  <div class='ocr_page' id='page_1' title='image "/cluster/home/n/w/nwhite01/storage/ocr_20150623/64/hvd.32044073501959/568.png"; bbox 0 0 4054 6216; ppageno 0'>
   <div class='ocr_carea' id='block_1_1' title="bbox 388 356 526 413">
    <p class='ocr_par' dir='ltr' id='par_1_1' title="bbox 388 356 526 413">
     <span class='ocr_line' id='line_1_1' title="bbox 388 356 526 413; baseline 0.014 -2"><span class='ocrx_word' id='word_1_1' title='bbox 388 356 411 411; x_wconf 77' lang='lat' dir='ltr'><strong>l</strong></span> <span class='ocrx_word' id='word_1_2' title='bbox 422 357 526 413; x_wconf 57' lang='lat'><strong>0.55</strong></span> 
     </span>
    </p>
   </div>
   <div class='ocr_carea' id='block_1_2' title="bbox 1344 356 2682 424">
    <p class='ocr_par' dir='ltr' id='par_1_2' title="bbox 1344 356 2682 424">
     <span class='ocr_line' id='line_1_2' title="bbox 1344 356 2682 424; baseline 0.01 -13"><span class='ocrx_word' id='word_1_3' title='bbox 1344 356 1765 415; x_wconf 76' lang='lat' dir='ltr'><strong>FRAGMENTA</strong></span> <span class='ocrx_word' id='word_1_4' title='bbox 1803 359 1868 413; x_wconf 84' lang='lat' dir='ltr'><strong>IN</strong></span> <span class='ocrx_word' id='word_1_5' title='bbox 1909 359 2292 418; x_wconf 80' lang='lat' dir='ltr'><strong>EPISTOLAM</strong></span> <span class='ocrx_word' id='word_1_6' title='bbox 2334 364 2388 418; x_wconf 91' lang='lat' dir='ltr'><strong>S.</strong></span> <span class='ocrx_word' id='word_1_7' title='bbox 2430 364 2682 424; x_wconf 74' lang='lat' dir='ltr'><strong>JACOBI.</strong></span> 
     </span>
    </p>
   </div>
   <div class='ocr_carea' id='block_1_3' title="bbox 3494 375 3632 433">
    <p class='ocr_par' dir='ltr' id='par_1_3' title="bbox 3494 375 3632 433">
     <span class='ocr_line' id='line_1_3' title="bbox 3494 375 3632 433; baseline 0.029 -4"><span class='ocrx_word' id='word_1_8' title='bbox 3494 375 3632 433; x_wconf 73' lang='grc' dir='ltr'>ιιιε</span> 
     </span>
    </p>
   </div>
   <div class='ocr_carea' id='block_1_4' title="bbox 384 475 1936 560">
    <p class='ocr_par' dir='ltr' id='par_1_4' title="bbox 384 475 1936 549">
     <span class='ocr_line' id='line_1_4' title="bbox 384 475 1936 549; baseline 0 -19"><span class='ocrx_word' id='word_1_9' title='bbox 384 477 551 546; x_wconf 84' lang='grc' dir='ltr'>ταύτῃ</span> <span class='ocrx_word' id='word_1_10' title='bbox 583 475 719 546; x_wconf 73' lang='grc' dir='ltr'>μετὰ</span> <span class='ocrx_word' id='word_1_11' title='bbox 775 477 974 546; x_wconf 87' lang='grc' dir='ltr'>πολλῆς</span> <span class='ocrx_word' id='word_1_12' title='bbox 1003 477 1186 540; x_wconf 80' lang='grc' dir='ltr'>ἀδείας</span> <span class='ocrx_word' id='word_1_13' title='bbox 1218 478 1523 546; x_wconf 79' lang='grc' dir='ltr'>ἀνοίγονται</span> <span class='ocrx_word' id='word_1_14' title='bbox 1569 478 1679 531; x_wconf 84' lang='grc' dir='ltr'><strong>τῶν</strong></span> <span class='ocrx_word' id='word_1_15' title='bbox 1709 478 1936 549; x_wconf 66' lang='grc' dir='ltr'>ούρανῶε</span> 
     </span>
    </p>
   </div>
   <div class='ocr_carea' id='block_1_5' title="bbox 2040 475 3626 560">
    <p class='ocr_par' dir='ltr' id='par_1_5' title="bbox 2062 481 3626 560">
     <span class='ocr_line' id='line_1_5' title="bbox 2062 481 3626 560; baseline 0.011 -27"><span class='ocrx_word' id='word_1_16' title='bbox 2062 481 2327 537; x_wconf 65' lang='lat' dir='ltr'><strong>malorum</strong></span> <span class='ocrx_word' id='word_1_17' title='bbox 2398 485 2717 550; x_wconf 88' lang='lat' dir='ltr'><strong>aperiuntur</strong></span> <span class='ocrx_word' id='word_1_18' title='bbox 2786 498 2973 554; x_wconf 70' lang='lat' dir='ltr'><strong>porta).</strong></span> <span class='ocrx_word' id='word_1_19' title='bbox 3036 520 3106 529; x_wconf 97' lang='lat'><strong>—</strong></span> <span class='ocrx_word' id='word_1_20' title='bbox 3146 488 3210 543; x_wconf 87' lang='lat' dir='ltr'><strong>Et</strong></span> <span class='ocrx_word' id='word_1_21' title='bbox 3276 492 3432 560; x_wconf 75' lang='lat' dir='ltr'><strong>paulo</strong></span> <span class='ocrx_word' id='word_1_22' title='bbox 3489 510 3626 559; x_wconf 82' lang='lat' dir='ltr'><strong>post.</strong></span> 
     </span>
    </p>
   </div>
   <div class='ocr_carea' id='block_1_6' title="bbox 384 568 1956 641">
    <p class='ocr_par' dir='ltr' id='par_1_6' title="bbox 384 568 1956 641">
     <span class='ocr_line' id='line_1_6' title="bbox 384 568 1956 641; baseline 0.001 -21"><span class='ocrx_word' id='word_1_23' title='bbox 384 570 438 620; x_wconf 83' lang='grc' dir='ltr'>αἱ</span> <span class='ocrx_word' id='word_1_24' title='bbox 491 568 679 620; x_wconf 81' lang='grc' dir='ltr'>πύλαι.</span> <span class='ocrx_word' id='word_1_25' title='bbox 738 597 804 609; x_wconf 93' lang='grc'><strong><em>-</em></strong></span> <span class='ocrx_word' id='word_1_26' title='bbox 858 569 964 621; x_wconf 75' lang='grc' dir='ltr'><strong>Καὶ</strong></span> <span class='ocrx_word' id='word_1_27' title='bbox 993 570 1122 637; x_wconf 81' lang='grc' dir='ltr'>μετ’</span> <span class='ocrx_word' id='word_1_28' title='bbox 1161 570 1353 637; x_wconf 66' lang='grc' dir='ltr'>ὀλίγον</span> <span class='ocrx_word' id='word_1_29' title='bbox 1427 570 1722 622; x_wconf 81' lang='grc' dir='ltr'>Βασίλισσα</span> <span class='ocrx_word' id='word_1_30' title='bbox 1755 571 1800 601; x_wconf 78' lang='grc'>²²</span> <span class='ocrx_word' id='word_1_31' title='bbox 1849 571 1956 641; x_wconf 81' lang='grc' dir='ltr'><strong>γὰρ</strong></span> 
     </span>
    </p>
   </div>
   <div class='ocr_carea' id='block_1_7' title="bbox 380 660 1950 732">
    <p class='ocr_par' dir='ltr' id='par_1_7' title="bbox 380 660 1950 732">
     <span class='ocr_line' id='line_1_7' title="bbox 380 660 1950 732; baseline 0.003 -21"><span class='ocrx_word' id='word_1_32' title='bbox 380 660 548 722; x_wconf 77' lang='grc' dir='ltr'>ὅντως</span> <span class='ocrx_word' id='word_1_33' title='bbox 601 660 749 711; x_wconf 79' lang='grc' dir='ltr'>ἐστὶν</span> <span class='ocrx_word' id='word_1_34' title='bbox 804 660 1006 730; x_wconf 87' lang='grc' dir='ltr'>ὁμοίως</span> <span class='ocrx_word' id='word_1_35' title='bbox 1051 663 1095 692; x_wconf 76' lang='grc'><strong>’³</strong></span> <span class='ocrx_word' id='word_1_36' title='bbox 1152 661 1473 731; x_wconf 81' lang='grc' dir='ltr'><strong>ἀνθρώπους</strong></span> <span class='ocrx_word' id='word_1_37' title='bbox 1520 662 1750 716; x_wconf 87' lang='grc' dir='ltr'>ποιοῦσα</span> <span class='ocrx_word' id='word_1_38' title='bbox 1809 664 1950 732; x_wconf 66' lang='grc' dir='ltr'>Θειῖν</span> 
     </span>
    </p>
   </div>
   <div class='ocr_carea' id='block_1_8' title="bbox 383 734 1958 823">
    <p class='ocr_par' dir='ltr' id='par_1_8' title="bbox 383 734 1958 823">
     <span class='ocr_line' id='line_1_8' title="bbox 383 734 1958 823; baseline 0.002 -19"><span class='ocrx_word' id='word_1_39' title='bbox 383 734 641 804; x_wconf 73' lang='grc' dir='ltr'>Ἔσεσϐε</span> <span class='ocrx_word' id='word_1_40' title='bbox 661 750 789 819; x_wconf 72' lang='grc' dir='ltr'>γὰρ,</span> <span class='ocrx_word' id='word_1_41' title='bbox 806 752 992 823; x_wconf 63' lang='grc' dir='ltr'>φησιν,</span> <span class='ocrx_word' id='word_1_42' title='bbox 1012 752 1398 820; x_wconf 73' lang='grc' dir='ltr'>οἰκτίρμονες,</span> <span class='ocrx_word' id='word_1_43' title='bbox 1419 753 1500 817; x_wconf 89' lang='grc' dir='ltr'>ὠς</span> <span class='ocrx_word' id='word_1_44' title='bbox 1517 756 1548 806; x_wconf 85' lang='grc' dir='ltr'><em>ὁ</em></span> <span class='ocrx_word' id='word_1_45' title='bbox 1571 754 1772 822; x_wconf 79' lang='grc' dir='ltr'>Πατὴρ</span> <span class='ocrx_word' id='word_1_46' title='bbox 1794 754 1958 822; x_wconf 82' lang='grc' dir='ltr'><strong>ὑμῶν</strong></span> 
     </span>
    </p>
   </div>
   <div class='ocr_carea' id='block_1_9' title="bbox 377 842 1952 916">
    <p class='ocr_par' dir='ltr' id='par_1_9' title="bbox 377 842 1952 916">
     <span class='ocr_line' id='line_1_9' title="bbox 377 842 1952 916; baseline 0.005 -23"><span class='ocrx_word' id='word_1_47' title='bbox 377 846 409 897; x_wconf 83' lang='grc' dir='ltr'><strong>ό</strong></span> <span class='ocrx_word' id='word_1_48' title='bbox 446 842 515 894; x_wconf 83' lang='grc' dir='ltr'><strong>ἐν</strong></span> <span class='ocrx_word' id='word_1_49' title='bbox 562 842 685 907; x_wconf 78' lang='grc' dir='ltr'>τοῖς</span> <span class='ocrx_word' id='word_1_50' title='bbox 732 843 1031 910; x_wconf 77' lang='grc' dir='ltr'>οὐρανοῖς·</span> <span class='ocrx_word' id='word_1_51' title='bbox 1091 844 1400 915; x_wconf 85' lang='grc' dir='ltr'>ὑπόπτερός</span> <span class='ocrx_word' id='word_1_52' title='bbox 1443 846 1559 897; x_wconf 77' lang='grc' dir='ltr'>ἐστι</span> <span class='ocrx_word' id='word_1_53' title='bbox 1601 846 1694 899; x_wconf 70' lang='grc' dir='ltr'><strong>καὶ</strong></span> <span class='ocrx_word' id='word_1_54' title='bbox 1735 848 1909 916; x_wconf 81' lang='grc' dir='ltr'>κούφη</span> <span class='ocrx_word' id='word_1_55' title='bbox 1937 888 1952 913; x_wconf 92' lang='grc'><strong>,</strong></span> 
     </span>
    </p>
   </div>
   <div class='ocr_carea' id='block_1_10' title="bbox 380 936 1950 1009">
    <p class='ocr_par' dir='ltr' id='par_1_10' title="bbox 380 936 1950 1009">
     <span class='ocr_line' id='line_1_10' title="bbox 380 936 1950 1009; baseline 0.001 -19"><span class='ocrx_word' id='word_1_56' title='bbox 380 939 653 1009; x_wconf 75' lang='grc' dir='ltr'>πτέρυγας</span> <span class='ocrx_word' id='word_1_57' title='bbox 697 936 896 1007; x_wconf 81' lang='grc' dir='ltr'>ἔχουσα</span> <span class='ocrx_word' id='word_1_58' title='bbox 926 938 1153 1006; x_wconf 62' lang='grc' dir='ltr'>χρυσᾶς</span> <span class='ocrx_word' id='word_1_59' title='bbox 1194 936 1391 1005; x_wconf 80' lang='grc' dir='ltr'>πτῆσιν</span> <span class='ocrx_word' id='word_1_60' title='bbox 1421 936 1619 1006; x_wconf 76' lang='grc' dir='ltr'>ἔχουσα</span> <span class='ocrx_word' id='word_1_61' title='bbox 1648 938 1789 991; x_wconf 80' lang='grc' dir='ltr'>πάνυ</span> <span class='ocrx_word' id='word_1_62' title='bbox 1824 939 1950 1008; x_wconf 86' lang='grc' dir='ltr'>τέρ-</span> 
     </span>
    </p>
   </div>
   <div class='ocr_carea' id='block_1_11' title="bbox 376 1028 1953 1099">
    <p class='ocr_par' dir='ltr' id='par_1_11' title="bbox 376 1028 1953 1099">
     <span class='ocr_line' id='line_1_11' title="bbox 376 1028 1953 1099; baseline 0.001 -17"><span class='ocrx_word' id='word_1_63' title='bbox 376 1048 477 1082; x_wconf 88' lang='grc' dir='ltr'><strong>που</strong></span> <span class='ocrx_word' id='word_1_64' title='bbox 487 1047 585 1082; x_wconf 89' lang='grc' dir='ltr'><strong>σαν</strong></span> <span class='ocrx_word' id='word_1_65' title='bbox 609 1028 1031 1095; x_wconf 75' lang='grc' dir='ltr'>τοῦςάγγέλους.</span> <span class='ocrx_word' id='word_1_66' title='bbox 1050 1028 1196 1081; x_wconf 84' lang='grc' dir='ltr'>Ἐκεῖ</span> <span class='ocrx_word' id='word_1_67' title='bbox 1212 1028 1257 1060; x_wconf 68' lang='grc'><strong>’⁸</strong></span> <span class='ocrx_word' id='word_1_68' title='bbox 1282 1028 1579 1099; x_wconf 82' lang='grc' dir='ltr'>Πτέρυγες</span> <span class='ocrx_word' id='word_1_69' title='bbox 1602 1029 1953 1097; x_wconf 83' lang='grc' dir='ltr'>περιστερᾶς</span> 
     </span>
    </p>
   </div>
   <div class='ocr_carea' id='block_1_12' title="bbox 374 1119 1951 1190">
    <p class='ocr_par' dir='ltr' id='par_1_12' title="bbox 374 1119 1951 1190">
     <span class='ocr_line' id='line_1_12' title="bbox 374 1119 1951 1190; baseline 0.001 -18"><span class='ocrx_word' id='word_1_70' title='bbox 374 1120 931 1190; x_wconf 62' lang='grc' dir='ltr'>περιηργνρωμέναι,</span> <span class='ocrx_word' id='word_1_71' title='bbox 963 1119 1062 1174; x_wconf 73' lang='grc' dir='ltr'>καὶ</span> <span class='ocrx_word' id='word_1_72' title='bbox 1105 1119 1448 1190; x_wconf 69' lang='grc' dir='ltr'>μετάφρενα</span> <span class='ocrx_word' id='word_1_73' title='bbox 1481 1120 1672 1188; x_wconf 80' lang='grc' dir='ltr'>αὐτῆς</span> <span class='ocrx_word' id='word_1_74' title='bbox 1689 1121 1774 1173; x_wconf 72' lang='grc' dir='ltr'><strong>εὲν</strong></span> <span class='ocrx_word' id='word_1_75' title='bbox 1797 1124 1951 1189; x_wconf 74' lang='grc' dir='ltr'><strong>χλω-</strong></span> 
     </span>
    </p>
   </div>
   <div class='ocr_carea' id='block_1_13' title="bbox 366 1212 1949 1283">
    <p class='ocr_par' dir='ltr' id='par_1_13' title="bbox 366 1212 1949 1283">
     <span class='ocr_line' id='line_1_13' title="bbox 366 1212 1949 1283; baseline 0 -19"><span class='ocrx_word' id='word_1_76' title='bbox 366 1215 571 1281; x_wconf 72' lang='grc' dir='ltr'>ρότητι</span> <span class='ocrx_word' id='word_1_77' title='bbox 612 1212 892 1281; x_wconf 78' lang='grc' dir='ltr'><strong>χρυσίου.</strong></span> <span class='ocrx_word' id='word_1_78' title='bbox 943 1212 1211 1281; x_wconf 77' lang='grc' dir='ltr'><strong>Καθάπερ</strong></span> <span class='ocrx_word' id='word_1_79' title='bbox 1246 1214 1547 1283; x_wconf 85' lang='grc' dir='ltr'>περιστερὰ</span> <span class='ocrx_word' id='word_1_80' title='bbox 1584 1230 1667 1276; x_wconf 88' lang='grc' dir='ltr'><strong>τις</strong></span> <span class='ocrx_word' id='word_1_81' title='bbox 1701 1212 1878 1283; x_wconf 81' lang='grc' dir='ltr'>χρυσῆ</span> <span class='ocrx_word' id='word_1_82' title='bbox 1905 1213 1949 1244; x_wconf 74' lang='grc' dir='ltr'><strong>π</strong></span> 
     </span>
    </p>
   </div>
   <div class='ocr_carea' id='block_1_14' title="bbox 375 1299 1950 1372">
    <p class='ocr_par' dir='ltr' id='par_1_14' title="bbox 375 1299 1950 1372">
     <span class='ocr_line' id='line_1_14' title="bbox 375 1299 1950 1372; baseline 0.001 -20"><span class='ocrx_word' id='word_1_83' title='bbox 375 1303 467 1353; x_wconf 73' lang='grc' dir='ltr'><strong>καὶ</strong></span> <span class='ocrx_word' id='word_1_84' title='bbox 490 1301 639 1363; x_wconf 78' lang='grc' dir='ltr'>ζῶσα</span> <span class='ocrx_word' id='word_1_85' title='bbox 669 1301 909 1353; x_wconf 84' lang='grc' dir='ltr'>πέτεται·</span> <span class='ocrx_word' id='word_1_86' title='bbox 940 1299 1097 1370; x_wconf 76' lang='grc' dir='ltr'>ὄμμα</span> <span class='ocrx_word' id='word_1_87' title='bbox 1122 1302 1400 1372; x_wconf 81' lang='grc' dir='ltr'>προσηνὲς</span> <span class='ocrx_word' id='word_1_88' title='bbox 1428 1302 1649 1372; x_wconf 76' lang='grc' dir='ltr'>ἔχουσα,</span> <span class='ocrx_word' id='word_1_89' title='bbox 1672 1302 1950 1371; x_wconf 60' lang='grc' dir='ltr'>ὀφθαλμὶν</span> 
     </span>
    </p>
   </div>
   <div class='ocr_carea' id='block_1_15' title="bbox 371 1390 1949 1463">
    <p class='ocr_par' dir='ltr' id='par_1_15' title="bbox 371 1390 1949 1463">
     <span class='ocr_line' id='line_1_15' title="bbox 371 1390 1949 1463; baseline 0.003 -22"><span class='ocrx_word' id='word_1_90' title='bbox 371 1392 597 1460; x_wconf 75' lang='grc' dir='ltr'>ἥμερον·</span> <span class='ocrx_word' id='word_1_91' title='bbox 648 1391 801 1444; x_wconf 76' lang='grc' dir='ltr'>οὐδὲν</span> <span class='ocrx_word' id='word_1_92' title='bbox 832 1393 877 1422; x_wconf 75' lang='grc'><strong>’⁸</strong></span> <span class='ocrx_word' id='word_1_93' title='bbox 925 1390 1205 1461; x_wconf 76' lang='grc' dir='ltr'><strong>ὀφθαλμοῦ</strong></span> <span class='ocrx_word' id='word_1_94' title='bbox 1246 1393 1456 1445; x_wconf 85' lang='grc' dir='ltr'>ἐκείνου</span> <span class='ocrx_word' id='word_1_95' title='bbox 1495 1393 1723 1463; x_wconf 80' lang='grc' dir='ltr'>βέλτιον.</span> <span class='ocrx_word' id='word_1_96' title='bbox 1773 1393 1949 1456; x_wconf 84' lang='grc' dir='ltr'>Καλός</span> 
     </span>
    </p>
   </div>
   <div class='ocr_carea' id='block_1_16' title="bbox 371 1480 1947 1552">
    <p class='ocr_par' dir='ltr' id='par_1_16' title="bbox 371 1480 1947 1552">
     <span class='ocr_line' id='line_1_16' title="bbox 371 1480 1947 1552; baseline 0.01 -19"><span class='ocrx_word' id='word_1_97' title='bbox 371 1484 520 1533; x_wconf 80' lang='grc' dir='ltr'>ἐστιν</span> <span class='ocrx_word' id='word_1_98' title='bbox 546 1482 574 1533; x_wconf 86' lang='grc' dir='ltr'>ὁ</span> <span class='ocrx_word' id='word_1_99' title='bbox 619 1480 761 1545; x_wconf 87' lang='grc' dir='ltr'>ταὼς</span> <span class='ocrx_word' id='word_1_100' title='bbox 789 1522 804 1547; x_wconf 90' lang='grc'><strong>,</strong></span> <span class='ocrx_word' id='word_1_101' title='bbox 851 1482 987 1535; x_wconf 73' lang='grc' dir='ltr'>ἀλλὰ</span> <span class='ocrx_word' id='word_1_102' title='bbox 1017 1481 1155 1552; x_wconf 85' lang='grc' dir='ltr'>πρὸς</span> <span class='ocrx_word' id='word_1_103' title='bbox 1197 1482 1412 1552; x_wconf 79' lang='grc' dir='ltr'>ἐκείνην</span> <span class='ocrx_word' id='word_1_104' title='bbox 1444 1484 1670 1546; x_wconf 80' lang='grc' dir='ltr'>κολοιός·</span> <span class='ocrx_word' id='word_1_105' title='bbox 1713 1482 1885 1546; x_wconf 64' lang='grc' dir='ltr'>οὕτως</span> <span class='ocrx_word' id='word_1_106' title='bbox 1915 1485 1947 1552; x_wconf 70' lang='grc' dir='ltr'>ἢ</span> 
     </span>
    </p>
   </div>
   <div class='ocr_carea' id='block_1_17' title="bbox 370 1573 1947 1648">
    <p class='ocr_par' dir='ltr' id='par_1_17' title="bbox 370 1573 1947 1648">
     <span class='ocr_line' id='line_1_17' title="bbox 370 1573 1947 1648; baseline 0.001 -21"><span class='ocrx_word' id='word_1_107' title='bbox 370 1576 515 1643; x_wconf 71' lang='grc' dir='ltr'>ὅρνις</span> <span class='ocrx_word' id='word_1_108' title='bbox 548 1573 687 1642; x_wconf 80' lang='grc' dir='ltr'>αὕτη</span> <span class='ocrx_word' id='word_1_109' title='bbox 720 1575 856 1645; x_wconf 85' lang='grc' dir='ltr'>καλή</span> <span class='ocrx_word' id='word_1_110' title='bbox 896 1577 980 1639; x_wconf 86' lang='grc' dir='ltr'><strong>τίς</strong></span> <span class='ocrx_word' id='word_1_111' title='bbox 1022 1578 1141 1630; x_wconf 79' lang='grc' dir='ltr'>ἐστι</span> <span class='ocrx_word' id='word_1_112' title='bbox 1180 1578 1278 1630; x_wconf 76' lang='grc' dir='ltr'>καὶ</span> <span class='ocrx_word' id='word_1_113' title='bbox 1321 1577 1632 1648; x_wconf 75' lang='grc' dir='ltr'>θαυμαστή.</span> <span class='ocrx_word' id='word_1_114' title='bbox 1670 1578 1817 1629; x_wconf 80' lang='grc' dir='ltr'>’Λνω</span> <span class='ocrx_word' id='word_1_115' title='bbox 1860 1576 1947 1630; x_wconf 75' lang='grc' dir='ltr'>διὰ</span> 
     </span>
    </p>
   </div>
   <div class='ocr_carea' id='block_1_18' title="bbox 371 1657 2018 1740">
    <p class='ocr_par' dir='ltr' id='par_1_18' title="bbox 371 1657 2018 1740">
     <span class='ocr_line' id='line_1_18' title="bbox 371 1657 2018 1740; baseline 0.005 -22"><span class='ocrx_word' id='word_1_116' title='bbox 371 1666 569 1729; x_wconf 79' lang='grc' dir='ltr'>παντὸς</span> <span class='ocrx_word' id='word_1_117' title='bbox 593 1666 714 1737; x_wconf 80' lang='grc' dir='ltr'>όρᾷ’</span> <span class='ocrx_word' id='word_1_118' title='bbox 739 1667 907 1738; x_wconf 62' lang='grc' dir='ltr'>πολλῇ</span> <span class='ocrx_word' id='word_1_119' title='bbox 934 1670 1027 1721; x_wconf 90' lang='grc' dir='ltr'><strong>τοῦ</strong></span> <span class='ocrx_word' id='word_1_120' title='bbox 1055 1669 1191 1722; x_wconf 84' lang='grc' dir='ltr'>Θεοῦ</span> <span class='ocrx_word' id='word_1_121' title='bbox 1211 1673 1274 1740; x_wconf 79' lang='grc' dir='ltr'>τῇ</span> <span class='ocrx_word' id='word_1_122' title='bbox 1299 1669 1425 1740; x_wconf 77' lang='grc' dir='ltr'>δόξῃ</span> <span class='ocrx_word' id='word_1_123' title='bbox 1452 1668 1937 1740; x_wconf 73' lang='grc' dir='ltr'><strong>περιστοιχίζεται.</strong></span> <span class='ocrx_word' id='word_1_124' title='bbox 1976 1657 2018 1716; x_wconf 71' lang='grc' dir='ltr'><strong>Β</strong></span> 
     </span>
    </p>
   </div>
   <div class='ocr_carea' id='block_1_19' title="bbox 372 1758 1943 1832">
    <p class='ocr_par' dir='ltr' id='par_1_19' title="bbox 372 1758 1943 1832">
     <span class='ocr_line' id='line_1_19' title="bbox 372 1758 1943 1832; baseline 0.003 -22"><span class='ocrx_word' id='word_1_125' title='bbox 372 1758 641 1829; x_wconf 79' lang='grc' dir='ltr'>Παρθένος</span> <span class='ocrx_word' id='word_1_126' title='bbox 668 1759 785 1812; x_wconf 79' lang='grc' dir='ltr'>ἐστὶ</span> <span class='ocrx_word' id='word_1_127' title='bbox 836 1760 1115 1830; x_wconf 83' lang='grc' dir='ltr'>πτέρυγας</span> <span class='ocrx_word' id='word_1_128' title='bbox 1141 1760 1338 1830; x_wconf 79' lang='grc' dir='ltr'>ἔχουσα</span> <span class='ocrx_word' id='word_1_129' title='bbox 1365 1763 1592 1831; x_wconf 82' lang='grc' dir='ltr'><strong>χρυσᾶς,</strong></span> <span class='ocrx_word' id='word_1_130' title='bbox 1620 1780 1684 1814; x_wconf 85' lang='grc' dir='ltr'><strong>πε</strong></span> <span class='ocrx_word' id='word_1_131' title='bbox 1696 1763 1943 1832; x_wconf 83' lang='grc' dir='ltr'>ριεσταλ-</span> 
     </span>
    </p>
   </div>
   <div class='ocr_carea' id='block_1_20' title="bbox 372 1848 1939 1923">
    <p class='ocr_par' dir='ltr' id='par_1_20' title="bbox 372 1848 1939 1923">
     <span class='ocr_line' id='line_1_20' title="bbox 372 1848 1939 1923; baseline 0.005 -25"><span class='ocrx_word' id='word_1_132' title='bbox 372 1848 529 1918; x_wconf 84' lang='grc' dir='ltr'>μένη,</span> <span class='ocrx_word' id='word_1_133' title='bbox 560 1848 750 1902; x_wconf 86' lang='grc' dir='ltr'>λευκὸν</span> <span class='ocrx_word' id='word_1_134' title='bbox 770 1850 972 1920; x_wconf 80' lang='grc' dir='ltr'>ἔχουσα</span> <span class='ocrx_word' id='word_1_135' title='bbox 1000 1851 1316 1920; x_wconf 86' lang='grc' dir='ltr'>πρόσωπον,</span> <span class='ocrx_word' id='word_1_136' title='bbox 1334 1852 1561 1923; x_wconf 80' lang='grc' dir='ltr'>ἥμερον.</span> <span class='ocrx_word' id='word_1_137' title='bbox 1606 1852 1939 1922; x_wconf 87' lang='grc' dir='ltr'>Ὑπόπτερός</span> 
     </span>
    </p>
   </div>
   <div class='ocr_carea' id='block_1_21' title="bbox 366 1940 1940 2015">
    <p class='ocr_par' dir='ltr' id='par_1_21' title="bbox 366 1940 1940 2015">
     <span class='ocr_line' id='line_1_21' title="bbox 366 1940 1940 2015; baseline 0.004 -25"><span class='ocrx_word' id='word_1_138' title='bbox 366 1940 597 1992; x_wconf 73' lang='grc' dir='ltr'>ἐστικαὶ</span> <span class='ocrx_word' id='word_1_139' title='bbox 629 1940 996 2013; x_wconf 73' lang='grc' dir='ltr'>κούφη,παρὰ</span> <span class='ocrx_word' id='word_1_140' title='bbox 1025 1942 1115 1994; x_wconf 83' lang='grc' dir='ltr'><strong>τὸν</strong></span> <span class='ocrx_word' id='word_1_141' title='bbox 1137 1941 1327 2011; x_wconf 82' lang='grc' dir='ltr'><strong>θρόνον</strong></span> <span class='ocrx_word' id='word_1_142' title='bbox 1358 1943 1575 1996; x_wconf 80' lang='grc' dir='ltr'>ἑστῶσα</span> <span class='ocrx_word' id='word_1_143' title='bbox 1605 1943 1695 1999; x_wconf 84' lang='grc' dir='ltr'><strong>τὸν</strong></span> <span class='ocrx_word' id='word_1_144' title='bbox 1735 1945 1940 2015; x_wconf 84' lang='grc' dir='ltr'>βασιλι-</span> 
     </span>
    </p>
   </div>
   <div class='ocr_carea' id='block_1_22' title="bbox 366 2030 1937 2108">
    <p class='ocr_par' dir='ltr' id='par_1_22' title="bbox 366 2030 1937 2108">
     <span class='ocr_line' id='line_1_22' title="bbox 366 2030 1937 2108; baseline 0.006 -27"><span class='ocrx_word' id='word_1_145' title='bbox 366 2030 664 2083; x_wconf 80' lang='grc' dir='ltr'>κόν.”οταν</span> <span class='ocrx_word' id='word_1_146' title='bbox 693 2032 1012 2103; x_wconf 71' lang='grc' dir='ltr'>κρινώμεθα</span> <span class='ocrx_word' id='word_1_147' title='bbox 1031 2036 1098 2100; x_wconf 80' lang='grc'><strong>’⁷,</strong></span> <span class='ocrx_word' id='word_1_148' title='bbox 1124 2036 1281 2104; x_wconf 70' lang='grc' dir='ltr'>ἄφνω</span> <span class='ocrx_word' id='word_1_149' title='bbox 1307 2036 1592 2104; x_wconf 76' lang='grc' dir='ltr'>ἐφίσταται</span> <span class='ocrx_word' id='word_1_150' title='bbox 1625 2039 1719 2091; x_wconf 70' lang='grc' dir='ltr'><strong>καὶ</strong></span> <span class='ocrx_word' id='word_1_151' title='bbox 1747 2039 1937 2108; x_wconf 80' lang='grc' dir='ltr'>φαίνε-</span> 
     </span>
    </p>
   </div>
   <div class='ocr_carea' id='block_1_23' title="bbox 363 2122 1939 2200">
    <p class='ocr_par' dir='ltr' id='par_1_23' title="bbox 363 2122 1939 2200">
     <span class='ocr_line' id='line_1_23' title="bbox 363 2122 1939 2200; baseline 0.005 -24"><span class='ocrx_word' id='word_1_152' title='bbox 363 2141 450 2176; x_wconf 88' lang='grc' dir='ltr'><strong>ται</strong></span> <span class='ocrx_word' id='word_1_153' title='bbox 470 2162 482 2184; x_wconf 88' lang='grc'><strong>,</strong></span> <span class='ocrx_word' id='word_1_154' title='bbox 515 2123 612 2176; x_wconf 71' lang='grc' dir='ltr'>καὶ</span> <span class='ocrx_word' id='word_1_155' title='bbox 652 2122 948 2194; x_wconf 77' lang='grc' dir='ltr'>ἐξαιρεῖται</span> <span class='ocrx_word' id='word_1_156' title='bbox 979 2126 1075 2196; x_wconf 86' lang='grc' dir='ltr'><strong>τῆς</strong></span> <span class='ocrx_word' id='word_1_157' title='bbox 1106 2126 1383 2191; x_wconf 79' lang='grc' dir='ltr'>κολάσεως</span> <span class='ocrx_word' id='word_1_158' title='bbox 1412 2130 1580 2198; x_wconf 77' lang='grc' dir='ltr'>ἡμᾶς,</span> <span class='ocrx_word' id='word_1_159' title='bbox 1621 2131 1739 2193; x_wconf 90' lang='grc' dir='ltr'>ταῖς</span> <span class='ocrx_word' id='word_1_160' title='bbox 1768 2131 1939 2200; x_wconf 83' lang='grc' dir='ltr'>αὐτῆς</span> 
     </span>
    </p>
   </div>
   <div class='ocr_carea' id='block_1_24' title="bbox 361 2209 1940 2288">
    <p class='ocr_par' dir='ltr' id='par_1_24' title="bbox 361 2209 1940 2288">
     <span class='ocr_line' id='line_1_24' title="bbox 361 2209 1940 2288; baseline 0.007 -29"><span class='ocrx_word' id='word_1_161' title='bbox 361 2209 587 2279; x_wconf 77' lang='grc' dir='ltr'>πτέρυξι</span> <span class='ocrx_word' id='word_1_162' title='bbox 611 2212 1036 2282; x_wconf 81' lang='grc' dir='ltr'>περιϐάλλουσα,</span> <span class='ocrx_word' id='word_1_163' title='bbox 1057 2216 1263 2286; x_wconf 89' lang='grc' dir='ltr'>ταύτην</span> <span class='ocrx_word' id='word_1_164' title='bbox 1290 2216 1433 2270; x_wconf 77' lang='grc' dir='ltr'>θέλει</span> <span class='ocrx_word' id='word_1_165' title='bbox 1459 2218 1486 2269; x_wconf 87' lang='grc' dir='ltr'><strong>ό</strong></span> <span class='ocrx_word' id='word_1_166' title='bbox 1506 2217 1636 2280; x_wconf 81' lang='grc' dir='ltr'>Θεὸς</span> <span class='ocrx_word' id='word_1_167' title='bbox 1662 2218 1694 2288; x_wconf 82' lang='grc' dir='ltr'>ἢ</span> <span class='ocrx_word' id='word_1_168' title='bbox 1725 2219 1940 2282; x_wconf 79' lang='grc' dir='ltr'>θυσίας.</span> 
     </span>
    </p>
   </div>
   <div class='ocr_carea' id='block_1_25' title="bbox 434 2302 1938 2377">
    <p class='ocr_par' dir='ltr' id='par_1_25' title="bbox 434 2302 1938 2377">
     <span class='ocr_line' id='line_1_25' title="bbox 434 2302 1938 2377; baseline 0.007 -24"><span class='ocrx_word' id='word_1_169' title='bbox 434 2302 594 2354; x_wconf 82' lang='grc' dir='ltr'>Οὕτω</span> <span class='ocrx_word' id='word_1_170' title='bbox 620 2304 713 2355; x_wconf 83' lang='grc' dir='ltr'>καὶ</span> <span class='ocrx_word' id='word_1_171' title='bbox 748 2305 783 2372; x_wconf 82' lang='grc' dir='ltr'><em>ὴ</em></span> <span class='ocrx_word' id='word_1_172' title='bbox 824 2304 1046 2371; x_wconf 82' lang='grc' dir='ltr'>πίστις,</span> <span class='ocrx_word' id='word_1_173' title='bbox 1081 2307 1190 2359; x_wconf 83' lang='grc' dir='ltr'><strong>ἐὰν</strong></span> <span class='ocrx_word' id='word_1_174' title='bbox 1242 2306 1328 2375; x_wconf 80' lang='grc' dir='ltr'>μὴ</span> <span class='ocrx_word' id='word_1_175' title='bbox 1389 2310 1500 2376; x_wconf 78' lang='grc' dir='ltr'><strong>ἔχῃ</strong></span> <span class='ocrx_word' id='word_1_176' title='bbox 1561 2308 1724 2377; x_wconf 77' lang='grc' dir='ltr'>ἔργα,</span> <span class='ocrx_word' id='word_1_177' title='bbox 1757 2308 1938 2377; x_wconf 76' lang='grc' dir='ltr'>νεκρὰ</span> 
     </span>
    </p>
   </div>
   <div class='ocr_carea' id='block_1_26' title="bbox 360 2394 1932 2471">
    <p class='ocr_par' dir='ltr' id='par_1_26' title="bbox 360 2394 1932 2471">
     <span class='ocr_line' id='line_1_26' title="bbox 360 2394 1932 2471; baseline 0.004 -24"><span class='ocrx_word' id='word_1_178' title='bbox 360 2394 491 2447; x_wconf 77' lang='grc' dir='ltr'>ἐστι</span> <span class='ocrx_word' id='word_1_179' title='bbox 510 2397 892 2466; x_wconf 72' lang='grc' dir='ltr'>καθ’ἐαιντήν.</span> <span class='ocrx_word' id='word_1_180' title='bbox 914 2398 1075 2452; x_wconf 78' lang='grc' dir='ltr'><strong>Ἀλλ’</strong></span> <span class='ocrx_word' id='word_1_181' title='bbox 1091 2398 1215 2467; x_wconf 81' lang='grc' dir='ltr'>ἐρεῖ</span> <span class='ocrx_word' id='word_1_182' title='bbox 1241 2417 1350 2466; x_wconf 84' lang='grc' dir='ltr'>τις,</span> <span class='ocrx_word' id='word_1_183' title='bbox 1377 2400 1458 2452; x_wconf 84' lang='grc' dir='ltr'><strong>Σὺ</strong></span> <span class='ocrx_word' id='word_1_184' title='bbox 1498 2401 1707 2453; x_wconf 77' lang='grc' dir='ltr'>πίστιν</span> <span class='ocrx_word' id='word_1_185' title='bbox 1738 2401 1898 2471; x_wconf 81' lang='grc' dir='ltr'>ἔχεις</span> <span class='ocrx_word' id='word_1_186' title='bbox 1919 2444 1932 2465; x_wconf 94' lang='grc'><strong>,</strong></span> 
     </span>
    </p>
   </div>
   <div class='ocr_carea' id='block_1_27' title="bbox 360 2487 1933 2559">
    <p class='ocr_par' dir='ltr' id='par_1_27' title="bbox 360 2487 1933 2559">
     <span class='ocr_line' id='line_1_27' title="bbox 360 2487 1933 2559; baseline 0.003 -19"><span class='ocrx_word' id='word_1_187' title='bbox 360 2487 522 2557; x_wconf 79' lang='grc' dir='ltr'><strong>κάγὼ</strong></span> <span class='ocrx_word' id='word_1_188' title='bbox 581 2488 723 2557; x_wconf 77' lang='grc' dir='ltr'>ἔργα</span> <span class='ocrx_word' id='word_1_189' title='bbox 767 2489 905 2557; x_wconf 75' lang='grc' dir='ltr'>ἔχω,</span> <span class='ocrx_word' id='word_1_190' title='bbox 945 2489 1147 2554; x_wconf 79' lang='grc' dir='ltr'>δεῖξόν</span> <span class='ocrx_word' id='word_1_191' title='bbox 1186 2507 1286 2559; x_wconf 80' lang='grc' dir='ltr'><strong>μοι</strong></span> <span class='ocrx_word' id='word_1_192' title='bbox 1338 2494 1450 2557; x_wconf 75' lang='grc' dir='ltr'><strong>τὴν</strong></span> <span class='ocrx_word' id='word_1_193' title='bbox 1482 2492 1689 2544; x_wconf 77' lang='grc' dir='ltr'>πίστιν</span> <span class='ocrx_word' id='word_1_194' title='bbox 1715 2508 1830 2546; x_wconf 86' lang='grc' dir='ltr'><strong>σου</strong></span> <span class='ocrx_word' id='word_1_195' title='bbox 1865 2493 1933 2546; x_wconf 83' lang='grc' dir='ltr'>ἐκ</span> 
     </span>
    </p>
   </div>
   <div class='ocr_carea' id='block_1_28' title="bbox 360 2581 1932 2654">
    <p class='ocr_par' dir='ltr' id='par_1_28' title="bbox 360 2581 1932 2654">
     <span class='ocr_line' id='line_1_28' title="bbox 360 2581 1932 2654; baseline 0.004 -22"><span class='ocrx_word' id='word_1_196' title='bbox 360 2581 477 2634; x_wconf 77' lang='grc' dir='ltr'><strong>τῶν</strong></span> <span class='ocrx_word' id='word_1_197' title='bbox 527 2581 718 2651; x_wconf 76' lang='grc' dir='ltr'>ἔργων</span> <span class='ocrx_word' id='word_1_198' title='bbox 778 2598 913 2637; x_wconf 68' lang='grc' dir='ltr'>σοιν</span> <span class='ocrx_word' id='word_1_199' title='bbox 948 2582 1111 2652; x_wconf 77' lang='grc' dir='ltr'><strong>κάγὼ</strong></span> <span class='ocrx_word' id='word_1_200' title='bbox 1153 2583 1329 2647; x_wconf 74' lang='grc' dir='ltr'>δείξω</span> <span class='ocrx_word' id='word_1_201' title='bbox 1362 2599 1459 2637; x_wconf 89' lang='grc' dir='ltr'><strong>σοι</strong></span> <span class='ocrx_word' id='word_1_202' title='bbox 1501 2584 1570 2638; x_wconf 73' lang='grc' dir='ltr'><strong>ἐκ</strong></span> <span class='ocrx_word' id='word_1_203' title='bbox 1601 2584 1720 2637; x_wconf 82' lang='grc' dir='ltr'><strong>τῶν</strong></span> <span class='ocrx_word' id='word_1_204' title='bbox 1744 2586 1932 2654; x_wconf 73' lang='grc' dir='ltr'>ἔργων</span> 
     </span>
    </p>
   </div>
   <div class='ocr_carea' id='block_1_29' title="bbox 356 2674 1932 2743">
    <p class='ocr_par' dir='ltr' id='par_1_29' title="bbox 356 2674 1932 2743">
     <span class='ocr_line' id='line_1_29' title="bbox 356 2674 1932 2743; baseline 0.002 -16"><span class='ocrx_word' id='word_1_205' title='bbox 356 2692 475 2742; x_wconf 80' lang='grc' dir='ltr'><strong>μου</strong></span> <span class='ocrx_word' id='word_1_206' title='bbox 517 2674 631 2741; x_wconf 79' lang='grc' dir='ltr'><strong>τὴν</strong></span> <span class='ocrx_word' id='word_1_207' title='bbox 673 2675 881 2728; x_wconf 79' lang='grc' dir='ltr'>πίστιν</span> <span class='ocrx_word' id='word_1_208' title='bbox 927 2692 1068 2743; x_wconf 83' lang='grc' dir='ltr'>μου.</span> <span class='ocrx_word' id='word_1_209' title='bbox 1107 2675 1189 2729; x_wconf 85' lang='grc' dir='ltr'><strong>Σὺ</strong></span> <span class='ocrx_word' id='word_1_210' title='bbox 1237 2677 1541 2741; x_wconf 82' lang='grc' dir='ltr'>πιστεύεις</span> <span class='ocrx_word' id='word_1_211' title='bbox 1584 2676 1674 2729; x_wconf 82' lang='grc' dir='ltr'>ὅτι</span> <span class='ocrx_word' id='word_1_212' title='bbox 1727 2678 1758 2729; x_wconf 85' lang='grc' dir='ltr'><em>ὀ</em></span> <span class='ocrx_word' id='word_1_213' title='bbox 1789 2678 1932 2743; x_wconf 82' lang='grc' dir='ltr'><strong>Θεὸς</strong></span> 
     </span>
    </p>
   </div>
   <div class='ocr_carea' id='block_1_30' title="bbox 358 2762 1929 2838">
    <p class='ocr_par' dir='ltr' id='par_1_30' title="bbox 358 2762 1929 2838">
     <span class='ocr_line' id='line_1_30' title="bbox 358 2762 1929 2838; baseline 0.002 -19"><span class='ocrx_word' id='word_1_214' title='bbox 358 2762 444 2829; x_wconf 78' lang='grc' dir='ltr'>εἷς</span> <span class='ocrx_word' id='word_1_215' title='bbox 490 2768 658 2831; x_wconf 81' lang='grc' dir='ltr'>ἐστι,</span> <span class='ocrx_word' id='word_1_216' title='bbox 699 2766 899 2834; x_wconf 81' lang='grc' dir='ltr'>καλῶς</span> <span class='ocrx_word' id='word_1_217' title='bbox 959 2768 1148 2835; x_wconf 79' lang='grc' dir='ltr'>ποιεῖς</span> <span class='ocrx_word' id='word_1_218' title='bbox 1180 2786 1195 2800; x_wconf 75' lang='grc' dir='ltr'><strong>ο</strong></span> <span class='ocrx_word' id='word_1_219' title='bbox 1241 2770 1337 2825; x_wconf 74' lang='grc' dir='ltr'>καὶ</span> <span class='ocrx_word' id='word_1_220' title='bbox 1388 2771 1458 2823; x_wconf 80' lang='grc' dir='ltr'>τὰ</span> <span class='ocrx_word' id='word_1_221' title='bbox 1516 2768 1792 2838; x_wconf 69' lang='grc' dir='ltr'>δαιμόνια</span> <span class='ocrx_word' id='word_1_222' title='bbox 1838 2786 1929 2822; x_wconf 73' lang='grc' dir='ltr'>πι-</span> 
     </span>
    </p>
   </div>
   <div class='ocr_carea' id='block_1_31' title="bbox 357 2859 1190 2929">
    <p class='ocr_par' dir='ltr' id='par_1_31' title="bbox 357 2859 1190 2929">
     <span class='ocr_line' id='line_1_31' title="bbox 357 2859 1190 2929; baseline 0.005 -18"><span class='ocrx_word' id='word_1_223' title='bbox 357 2860 642 2912; x_wconf 84' lang='grc' dir='ltr'>στεύουσι</span> <span class='ocrx_word' id='word_1_224' title='bbox 662 2900 677 2925; x_wconf 93' lang='grc'><strong>,</strong></span> <span class='ocrx_word' id='word_1_225' title='bbox 714 2859 810 2912; x_wconf 73' lang='grc' dir='ltr'>καὶ</span> <span class='ocrx_word' id='word_1_226' title='bbox 836 2860 1190 2929; x_wconf 68' lang='grc' dir='ltr'>φρίσσουσι.</span> 
     </span>
    </p>
   </div>
   <div class='ocr_carea' id='block_1_32' title="bbox 2059 573 3631 646">
    <p class='ocr_par' dir='ltr' id='par_1_32' title="bbox 2059 573 3631 646">
     <span class='ocr_line' id='line_1_32' title="bbox 2059 573 3631 646; baseline 0.011 -21"><span class='ocrx_word' id='word_1_227' title='bbox 2059 573 2264 628; x_wconf 77' lang='lat' dir='ltr'><strong>Revera</strong></span> <span class='ocrx_word' id='word_1_228' title='bbox 2310 576 2507 629; x_wconf 89' lang='lat' dir='ltr'><strong>etenim</strong></span> <span class='ocrx_word' id='word_1_229' title='bbox 2563 578 2745 646; x_wconf 87' lang='lat' dir='ltr'><strong>regina</strong></span> <span class='ocrx_word' id='word_1_230' title='bbox 2776 588 2881 643; x_wconf 88' lang='lat' dir='ltr'><strong>est,</strong></span> <span class='ocrx_word' id='word_1_231' title='bbox 2906 581 3111 637; x_wconf 85' lang='lat' dir='ltr'><strong>similes</strong></span> <span class='ocrx_word' id='word_1_232' title='bbox 3142 582 3387 638; x_wconf 77' lang='lat' dir='ltr'><strong>homines</strong></span> <span class='ocrx_word' id='word_1_233' title='bbox 3428 584 3631 642; x_wconf 79' lang='lat' dir='ltr'><strong>faciens</strong></span> 
     </span>
    </p>
   </div>
   <div class='ocr_carea' id='block_1_33' title="bbox 2059 668 3632 742">
    <p class='ocr_par' dir='ltr' id='par_1_33' title="bbox 2059 668 3632 742">
     <span class='ocr_line' id='line_1_33' title="bbox 2059 668 3632 742; baseline 0.008 -21"><span class='ocrx_word' id='word_1_234' title='bbox 2059 668 2167 721; x_wconf 90' lang='lat' dir='ltr'><strong>Deo</strong></span> <span class='ocrx_word' id='word_1_235' title='bbox 2206 688 2218 722; x_wconf 86' lang='lat'><strong>:</strong></span> <span class='ocrx_word' id='word_1_236' title='bbox 2259 673 2440 722; x_wconf 85' lang='lat' dir='ltr'><strong>Estote</strong></span> <span class='ocrx_word' id='word_1_237' title='bbox 2483 687 2604 740; x_wconf 85' lang='lat' dir='ltr'><strong>ergo</strong></span> <span class='ocrx_word' id='word_1_238' title='bbox 2666 672 3060 737; x_wconf 68' lang='lat' dir='ltr'><strong>misericordes,</strong></span> <span class='ocrx_word' id='word_1_239' title='bbox 3110 675 3326 742; x_wconf 84' lang='lat' dir='ltr'><strong>dicitur,</strong></span> <span class='ocrx_word' id='word_1_240' title='bbox 3390 679 3521 732; x_wconf 88' lang='lat' dir='ltr'><strong>sicut</strong></span> <span class='ocrx_word' id='word_1_241' title='bbox 3576 690 3632 735; x_wconf 86' lang='lat' dir='ltr'><strong>et</strong></span> 
     </span>
    </p>
   </div>
   <div class='ocr_carea' id='block_1_34' title="bbox 2061 756 3629 834">
    <p class='ocr_par' dir='ltr' id='par_1_34' title="bbox 2061 756 3629 834">
     <span class='ocr_line' id='line_1_34' title="bbox 2061 756 3629 834; baseline 0.008 -25"><span class='ocrx_word' id='word_1_242' title='bbox 2061 756 2220 813; x_wconf 87' lang='lat' dir='ltr'><strong>Pater</strong></span> <span class='ocrx_word' id='word_1_243' title='bbox 2246 769 2409 813; x_wconf 76' lang='lat' dir='ltr'><strong>vester</strong></span> <span class='ocrx_word' id='word_1_244' title='bbox 2435 763 2521 829; x_wconf 87' lang='lat' dir='ltr'><strong>qui</strong></span> <span class='ocrx_word' id='word_1_245' title='bbox 2545 763 2597 815; x_wconf 85' lang='lat' dir='ltr'><strong>in</strong></span> <span class='ocrx_word' id='word_1_246' title='bbox 2624 762 2766 815; x_wconf 73' lang='lat' dir='ltr'><strong>caelis</strong></span> <span class='ocrx_word' id='word_1_247' title='bbox 2792 773 2865 817; x_wconf 85' lang='lat' dir='ltr'><strong>est</strong></span> <span class='ocrx_word' id='word_1_248' title='bbox 2894 764 2936 816; x_wconf 70' lang='grc' dir='ltr'><strong>θ.</strong></span> <span class='ocrx_word' id='word_1_249' title='bbox 2974 766 3142 834; x_wconf 82' lang='lat' dir='ltr'><strong>Agilis</strong></span> <span class='ocrx_word' id='word_1_250' title='bbox 3168 777 3250 820; x_wconf 85' lang='lat' dir='ltr'><strong>est</strong></span> <span class='ocrx_word' id='word_1_251' title='bbox 3280 778 3334 821; x_wconf 87' lang='lat' dir='ltr'><strong>ct</strong></span> <span class='ocrx_word' id='word_1_252' title='bbox 3359 769 3512 833; x_wconf 83' lang='lat' dir='ltr'><strong>levis,</strong></span> <span class='ocrx_word' id='word_1_253' title='bbox 3538 771 3629 823; x_wconf 88' lang='lat' dir='ltr'><strong>de-</strong></span> 
     </span>
    </p>
   </div>
   <div class='ocr_carea' id='block_1_35' title="bbox 2056 853 3629 924">
    <p class='ocr_par' dir='ltr' id='par_1_35' title="bbox 2056 853 3629 924">
     <span class='ocr_line' id='line_1_35' title="bbox 2056 853 3629 924; baseline 0.005 -19"><span class='ocrx_word' id='word_1_254' title='bbox 2056 861 2275 905; x_wconf 89' lang='lat' dir='ltr'><strong>auratas</strong></span> <span class='ocrx_word' id='word_1_255' title='bbox 2295 853 2498 907; x_wconf 80' lang='lat' dir='ltr'><strong>habens</strong></span> <span class='ocrx_word' id='word_1_256' title='bbox 2523 870 2747 922; x_wconf 88' lang='lat' dir='ltr'><strong>pennas,</strong></span> <span class='ocrx_word' id='word_1_257' title='bbox 2777 871 2899 924; x_wconf 70' lang='lat' dir='ltr'><strong>qua:</strong></span> <span class='ocrx_word' id='word_1_258' title='bbox 2922 857 3123 910; x_wconf 56' lang='lat' dir='ltr'><strong>aethera</strong></span> <span class='ocrx_word' id='word_1_259' title='bbox 3150 857 3311 912; x_wconf 88' lang='lat' dir='ltr'><strong>volitu</strong></span> <span class='ocrx_word' id='word_1_260' title='bbox 3340 860 3629 913; x_wconf 76' lang='lat' dir='ltr'><strong>verberan-</strong></span> 
     </span>
    </p>
   </div>
   <div class='ocr_carea' id='block_1_36' title="bbox 2055 943 3630 1017">
    <p class='ocr_par' dir='ltr' id='par_1_36' title="bbox 2055 943 3630 1017">
     <span class='ocr_line' id='line_1_36' title="bbox 2055 943 3630 1017; baseline 0.003 -19"><span class='ocrx_word' id='word_1_261' title='bbox 2055 952 2159 1008; x_wconf 91' lang='lat' dir='ltr'><strong>tes,</strong></span> <span class='ocrx_word' id='word_1_262' title='bbox 2185 943 2412 997; x_wconf 90' lang='lat' dir='ltr'><strong>multum</strong></span> <span class='ocrx_word' id='word_1_263' title='bbox 2439 945 2715 1000; x_wconf 65' lang='lat' dir='ltr'><strong>lattiticant</strong></span> <span class='ocrx_word' id='word_1_264' title='bbox 2731 947 3052 1017; x_wconf 85' lang='lat' dir='ltr'><strong>angelos.l)e</strong></span> <span class='ocrx_word' id='word_1_265' title='bbox 3074 948 3161 1001; x_wconf 90' lang='lat' dir='ltr'><strong>illa</strong></span> <span class='ocrx_word' id='word_1_266' title='bbox 3182 949 3379 1003; x_wconf 88' lang='lat' dir='ltr'><strong>dicitur</strong></span> <span class='ocrx_word' id='word_1_267' title='bbox 3400 969 3413 1004; x_wconf 88' lang='lat'>:</span> <span class='ocrx_word' id='word_1_268' title='bbox 3435 948 3630 1003; x_wconf 74' lang='lat' dir='ltr'><strong>Penno:</strong></span> 
     </span>
    </p>
   </div>
   <div class='ocr_carea' id='block_1_37' title="bbox 2053 1032 3629 1109">
    <p class='ocr_par' dir='ltr' id='par_1_37' title="bbox 2053 1032 3629 1109">
     <span class='ocr_line' id='line_1_37' title="bbox 2053 1032 3629 1109; baseline 0.006 -24"><span class='ocrx_word' id='word_1_269' title='bbox 2053 1032 2306 1088; x_wconf 80' lang='lat' dir='ltr'><strong>columba:</strong></span> <span class='ocrx_word' id='word_1_270' title='bbox 2329 1034 2706 1105; x_wconf 77' lang='lat' dir='ltr'><strong>deargentatw,</strong></span> <span class='ocrx_word' id='word_1_271' title='bbox 2742 1049 2790 1092; x_wconf 86' lang='lat' dir='ltr'><strong>et</strong></span> <span class='ocrx_word' id='word_1_272' title='bbox 2842 1041 3134 1107; x_wconf 73' lang='lat' dir='ltr'><strong>posteriora</strong></span> <span class='ocrx_word' id='word_1_273' title='bbox 3167 1040 3281 1109; x_wconf 84' lang='lat' dir='ltr'><strong>ejus</strong></span> <span class='ocrx_word' id='word_1_274' title='bbox 3329 1042 3381 1094; x_wconf 83' lang='lat' dir='ltr'><strong>in</strong></span> <span class='ocrx_word' id='word_1_275' title='bbox 3428 1042 3629 1109; x_wconf 83' lang='lat' dir='ltr'><strong>pallore</strong></span> 
     </span>
    </p>
   </div>
   <div class='ocr_carea' id='block_1_38' title="bbox 2053 1125 3629 1195">
    <p class='ocr_par' dir='ltr' id='par_1_38' title="bbox 2053 1125 3629 1195">
     <span class='ocr_line' id='line_1_38' title="bbox 2053 1125 3629 1195; baseline 0.006 -18"><span class='ocrx_word' id='word_1_276' title='bbox 2053 1125 2171 1178; x_wconf 87' lang='lat' dir='ltr'><strong>auri</strong></span> <span class='ocrx_word' id='word_1_277' title='bbox 2224 1126 2287 1180; x_wconf 65' lang='lat' dir='ltr'><strong>l&#39;.</strong></span> <span class='ocrx_word' id='word_1_278' title='bbox 2324 1126 2476 1179; x_wconf 88' lang='lat' dir='ltr'><strong>Sicut</strong></span> <span class='ocrx_word' id='word_1_279' title='bbox 2529 1131 2770 1195; x_wconf 56' lang='lat' dir='ltr'><strong>quadam</strong></span> <span class='ocrx_word' id='word_1_280' title='bbox 2821 1131 3072 1185; x_wconf 88' lang='lat' dir='ltr'><strong>columba</strong></span> <span class='ocrx_word' id='word_1_281' title='bbox 3132 1146 3296 1185; x_wconf 87' lang='lat' dir='ltr'><strong>aurea</strong></span> <span class='ocrx_word' id='word_1_282' title='bbox 3341 1142 3393 1186; x_wconf 91' lang='lat' dir='ltr'><strong>et</strong></span> <span class='ocrx_word' id='word_1_283' title='bbox 3444 1133 3629 1187; x_wconf 81' lang='lat' dir='ltr'><strong>vivens</strong></span> 
     </span>
    </p>
   </div>
   <div class='ocr_carea' id='block_1_39' title="bbox 2051 1215 3623 1289">
    <p class='ocr_par' dir='ltr' id='par_1_39' title="bbox 2051 1215 3623 1289">
     <span class='ocr_line' id='line_1_39' title="bbox 2051 1215 3623 1289; baseline 0.004 -22"><span class='ocrx_word' id='word_1_284' title='bbox 2051 1215 2262 1279; x_wconf 88' lang='lat' dir='ltr'><strong>volitat,</strong></span> <span class='ocrx_word' id='word_1_285' title='bbox 2289 1216 2568 1286; x_wconf 68' lang='grc' dir='ltr'>ραιςιιτιιιιι</span> <span class='ocrx_word' id='word_1_286' title='bbox 2605 1220 2809 1274; x_wconf 79' lang='lat' dir='ltr'><strong>habens</strong></span> <span class='ocrx_word' id='word_1_287' title='bbox 2857 1231 3156 1289; x_wconf 72' lang='lat' dir='ltr'><strong>aspectum,</strong></span> <span class='ocrx_word' id='word_1_288' title='bbox 3190 1221 3370 1276; x_wconf 79' lang='lat' dir='ltr'><strong>dulces</strong></span> <span class='ocrx_word' id='word_1_289' title='bbox 3419 1221 3623 1287; x_wconf 82' lang='lat' dir='ltr'><strong>oculos,</strong></span> 
     </span>
    </p>
   </div>
   <div class='ocr_carea' id='block_1_40' title="bbox 2050 1308 3624 1380">
    <p class='ocr_par' dir='ltr' id='par_1_40' title="bbox 2050 1308 3624 1380">
     <span class='ocr_line' id='line_1_40' title="bbox 2050 1308 3624 1380; baseline 0.003 -20"><span class='ocrx_word' id='word_1_290' title='bbox 2050 1308 2245 1376; x_wconf 79' lang='lat' dir='ltr'><strong>quibus</strong></span> <span class='ocrx_word' id='word_1_291' title='bbox 2271 1308 2344 1361; x_wconf 90' lang='lat' dir='ltr'><strong>nil</strong></span> <span class='ocrx_word' id='word_1_292' title='bbox 2374 1310 2587 1363; x_wconf 86' lang='lat' dir='ltr'><strong>melius.</strong></span> <span class='ocrx_word' id='word_1_293' title='bbox 2615 1309 2844 1364; x_wconf 86' lang='lat' dir='ltr'><strong>Pulcher</strong></span> <span class='ocrx_word' id='word_1_294' title='bbox 2862 1320 2943 1366; x_wconf 89' lang='lat' dir='ltr'><strong>est</strong></span> <span class='ocrx_word' id='word_1_295' title='bbox 2978 1320 3031 1365; x_wconf 89' lang='lat' dir='ltr'><strong>et</strong></span> <span class='ocrx_word' id='word_1_296' title='bbox 3065 1327 3220 1380; x_wconf 86' lang='lat' dir='ltr'><strong>pavo,</strong></span> <span class='ocrx_word' id='word_1_297' title='bbox 3256 1312 3348 1365; x_wconf 89' lang='lat' dir='ltr'><strong>sed</strong></span> <span class='ocrx_word' id='word_1_298' title='bbox 3388 1314 3433 1367; x_wconf 87' lang='lat' dir='ltr'><strong>is</strong></span> <span class='ocrx_word' id='word_1_299' title='bbox 3474 1327 3624 1366; x_wconf 87' lang='lat' dir='ltr'><strong>com-</strong></span> 
     </span>
    </p>
   </div>
   <div class='ocr_carea' id='block_1_41' title="bbox 2051 1400 3624 1469">
    <p class='ocr_par' dir='ltr' id='par_1_41' title="bbox 2051 1400 3624 1469">
     <span class='ocr_line' id='line_1_41' title="bbox 2051 1400 3624 1469; baseline 0.003 -19"><span class='ocrx_word' id='word_1_300' title='bbox 2051 1400 2333 1466; x_wconf 84' lang='lat' dir='ltr'><strong>paratione</strong></span> <span class='ocrx_word' id='word_1_301' title='bbox 2362 1401 2540 1462; x_wconf 80' lang='lat' dir='ltr'><strong>istius,</strong></span> <span class='ocrx_word' id='word_1_302' title='bbox 2567 1400 2818 1469; x_wconf 89' lang='lat' dir='ltr'><strong>graculus</strong></span> <span class='ocrx_word' id='word_1_303' title='bbox 2846 1410 2966 1465; x_wconf 91' lang='lat' dir='ltr'><strong>est;</strong></span> <span class='ocrx_word' id='word_1_304' title='bbox 2994 1401 3130 1455; x_wconf 87' lang='lat' dir='ltr'><strong>adeo</strong></span> <span class='ocrx_word' id='word_1_305' title='bbox 3159 1403 3352 1456; x_wconf 85' lang='lat' dir='ltr'><strong>decora</strong></span> <span class='ocrx_word' id='word_1_306' title='bbox 3379 1412 3430 1456; x_wconf 90' lang='lat' dir='ltr'><strong>et</strong></span> <span class='ocrx_word' id='word_1_307' title='bbox 3462 1403 3624 1456; x_wconf 87' lang='lat' dir='ltr'><strong>mira-</strong></span> 
     </span>
    </p>
   </div>
   <div class='ocr_carea' id='block_1_42' title="bbox 2051 1490 3618 1563">
    <p class='ocr_par' dir='ltr' id='par_1_42' title="bbox 2051 1490 3618 1563">
     <span class='ocr_line' id='line_1_42' title="bbox 2051 1490 3618 1563; baseline 0.002 -19"><span class='ocrx_word' id='word_1_308' title='bbox 2051 1490 2171 1545; x_wconf 84' lang='lat' dir='ltr'><strong>bilis</strong></span> <span class='ocrx_word' id='word_1_309' title='bbox 2204 1502 2286 1545; x_wconf 88' lang='lat' dir='ltr'><strong>cst</strong></span> <span class='ocrx_word' id='word_1_310' title='bbox 2309 1492 2422 1546; x_wconf 79' lang='lat' dir='ltr'><strong>avis</strong></span> <span class='ocrx_word' id='word_1_311' title='bbox 2448 1492 2553 1545; x_wconf 88' lang='lat' dir='ltr'><strong>illa.</strong></span> <span class='ocrx_word' id='word_1_312' title='bbox 2576 1493 2695 1545; x_wconf 84' lang='lat' dir='ltr'><strong>Alta</strong></span> <span class='ocrx_word' id='word_1_313' title='bbox 2730 1508 2946 1561; x_wconf 85' lang='lat' dir='ltr'><strong>semper</strong></span> <span class='ocrx_word' id='word_1_314' title='bbox 2971 1493 3392 1563; x_wconf 81' lang='lat' dir='ltr'><strong>contemplatur,</strong></span> <span class='ocrx_word' id='word_1_315' title='bbox 3424 1494 3618 1547; x_wconf 83' lang='lat' dir='ltr'><strong>multa-</strong></span> 
     </span>
    </p>
   </div>
   <div class='ocr_carea' id='block_1_43' title="bbox 2049 1584 3618 1654">
    <p class='ocr_par' dir='ltr' id='par_1_43' title="bbox 2049 1584 3618 1654">
     <span class='ocr_line' id='line_1_43' title="bbox 2049 1584 3618 1654; baseline 0.001 -19"><span class='ocrx_word' id='word_1_316' title='bbox 2049 1599 2152 1652; x_wconf 89' lang='lat' dir='ltr'><strong>que</strong></span> <span class='ocrx_word' id='word_1_317' title='bbox 2175 1584 2543 1637; x_wconf 87' lang='lat' dir='ltr'><strong>circumdatur</strong></span> <span class='ocrx_word' id='word_1_318' title='bbox 2565 1584 2732 1654; x_wconf 85' lang='lat' dir='ltr'><strong>gloria</strong></span> <span class='ocrx_word' id='word_1_319' title='bbox 2771 1584 2883 1637; x_wconf 85' lang='lat' dir='ltr'><strong>Dei.</strong></span> <span class='ocrx_word' id='word_1_320' title='bbox 2913 1586 3077 1654; x_wconf 74' lang='lat' dir='ltr'><strong>Virgo</strong></span> <span class='ocrx_word' id='word_1_321' title='bbox 3114 1595 3195 1638; x_wconf 89' lang='lat' dir='ltr'><strong>est</strong></span> <span class='ocrx_word' id='word_1_322' title='bbox 3234 1585 3410 1638; x_wconf 81' lang='lat' dir='ltr'><strong>aureis</strong></span> <span class='ocrx_word' id='word_1_323' title='bbox 3442 1584 3618 1637; x_wconf 89' lang='lat' dir='ltr'><strong>dotata</strong></span> 
     </span>
    </p>
   </div>
   <div class='ocr_carea' id='block_1_44' title="bbox 2048 1674 3620 1745">
    <p class='ocr_par' dir='ltr' id='par_1_44' title="bbox 2048 1674 3620 1745">
     <span class='ocr_line' id='line_1_44' title="bbox 2048 1674 3620 1745; baseline 0.001 -19"><span class='ocrx_word' id='word_1_324' title='bbox 2048 1675 2258 1742; x_wconf 84' lang='lat' dir='ltr'><strong>pennis,</strong></span> <span class='ocrx_word' id='word_1_325' title='bbox 2289 1674 2455 1728; x_wconf 89' lang='lat' dir='ltr'><strong>nitide</strong></span> <span class='ocrx_word' id='word_1_326' title='bbox 2488 1676 2810 1743; x_wconf 86' lang='lat' dir='ltr'><strong>composita,</strong></span> <span class='ocrx_word' id='word_1_327' title='bbox 2842 1675 2966 1729; x_wconf 90' lang='lat' dir='ltr'><strong>albo</strong></span> <span class='ocrx_word' id='word_1_328' title='bbox 2994 1685 3047 1729; x_wconf 90' lang='lat' dir='ltr'><strong>et</strong></span> <span class='ocrx_word' id='word_1_329' title='bbox 3080 1676 3217 1728; x_wconf 90' lang='lat' dir='ltr'><strong>dulci</strong></span> <span class='ocrx_word' id='word_1_330' title='bbox 3256 1675 3422 1728; x_wconf 87' lang='lat' dir='ltr'><strong>vultu.</strong></span> <span class='ocrx_word' id='word_1_331' title='bbox 3455 1675 3620 1745; x_wconf 82' lang='lat' dir='ltr'><strong>Agilis</strong></span> 
     </span>
    </p>
   </div>
   <div class='ocr_carea' id='block_1_45' title="bbox 2046 1765 3617 1836">
    <p class='ocr_par' dir='ltr' id='par_1_45' title="bbox 2046 1765 3617 1836">
     <span class='ocr_line' id='line_1_45' title="bbox 2046 1765 3617 1836; baseline -0.001 -17"><span class='ocrx_word' id='word_1_332' title='bbox 2046 1775 2127 1819; x_wconf 90' lang='lat' dir='ltr'><strong>est</strong></span> <span class='ocrx_word' id='word_1_333' title='bbox 2156 1774 2209 1820; x_wconf 88' lang='lat' dir='ltr'><strong>et</strong></span> <span class='ocrx_word' id='word_1_334' title='bbox 2239 1765 2393 1831; x_wconf 87' lang='lat' dir='ltr'><strong>levis,</strong></span> <span class='ocrx_word' id='word_1_335' title='bbox 2432 1766 2664 1836; x_wconf 80' lang='lat' dir='ltr'><strong>regalem</strong></span> <span class='ocrx_word' id='word_1_336' title='bbox 2695 1777 2819 1821; x_wconf 86' lang='lat' dir='ltr'><strong>ante</strong></span> <span class='ocrx_word' id='word_1_337' title='bbox 2851 1768 3103 1822; x_wconf 89' lang='lat' dir='ltr'><strong>thronum</strong></span> <span class='ocrx_word' id='word_1_338' title='bbox 3126 1776 3298 1822; x_wconf 78' lang='lat' dir='ltr'><strong>stans.</strong></span> <span class='ocrx_word' id='word_1_339' title='bbox 3322 1766 3454 1820; x_wconf 88' lang='lat' dir='ltr'><strong>Cum</strong></span> <span class='ocrx_word' id='word_1_340' title='bbox 3474 1766 3617 1834; x_wconf 84' lang='lat' dir='ltr'><strong>judi-</strong></span> 
     </span>
    </p>
   </div>
   <div class='ocr_carea' id='block_1_46' title="bbox 2046 1859 3618 1930">
    <p class='ocr_par' dir='ltr' id='par_1_46' title="bbox 2046 1859 3618 1930">
     <span class='ocr_line' id='line_1_46' title="bbox 2046 1859 3618 1930; baseline -0.002 -18"><span class='ocrx_word' id='word_1_341' title='bbox 2046 1873 2252 1920; x_wconf 86' lang='lat' dir='ltr'><strong>camur,</strong></span> <span class='ocrx_word' id='word_1_342' title='bbox 2286 1859 2466 1914; x_wconf 90' lang='lat' dir='ltr'><strong>subito</strong></span> <span class='ocrx_word' id='word_1_343' title='bbox 2496 1860 2791 1928; x_wconf 85' lang='lat' dir='ltr'><strong>splendens</strong></span> <span class='ocrx_word' id='word_1_344' title='bbox 2824 1862 3088 1930; x_wconf 88' lang='lat' dir='ltr'><strong>assurgit,</strong></span> <span class='ocrx_word' id='word_1_345' title='bbox 3122 1868 3177 1914; x_wconf 89' lang='lat' dir='ltr'><strong>et</strong></span> <span class='ocrx_word' id='word_1_346' title='bbox 3212 1874 3240 1912; x_wconf 77' lang='grc' dir='ltr'><strong>ιι</strong></span> <span class='ocrx_word' id='word_1_347' title='bbox 3273 1859 3618 1913; x_wconf 82' lang='lat' dir='ltr'><strong>damnatione</strong></span> 
     </span>
    </p>
   </div>
   <div class='ocr_carea' id='block_1_47' title="bbox 2046 1949 3615 2022">
    <p class='ocr_par' dir='ltr' id='par_1_47' title="bbox 2046 1949 3615 2022">
     <span class='ocr_line' id='line_1_47' title="bbox 2046 1949 3615 2022; baseline 0.001 -22"><span class='ocrx_word' id='word_1_348' title='bbox 2046 1963 2149 2001; x_wconf 90' lang='lat' dir='ltr'><strong>non</strong></span> <span class='ocrx_word' id='word_1_349' title='bbox 2195 1950 2355 2018; x_wconf 89' lang='lat' dir='ltr'><strong>eripit</strong></span> <span class='ocrx_word' id='word_1_350' title='bbox 2413 1965 2550 2019; x_wconf 91' lang='lat' dir='ltr'><strong>quos</strong></span> <span class='ocrx_word' id='word_1_351' title='bbox 2612 1952 2806 2021; x_wconf 90' lang='lat' dir='ltr'><strong>pennis</strong></span> <span class='ocrx_word' id='word_1_352' title='bbox 2857 1952 3095 2022; x_wconf 82' lang='lat' dir='ltr'><strong>protegit</strong></span> <span class='ocrx_word' id='word_1_353' title='bbox 3143 1951 3399 2007; x_wconf 79' lang='lat' dir='ltr'><strong>extensis.</strong></span> <span class='ocrx_word' id='word_1_354' title='bbox 3468 1949 3615 2002; x_wconf 87' lang='lat' dir='ltr'><strong>lllant</strong></span> 
     </span>
    </p>
   </div>
   <div class='ocr_carea' id='block_1_48' title="bbox 2044 2040 2952 2106">
    <p class='ocr_par' dir='ltr' id='par_1_48' title="bbox 2044 2040 2952 2106">
     <span class='ocr_line' id='line_1_48' title="bbox 2044 2040 2952 2106; baseline 0.004 -13"><span class='ocrx_word' id='word_1_355' title='bbox 2044 2040 2157 2094; x_wconf 85' lang='lat' dir='ltr'><strong>vult</strong></span> <span class='ocrx_word' id='word_1_356' title='bbox 2180 2040 2341 2106; x_wconf 90' lang='lat' dir='ltr'><strong>Deus,</strong></span> <span class='ocrx_word' id='word_1_357' title='bbox 2374 2051 2428 2096; x_wconf 91' lang='lat' dir='ltr'><strong>et</strong></span> <span class='ocrx_word' id='word_1_358' title='bbox 2462 2057 2565 2096; x_wconf 89' lang='lat' dir='ltr'><strong>non</strong></span> <span class='ocrx_word' id='word_1_359' title='bbox 2590 2043 2952 2098; x_wconf 88' lang='lat' dir='ltr'><strong>sacriticium.</strong></span> 
     </span>
    </p>
   </div>
   <div class='ocr_carea' id='block_1_49' title="bbox 2113 2312 3611 2381">
    <p class='ocr_par' dir='ltr' id='par_1_49' title="bbox 2113 2312 3611 2381">
     <span class='ocr_line' id='line_1_49' title="bbox 2113 2312 3611 2381; baseline -0.003 -13"><span class='ocrx_word' id='word_1_360' title='bbox 2113 2312 2275 2369; x_wconf 75' lang='lat' dir='ltr'><strong>VEBS.</strong></span> <span class='ocrx_word' id='word_1_361' title='bbox 2328 2313 2514 2369; x_wconf 70' lang='lat'><strong>17-19.</strong></span> <span class='ocrx_word' id='word_1_362' title='bbox 2556 2314 2645 2367; x_wconf 89' lang='lat' dir='ltr'><strong>Sic</strong></span> <span class='ocrx_word' id='word_1_363' title='bbox 2690 2323 2737 2366; x_wconf 88' lang='lat' dir='ltr'><strong>et</strong></span> <span class='ocrx_word' id='word_1_364' title='bbox 2793 2314 2944 2381; x_wconf 74' lang='lat' dir='ltr'><strong>fides,</strong></span> <span class='ocrx_word' id='word_1_365' title='bbox 2972 2314 3017 2366; x_wconf 87' lang='lat' dir='ltr'><strong>si</strong></span> <span class='ocrx_word' id='word_1_366' title='bbox 3052 2329 3154 2365; x_wconf 85' lang='lat' dir='ltr'><strong>non</strong></span> <span class='ocrx_word' id='word_1_367' title='bbox 3206 2312 3390 2365; x_wconf 81' lang='lat' dir='ltr'><strong>habeat</strong></span> <span class='ocrx_word' id='word_1_368' title='bbox 3432 2327 3611 2380; x_wconf 80' lang='lat' dir='ltr'><strong>opera,</strong></span> 
     </span>
    </p>
   </div>
   <div class='ocr_carea' id='block_1_50' title="bbox 2043 2402 3614 2474">
    <p class='ocr_par' dir='ltr' id='par_1_50' title="bbox 2043 2402 3614 2474">
     <span class='ocr_line' id='line_1_50' title="bbox 2043 2402 3614 2474; baseline -0.003 -16"><span class='ocrx_word' id='word_1_369' title='bbox 2043 2416 2247 2458; x_wconf 82' lang='lat' dir='ltr'><strong>mortua</strong></span> <span class='ocrx_word' id='word_1_370' title='bbox 2278 2416 2350 2458; x_wconf 82' lang='lat' dir='ltr'><strong>est</strong></span> <span class='ocrx_word' id='word_1_371' title='bbox 2376 2407 2429 2458; x_wconf 88' lang='lat' dir='ltr'><strong>in</strong></span> <span class='ocrx_word' id='word_1_372' title='bbox 2458 2407 2754 2474; x_wconf 87' lang='lat' dir='ltr'><strong>semetipsa.</strong></span> <span class='ocrx_word' id='word_1_373' title='bbox 2784 2405 2885 2458; x_wconf 84' lang='lat' dir='ltr'><strong>Sed</strong></span> <span class='ocrx_word' id='word_1_374' title='bbox 2913 2406 3043 2457; x_wconf 81' lang='lat' dir='ltr'><strong>dicet</strong></span> <span class='ocrx_word' id='word_1_375' title='bbox 3063 2407 3213 2473; x_wconf 87' lang='lat' dir='ltr'><strong>quis:</strong></span> <span class='ocrx_word' id='word_1_376' title='bbox 3239 2407 3308 2457; x_wconf 84' lang='lat' dir='ltr'><strong>Tu</strong></span> <span class='ocrx_word' id='word_1_377' title='bbox 3337 2403 3493 2471; x_wconf 68' lang='lat' dir='ltr'><strong>ﬁdem</strong></span> <span class='ocrx_word' id='word_1_378' title='bbox 3520 2402 3614 2453; x_wconf 80' lang='lat' dir='ltr'><strong>Ita-</strong></span> 
     </span>
    </p>
   </div>
   <div class='ocr_carea' id='block_1_51' title="bbox 2041 2494 3612 2565">
    <p class='ocr_par' dir='ltr' id='par_1_51' title="bbox 2041 2494 3612 2565">
     <span class='ocr_line' id='line_1_51' title="bbox 2041 2494 3612 2565; baseline -0.003 -16"><span class='ocrx_word' id='word_1_379' title='bbox 2041 2496 2148 2562; x_wconf 85' lang='lat' dir='ltr'><strong>bes,</strong></span> <span class='ocrx_word' id='word_1_380' title='bbox 2172 2508 2217 2549; x_wconf 89' lang='lat' dir='ltr'><strong>et</strong></span> <span class='ocrx_word' id='word_1_381' title='bbox 2252 2513 2343 2565; x_wconf 72' lang='lat' dir='ltr'><strong>ego</strong></span> <span class='ocrx_word' id='word_1_382' title='bbox 2389 2513 2545 2564; x_wconf 86' lang='lat' dir='ltr'><strong>opera</strong></span> <span class='ocrx_word' id='word_1_383' title='bbox 2611 2497 2812 2561; x_wconf 80' lang='lat' dir='ltr'><strong>habeo;</strong></span> <span class='ocrx_word' id='word_1_384' title='bbox 2847 2497 3056 2550; x_wconf 86' lang='lat' dir='ltr'><strong>ostende</strong></span> <span class='ocrx_word' id='word_1_385' title='bbox 3093 2496 3218 2547; x_wconf 84' lang='lat' dir='ltr'><strong>mihi</strong></span> <span class='ocrx_word' id='word_1_386' title='bbox 3260 2494 3416 2563; x_wconf 76' lang='lat' dir='ltr'><strong>ﬁdem</strong></span> <span class='ocrx_word' id='word_1_387' title='bbox 3470 2504 3612 2544; x_wconf 79' lang='lat' dir='ltr'><strong>(nam</strong></span> 
     </span>
    </p>
   </div>
   <div class='ocr_carea' id='block_1_52' title="bbox 2038 2582 3610 2654">
    <p class='ocr_par' dir='ltr' id='par_1_52' title="bbox 2038 2582 3610 2654">
     <span class='ocr_line' id='line_1_52' title="bbox 2038 2582 3610 2654; baseline -0.003 -18"><span class='ocrx_word' id='word_1_388' title='bbox 2038 2586 2153 2639; x_wconf 80' lang='lat' dir='ltr'><strong>sine</strong></span> <span class='ocrx_word' id='word_1_389' title='bbox 2179 2586 2440 2653; x_wconf 85' lang='lat' dir='ltr'><strong>operibus,</strong></span> <span class='ocrx_word' id='word_1_390' title='bbox 2474 2595 2521 2637; x_wconf 88' lang='lat' dir='ltr'><strong>et</strong></span> <span class='ocrx_word' id='word_1_391' title='bbox 2553 2601 2645 2654; x_wconf 83' lang='lat' dir='ltr'><strong>ego</strong></span> <span class='ocrx_word' id='word_1_392' title='bbox 2676 2586 2945 2637; x_wconf 77' lang='lat' dir='ltr'><strong>ostendam</strong></span> <span class='ocrx_word' id='word_1_393' title='bbox 2979 2584 3069 2637; x_wconf 85' lang='lat' dir='ltr'><strong>tibi</strong></span> <span class='ocrx_word' id='word_1_394' title='bbox 3102 2600 3165 2637; x_wconf 74' lang='lat' dir='ltr'><strong>ex</strong></span> <span class='ocrx_word' id='word_1_395' title='bbox 3194 2583 3432 2651; x_wconf 77' lang='lat' dir='ltr'><strong>operibus</strong></span> <span class='ocrx_word' id='word_1_396' title='bbox 3449 2582 3610 2649; x_wconf 80' lang='lat' dir='ltr'><strong>ﬁdem</strong></span> 
     </span>
    </p>
   </div>
   <div class='ocr_carea' id='block_1_53' title="bbox 2037 2674 3607 2747">
    <p class='ocr_par' dir='ltr' id='par_1_53' title="bbox 2037 2674 3607 2747">
     <span class='ocr_line' id='line_1_53' title="bbox 2037 2674 3607 2747; baseline -0.001 -20"><span class='ocrx_word' id='word_1_397' title='bbox 2037 2692 2221 2747; x_wconf 80' lang='lat' dir='ltr'><strong>meam.</strong></span> <span class='ocrx_word' id='word_1_398' title='bbox 2258 2674 2334 2727; x_wconf 87' lang='lat' dir='ltr'><strong>Tu</strong></span> <span class='ocrx_word' id='word_1_399' title='bbox 2360 2675 2528 2729; x_wconf 78' lang='lat' dir='ltr'><strong>credis</strong></span> <span class='ocrx_word' id='word_1_400' title='bbox 2560 2677 2811 2744; x_wconf 81' lang='lat' dir='ltr'><strong>quoniam</strong></span> <span class='ocrx_word' id='word_1_401' title='bbox 2847 2692 2981 2727; x_wconf 86' lang='lat' dir='ltr'><strong>unus</strong></span> <span class='ocrx_word' id='word_1_402' title='bbox 3024 2689 3096 2728; x_wconf 83' lang='lat' dir='ltr'><strong>est</strong></span> <span class='ocrx_word' id='word_1_403' title='bbox 3141 2674 3276 2727; x_wconf 85' lang='lat' dir='ltr'><strong>Deus</strong></span> <span class='ocrx_word' id='word_1_404' title='bbox 3308 2690 3319 2702; x_wconf 83' lang='lat'>&#39;</span> <span class='ocrx_word' id='word_1_405' title='bbox 3358 2674 3481 2728; x_wconf 83' lang='lat' dir='ltr'><strong>bene</strong></span> <span class='ocrx_word' id='word_1_406' title='bbox 3519 2674 3607 2740; x_wconf 77' lang='lat' dir='ltr'><strong>{n-</strong></span> 
     </span>
    </p>
   </div>
   <div class='ocr_carea' id='block_1_54' title="bbox 2034 2766 3290 2831">
    <p class='ocr_par' dir='ltr' id='par_1_54' title="bbox 2034 2766 3290 2831">
     <span class='ocr_line' id='line_1_54' title="bbox 2034 2766 3290 2831; baseline -0.002 -12"><span class='ocrx_word' id='word_1_407' title='bbox 2034 2767 2139 2830; x_wconf 86' lang='lat' dir='ltr'><strong>cis;</strong></span> <span class='ocrx_word' id='word_1_408' title='bbox 2160 2776 2205 2820; x_wconf 88' lang='lat' dir='ltr'><strong>et</strong></span> <span class='ocrx_word' id='word_1_409' title='bbox 2234 2766 2492 2820; x_wconf 77' lang='lat' dir='ltr'><strong>dwmones</strong></span> <span class='ocrx_word' id='word_1_410' title='bbox 2519 2766 2757 2831; x_wconf 77' lang='lat' dir='ltr'><strong>credunt,</strong></span> <span class='ocrx_word' id='word_1_411' title='bbox 2783 2780 2843 2817; x_wconf 91' lang='lat' dir='ltr'><strong>ac</strong></span> <span class='ocrx_word' id='word_1_412' title='bbox 2866 2766 3290 2818; x_wconf 76' lang='lat' dir='ltr'><strong>contremiscunt.</strong></span> 
     </span>
    </p>
   </div>
   <div class='ocr_carea' id='block_1_55' title="bbox 426 2969 1936 3045">
    <p class='ocr_par' dir='ltr' id='par_1_55' title="bbox 426 2973 1928 3045">
     <span class='ocr_line' id='line_1_55' title="bbox 426 2973 1928 3045; baseline 0 -18"><span class='ocrx_word' id='word_1_413' title='bbox 426 2973 546 3027; x_wconf 79' lang='grc' dir='ltr'>Κᾶν</span> <span class='ocrx_word' id='word_1_414' title='bbox 576 2973 685 3044; x_wconf 82' lang='grc' dir='ltr'>γὰρ</span> <span class='ocrx_word' id='word_1_415' title='bbox 727 2975 806 3036; x_wconf 80' lang='grc' dir='ltr'><strong>είς</strong></span> <span class='ocrx_word' id='word_1_416' title='bbox 836 2974 929 3027; x_wconf 81' lang='grc' dir='ltr'><strong>τὸν</strong></span> <span class='ocrx_word' id='word_1_417' title='bbox 971 2974 1187 3044; x_wconf 84' lang='grc' dir='ltr'>Πατέρα</span> <span class='ocrx_word' id='word_1_418' title='bbox 1218 2975 1310 3026; x_wconf 71' lang='grc' dir='ltr'><strong>καὶ</strong></span> <span class='ocrx_word' id='word_1_419' title='bbox 1356 2976 1435 3036; x_wconf 88' lang='grc' dir='ltr'>εἰς</span> <span class='ocrx_word' id='word_1_420' title='bbox 1467 2974 1558 3027; x_wconf 71' lang='grc' dir='ltr'>τὸν</span> <span class='ocrx_word' id='word_1_421' title='bbox 1595 2974 1721 3027; x_wconf 78' lang='grc' dir='ltr'>Υίὸν</span> <span class='ocrx_word' id='word_1_422' title='bbox 1753 2975 1928 3045; x_wconf 73' lang='grc' dir='ltr'>ὀρθῶς</span> 
     </span>
    </p>
   </div>
   <div class='ocr_carea' id='block_1_56' title="bbox 2040 2969 3605 3045">
    <p class='ocr_par' dir='ltr' id='par_1_56' title="bbox 2110 2969 3605 3039">
     <span class='ocr_line' id='line_1_56' title="bbox 2110 2969 3605 3039; baseline 0.001 -14"><span class='ocrx_word' id='word_1_423' title='bbox 2110 2971 2259 3027; x_wconf 86' lang='lat' dir='ltr'><strong>Licet</strong></span> <span class='ocrx_word' id='word_1_424' title='bbox 2306 2971 2449 3026; x_wconf 89' lang='lat' dir='ltr'><strong>enim</strong></span> <span class='ocrx_word' id='word_1_425' title='bbox 2489 2972 2541 3024; x_wconf 91' lang='lat' dir='ltr'><strong>in</strong></span> <span class='ocrx_word' id='word_1_426' title='bbox 2594 2970 2810 3026; x_wconf 85' lang='lat' dir='ltr'><strong>Patrem</strong></span> <span class='ocrx_word' id='word_1_427' title='bbox 2842 2981 2889 3025; x_wconf 90' lang='lat' dir='ltr'><strong>et</strong></span> <span class='ocrx_word' id='word_1_428' title='bbox 2943 2971 2995 3024; x_wconf 91' lang='lat' dir='ltr'><strong>in</strong></span> <span class='ocrx_word' id='word_1_429' title='bbox 3032 2969 3225 3023; x_wconf 81' lang='lat' dir='ltr'><strong>Filium</strong></span> <span class='ocrx_word' id='word_1_430' title='bbox 3294 2980 3439 3025; x_wconf 85' lang='lat' dir='ltr'><strong>recte</strong></span> <span class='ocrx_word' id='word_1_431' title='bbox 3486 2972 3605 3039; x_wconf 86' lang='lat' dir='ltr'><strong>quis</strong></span> 
     </span>
    </p>
   </div>
   <div class='ocr_carea' id='block_1_57' title="bbox 354 3064 1931 3139">
    <p class='ocr_par' dir='ltr' id='par_1_57' title="bbox 354 3064 1931 3139">
     <span class='ocr_line' id='line_1_57' title="bbox 354 3064 1931 3139; baseline 0.003 -21"><span class='ocrx_word' id='word_1_432' title='bbox 354 3082 437 3127; x_wconf 81' lang='grc' dir='ltr'><strong>τις</strong></span> <span class='ocrx_word' id='word_1_433' title='bbox 465 3064 722 3139; x_wconf 79' lang='grc' dir='ltr'>πιστεύῃ,</span> <span class='ocrx_word' id='word_1_434' title='bbox 759 3067 853 3119; x_wconf 75' lang='grc' dir='ltr'><strong>καὶ</strong></span> <span class='ocrx_word' id='word_1_435' title='bbox 876 3068 957 3128; x_wconf 85' lang='grc' dir='ltr'>εἰς</span> <span class='ocrx_word' id='word_1_436' title='bbox 985 3067 1045 3119; x_wconf 78' lang='grc' dir='ltr'>τὸ</span> <span class='ocrx_word' id='word_1_437' title='bbox 1078 3067 1302 3137; x_wconf 87' lang='grc' dir='ltr'>Πνεῦμα</span> <span class='ocrx_word' id='word_1_438' title='bbox 1333 3067 1393 3120; x_wconf 84' lang='grc' dir='ltr'><strong>τὸ</strong></span> <span class='ocrx_word' id='word_1_439' title='bbox 1418 3068 1594 3134; x_wconf 77' lang='grc' dir='ltr'>ἅγιον,</span> <span class='ocrx_word' id='word_1_440' title='bbox 1623 3066 1737 3136; x_wconf 80' lang='grc' dir='ltr'>βίον</span> <span class='ocrx_word' id='word_1_441' title='bbox 1771 3068 1828 3121; x_wconf 82' lang='grc' dir='ltr'>δὲ</span> <span class='ocrx_word' id='word_1_442' title='bbox 1857 3068 1931 3138; x_wconf 83' lang='grc' dir='ltr'>μὴ</span> 
     </span>
    </p>
   </div>
   <div class='ocr_carea' id='block_1_58' title="bbox 355 3156 1931 3230">
    <p class='ocr_par' dir='ltr' id='par_1_58' title="bbox 355 3156 1931 3230">
     <span class='ocr_line' id='line_1_58' title="bbox 355 3156 1931 3230; baseline 0.003 -21"><span class='ocrx_word' id='word_1_443' title='bbox 355 3156 453 3229; x_wconf 76' lang='grc' dir='ltr'><strong>ἔχῃ</strong></span> <span class='ocrx_word' id='word_1_444' title='bbox 484 3156 664 3228; x_wconf 80' lang='grc' dir='ltr'>ὀρθὸν,</span> <span class='ocrx_word' id='word_1_445' title='bbox 715 3158 869 3213; x_wconf 77' lang='grc' dir='ltr'>οὐδὲν</span> <span class='ocrx_word' id='word_1_446' title='bbox 900 3157 1048 3228; x_wconf 83' lang='grc' dir='ltr'>αύτῷ</span> <span class='ocrx_word' id='word_1_447' title='bbox 1087 3159 1278 3230; x_wconf 81' lang='grc' dir='ltr'>κέρδος</span> <span class='ocrx_word' id='word_1_448' title='bbox 1310 3161 1408 3229; x_wconf 87' lang='grc' dir='ltr'><strong>τῆς</strong></span> <span class='ocrx_word' id='word_1_449' title='bbox 1453 3159 1688 3223; x_wconf 84' lang='grc' dir='ltr'>πίστεως</span> <span class='ocrx_word' id='word_1_450' title='bbox 1717 3165 1796 3224; x_wconf 79' lang='grc' dir='ltr'>εἰς</span> <span class='ocrx_word' id='word_1_451' title='bbox 1824 3179 1931 3214; x_wconf 87' lang='grc' dir='ltr'>σω-</span> 
     </span>
    </p>
   </div>
   <div class='ocr_carea' id='block_1_59' title="bbox 355 3249 1929 3322">
    <p class='ocr_par' dir='ltr' id='par_1_59' title="bbox 355 3249 1929 3322">
     <span class='ocr_line' id='line_1_59' title="bbox 355 3249 1929 3322; baseline 0.003 -21"><span class='ocrx_word' id='word_1_452' title='bbox 355 3249 566 3321; x_wconf 83' lang='grc' dir='ltr'>τηρίαν.</span> <span class='ocrx_word' id='word_1_453' title='bbox 597 3249 808 3303; x_wconf 83' lang='grc' dir='ltr'>Οὐκοῦν</span> <span class='ocrx_word' id='word_1_454' title='bbox 838 3251 966 3303; x_wconf 80' lang='grc' dir='ltr'>ὅταν</span> <span class='ocrx_word' id='word_1_455' title='bbox 996 3251 1155 3322; x_wconf 78' lang='grc' dir='ltr'>λέγῃ,</span> <span class='ocrx_word' id='word_1_456' title='bbox 1201 3250 1311 3304; x_wconf 78' lang='grc' dir='ltr'><strong>Καὶ</strong></span> <span class='ocrx_word' id='word_1_457' title='bbox 1352 3252 1504 3318; x_wconf 79' lang='grc' dir='ltr'>αὕτη</span> <span class='ocrx_word' id='word_1_458' title='bbox 1549 3252 1655 3322; x_wconf 67' lang='grc' dir='ltr'>γάρ</span> <span class='ocrx_word' id='word_1_459' title='bbox 1682 3254 1851 3307; x_wconf 76' lang='grc' dir='ltr'>ἐστιν</span> <span class='ocrx_word' id='word_1_460' title='bbox 1891 3254 1929 3319; x_wconf 72' lang='grc' dir='ltr'>ἡ</span> 
     </span>
    </p>
   </div>
   <div class='ocr_carea' id='block_1_60' title="bbox 353 3340 1930 3412">
    <p class='ocr_par' dir='ltr' id='par_1_60' title="bbox 353 3340 1930 3412">
     <span class='ocr_line' id='line_1_60' title="bbox 353 3340 1930 3412; baseline 0.001 -18"><span class='ocrx_word' id='word_1_461' title='bbox 353 3341 587 3407; x_wconf 72' lang='lat' dir='ltr'><strong>aldter</strong></span> <span class='ocrx_word' id='word_1_462' title='bbox 612 3340 747 3409; x_wconf 76' lang='grc' dir='ltr'>ζωὴ,</span> <span class='ocrx_word' id='word_1_463' title='bbox 779 3342 880 3394; x_wconf 76' lang='grc' dir='ltr'><strong>ἵνα</strong></span> <span class='ocrx_word' id='word_1_464' title='bbox 905 3341 1243 3411; x_wconf 76' lang='grc' dir='ltr'>γινώσκωσι</span> <span class='ocrx_word' id='word_1_465' title='bbox 1269 3357 1343 3395; x_wconf 90' lang='grc' dir='ltr'><strong>σε</strong></span> <span class='ocrx_word' id='word_1_466' title='bbox 1370 3342 1477 3395; x_wconf 80' lang='grc' dir='ltr'><strong>τὸν</strong></span> <span class='ocrx_word' id='word_1_467' title='bbox 1497 3346 1690 3411; x_wconf 74' lang='grc' dir='ltr'>μόνον</span> <span class='ocrx_word' id='word_1_468' title='bbox 1726 3346 1930 3412; x_wconf 66' lang='grc' dir='ltr'>ἀληθι-</span> 
     </span>
    </p>
   </div>
   <div class='ocr_carea' id='block_1_61' title="bbox 354 3432 1928 3504">
    <p class='ocr_par' dir='ltr' id='par_1_61' title="bbox 354 3432 1928 3504">
     <span class='ocr_line' id='line_1_61' title="bbox 354 3432 1928 3504; baseline 0.003 -19"><span class='ocrx_word' id='word_1_469' title='bbox 354 3433 465 3485; x_wconf 81' lang='grc' dir='ltr'><em>νὸν</em></span> <span class='ocrx_word' id='word_1_470' title='bbox 494 3432 661 3497; x_wconf 82' lang='grc' dir='ltr'>Θεὸν,</span> <span class='ocrx_word' id='word_1_471' title='bbox 701 3434 777 3502; x_wconf 78' lang='grc' dir='ltr'>μὴ</span> <span class='ocrx_word' id='word_1_472' title='bbox 806 3435 1114 3503; x_wconf 85' lang='grc' dir='ltr'>νομίσωμεν</span> <span class='ocrx_word' id='word_1_473' title='bbox 1154 3436 1285 3503; x_wconf 83' lang='grc' dir='ltr'>ἡμῖν</span> <span class='ocrx_word' id='word_1_474' title='bbox 1321 3436 1512 3504; x_wconf 85' lang='grc' dir='ltr'>ἀρκεῖν</span> <span class='ocrx_word' id='word_1_475' title='bbox 1541 3437 1619 3498; x_wconf 90' lang='grc' dir='ltr'>εἰς</span> <span class='ocrx_word' id='word_1_476' title='bbox 1653 3436 1928 3504; x_wconf 72' lang='grc' dir='ltr'>σωτηρίαν</span> 
     </span>
    </p>
   </div>
   <div class='ocr_carea' id='block_1_62' title="bbox 353 3525 1927 3595">
    <p class='ocr_par' dir='ltr' id='par_1_62' title="bbox 353 3525 1927 3595">
     <span class='ocr_line' id='line_1_62' title="bbox 353 3525 1927 3595; baseline 0 -17"><span class='ocrx_word' id='word_1_477' title='bbox 353 3526 413 3578; x_wconf 82' lang='grc' dir='ltr'><strong>τὸ</strong></span> <span class='ocrx_word' id='word_1_478' title='bbox 440 3526 745 3594; x_wconf 73' lang='grc' dir='ltr'>λεγόμενονο</span> <span class='ocrx_word' id='word_1_479' title='bbox 776 3525 857 3577; x_wconf 86' lang='grc' dir='ltr'>δεῖ</span> <span class='ocrx_word' id='word_1_480' title='bbox 897 3526 1004 3593; x_wconf 70' lang='grc' dir='ltr'>γὰρ</span> <span class='ocrx_word' id='word_1_481' title='bbox 1043 3526 1188 3593; x_wconf 70' lang='grc' dir='ltr'>ἡμᾶς</span> <span class='ocrx_word' id='word_1_482' title='bbox 1234 3526 1327 3577; x_wconf 79' lang='grc' dir='ltr'><strong>καὶ</strong></span> <span class='ocrx_word' id='word_1_483' title='bbox 1373 3526 1486 3595; x_wconf 77' lang='grc' dir='ltr'>βίου</span> <span class='ocrx_word' id='word_1_484' title='bbox 1522 3526 1614 3579; x_wconf 81' lang='grc' dir='ltr'><strong>καὶ</strong></span> <span class='ocrx_word' id='word_1_485' title='bbox 1654 3527 1927 3589; x_wconf 79' lang='grc' dir='ltr'>πολιτείας</span> 
     </span>
    </p>
   </div>
   <div class='ocr_carea' id='block_1_63' title="bbox 355 3616 769 3685">
    <p class='ocr_par' dir='ltr' id='par_1_63' title="bbox 355 3616 769 3685">
     <span class='ocr_line' id='line_1_63' title="bbox 355 3616 769 3685; baseline 0.002 -15"><span class='ocrx_word' id='word_1_486' title='bbox 355 3616 769 3685; x_wconf 79' lang='grc' dir='ltr'>καθαρωτάτης.</span> 
     </span>
    </p>
   </div>
   <div class='ocr_carea' id='block_1_64' title="bbox 423 3706 1923 3778">
    <p class='ocr_par' dir='ltr' id='par_1_64' title="bbox 423 3706 1923 3778">
     <span class='ocr_line' id='line_1_64' title="bbox 423 3706 1923 3778; baseline 0.001 -18"><span class='ocrx_word' id='word_1_487' title='bbox 423 3706 583 3774; x_wconf 76' lang='grc' dir='ltr'>Μέγα</span> <span class='ocrx_word' id='word_1_488' title='bbox 615 3707 709 3777; x_wconf 80' lang='grc' dir='ltr'><strong>μὲν</strong></span> <span class='ocrx_word' id='word_1_489' title='bbox 742 3706 924 3770; x_wconf 78' lang='grc' dir='ltr'>πίστις</span> <span class='ocrx_word' id='word_1_490' title='bbox 954 3707 1047 3761; x_wconf 70' lang='grc' dir='ltr'><strong>καὶ</strong></span> <span class='ocrx_word' id='word_1_491' title='bbox 1078 3709 1368 3778; x_wconf 80' lang='grc' dir='ltr'>σωτήριον,</span> <span class='ocrx_word' id='word_1_492' title='bbox 1408 3709 1500 3761; x_wconf 76' lang='grc' dir='ltr'><strong>καὶ</strong></span> <span class='ocrx_word' id='word_1_493' title='bbox 1542 3708 1745 3778; x_wconf 82' lang='grc' dir='ltr'>ταύτης</span> <span class='ocrx_word' id='word_1_494' title='bbox 1795 3710 1923 3763; x_wconf 81' lang='grc' dir='ltr'>ἄνευ</span> 
     </span>
    </p>
   </div>
   <div class='ocr_carea' id='block_1_65' title="bbox 352 3799 1924 3875">
    <p class='ocr_par' dir='ltr' id='par_1_65' title="bbox 352 3799 1924 3875">
     <span class='ocr_line' id='line_1_65' title="bbox 352 3799 1924 3875; baseline 0.002 -23"><span class='ocrx_word' id='word_1_495' title='bbox 352 3800 451 3852; x_wconf 86' lang='grc' dir='ltr'><strong>ούκ</strong></span> <span class='ocrx_word' id='word_1_496' title='bbox 490 3799 568 3852; x_wconf 81' lang='grc' dir='ltr'>ἔνι</span> <span class='ocrx_word' id='word_1_497' title='bbox 600 3800 833 3875; x_wconf 81' lang='grc' dir='ltr'>σωθῆναί</span> <span class='ocrx_word' id='word_1_498' title='bbox 867 3816 997 3853; x_wconf 87' lang='grc' dir='ltr'>ποτε</span> <span class='ocrx_word' id='word_1_499' title='bbox 1023 3818 1037 3831; x_wconf 67' lang='grc' dir='ltr'><em>υ</em></span> <span class='ocrx_word' id='word_1_500' title='bbox 1074 3802 1186 3854; x_wconf 86' lang='grc' dir='ltr'>ἀλλ’</span> <span class='ocrx_word' id='word_1_501' title='bbox 1229 3802 1327 3853; x_wconf 83' lang='grc' dir='ltr'><strong>ούκ</strong></span> <span class='ocrx_word' id='word_1_502' title='bbox 1357 3802 1519 3869; x_wconf 83' lang='grc' dir='ltr'>ἀρκεῖ</span> <span class='ocrx_word' id='word_1_503' title='bbox 1556 3802 1680 3853; x_wconf 79' lang='grc' dir='ltr'>καθ’</span> <span class='ocrx_word' id='word_1_504' title='bbox 1726 3803 1924 3874; x_wconf 76' lang='grc' dir='ltr'>ἑαυτὴν</span> 
     </span>
    </p>
   </div>
   <div class='ocr_carea' id='block_1_66' title="bbox 349 3890 1918 3963">
    <p class='ocr_par' dir='ltr' id='par_1_66' title="bbox 349 3890 1918 3963">
     <span class='ocr_line' id='line_1_66' title="bbox 349 3890 1918 3963; baseline 0.002 -20"><span class='ocrx_word' id='word_1_505' title='bbox 349 3891 507 3944; x_wconf 82' lang='grc' dir='ltr'>τοῦτο</span> <span class='ocrx_word' id='word_1_506' title='bbox 535 3891 895 3961; x_wconf 81' lang='grc' dir='ltr'>ἐργάσασθαι.</span> <span class='ocrx_word' id='word_1_507' title='bbox 944 3890 1105 3944; x_wconf 78' lang='grc' dir='ltr'>Ἀλλὰ</span> <span class='ocrx_word' id='word_1_508' title='bbox 1145 3893 1227 3945; x_wconf 85' lang='grc' dir='ltr'><strong>δεῖ</strong></span> <span class='ocrx_word' id='word_1_509' title='bbox 1267 3895 1359 3946; x_wconf 69' lang='grc' dir='ltr'><strong>καὶ</strong></span> <span class='ocrx_word' id='word_1_510' title='bbox 1397 3892 1673 3956; x_wconf 76' lang='grc' dir='ltr'>πολιτείας</span> <span class='ocrx_word' id='word_1_511' title='bbox 1719 3893 1918 3963; x_wconf 80' lang='grc' dir='ltr'>ὀρθῆς·</span> 
     </span>
    </p>
   </div>
   <div class='ocr_carea' id='block_1_67' title="bbox 348 3980 1922 4052">
    <p class='ocr_par' dir='ltr' id='par_1_67' title="bbox 348 3980 1922 4052">
     <span class='ocr_line' id='line_1_67' title="bbox 348 3980 1922 4052; baseline 0 -17"><span class='ocrx_word' id='word_1_512' title='bbox 348 3982 488 4035; x_wconf 72' lang='grc' dir='ltr'>ὥστε</span> <span class='ocrx_word' id='word_1_513' title='bbox 513 3982 600 4035; x_wconf 72' lang='grc' dir='ltr'><strong>δια</strong></span> <span class='ocrx_word' id='word_1_514' title='bbox 626 3980 783 4034; x_wconf 83' lang='grc' dir='ltr'>τοῦτο</span> <span class='ocrx_word' id='word_1_515' title='bbox 812 3983 907 4034; x_wconf 81' lang='grc' dir='ltr'>καὶ</span> <span class='ocrx_word' id='word_1_516' title='bbox 934 3980 1141 4044; x_wconf 79' lang='grc' dir='ltr'>Παῦλος</span> <span class='ocrx_word' id='word_1_517' title='bbox 1172 3984 1282 4044; x_wconf 89' lang='grc' dir='ltr'>τοῖς</span> <span class='ocrx_word' id='word_1_518' title='bbox 1317 3981 1415 4052; x_wconf 73' lang='grc' dir='ltr'>ἤδη</span> <span class='ocrx_word' id='word_1_519' title='bbox 1445 3981 1553 4033; x_wconf 84' lang='grc' dir='ltr'>τῶν</span> <span class='ocrx_word' id='word_1_520' title='bbox 1604 3982 1922 4051; x_wconf 79' lang='grc' dir='ltr'>μυστηρίων</span> 
     </span>
    </p>
   </div>
   <div class='ocr_carea' id='block_1_68' title="bbox 350 4070 1919 4142">
    <p class='ocr_par' dir='ltr' id='par_1_68' title="bbox 350 4070 1919 4142">
     <span class='ocr_line' id='line_1_68' title="bbox 350 4070 1919 4142; baseline -0.003 -17"><span class='ocrx_word' id='word_1_521' title='bbox 350 4072 764 4136; x_wconf 80' lang='grc' dir='ltr'>καταξιωθεῖσι,</span> <span class='ocrx_word' id='word_1_522' title='bbox 794 4074 1051 4142; x_wconf 79' lang='grc' dir='ltr'>παραινεῖ</span> <span class='ocrx_word' id='word_1_523' title='bbox 1084 4070 1278 4139; x_wconf 88' lang='grc' dir='ltr'>λέγων·</span> <span class='ocrx_word' id='word_1_524' title='bbox 1314 4071 1718 4141; x_wconf 82' lang='grc' dir='ltr'>Σπουδάσωμεν</span> <span class='ocrx_word' id='word_1_525' title='bbox 1743 4071 1919 4123; x_wconf 87' lang='grc' dir='ltr'>εἰσελ-</span> 
     </span>
    </p>
   </div>
   <div class='ocr_carea' id='block_1_69' title="bbox 350 4162 1921 4233">
    <p class='ocr_par' dir='ltr' id='par_1_69' title="bbox 350 4162 1921 4233">
     <span class='ocr_line' id='line_1_69' title="bbox 350 4162 1921 4233; baseline -0.003 -15"><span class='ocrx_word' id='word_1_526' title='bbox 350 4165 459 4217; x_wconf 81' lang='grc' dir='ltr'>θεῖν</span> <span class='ocrx_word' id='word_1_527' title='bbox 480 4166 559 4226; x_wconf 81' lang='grc' dir='ltr'><strong>είς</strong></span> <span class='ocrx_word' id='word_1_528' title='bbox 583 4165 681 4232; x_wconf 79' lang='grc' dir='ltr'><strong>τὴν</strong></span> <span class='ocrx_word' id='word_1_529' title='bbox 702 4166 1042 4217; x_wconf 79' lang='grc' dir='ltr'>κατάπαυσιν</span> <span class='ocrx_word' id='word_1_530' title='bbox 1066 4162 1359 4232; x_wconf 66' lang='grc' dir='ltr'>ὲκείνην²⁸υ</span> <span class='ocrx_word' id='word_1_531' title='bbox 1383 4162 1793 4232; x_wconf 75' lang='grc' dir='ltr'>σπουδὰσωμεν,</span> <span class='ocrx_word' id='word_1_532' title='bbox 1818 4180 1921 4233; x_wconf 85' lang='grc' dir='ltr'><strong>φη-</strong></span> 
     </span>
    </p>
   </div>
   <div class='ocr_carea' id='block_1_70' title="bbox 351 4254 1919 4326">
    <p class='ocr_par' dir='ltr' id='par_1_70' title="bbox 351 4254 1919 4326">
     <span class='ocr_line' id='line_1_70' title="bbox 351 4254 1919 4326; baseline 0 -19"><span class='ocrx_word' id='word_1_533' title='bbox 351 4259 453 4322; x_wconf 79' lang='grc' dir='ltr'>σ’.ν,</span> <span class='ocrx_word' id='word_1_534' title='bbox 484 4256 559 4319; x_wconf 84' lang='grc' dir='ltr'>ὡς</span> <span class='ocrx_word' id='word_1_535' title='bbox 587 4256 687 4307; x_wconf 82' lang='grc' dir='ltr'><strong>ούκ</strong></span> <span class='ocrx_word' id='word_1_536' title='bbox 724 4255 1002 4326; x_wconf 85' lang='grc' dir='ltr'>ἀρκούσης</span> <span class='ocrx_word' id='word_1_537' title='bbox 1026 4254 1127 4324; x_wconf 88' lang='grc' dir='ltr'><strong>τῆς</strong></span> <span class='ocrx_word' id='word_1_538' title='bbox 1153 4254 1409 4318; x_wconf 77' lang='grc' dir='ltr'>πίστεως,</span> <span class='ocrx_word' id='word_1_539' title='bbox 1454 4254 1567 4307; x_wconf 86' lang='grc' dir='ltr'>ἀλλ’</span> <span class='ocrx_word' id='word_1_540' title='bbox 1609 4255 1919 4323; x_wconf 68' lang='grc' dir='ltr'>ὀφείλοντος</span> 
     </span>
    </p>
   </div>
   <div class='ocr_carea' id='block_1_71' title="bbox 2036 3061 3605 3134">
    <p class='ocr_par' dir='ltr' id='par_1_71' title="bbox 2036 3061 3605 3134">
     <span class='ocr_line' id='line_1_71' title="bbox 2036 3061 3605 3134; baseline -0.003 -15"><span class='ocrx_word' id='word_1_541' title='bbox 2036 3065 2238 3131; x_wconf 86' lang='lat' dir='ltr'><strong>credat,</strong></span> <span class='ocrx_word' id='word_1_542' title='bbox 2272 3073 2325 3119; x_wconf 89' lang='lat' dir='ltr'><strong>et</strong></span> <span class='ocrx_word' id='word_1_543' title='bbox 2364 3064 2419 3118; x_wconf 91' lang='lat' dir='ltr'><strong>in</strong></span> <span class='ocrx_word' id='word_1_544' title='bbox 2457 3061 2718 3134; x_wconf 88' lang='lat' dir='ltr'><strong>Spiritum</strong></span> <span class='ocrx_word' id='word_1_545' title='bbox 2764 3074 3035 3128; x_wconf 86' lang='lat' dir='ltr'><strong>sanctum,</strong></span> <span class='ocrx_word' id='word_1_546' title='bbox 3067 3065 3230 3117; x_wconf 83' lang='lat' dir='ltr'><strong>vitam</strong></span> <span class='ocrx_word' id='word_1_547' title='bbox 3285 3073 3463 3117; x_wconf 88' lang='lat' dir='ltr'><strong>autent</strong></span> <span class='ocrx_word' id='word_1_548' title='bbox 3500 3078 3605 3117; x_wconf 87' lang='lat' dir='ltr'><strong>non</strong></span> 
     </span>
    </p>
   </div>
   <div class='ocr_carea' id='block_1_72' title="bbox 2034 3155 3603 3222">
    <p class='ocr_par' dir='ltr' id='par_1_72' title="bbox 2034 3155 3603 3222">
     <span class='ocr_line' id='line_1_72' title="bbox 2034 3155 3603 3222; baseline -0.004 -12"><span class='ocrx_word' id='word_1_549' title='bbox 2034 3157 2234 3212; x_wconf 84' lang='lat' dir='ltr'><strong>habeat</strong></span> <span class='ocrx_word' id='word_1_550' title='bbox 2291 3166 2515 3222; x_wconf 89' lang='lat' dir='ltr'><strong>rectam,</strong></span> <span class='ocrx_word' id='word_1_551' title='bbox 2543 3155 2688 3209; x_wconf 88' lang='lat' dir='ltr'><strong>nulla</strong></span> <span class='ocrx_word' id='word_1_552' title='bbox 2740 3156 2788 3209; x_wconf 91' lang='lat' dir='ltr'><strong>ci</strong></span> <span class='ocrx_word' id='word_1_553' title='bbox 2831 3156 2950 3209; x_wconf 82' lang='lat' dir='ltr'><strong>lidei</strong></span> <span class='ocrx_word' id='word_1_554' title='bbox 2995 3155 3201 3209; x_wconf 87' lang='lat' dir='ltr'><strong>utilitas</strong></span> <span class='ocrx_word' id='word_1_555' title='bbox 3251 3156 3300 3208; x_wconf 93' lang='lat' dir='ltr'><strong>in</strong></span> <span class='ocrx_word' id='word_1_556' title='bbox 3352 3155 3603 3209; x_wconf 87' lang='lat' dir='ltr'><strong>salutem.</strong></span> 
     </span>
    </p>
   </div>
   <div class='ocr_carea' id='block_1_73' title="bbox 2036 3248 3603 3320">
    <p class='ocr_par' dir='ltr' id='par_1_73' title="bbox 2036 3248 3603 3320">
     <span class='ocr_line' id='line_1_73' title="bbox 2036 3248 3603 3320; baseline -0.003 -15"><span class='ocrx_word' id='word_1_557' title='bbox 2036 3252 2168 3305; x_wconf 90' lang='lat' dir='ltr'><strong>Dum</strong></span> <span class='ocrx_word' id='word_1_558' title='bbox 2198 3266 2325 3319; x_wconf 89' lang='lat' dir='ltr'><strong>ergo</strong></span> <span class='ocrx_word' id='word_1_559' title='bbox 2357 3251 2490 3320; x_wconf 80' lang='lat' dir='ltr'><strong>legis</strong></span> <span class='ocrx_word' id='word_1_560' title='bbox 2519 3267 2531 3303; x_wconf 92' lang='lat'>:</span> <span class='ocrx_word' id='word_1_561' title='bbox 2574 3248 2703 3303; x_wconf 67' lang='lat' dir='ltr'><strong>&quot;ccc</strong></span> <span class='ocrx_word' id='word_1_562' title='bbox 2739 3259 2813 3303; x_wconf 82' lang='lat' dir='ltr'><strong>est</strong></span> <span class='ocrx_word' id='word_1_563' title='bbox 2835 3251 2939 3303; x_wconf 85' lang='lat' dir='ltr'><strong>rita</strong></span> <span class='ocrx_word' id='word_1_564' title='bbox 2966 3258 3183 3312; x_wconf 55' lang='lat' dir='ltr'><strong>attenta,</strong></span> <span class='ocrx_word' id='word_1_565' title='bbox 3216 3259 3269 3301; x_wconf 86' lang='lat' dir='ltr'><strong>ut</strong></span> <span class='ocrx_word' id='word_1_566' title='bbox 3292 3257 3603 3317; x_wconf 73' lang='lat' dir='ltr'><strong>cognoscant</strong></span> 
     </span>
    </p>
   </div>
   <div class='ocr_carea' id='block_1_74' title="bbox 2037 3337 3605 3406">
    <p class='ocr_par' dir='ltr' id='par_1_74' title="bbox 2037 3337 3605 3406">
     <span class='ocr_line' id='line_1_74' title="bbox 2037 3337 3605 3406; baseline -0.003 -12"><span class='ocrx_word' id='word_1_567' title='bbox 2037 3352 2086 3396; x_wconf 90' lang='lat' dir='ltr'><strong>te</strong></span> <span class='ocrx_word' id='word_1_568' title='bbox 2110 3342 2280 3395; x_wconf 81' lang='lat' dir='ltr'><strong>solum</strong></span> <span class='ocrx_word' id='word_1_569' title='bbox 2315 3341 2480 3396; x_wconf 82' lang='lat' dir='ltr'><strong>Deum</strong></span> <span class='ocrx_word' id='word_1_570' title='bbox 2516 3358 2690 3395; x_wconf 80' lang='lat' dir='ltr'><strong>verum</strong></span> <span class='ocrx_word' id='word_1_571' title='bbox 2722 3340 2786 3406; x_wconf 83' lang='lat'><strong>“,</strong></span> <span class='ocrx_word' id='word_1_572' title='bbox 2813 3358 2877 3395; x_wconf 88' lang='lat' dir='ltr'><strong>tte</strong></span> <span class='ocrx_word' id='word_1_573' title='bbox 2907 3341 3097 3395; x_wconf 86' lang='lat' dir='ltr'><strong>credas</strong></span> <span class='ocrx_word' id='word_1_574' title='bbox 3128 3341 3240 3394; x_wconf 77' lang='lat' dir='ltr'><strong>[nec</strong></span> <span class='ocrx_word' id='word_1_575' title='bbox 3264 3340 3403 3393; x_wconf 83' lang='lat' dir='ltr'><strong>dicta</strong></span> <span class='ocrx_word' id='word_1_576' title='bbox 3450 3337 3605 3391; x_wconf 88' lang='lat' dir='ltr'><strong>nobis</strong></span> 
     </span>
    </p>
   </div>
   <div class='ocr_carea' id='block_1_75' title="bbox 2032 3430 3607 3501">
    <p class='ocr_par' dir='ltr' id='par_1_75' title="bbox 2032 3430 3607 3501">
     <span class='ocr_line' id='line_1_75' title="bbox 2032 3430 3607 3501; baseline -0.004 -13"><span class='ocrx_word' id='word_1_577' title='bbox 2032 3432 2276 3488; x_wconf 81' lang='lat' dir='ltr'><strong>sufﬁcere</strong></span> <span class='ocrx_word' id='word_1_578' title='bbox 2317 3436 2381 3487; x_wconf 87' lang='lat' dir='ltr'><strong>ad</strong></span> <span class='ocrx_word' id='word_1_579' title='bbox 2412 3437 2663 3488; x_wconf 87' lang='lat' dir='ltr'><strong>salutem.</strong></span> <span class='ocrx_word' id='word_1_580' title='bbox 2698 3431 2922 3501; x_wconf 85' lang='lat' dir='ltr'><strong>Oportet</strong></span> <span class='ocrx_word' id='word_1_581' title='bbox 2953 3433 3096 3486; x_wconf 88' lang='lat' dir='ltr'><strong>enim</strong></span> <span class='ocrx_word' id='word_1_582' title='bbox 3137 3446 3233 3485; x_wconf 88' lang='lat' dir='ltr'><strong>nos</strong></span> <span class='ocrx_word' id='word_1_583' title='bbox 3281 3439 3336 3485; x_wconf 91' lang='lat' dir='ltr'><strong>ct</strong></span> <span class='ocrx_word' id='word_1_584' title='bbox 3374 3430 3484 3483; x_wconf 89' lang='lat' dir='ltr'><strong>vita</strong></span> <span class='ocrx_word' id='word_1_585' title='bbox 3549 3437 3607 3483; x_wconf 90' lang='lat' dir='ltr'><strong>et</strong></span> 
     </span>
    </p>
   </div>
   <div class='ocr_carea' id='block_1_76' title="bbox 2033 3525 2936 3592">
    <p class='ocr_par' dir='ltr' id='par_1_76' title="bbox 2033 3525 2936 3592">
     <span class='ocr_line' id='line_1_76' title="bbox 2033 3525 2936 3592; baseline -0.004 -15"><span class='ocrx_word' id='word_1_586' title='bbox 2033 3525 2271 3579; x_wconf 87' lang='lat' dir='ltr'><strong>moribus</strong></span> <span class='ocrx_word' id='word_1_587' title='bbox 2300 3526 2617 3592; x_wconf 81' lang='lat' dir='ltr'><strong>purissimos</strong></span> <span class='ocrx_word' id='word_1_588' title='bbox 2648 3526 2936 3578; x_wconf 76' lang='lat' dir='ltr'><strong>exsistere.</strong></span> 
     </span>
    </p>
   </div>
   <div class='ocr_carea' id='block_1_77' title="bbox 2103 3702 3605 3774">
    <p class='ocr_par' dir='ltr' id='par_1_77' title="bbox 2103 3702 3605 3774">
     <span class='ocr_line' id='line_1_77' title="bbox 2103 3702 3605 3774; baseline -0.002 -15"><span class='ocrx_word' id='word_1_589' title='bbox 2103 3703 2351 3774; x_wconf 72' lang='lat' dir='ltr'><strong>Magnum</strong></span> <span class='ocrx_word' id='word_1_590' title='bbox 2381 3703 2595 3772; x_wconf 85' lang='lat' dir='ltr'><strong>quidem</strong></span> <span class='ocrx_word' id='word_1_591' title='bbox 2624 3711 2677 3757; x_wconf 89' lang='lat' dir='ltr'><strong>ct</strong></span> <span class='ocrx_word' id='word_1_592' title='bbox 2709 3704 2840 3758; x_wconf 81' lang='lat' dir='ltr'><strong>ﬁdes</strong></span> <span class='ocrx_word' id='word_1_593' title='bbox 2868 3712 2921 3757; x_wconf 88' lang='lat' dir='ltr'><strong>et</strong></span> <span class='ocrx_word' id='word_1_594' title='bbox 2952 3704 3115 3768; x_wconf 82' lang='lat' dir='ltr'><strong>salus,</strong></span> <span class='ocrx_word' id='word_1_595' title='bbox 3139 3713 3193 3757; x_wconf 91' lang='lat' dir='ltr'><strong>ct</strong></span> <span class='ocrx_word' id='word_1_596' title='bbox 3221 3704 3337 3757; x_wconf 87' lang='lat' dir='ltr'><strong>sine</strong></span> <span class='ocrx_word' id='word_1_597' title='bbox 3369 3703 3470 3756; x_wconf 73' lang='lat' dir='ltr'><strong>title</strong></span> <span class='ocrx_word' id='word_1_598' title='bbox 3503 3702 3605 3756; x_wconf 64' lang='grc' dir='ltr'>εηιο</span> 
     </span>
    </p>
   </div>
   <div class='ocr_carea' id='block_1_78' title="bbox 2030 3794 3598 3862">
    <p class='ocr_par' dir='ltr' id='par_1_78' title="bbox 2030 3794 3598 3862">
     <span class='ocr_line' id='line_1_78' title="bbox 2030 3794 3598 3862; baseline -0.001 -15"><span class='ocrx_word' id='word_1_599' title='bbox 2030 3797 2142 3849; x_wconf 87' lang='lat' dir='ltr'><strong>vari</strong></span> <span class='ocrx_word' id='word_1_600' title='bbox 2179 3809 2452 3862; x_wconf 87' lang='lat' dir='ltr'><strong>nunquam</strong></span> <span class='ocrx_word' id='word_1_601' title='bbox 2502 3810 2806 3862; x_wconf 87' lang='lat' dir='ltr'><strong>possumus.</strong></span> <span class='ocrx_word' id='word_1_602' title='bbox 2844 3794 2947 3850; x_wconf 86' lang='lat' dir='ltr'><strong>Sed</strong></span> <span class='ocrx_word' id='word_1_603' title='bbox 2990 3811 3092 3849; x_wconf 91' lang='lat' dir='ltr'><strong>non</strong></span> <span class='ocrx_word' id='word_1_604' title='bbox 3131 3794 3321 3850; x_wconf 75' lang='lat' dir='ltr'><strong>subicit</strong></span> <span class='ocrx_word' id='word_1_605' title='bbox 3346 3796 3408 3847; x_wconf 86' lang='lat' dir='ltr'><strong>ad</strong></span> <span class='ocrx_word' id='word_1_606' title='bbox 3455 3794 3598 3847; x_wconf 84' lang='lat' dir='ltr'><strong>salu-</strong></span> 
     </span>
    </p>
   </div>
   <div class='ocr_carea' id='block_1_79' title="bbox 2029 3882 3601 3953">
    <p class='ocr_par' dir='ltr' id='par_1_79' title="bbox 2029 3882 3601 3953">
     <span class='ocr_line' id='line_1_79' title="bbox 2029 3882 3601 3953; baseline -0.003 -13"><span class='ocrx_word' id='word_1_607' title='bbox 2029 3896 2155 3949; x_wconf 90' lang='lat' dir='ltr'><strong>tem,</strong></span> <span class='ocrx_word' id='word_1_608' title='bbox 2178 3884 2333 3938; x_wconf 88' lang='lat' dir='ltr'><strong>tidem</strong></span> <span class='ocrx_word' id='word_1_609' title='bbox 2355 3884 2452 3938; x_wconf 88' lang='lat' dir='ltr'><strong>sibi</strong></span> <span class='ocrx_word' id='word_1_610' title='bbox 2468 3882 2800 3939; x_wconf 79' lang='lat' dir='ltr'><strong>eﬂ‘ormasse.</strong></span> <span class='ocrx_word' id='word_1_611' title='bbox 2826 3884 3006 3939; x_wconf 80' lang='lat' dir='ltr'><strong>Rectis</strong></span> <span class='ocrx_word' id='word_1_612' title='bbox 3031 3894 3209 3939; x_wconf 89' lang='lat' dir='ltr'><strong>autem</strong></span> <span class='ocrx_word' id='word_1_613' title='bbox 3240 3899 3375 3953; x_wconf 77' lang='lat' dir='ltr'><strong>Opus</strong></span> <span class='ocrx_word' id='word_1_614' title='bbox 3398 3893 3480 3939; x_wconf 87' lang='lat' dir='ltr'><strong>est</strong></span> <span class='ocrx_word' id='word_1_615' title='bbox 3506 3884 3601 3937; x_wconf 90' lang='lat' dir='ltr'><strong>ad-</strong></span> 
     </span>
    </p>
   </div>
   <div class='ocr_carea' id='block_1_80' title="bbox 2026 3972 3596 4043">
    <p class='ocr_par' dir='ltr' id='par_1_80' title="bbox 2026 3972 3596 4043">
     <span class='ocr_line' id='line_1_80' title="bbox 2026 3972 3596 4043; baseline -0.001 -14"><span class='ocrx_word' id='word_1_616' title='bbox 2026 3976 2129 4030; x_wconf 89' lang='lat' dir='ltr'><strong>lmc</strong></span> <span class='ocrx_word' id='word_1_617' title='bbox 2152 3974 2407 4028; x_wconf 90' lang='lat' dir='ltr'><strong>moribus.</strong></span> <span class='ocrx_word' id='word_1_618' title='bbox 2432 3972 2721 4042; x_wconf 86' lang='lat' dir='ltr'><strong>Propterea</strong></span> <span class='ocrx_word' id='word_1_619' title='bbox 2754 3985 2809 4029; x_wconf 92' lang='grc' dir='ltr'><strong>ει</strong></span> <span class='ocrx_word' id='word_1_620' title='bbox 2844 3974 3040 4029; x_wconf 85' lang='lat' dir='ltr'><strong>Paulus</strong></span> <span class='ocrx_word' id='word_1_621' title='bbox 3068 3975 3183 4028; x_wconf 91' lang='lat' dir='ltr'><strong>illos</strong></span> <span class='ocrx_word' id='word_1_622' title='bbox 3201 3975 3290 4043; x_wconf 88' lang='lat' dir='ltr'><strong>qni</strong></span> <span class='ocrx_word' id='word_1_623' title='bbox 3310 3974 3420 4042; x_wconf 88' lang='lat' dir='ltr'><strong>jam</strong></span> <span class='ocrx_word' id='word_1_624' title='bbox 3447 3973 3596 4042; x_wconf 78' lang='lat' dir='ltr'><strong>digiti</strong></span> 
     </span>
    </p>
   </div>
   <div class='ocr_carea' id='block_1_81' title="bbox 2025 4062 3592 4135">
    <p class='ocr_par' dir='ltr' id='par_1_81' title="bbox 2025 4062 3592 4135">
     <span class='ocr_line' id='line_1_81' title="bbox 2025 4062 3592 4135; baseline -0.003 -14"><span class='ocrx_word' id='word_1_625' title='bbox 2025 4065 2191 4121; x_wconf 84' lang='lat' dir='ltr'><strong>habiti</strong></span> <span class='ocrx_word' id='word_1_626' title='bbox 2227 4074 2351 4119; x_wconf 88' lang='lat' dir='ltr'><strong>sunt</strong></span> <span class='ocrx_word' id='word_1_627' title='bbox 2385 4064 2764 4135; x_wconf 86' lang='lat' dir='ltr'><strong>mysteriorum</strong></span> <span class='ocrx_word' id='word_1_628' title='bbox 2792 4066 3112 4119; x_wconf 78' lang='lat' dir='ltr'><strong>exhortatur</strong></span> <span class='ocrx_word' id='word_1_629' title='bbox 3140 4064 3323 4118; x_wconf 86' lang='lat' dir='ltr'><strong>dicens</strong></span> <span class='ocrx_word' id='word_1_630' title='bbox 3365 4082 3378 4119; x_wconf 92' lang='lat'>:</span> <span class='ocrx_word' id='word_1_631' title='bbox 3418 4062 3592 4118; x_wconf 82' lang='lat' dir='ltr'><strong>Festi-</strong></span> 
     </span>
    </p>
   </div>
   <div class='ocr_carea' id='block_1_82' title="bbox 2026 4156 3596 4227">
    <p class='ocr_par' dir='ltr' id='par_1_82' title="bbox 2026 4156 3596 4227">
     <span class='ocr_line' id='line_1_82' title="bbox 2026 4156 3596 4227; baseline 0 -16"><span class='ocrx_word' id='word_1_632' title='bbox 2026 4173 2215 4211; x_wconf 88' lang='lat' dir='ltr'><strong>nemus</strong></span> <span class='ocrx_word' id='word_1_633' title='bbox 2242 4156 2447 4227; x_wconf 79' lang='lat' dir='ltr'><strong>ingredi</strong></span> <span class='ocrx_word' id='word_1_634' title='bbox 2486 4157 2536 4209; x_wconf 93' lang='lat' dir='ltr'><strong>in</strong></span> <span class='ocrx_word' id='word_1_635' title='bbox 2574 4156 2715 4210; x_wconf 86' lang='lat' dir='ltr'><strong>illam</strong></span> <span class='ocrx_word' id='word_1_636' title='bbox 2754 4157 2995 4226; x_wconf 87' lang='lat' dir='ltr'><strong>requiem</strong></span> <span class='ocrx_word' id='word_1_637' title='bbox 3030 4158 3107 4224; x_wconf 71' lang='grc' dir='ltr'>ης</span> <span class='ocrx_word' id='word_1_638' title='bbox 3136 4156 3451 4211; x_wconf 75' lang='lat' dir='ltr'><strong>festinemus</strong></span> <span class='ocrx_word' id='word_1_639' title='bbox 3499 4158 3596 4223; x_wconf 89' lang='lat' dir='ltr'><strong>ait,</strong></span> 
     </span>
    </p>
   </div>
   <div class='ocr_carea' id='block_1_83' title="bbox 2026 4247 3597 4317">
    <p class='ocr_par' dir='ltr' id='par_1_83' title="bbox 2026 4247 3597 4317">
     <span class='ocr_line' id='line_1_83' title="bbox 2026 4247 3597 4317; baseline 0.002 -16"><span class='ocrx_word' id='word_1_640' title='bbox 2026 4247 2149 4317; x_wconf 89' lang='lat' dir='ltr'><strong>quia</strong></span> <span class='ocrx_word' id='word_1_641' title='bbox 2170 4265 2272 4302; x_wconf 89' lang='lat' dir='ltr'><strong>non</strong></span> <span class='ocrx_word' id='word_1_642' title='bbox 2297 4247 2493 4303; x_wconf 86' lang='lat' dir='ltr'><strong>sulI‘tcit</strong></span> <span class='ocrx_word' id='word_1_643' title='bbox 2523 4248 2674 4313; x_wconf 87' lang='lat' dir='ltr'><strong>lides,</strong></span> <span class='ocrx_word' id='word_1_644' title='bbox 2703 4248 2798 4303; x_wconf 89' lang='lat' dir='ltr'><strong>sed</strong></span> <span class='ocrx_word' id='word_1_645' title='bbox 2831 4248 3040 4304; x_wconf 87' lang='lat' dir='ltr'><strong>ostendi</strong></span> <span class='ocrx_word' id='word_1_646' title='bbox 3066 4249 3226 4303; x_wconf 87' lang='lat' dir='ltr'><strong>debet</strong></span> <span class='ocrx_word' id='word_1_647' title='bbox 3248 4250 3379 4315; x_wconf 82' lang='lat' dir='ltr'><strong>vita,</strong></span> <span class='ocrx_word' id='word_1_648' title='bbox 3399 4258 3455 4303; x_wconf 90' lang='lat' dir='ltr'><strong>et</strong></span> <span class='ocrx_word' id='word_1_649' title='bbox 3476 4250 3597 4312; x_wconf 90' lang='lat' dir='ltr'><strong>hoc.</strong></span> 
     </span>
    </p>
   </div>
   <div class='ocr_carea' id='block_1_84' title="bbox 349 4321 1936 4417">
    <p class='ocr_par' dir='ltr' id='par_1_84' title="bbox 349 4321 1921 4417">
     <span class='ocr_line' id='line_1_84' title="bbox 349 4321 1921 4417; baseline 0 -19"><span class='ocrx_word' id='word_1_650' title='bbox 349 4348 676 4417; x_wconf 83' lang='grc' dir='ltr'>προτεθῆναι</span> <span class='ocrx_word' id='word_1_651' title='bbox 697 4321 790 4400; x_wconf 57' lang='grc' dir='ltr'>καλ.</span> <span class='ocrx_word' id='word_1_652' title='bbox 806 4347 898 4398; x_wconf 86' lang='grc' dir='ltr'><strong>τοῦ</strong></span> <span class='ocrx_word' id='word_1_653' title='bbox 921 4321 1060 4416; x_wconf 79' lang='grc' dir='ltr'>βίου,</span> <span class='ocrx_word' id='word_1_654' title='bbox 1080 4321 1172 4399; x_wconf 77' lang='grc' dir='ltr'><strong>καὶ</strong></span> <span class='ocrx_word' id='word_1_655' title='bbox 1193 4346 1393 4417; x_wconf 84' lang='grc' dir='ltr'>πολλὴν</span> <span class='ocrx_word' id='word_1_656' title='bbox 1409 4344 1504 4416; x_wconf 80' lang='grc' dir='ltr'>τὴν</span> <span class='ocrx_word' id='word_1_657' title='bbox 1530 4321 1765 4417; x_wconf 84' lang='grc' dir='ltr'>σπουδὴν</span> <span class='ocrx_word' id='word_1_658' title='bbox 1783 4346 1921 4414; x_wconf 88' lang='grc' dir='ltr'>γίνε-</span> 
     </span>
    </p>
   </div>
   <div class='ocr_carea' id='block_1_85' title="bbox 2040 4321 3599 4417">
    <p class='ocr_par' dir='ltr' id='par_1_85' title="bbox 2040 4339 3599 4411">
     <span class='ocr_line' id='line_1_85' title="bbox 2040 4339 3599 4411; baseline -0.001 -18"><span class='ocrx_word' id='word_1_659' title='bbox 2040 4340 2191 4394; x_wconf 84' lang='lat' dir='ltr'><strong>:nulta</strong></span> <span class='ocrx_word' id='word_1_660' title='bbox 2226 4356 2346 4395; x_wconf 89' lang='lat' dir='ltr'><strong>cum</strong></span> <span class='ocrx_word' id='word_1_661' title='bbox 2379 4339 2744 4395; x_wconf 82' lang='lat' dir='ltr'><strong>festinatione.</strong></span> <span class='ocrx_word' id='word_1_662' title='bbox 2777 4340 2971 4410; x_wconf 83' lang='lat' dir='ltr'><strong>Magno</strong></span> <span class='ocrx_word' id='word_1_663' title='bbox 3002 4340 3145 4393; x_wconf 87' lang='lat' dir='ltr'><strong>enim</strong></span> <span class='ocrx_word' id='word_1_664' title='bbox 3178 4355 3312 4407; x_wconf 87' lang='lat' dir='ltr'><strong>opus</strong></span> <span class='ocrx_word' id='word_1_665' title='bbox 3358 4348 3441 4411; x_wconf 82' lang='lat' dir='ltr'><strong>est</strong></span> <span class='ocrx_word' id='word_1_666' title='bbox 3478 4339 3599 4406; x_wconf 84' lang='lat' dir='ltr'><strong>qui-</strong></span> 
     </span>
    </p>
   </div>
   <div class='ocr_carea' id='block_1_86' title="bbox 349 4435 1918 4506">
    <p class='ocr_par' dir='ltr' id='par_1_86' title="bbox 349 4435 1918 4506">
     <span class='ocr_line' id='line_1_86' title="bbox 349 4435 1918 4506; baseline -0.001 -18"><span class='ocrx_word' id='word_1_667' title='bbox 349 4438 494 4489; x_wconf 85' lang='grc' dir='ltr'>σθαι.</span> <span class='ocrx_word' id='word_1_668' title='bbox 527 4440 617 4489; x_wconf 86' lang='grc' dir='ltr'>Δεῖ</span> <span class='ocrx_word' id='word_1_669' title='bbox 638 4437 745 4506; x_wconf 79' lang='grc' dir='ltr'>γὰρ</span> <span class='ocrx_word' id='word_1_670' title='bbox 767 4437 934 4498; x_wconf 71' lang='grc' dir='ltr'>ὅντως</span> <span class='ocrx_word' id='word_1_671' title='bbox 958 4436 1054 4487; x_wconf 70' lang='grc' dir='ltr'><strong>καὶ</strong></span> <span class='ocrx_word' id='word_1_672' title='bbox 1080 4436 1280 4504; x_wconf 83' lang='grc' dir='ltr'>πολλῆς</span> <span class='ocrx_word' id='word_1_673' title='bbox 1310 4435 1545 4505; x_wconf 83' lang='grc' dir='ltr'>σπουδῆς</span> <span class='ocrx_word' id='word_1_674' title='bbox 1574 4435 1714 4489; x_wconf 86' lang='grc' dir='ltr'>ὥστε</span> <span class='ocrx_word' id='word_1_675' title='bbox 1740 4435 1918 4488; x_wconf 84' lang='grc' dir='ltr'>εἰσελ-</span> 
     </span>
    </p>
   </div>
   <div class='ocr_carea' id='block_1_87' title="bbox 349 4523 1918 4599">
    <p class='ocr_par' dir='ltr' id='par_1_87' title="bbox 349 4523 1918 4599">
     <span class='ocr_line' id='line_1_87' title="bbox 349 4523 1918 4599; baseline 0.001 -23"><span class='ocrx_word' id='word_1_676' title='bbox 349 4525 461 4577; x_wconf 85' lang='grc' dir='ltr'>θεῖν</span> <span class='ocrx_word' id='word_1_677' title='bbox 489 4526 567 4587; x_wconf 71' lang='lat' dir='ltr'><strong>ei;</strong></span> <span class='ocrx_word' id='word_1_678' title='bbox 596 4524 689 4576; x_wconf 80' lang='grc' dir='ltr'><strong>τὸν</strong></span> <span class='ocrx_word' id='word_1_679' title='bbox 728 4524 976 4599; x_wconf 72' lang='grc' dir='ltr'>οὐρανόν.</span> <span class='ocrx_word' id='word_1_680' title='bbox 1013 4524 1074 4575; x_wconf 76' lang='lat' dir='ltr'><strong>Et</strong></span> <span class='ocrx_word' id='word_1_681' title='bbox 1110 4523 1219 4592; x_wconf 75' lang='grc' dir='ltr'>γὰρ</span> <span class='ocrx_word' id='word_1_682' title='bbox 1260 4524 1363 4594; x_wconf 84' lang='grc' dir='ltr'><strong>γῆς</strong></span> <span class='ocrx_word' id='word_1_683' title='bbox 1403 4523 1463 4575; x_wconf 85' lang='grc' dir='ltr'><strong>οὐ</strong></span> <span class='ocrx_word' id='word_1_684' title='bbox 1498 4524 1918 4595; x_wconf 77' lang='grc' dir='ltr'>κατηξιώθησαν</span> 
     </span>
    </p>
   </div>
   <div class='ocr_carea' id='block_1_88' title="bbox 347 4610 1919 4682">
    <p class='ocr_par' dir='ltr' id='par_1_88' title="bbox 347 4610 1919 4682">
     <span class='ocr_line' id='line_1_88' title="bbox 347 4610 1919 4682; baseline 0.001 -18"><span class='ocrx_word' id='word_1_685' title='bbox 347 4613 396 4664; x_wconf 80' lang='lat' dir='ltr'><strong>ot</strong></span> <span class='ocrx_word' id='word_1_686' title='bbox 424 4611 662 4664; x_wconf 86' lang='grc' dir='ltr'>τοσαῦτα</span> <span class='ocrx_word' id='word_1_687' title='bbox 688 4610 1197 4682; x_wconf 83' lang='grc' dir='ltr'>ταλαιπωρηθέντες</span> <span class='ocrx_word' id='word_1_688' title='bbox 1236 4614 1291 4663; x_wconf 80' lang='grc' dir='ltr'>ἐν</span> <span class='ocrx_word' id='word_1_689' title='bbox 1324 4614 1386 4682; x_wconf 82' lang='grc' dir='ltr'>τῇ</span> <span class='ocrx_word' id='word_1_690' title='bbox 1424 4612 1648 4681; x_wconf 79' lang='grc' dir='ltr'>ἐρήμῳ,</span> <span class='ocrx_word' id='word_1_691' title='bbox 1683 4614 1777 4665; x_wconf 74' lang='grc' dir='ltr'><strong>καὶ</strong></span> <span class='ocrx_word' id='word_1_692' title='bbox 1815 4612 1919 4681; x_wconf 85' lang='grc' dir='ltr'><strong>γῆς</strong></span> 
     </span>
    </p>
   </div>
   <div class='ocr_carea' id='block_1_89' title="bbox 348 4702 1919 4773">
    <p class='ocr_par' dir='ltr' id='par_1_89' title="bbox 348 4702 1919 4773">
     <span class='ocr_line' id='line_1_89' title="bbox 348 4702 1919 4773; baseline 0.001 -19"><span class='ocrx_word' id='word_1_693' title='bbox 348 4706 532 4771; x_wconf 82' lang='grc' dir='ltr'>τυχεῖν</span> <span class='ocrx_word' id='word_1_694' title='bbox 566 4703 666 4755; x_wconf 84' lang='grc' dir='ltr'><strong>οὐκ</strong></span> <span class='ocrx_word' id='word_1_695' title='bbox 693 4703 1058 4773; x_wconf 65' lang='grc' dir='ltr'>ἠδυνήθησαν,</span> <span class='ocrx_word' id='word_1_696' title='bbox 1086 4702 1207 4756; x_wconf 80' lang='grc' dir='ltr'>ἐπεὶ</span> <span class='ocrx_word' id='word_1_697' title='bbox 1243 4703 1570 4770; x_wconf 80' lang='grc' dir='ltr'>ἐγόγγυσαν,</span> <span class='ocrx_word' id='word_1_698' title='bbox 1604 4704 1697 4755; x_wconf 75' lang='grc' dir='ltr'><strong>καὶ</strong></span> <span class='ocrx_word' id='word_1_699' title='bbox 1729 4702 1919 4773; x_wconf 80' lang='grc' dir='ltr'>ἐπειδὴ</span> 
     </span>
    </p>
   </div>
   <div class='ocr_carea' id='block_1_90' title="bbox 348 4794 1919 4865">
    <p class='ocr_par' dir='ltr' id='par_1_90' title="bbox 348 4794 1919 4865">
     <span class='ocr_line' id='line_1_90' title="bbox 348 4794 1919 4865; baseline 0.001 -19"><span class='ocrx_word' id='word_1_700' title='bbox 348 4794 700 4865; x_wconf 74' lang='grc' dir='ltr'>ἐπόρνευσαν,</span> <span class='ocrx_word' id='word_1_701' title='bbox 744 4795 862 4857; x_wconf 83' lang='grc' dir='ltr'><strong>πῶς</strong></span> <span class='ocrx_word' id='word_1_702' title='bbox 908 4795 999 4847; x_wconf 69' lang='grc' dir='ltr'>τὸν</span> <span class='ocrx_word' id='word_1_703' title='bbox 1037 4795 1261 4865; x_wconf 67' lang='grc' dir='ltr'>οὐρανὸν</span> <span class='ocrx_word' id='word_1_704' title='bbox 1308 4796 1466 4864; x_wconf 82' lang='grc' dir='ltr'>ἡμεῖς</span> <span class='ocrx_word' id='word_1_705' title='bbox 1510 4795 1919 4864; x_wconf 82' lang='grc' dir='ltr'>καταξιωσηθό-</span> 
     </span>
    </p>
   </div>
   <div class='ocr_carea' id='block_1_91' title="bbox 352 4885 1919 4956">
    <p class='ocr_par' dir='ltr' id='par_1_91' title="bbox 352 4885 1919 4956">
     <span class='ocr_line' id='line_1_91' title="bbox 352 4885 1919 4956; baseline 0.003 -20"><span class='ocrx_word' id='word_1_706' title='bbox 352 4886 491 4954; x_wconf 86' lang='grc' dir='ltr'>μεθα</span> <span class='ocrx_word' id='word_1_707' title='bbox 521 4887 567 4917; x_wconf 80' lang='grc'>²⁹</span> <span class='ocrx_word' id='word_1_708' title='bbox 595 4885 903 4953; x_wconf 75' lang='grc' dir='ltr'>ἀδιαφόρως</span> <span class='ocrx_word' id='word_1_709' title='bbox 927 4885 1127 4949; x_wconf 78' lang='grc' dir='ltr'>ζῶντες</span> <span class='ocrx_word' id='word_1_710' title='bbox 1168 4886 1261 4938; x_wconf 70' lang='grc' dir='ltr'><strong>καὶ</strong></span> <span class='ocrx_word' id='word_1_711' title='bbox 1291 4885 1583 4956; x_wconf 47' lang='grc' dir='ltr'>ῥᾳθύμως</span> <span class='ocrx_word' id='word_1_712' title='bbox 1613 4889 1706 4939; x_wconf 83' lang='grc' dir='ltr'>Δεῖ</span> <span class='ocrx_word' id='word_1_713' title='bbox 1740 4888 1919 4940; x_wconf 88' lang='grc' dir='ltr'>τοίνυν</span> 
     </span>
    </p>
   </div>
   <div class='ocr_carea' id='block_1_92' title="bbox 352 4965 1357 5050">
    <p class='ocr_par' dir='ltr' id='par_1_92' title="bbox 352 4965 1357 5050">
     <span class='ocr_line' id='line_1_92' title="bbox 352 4965 1357 5050; baseline -0.001 -18"><span class='ocrx_word' id='word_1_714' title='bbox 352 4982 479 5050; x_wconf 64' lang='lat' dir='ltr'><strong>ifva</strong></span> <span class='ocrx_word' id='word_1_715' title='bbox 508 4979 709 5048; x_wconf 81' lang='grc' dir='ltr'>πολλῆς</span> <span class='ocrx_word' id='word_1_716' title='bbox 741 4978 1001 5046; x_wconf 77' lang='grc' dir='ltr'>σπουδῆς.</span> <span class='ocrx_word' id='word_1_717' title='bbox 1038 4965 1148 5030; x_wconf 70' lang='grc' dir='ltr'><strong>Καὶ</strong></span> <span class='ocrx_word' id='word_1_718' title='bbox 1177 4977 1357 5031; x_wconf 74' lang='grc' dir='ltr'>πάλιν.</span> 
     </span>
    </p>
   </div>
   <div class='ocr_carea' id='block_1_93' title="bbox 417 5087 1695 5156">
    <p class='ocr_par' dir='ltr' id='par_1_93' title="bbox 417 5087 1695 5156">
     <span class='ocr_line' id='line_1_93' title="bbox 417 5087 1695 5156; baseline 0 -14"><span class='ocrx_word' id='word_1_719' title='bbox 417 5091 629 5155; x_wconf 75' lang='grc' dir='ltr'>Πίστις</span> <span class='ocrx_word' id='word_1_720' title='bbox 692 5087 871 5156; x_wconf 75' lang='grc' dir='ltr'>χωρὶς</span> <span class='ocrx_word' id='word_1_721' title='bbox 910 5087 1028 5141; x_wconf 75' lang='grc' dir='ltr'><strong>τῶν</strong></span> <span class='ocrx_word' id='word_1_722' title='bbox 1080 5088 1269 5155; x_wconf 77' lang='grc' dir='ltr'>ἔργων</span> <span class='ocrx_word' id='word_1_723' title='bbox 1295 5087 1477 5155; x_wconf 77' lang='grc' dir='ltr'>νεκρὰ</span> <span class='ocrx_word' id='word_1_724' title='bbox 1504 5088 1695 5142; x_wconf 81' lang='grc' dir='ltr'>ἐστιν.</span> 
     </span>
    </p>
   </div>
   <div class='ocr_carea' id='block_1_94' title="bbox 420 5178 1915 5249">
    <p class='ocr_par' dir='ltr' id='par_1_94' title="bbox 420 5178 1915 5249">
     <span class='ocr_line' id='line_1_94' title="bbox 420 5178 1915 5249; baseline 0.001 -18"><span class='ocrx_word' id='word_1_725' title='bbox 420 5181 677 5244; x_wconf 82' lang='grc' dir='ltr'>Εἰκότως·</span> <span class='ocrx_word' id='word_1_726' title='bbox 726 5181 916 5249; x_wconf 81' lang='grc' dir='ltr'>ὥσπερ</span> <span class='ocrx_word' id='word_1_727' title='bbox 957 5178 1065 5249; x_wconf 75' lang='grc' dir='ltr'>γὰρ</span> <span class='ocrx_word' id='word_1_728' title='bbox 1109 5181 1266 5249; x_wconf 82' lang='grc' dir='ltr'>σῶμα</span> <span class='ocrx_word' id='word_1_729' title='bbox 1311 5179 1476 5232; x_wconf 79' lang='grc' dir='ltr'>καλὸν</span> <span class='ocrx_word' id='word_1_730' title='bbox 1520 5183 1613 5233; x_wconf 74' lang='grc' dir='ltr'><strong>καὶ</strong></span> <span class='ocrx_word' id='word_1_731' title='bbox 1656 5181 1915 5245; x_wconf 73' lang='grc' dir='ltr'>εὐανθὲς,</span> 
     </span>
    </p>
   </div>
   <div class='ocr_carea' id='block_1_95' title="bbox 348 5267 1916 5343">
    <p class='ocr_par' dir='ltr' id='par_1_95' title="bbox 348 5267 1916 5343">
     <span class='ocr_line' id='line_1_95' title="bbox 348 5267 1916 5343; baseline 0.002 -22"><span class='ocrx_word' id='word_1_732' title='bbox 348 5271 476 5323; x_wconf 78' lang='grc' dir='ltr'>ὅταν</span> <span class='ocrx_word' id='word_1_733' title='bbox 516 5272 666 5339; x_wconf 77' lang='grc' dir='ltr'>ἰσχὺν</span> <span class='ocrx_word' id='word_1_734' title='bbox 716 5271 789 5340; x_wconf 80' lang='grc' dir='ltr'>μὴ</span> <span class='ocrx_word' id='word_1_735' title='bbox 839 5269 935 5339; x_wconf 73' lang='grc' dir='ltr'><strong>ἔχῃ</strong></span> <span class='ocrx_word' id='word_1_736' title='bbox 961 5309 977 5332; x_wconf 92' lang='grc'><strong>,</strong></span> <span class='ocrx_word' id='word_1_737' title='bbox 1024 5268 1158 5321; x_wconf 78' lang='grc' dir='ltr'>ἀλλὰ</span> <span class='ocrx_word' id='word_1_738' title='bbox 1201 5273 1311 5331; x_wconf 87' lang='grc' dir='ltr'>τοῖς</span> <span class='ocrx_word' id='word_1_739' title='bbox 1354 5269 1840 5341; x_wconf 76' lang='grc' dir='ltr'>ἐζωγραφημένοις</span> 
     </span>
    </p>
   </div>
   <div class='ocr_carea' id='block_1_96' title="bbox 350 5362 1745 5433">
    <p class='ocr_par' dir='ltr' id='par_1_96' title="bbox 350 5362 1745 5433">
     <span class='ocr_line' id='line_1_96' title="bbox 350 5362 1745 5433; baseline 0.001 -18"><span class='ocrx_word' id='word_1_740' title='bbox 350 5364 669 5432; x_wconf 74' lang='grc' dir='ltr'>προσεοικὸς</span> <span class='ocrx_word' id='word_1_741' title='bbox 702 5365 769 5428; x_wconf 88' lang='grc'>³⁰,</span> <span class='ocrx_word' id='word_1_742' title='bbox 796 5362 938 5416; x_wconf 86' lang='grc' dir='ltr'>ούτω</span> <span class='ocrx_word' id='word_1_743' title='bbox 969 5362 1152 5425; x_wconf 79' lang='grc' dir='ltr'>πίστις</span> <span class='ocrx_word' id='word_1_744' title='bbox 1184 5362 1318 5433; x_wconf 82' lang='grc' dir='ltr'>ὀρθὴ</span> <span class='ocrx_word' id='word_1_745' title='bbox 1344 5364 1512 5432; x_wconf 70' lang='grc' dir='ltr'>χωρὶς</span> <span class='ocrx_word' id='word_1_746' title='bbox 1546 5364 1745 5433; x_wconf 80' lang='grc' dir='ltr'>ἔργων.</span> 
     </span>
    </p>
   </div>
   <div class='ocr_carea' id='block_1_97' title="bbox 421 5536 1482 5602">
    <p class='ocr_par' dir='ltr' id='par_1_97' title="bbox 421 5536 1482 5602">
     <span class='ocr_line' id='line_1_97' title="bbox 421 5536 1482 5602; baseline -0.004 -9"><span class='ocrx_word' id='word_1_747' title='bbox 421 5541 441 5569; x_wconf 68' lang='grc'><strong>³</strong></span> <span class='ocrx_word' id='word_1_748' title='bbox 482 5538 613 5594; x_wconf 85' lang='lat' dir='ltr'><strong>Luc.</strong></span> <span class='ocrx_word' id='word_1_749' title='bbox 648 5555 723 5602; x_wconf 75' lang='lat' dir='ltr'><strong>vn,</strong></span> <span class='ocrx_word' id='word_1_750' title='bbox 756 5539 846 5593; x_wconf 77' lang='lat'><strong>56.</strong></span> <span class='ocrx_word' id='word_1_751' title='bbox 926 5539 966 5570; x_wconf 86' lang='grc'><strong>¹⁰</strong></span> <span class='ocrx_word' id='word_1_752' title='bbox 1009 5536 1149 5591; x_wconf 84' lang='lat' dir='ltr'><strong>Psal.</strong></span> <span class='ocrx_word' id='word_1_753' title='bbox 1195 5552 1360 5599; x_wconf 77' lang='lat' dir='ltr'><strong>van,</strong></span> <span class='ocrx_word' id='word_1_754' title='bbox 1396 5536 1482 5589; x_wconf 74' lang='grc'>14.</span> 
     </span>
    </p>
   </div>
   <div class='ocr_carea' id='block_1_98' title="bbox 421 5688 1593 5757">
    <p class='ocr_par' dir='ltr' id='par_1_98' title="bbox 421 5688 1593 5757">
     <span class='ocr_line' id='line_1_98' title="bbox 421 5688 1593 5757; baseline -0.008 -7"><span class='ocrx_word' id='word_1_755' title='bbox 421 5695 466 5725; x_wconf 70' lang='grc'>’³</span> <span class='ocrx_word' id='word_1_756' title='bbox 497 5694 558 5749; x_wconf 86' lang='lat' dir='ltr'><strong>C.</strong></span> <span class='ocrx_word' id='word_1_757' title='bbox 594 5695 655 5747; x_wconf 87' lang='lat' dir='ltr'><strong>C.</strong></span> <span class='ocrx_word' id='word_1_758' title='bbox 694 5692 1026 5757; x_wconf 67' lang='grc' dir='ltr'>βασίλεισεα.</span> <span class='ocrx_word' id='word_1_759' title='bbox 1104 5691 1147 5722; x_wconf 79' lang='grc'>²³</span> <span class='ocrx_word' id='word_1_760' title='bbox 1172 5690 1229 5743; x_wconf 82' lang='lat' dir='ltr'><strong>C.</strong></span> <span class='ocrx_word' id='word_1_761' title='bbox 1263 5689 1323 5742; x_wconf 80' lang='lat' dir='ltr'><strong>C.</strong></span> <span class='ocrx_word' id='word_1_762' title='bbox 1354 5688 1593 5757; x_wconf 77' lang='grc' dir='ltr'>ὁμοίους.</span> 
     </span>
    </p>
   </div>
   <div class='ocr_carea' id='block_1_99' title="bbox 694 5692 1026 5761">
    <p class='ocr_par' dir='ltr' id='par_1_99' title="bbox 694 5692 1026 5761">
     <span class='ocr_line' id='line_1_99' title="bbox 694 5692 1026 5761; baseline -0.003 -18"><span class='ocrx_word' id='word_1_763' title='bbox 694 5692 1026 5761; x_wconf 67' lang='grc' dir='ltr'>βασίλεισεα.</span> 
     </span>
    </p>
   </div>
   <div class='ocr_carea' id='block_1_100' title="bbox 1564 5536 2055 5604">
    <p class='ocr_par' dir='ltr' id='par_1_100' title="bbox 1564 5536 2055 5604">
     <span class='ocr_line' id='line_1_100' title="bbox 1564 5536 2055 5604; baseline 0.012 -14"><span class='ocrx_word' id='word_1_764' title='bbox 1564 5538 1602 5569; x_wconf 78' lang='grc'>³³</span> <span class='ocrx_word' id='word_1_765' title='bbox 1638 5536 1794 5591; x_wconf 80' lang='lat' dir='ltr'><strong>Joan.</strong></span> <span class='ocrx_word' id='word_1_766' title='bbox 1829 5553 1960 5604; x_wconf 75' lang='lat' dir='ltr'><strong>ml,</strong></span> <span class='ocrx_word' id='word_1_767' title='bbox 2001 5540 2055 5596; x_wconf 83' lang='grc'>5.</span> 
     </span>
    </p>
   </div>
   <div class='ocr_carea' id='block_1_101' title="bbox 1671 5692 2091 5745">
    <p class='ocr_par' dir='ltr' id='par_1_101' title="bbox 1671 5692 2091 5745">
     <span class='ocr_line' id='line_1_101' title="bbox 1671 5692 2091 5745; baseline 0.005 -2"><span class='ocrx_word' id='word_1_768' title='bbox 1671 5692 1711 5722; x_wconf 62' lang='grc'><strong>³³</strong></span> <span class='ocrx_word' id='word_1_769' title='bbox 1741 5692 1800 5744; x_wconf 62' lang='grc'><strong>(3.</strong></span> <span class='ocrx_word' id='word_1_770' title='bbox 1837 5693 1896 5745; x_wconf 75' lang='grc' dir='ltr'><strong>(Ι.</strong></span> <span class='ocrx_word' id='word_1_771' title='bbox 1940 5693 2091 5745; x_wconf 59' lang='grc' dir='ltr'>φησι.</span> 
     </span>
    </p>
   </div>
   <div class='ocr_carea' id='block_1_102' title="bbox 352 5712 1936 5835">
    <p class='ocr_par' dir='ltr' id='par_1_102' title="bbox 352 5712 1936 5833">
     <span class='ocr_line' id='line_1_102' title="bbox 427 5712 1896 5761; baseline -0.003 -12"><span class='ocrx_word' id='word_1_772' title='bbox 427 5712 466 5725; x_wconf 88' lang='grc'><strong>’⁵</strong></span> <span class='ocrx_word' id='word_1_773' title='bbox 497 5712 558 5749; x_wconf 75' lang='lat' dir='ltr'><strong>b.</strong></span> <span class='ocrx_word' id='word_1_774' title='bbox 594 5712 655 5747; x_wconf 60' lang='grc' dir='ltr'><strong>ιλ.</strong></span> <span class='ocrx_word' id='word_1_775' title='bbox 694 5712 1026 5761; x_wconf 55' lang='lat' dir='ltr'><strong>putamina.</strong></span> <span class='ocrx_word' id='word_1_776' title='bbox 1104 5712 1147 5722; x_wconf 85' lang='lat'><em>&quot;</em></span> <span class='ocrx_word' id='word_1_777' title='bbox 1172 5712 1229 5743; x_wconf 71' lang='lat' dir='ltr'><strong>La.</strong></span> <span class='ocrx_word' id='word_1_778' title='bbox 1263 5712 1323 5742; x_wconf 72' lang='lat' dir='ltr'><strong>La.</strong></span> <span class='ocrx_word' id='word_1_779' title='bbox 1354 5712 1593 5757; x_wconf 72' lang='grc' dir='ltr'>ομοιυυς.</span> <span class='ocrx_word' id='word_1_780' title='bbox 1671 5712 1711 5722; x_wconf 86' lang='grc'><strong>·’</strong></span> <span class='ocrx_word' id='word_1_781' title='bbox 1741 5712 1800 5744; x_wconf 62' lang='grc' dir='ltr'>ιλ.</span> <span class='ocrx_word' id='word_1_782' title='bbox 1837 5712 1896 5745; x_wconf 69' lang='grc' dir='ltr'><strong>ιι.</strong></span> 
     </span>
     <span class='ocr_line' id='line_1_103' title="bbox 352 5759 1936 5833; baseline -0.001 -18"><span class='ocrx_word' id='word_1_783' title='bbox 352 5765 395 5797; x_wconf 72' lang='grc'><strong>’⁷</strong></span> <span class='ocrx_word' id='word_1_784' title='bbox 431 5764 490 5820; x_wconf 68' lang='grc' dir='ltr'><strong>(ἶ.</strong></span> <span class='ocrx_word' id='word_1_785' title='bbox 525 5767 583 5826; x_wconf 76' lang='lat' dir='ltr'><strong>C.</strong></span> <span class='ocrx_word' id='word_1_786' title='bbox 618 5763 929 5833; x_wconf 64' lang='grc' dir='ltr'>κρινόμεθα,</span> <span class='ocrx_word' id='word_1_787' title='bbox 1008 5764 1051 5793; x_wconf 76' lang='grc'><strong>⁷⁸⁸</strong></span> <span class='ocrx_word' id='word_1_788' title='bbox 1080 5761 1138 5813; x_wconf 62' lang='grc' dir='ltr'><strong>(ᾇ,</strong></span> <span class='ocrx_word' id='word_1_789' title='bbox 1175 5760 1231 5813; x_wconf 75' lang='lat' dir='ltr'><strong>C.</strong></span> <span class='ocrx_word' id='word_1_790' title='bbox 1263 5759 1477 5829; x_wconf 68' lang='grc' dir='ltr'>ἐκείνην</span> <span class='ocrx_word' id='word_1_791' title='bbox 1505 5760 1601 5829; x_wconf 78' lang='grc' dir='ltr'>τὴν</span> <span class='ocrx_word' id='word_1_792' title='bbox 1650 5762 1936 5813; x_wconf 61' lang='grc' dir='ltr'>κατάπαυε</span> 
     </span>
    </p>
   </div>
   <div class='ocr_carea' id='block_1_103' title="bbox 2040 5712 2877 5835">
    <p class='ocr_par' dir='ltr' id='par_1_103' title="bbox 2040 5712 2877 5835">
     <span class='ocr_line' id='line_1_104' title="bbox 2040 5712 2877 5765; baseline 0.007 -24"><span class='ocrx_word' id='word_1_793' title='bbox 2040 5712 2091 5745; x_wconf 75' lang='grc' dir='ltr'>ῖι.</span> <span class='ocrx_word' id='word_1_794' title='bbox 2250 5712 2305 5747; x_wconf 71' lang='grc' dir='ltr'><strong>ιι.</strong></span> <span class='ocrx_word' id='word_1_795' title='bbox 2335 5712 2394 5747; x_wconf 71' lang='grc' dir='ltr'><strong>ι..</strong></span> <span class='ocrx_word' id='word_1_796' title='bbox 2434 5713 2729 5764; x_wconf 70' lang='grc' dir='ltr'>ττῖριττερα</span> <span class='ocrx_word' id='word_1_797' title='bbox 2760 5715 2877 5765; x_wconf 56' lang='lat' dir='ltr'><strong>[put</strong></span> 
     </span>
     <span class='ocr_line' id='line_1_105' title="bbox 2061 5765 2877 5835; baseline 0.006 -20"><span class='ocrx_word' id='word_1_798' title='bbox 2061 5768 2099 5793; x_wconf 60' lang='grc' dir='ltr'><em>δ”</em></span> <span class='ocrx_word' id='word_1_799' title='bbox 2134 5765 2192 5815; x_wconf 52' lang='grc' dir='ltr'><strong>(ᾇ.</strong></span> <span class='ocrx_word' id='word_1_800' title='bbox 2224 5767 2284 5818; x_wconf 70' lang='grc' dir='ltr'><strong>(ἰ.</strong></span> <span class='ocrx_word' id='word_1_801' title='bbox 2330 5766 2877 5835; x_wconf 64' lang='grc' dir='ltr'>κἰταξιιοθητόμεθῑι.</span> 
     </span>
    </p>
   </div>
   <div class='ocr_carea' id='block_1_104' title="bbox 2026 4429 3593 4502">
    <p class='ocr_par' dir='ltr' id='par_1_104' title="bbox 2026 4429 3593 4502">
     <span class='ocr_line' id='line_1_106' title="bbox 2026 4429 3593 4502; baseline -0.003 -20"><span class='ocrx_word' id='word_1_802' title='bbox 2026 4433 2145 4487; x_wconf 76' lang='lat' dir='ltr'><strong>dem</strong></span> <span class='ocrx_word' id='word_1_803' title='bbox 2177 4433 2370 4488; x_wconf 88' lang='lat' dir='ltr'><strong>ardore</strong></span> <span class='ocrx_word' id='word_1_804' title='bbox 2399 4441 2452 4485; x_wconf 89' lang='lat' dir='ltr'><strong>ut</strong></span> <span class='ocrx_word' id='word_1_805' title='bbox 2480 4432 2676 4486; x_wconf 75' lang='lat' dir='ltr'><strong>cmlum</strong></span> <span class='ocrx_word' id='word_1_806' title='bbox 2710 4433 3092 4502; x_wconf 77' lang='lat' dir='ltr'><strong>ingrediamur.</strong></span> <span class='ocrx_word' id='word_1_807' title='bbox 3118 4430 3357 4497; x_wconf 80' lang='lat' dir='ltr'><strong>Namque</strong></span> <span class='ocrx_word' id='word_1_808' title='bbox 3383 4429 3424 4480; x_wconf 93' lang='lat' dir='ltr'><strong>si</strong></span> <span class='ocrx_word' id='word_1_809' title='bbox 3453 4438 3593 4480; x_wconf 87' lang='lat' dir='ltr'><strong>terra</strong></span> 
     </span>
    </p>
   </div>
   <div class='ocr_carea' id='block_1_105' title="bbox 2026 4519 3593 4594">
    <p class='ocr_par' dir='ltr' id='par_1_105' title="bbox 2026 4519 3593 4594">
     <span class='ocr_line' id='line_1_107' title="bbox 2026 4519 3593 4594; baseline -0.004 -16"><span class='ocrx_word' id='word_1_810' title='bbox 2026 4540 2131 4578; x_wconf 83' lang='lat' dir='ltr'><strong>non</strong></span> <span class='ocrx_word' id='word_1_811' title='bbox 2162 4526 2306 4594; x_wconf 86' lang='lat' dir='ltr'><strong>digni</strong></span> <span class='ocrx_word' id='word_1_812' title='bbox 2338 4525 2540 4578; x_wconf 81' lang='lat' dir='ltr'><strong>inventi</strong></span> <span class='ocrx_word' id='word_1_813' title='bbox 2569 4534 2694 4578; x_wconf 86' lang='lat' dir='ltr'><strong>sunt</strong></span> <span class='ocrx_word' id='word_1_814' title='bbox 2726 4522 2960 4585; x_wconf 65' lang='lat' dir='ltr'><strong>Hebraei,</strong></span> <span class='ocrx_word' id='word_1_815' title='bbox 2993 4522 3085 4591; x_wconf 91' lang='lat' dir='ltr'><strong>qui</strong></span> <span class='ocrx_word' id='word_1_816' title='bbox 3110 4529 3258 4573; x_wconf 87' lang='lat' dir='ltr'><strong>tanta</strong></span> <span class='ocrx_word' id='word_1_817' title='bbox 3290 4519 3434 4586; x_wconf 89' lang='lat' dir='ltr'><strong>passi</strong></span> <span class='ocrx_word' id='word_1_818' title='bbox 3469 4529 3593 4571; x_wconf 89' lang='lat' dir='ltr'><strong>sunt</strong></span> 
     </span>
    </p>
   </div>
   <div class='ocr_carea' id='block_1_106' title="bbox 2026 4615 3597 4683">
    <p class='ocr_par' dir='ltr' id='par_1_106' title="bbox 2026 4615 3597 4683">
     <span class='ocr_line' id='line_1_108' title="bbox 2026 4615 3597 4683; baseline -0.006 -13"><span class='ocrx_word' id='word_1_819' title='bbox 2026 4617 2341 4680; x_wconf 86' lang='lat' dir='ltr'><strong>indcserto;</strong></span> <span class='ocrx_word' id='word_1_820' title='bbox 2372 4618 2416 4671; x_wconf 91' lang='lat' dir='ltr'><strong>si</strong></span> <span class='ocrx_word' id='word_1_821' title='bbox 2482 4627 2678 4670; x_wconf 87' lang='lat' dir='ltr'><strong>terram</strong></span> <span class='ocrx_word' id='word_1_822' title='bbox 2736 4615 3009 4683; x_wconf 87' lang='lat' dir='ltr'><strong>possidere</strong></span> <span class='ocrx_word' id='word_1_823' title='bbox 3052 4627 3156 4666; x_wconf 88' lang='lat' dir='ltr'><strong>non</strong></span> <span class='ocrx_word' id='word_1_824' title='bbox 3202 4616 3511 4676; x_wconf 85' lang='lat' dir='ltr'><strong>potuerunt,</strong></span> <span class='ocrx_word' id='word_1_825' title='bbox 3542 4616 3597 4660; x_wconf 86' lang='grc' dir='ltr'><strong>ει</strong></span> 
     </span>
    </p>
   </div>
   <div class='ocr_carea' id='block_1_107' title="bbox 2029 4699 3589 4773">
    <p class='ocr_par' dir='ltr' id='par_1_107' title="bbox 2029 4699 3589 4773">
     <span class='ocr_line' id='line_1_109' title="bbox 2029 4699 3589 4773; baseline -0.008 -11"><span class='ocrx_word' id='word_1_826' title='bbox 2029 4723 2152 4761; x_wconf 70' lang='lat' dir='ltr'><strong>mox</strong></span> <span class='ocrx_word' id='word_1_827' title='bbox 2207 4715 2697 4769; x_wconf 83' lang='lat' dir='ltr'><strong>murmuravcrunt,</strong></span> <span class='ocrx_word' id='word_1_828' title='bbox 2760 4715 2813 4759; x_wconf 89' lang='lat' dir='ltr'><strong>et</strong></span> <span class='ocrx_word' id='word_1_829' title='bbox 2863 4712 3046 4773; x_wconf 87' lang='lat' dir='ltr'><strong>postea</strong></span> <span class='ocrx_word' id='word_1_830' title='bbox 3096 4699 3346 4755; x_wconf 81' lang='lat' dir='ltr'><strong>fornicati</strong></span> <span class='ocrx_word' id='word_1_831' title='bbox 3419 4708 3589 4762; x_wconf 90' lang='lat' dir='ltr'><strong>sunt,</strong></span> 
     </span>
    </p>
   </div>
   <div class='ocr_carea' id='block_1_108' title="bbox 2027 4790 3583 4867">
    <p class='ocr_par' dir='ltr' id='par_1_108' title="bbox 2027 4790 3583 4867">
     <span class='ocr_line' id='line_1_110' title="bbox 2027 4790 3583 4867; baseline -0.007 -16"><span class='ocrx_word' id='word_1_832' title='bbox 2027 4799 2296 4867; x_wconf 80' lang='lat' dir='ltr'><strong>qumnodo</strong></span> <span class='ocrx_word' id='word_1_833' title='bbox 2326 4812 2422 4852; x_wconf 87' lang='lat' dir='ltr'><strong>nos</strong></span> <span class='ocrx_word' id='word_1_834' title='bbox 2445 4797 2580 4851; x_wconf 81' lang='grc' dir='ltr'>εωιο</span> <span class='ocrx_word' id='word_1_835' title='bbox 2605 4796 2749 4865; x_wconf 88' lang='lat' dir='ltr'><strong>digni</strong></span> <span class='ocrx_word' id='word_1_836' title='bbox 2782 4794 3169 4865; x_wconf 86' lang='lat' dir='ltr'><strong>jndicabimur,</strong></span> <span class='ocrx_word' id='word_1_837' title='bbox 3197 4792 3287 4861; x_wconf 86' lang='lat' dir='ltr'><strong>qui</strong></span> <span class='ocrx_word' id='word_1_838' title='bbox 3318 4790 3583 4859; x_wconf 83' lang='lat' dir='ltr'><strong>negligen-</strong></span> 
     </span>
    </p>
   </div>
   <div class='ocr_carea' id='block_1_109' title="bbox 2029 4888 3594 4955">
    <p class='ocr_par' dir='ltr' id='par_1_109' title="bbox 2029 4888 3594 4955">
     <span class='ocr_line' id='line_1_111' title="bbox 2029 4888 3594 4955; baseline -0.006 -13"><span class='ocrx_word' id='word_1_839' title='bbox 2029 4900 2110 4943; x_wconf 87' lang='lat' dir='ltr'><strong>ter</strong></span> <span class='ocrx_word' id='word_1_840' title='bbox 2136 4900 2190 4943; x_wconf 88' lang='lat' dir='ltr'><strong>et</strong></span> <span class='ocrx_word' id='word_1_841' title='bbox 2230 4890 2461 4942; x_wconf 87' lang='lat' dir='ltr'><strong>molliter</strong></span> <span class='ocrx_word' id='word_1_842' title='bbox 2500 4889 2772 4942; x_wconf 79' lang='lat' dir='ltr'><strong>vivimus?</strong></span> <span class='ocrx_word' id='word_1_843' title='bbox 2811 4888 3010 4955; x_wconf 81' lang='lat' dir='ltr'><strong>Nempe</strong></span> <span class='ocrx_word' id='word_1_844' title='bbox 3063 4896 3146 4941; x_wconf 86' lang='lat' dir='ltr'><strong>est</strong></span> <span class='ocrx_word' id='word_1_845' title='bbox 3176 4900 3307 4954; x_wconf 80' lang='lat' dir='ltr'><strong>ergo</strong></span> <span class='ocrx_word' id='word_1_846' title='bbox 3364 4891 3423 4936; x_wconf 87' lang='lat' dir='ltr'><strong>ut</strong></span> <span class='ocrx_word' id='word_1_847' title='bbox 3475 4895 3594 4935; x_wconf 87' lang='lat' dir='ltr'><strong>cum</strong></span> 
     </span>
    </p>
   </div>
   <div class='ocr_carea' id='block_1_110' title="bbox 2029 4980 2765 5036">
    <p class='ocr_par' dir='ltr' id='par_1_110' title="bbox 2029 4980 2765 5036">
     <span class='ocr_line' id='line_1_112' title="bbox 2029 4980 2765 5036; baseline 0 -2"><span class='ocrx_word' id='word_1_848' title='bbox 2029 4981 2196 5036; x_wconf 91' lang='lat' dir='ltr'><strong>multo</strong></span> <span class='ocrx_word' id='word_1_849' title='bbox 2219 4980 2525 5034; x_wconf 87' lang='lat' dir='ltr'><strong>laboremus</strong></span> <span class='ocrx_word' id='word_1_850' title='bbox 2554 4980 2765 5034; x_wconf 88' lang='lat' dir='ltr'><strong>ardore.</strong></span> 
     </span>
    </p>
   </div>
   <div class='ocr_carea' id='block_1_111' title="bbox 2097 5086 3597 5158">
    <p class='ocr_par' dir='ltr' id='par_1_111' title="bbox 2097 5086 3597 5158">
     <span class='ocr_line' id='line_1_113' title="bbox 2097 5086 3597 5158; baseline -0.001 -15"><span class='ocrx_word' id='word_1_851' title='bbox 2097 5089 2262 5143; x_wconf 70' lang='lat' dir='ltr'><strong>Vens.</strong></span> <span class='ocrx_word' id='word_1_852' title='bbox 2309 5086 2399 5142; x_wconf 68' lang='lat'><strong>27.</strong></span> <span class='ocrx_word' id='word_1_853' title='bbox 2478 5087 2541 5140; x_wconf 85' lang='lat' dir='ltr'><strong>Et</strong></span> <span class='ocrx_word' id='word_1_854' title='bbox 2586 5090 2716 5156; x_wconf 84' lang='lat' dir='ltr'><strong>ﬁdes</strong></span> <span class='ocrx_word' id='word_1_855' title='bbox 2765 5091 2874 5143; x_wconf 84' lang='lat' dir='ltr'><strong>sine</strong></span> <span class='ocrx_word' id='word_1_856' title='bbox 2934 5091 3174 5158; x_wconf 85' lang='lat' dir='ltr'><strong>operibus</strong></span> <span class='ocrx_word' id='word_1_857' title='bbox 3236 5099 3440 5143; x_wconf 85' lang='lat' dir='ltr'><strong>mortua</strong></span> <span class='ocrx_word' id='word_1_858' title='bbox 3499 5097 3597 5142; x_wconf 89' lang='lat' dir='ltr'><strong>est.</strong></span> 
     </span>
    </p>
   </div>
   <div class='ocr_carea' id='block_1_112' title="bbox 2098 5177 3599 5251">
    <p class='ocr_par' dir='ltr' id='par_1_112' title="bbox 2098 5177 3599 5251">
     <span class='ocr_line' id='line_1_114' title="bbox 2098 5177 3599 5251; baseline 0 -18"><span class='ocrx_word' id='word_1_859' title='bbox 2098 5179 2163 5234; x_wconf 82' lang='lat' dir='ltr'><strong>Et</strong></span> <span class='ocrx_word' id='word_1_860' title='bbox 2192 5181 2575 5235; x_wconf 82' lang='lat' dir='ltr'><strong>convenienter</strong></span> <span class='ocrx_word' id='word_1_861' title='bbox 2607 5199 2619 5235; x_wconf 91' lang='lat'><strong>:</strong></span> <span class='ocrx_word' id='word_1_862' title='bbox 2651 5181 2807 5235; x_wconf 89' lang='lat' dir='ltr'><strong>Sicut</strong></span> <span class='ocrx_word' id='word_1_863' title='bbox 2850 5183 2994 5236; x_wconf 90' lang='lat' dir='ltr'><strong>enim</strong></span> <span class='ocrx_word' id='word_1_864' title='bbox 3029 5182 3311 5251; x_wconf 88' lang='lat' dir='ltr'><strong>pulchrum</strong></span> <span class='ocrx_word' id='word_1_865' title='bbox 3362 5190 3414 5233; x_wconf 91' lang='lat' dir='ltr'><strong>et</strong></span> <span class='ocrx_word' id='word_1_866' title='bbox 3455 5177 3599 5233; x_wconf 86' lang='lat' dir='ltr'><strong>llori-</strong></span> 
     </span>
    </p>
   </div>
   <div class='ocr_carea' id='block_1_113' title="bbox 2028 5271 3599 5344">
    <p class='ocr_par' dir='ltr' id='par_1_113' title="bbox 2028 5271 3599 5344">
     <span class='ocr_line' id='line_1_115' title="bbox 2028 5271 3599 5344; baseline -0.003 -15"><span class='ocrx_word' id='word_1_867' title='bbox 2028 5277 2152 5329; x_wconf 90' lang='lat' dir='ltr'><strong>dum</strong></span> <span class='ocrx_word' id='word_1_868' title='bbox 2196 5290 2393 5344; x_wconf 87' lang='lat' dir='ltr'><strong>corpus</strong></span> <span class='ocrx_word' id='word_1_869' title='bbox 2427 5276 2566 5342; x_wconf 85' lang='lat' dir='ltr'><strong>quod</strong></span> <span class='ocrx_word' id='word_1_870' title='bbox 2623 5278 2821 5329; x_wconf 87' lang='lat' dir='ltr'><strong>nullam</strong></span> <span class='ocrx_word' id='word_1_871' title='bbox 2856 5276 3054 5331; x_wconf 87' lang='lat' dir='ltr'><strong>habeat</strong></span> <span class='ocrx_word' id='word_1_872' title='bbox 3087 5277 3193 5329; x_wconf 90' lang='lat' dir='ltr'><strong>vim</strong></span> <span class='ocrx_word' id='word_1_873' title='bbox 3222 5285 3273 5328; x_wconf 90' lang='lat' dir='ltr'><strong>et</strong></span> <span class='ocrx_word' id='word_1_874' title='bbox 3308 5272 3483 5328; x_wconf 90' lang='lat' dir='ltr'><strong>simile</strong></span> <span class='ocrx_word' id='word_1_875' title='bbox 3519 5271 3599 5341; x_wconf 84' lang='lat' dir='ltr'><strong>pi-</strong></span> 
     </span>
    </p>
   </div>
   <div class='ocr_carea' id='block_1_114' title="bbox 2027 5366 3360 5436">
    <p class='ocr_par' dir='ltr' id='par_1_114' title="bbox 2027 5366 3360 5436">
     <span class='ocr_line' id='line_1_116' title="bbox 2027 5366 3360 5436; baseline -0.002 -15"><span class='ocrx_word' id='word_1_876' title='bbox 2027 5369 2194 5422; x_wconf 85' lang='lat' dir='ltr'><strong>cturis</strong></span> <span class='ocrx_word' id='word_1_877' title='bbox 2226 5377 2389 5433; x_wconf 89' lang='lat' dir='ltr'><strong>esset,</strong></span> <span class='ocrx_word' id='word_1_878' title='bbox 2422 5369 2493 5419; x_wconf 88' lang='lat' dir='ltr'><strong>ita</strong></span> <span class='ocrx_word' id='word_1_879' title='bbox 2526 5377 2579 5421; x_wconf 92' lang='lat' dir='ltr'><strong>et</strong></span> <span class='ocrx_word' id='word_1_880' title='bbox 2604 5379 2747 5421; x_wconf 82' lang='lat' dir='ltr'><strong>recta</strong></span> <span class='ocrx_word' id='word_1_881' title='bbox 2781 5369 2913 5423; x_wconf 88' lang='lat' dir='ltr'><strong>lides</strong></span> <span class='ocrx_word' id='word_1_882' title='bbox 2947 5371 3063 5423; x_wconf 90' lang='lat' dir='ltr'><strong>sine</strong></span> <span class='ocrx_word' id='word_1_883' title='bbox 3084 5366 3360 5436; x_wconf 86' lang='lat' dir='ltr'><strong>operibus.</strong></span> 
     </span>
    </p>
   </div>
   <div class='ocr_carea' id='block_1_115' title="bbox 2136 5541 2576 5606">
    <p class='ocr_par' dir='ltr' id='par_1_115' title="bbox 2136 5541 2576 5606">
     <span class='ocr_line' id='line_1_117' title="bbox 2136 5541 2576 5606; baseline 0.005 -11"><span class='ocrx_word' id='word_1_884' title='bbox 2136 5542 2176 5575; x_wconf 76' lang='lat'>&quot;</span> <span class='ocrx_word' id='word_1_885' title='bbox 2220 5541 2383 5597; x_wconf 87' lang='lat' dir='ltr'><strong>llebr.</strong></span> <span class='ocrx_word' id='word_1_886' title='bbox 2420 5559 2491 5606; x_wconf 80' lang='lat' dir='ltr'><strong>tv,</strong></span> <span class='ocrx_word' id='word_1_887' title='bbox 2524 5544 2576 5597; x_wconf 72' lang='lat'><strong>2.</strong></span> 
     </span>
    </p>
   </div>
   <div class='ocr_carea' id='block_1_116' title="bbox 3038 5695 3591 5752">
    <p class='ocr_par' dir='ltr' id='par_1_116' title="bbox 3038 5695 3591 5752">
     <span class='ocr_line' id='line_1_118' title="bbox 3038 5695 3591 5752; baseline -0.004 -1"><span class='ocrx_word' id='word_1_888' title='bbox 3038 5698 3080 5727; x_wconf 70' lang='grc' dir='ltr'><strong>’τ’</strong></span> <span class='ocrx_word' id='word_1_889' title='bbox 3113 5695 3175 5751; x_wconf 87' lang='lat' dir='ltr'><strong>C.</strong></span> <span class='ocrx_word' id='word_1_890' title='bbox 3215 5696 3274 5752; x_wconf 85' lang='lat' dir='ltr'><strong>C.</strong></span> <span class='ocrx_word' id='word_1_891' title='bbox 3302 5697 3451 5749; x_wconf 78' lang='grc' dir='ltr'>οὐδὲν</span> <span class='ocrx_word' id='word_1_892' title='bbox 3476 5696 3591 5749; x_wconf 82' lang='grc' dir='ltr'>τοῦ.</span> 
     </span>
    </p>
   </div>
   <div class='ocr_carea' id='block_1_117' title="bbox 2171 5694 3571 5837">
    <p class='ocr_par' dir='ltr' id='par_1_117' title="bbox 2171 5694 3571 5837">
     <span class='ocr_line' id='line_1_119' title="bbox 2171 5694 3567 5765; baseline 0.004 -23"><span class='ocrx_word' id='word_1_893' title='bbox 2171 5696 2213 5722; x_wconf 75' lang='lat'><strong>’-”‘</strong></span> <span class='ocrx_word' id='word_1_894' title='bbox 2250 5694 2305 5747; x_wconf 71' lang='grc' dir='ltr'><strong>(ἶ.</strong></span> <span class='ocrx_word' id='word_1_895' title='bbox 2335 5697 2394 5747; x_wconf 71' lang='grc' dir='ltr'><strong>ι).</strong></span> <span class='ocrx_word' id='word_1_896' title='bbox 2434 5698 2729 5764; x_wconf 71' lang='grc' dir='ltr'>ττςριττερα</span> <span class='ocrx_word' id='word_1_897' title='bbox 2760 5697 2958 5765; x_wconf 66' lang='grc' dir='ltr'>χρυσῆ.</span> <span class='ocrx_word' id='word_1_898' title='bbox 3038 5698 3080 5727; x_wconf 72' lang='grc' dir='ltr'><strong>’τ’</strong></span> <span class='ocrx_word' id='word_1_899' title='bbox 3113 5695 3175 5751; x_wconf 87' lang='lat' dir='ltr'><strong>C.</strong></span> <span class='ocrx_word' id='word_1_900' title='bbox 3215 5696 3274 5752; x_wconf 85' lang='lat' dir='ltr'><strong>C.</strong></span> <span class='ocrx_word' id='word_1_901' title='bbox 3302 5697 3451 5749; x_wconf 78' lang='grc' dir='ltr'>οὐδὲν</span> <span class='ocrx_word' id='word_1_902' title='bbox 3476 5696 3567 5749; x_wconf 83' lang='grc' dir='ltr'><strong>τοῦ</strong></span> 
     </span>
     <span class='ocr_line' id='line_1_120' title="bbox 2184 5764 3571 5837; baseline 0.007 -22"><span class='ocrx_word' id='word_1_903' title='bbox 2184 5806 2192 5815; x_wconf 97' lang='grc'><strong>.</strong></span> <span class='ocrx_word' id='word_1_904' title='bbox 2224 5767 2284 5818; x_wconf 70' lang='grc' dir='ltr'><strong>(ἰ.</strong></span> <span class='ocrx_word' id='word_1_905' title='bbox 2330 5766 2877 5835; x_wconf 64' lang='grc' dir='ltr'>κἰταξιιοθητόμεθῑι.</span> <span class='ocrx_word' id='word_1_906' title='bbox 2976 5769 3018 5797; x_wconf 72' lang='grc' dir='ltr'><strong>³ο</strong></span> <span class='ocrx_word' id='word_1_907' title='bbox 3047 5768 3108 5822; x_wconf 76' lang='lat' dir='ltr'><strong>C.</strong></span> <span class='ocrx_word' id='word_1_908' title='bbox 3137 5768 3198 5822; x_wconf 67' lang='grc' dir='ltr'><strong>Ο.</strong></span> <span class='ocrx_word' id='word_1_909' title='bbox 3234 5764 3571 5837; x_wconf 79' lang='grc' dir='ltr'>προσεοικὼς</span> 
     </span>
    </p>
   </div>
   <div class='ocr_carea' id='block_1_118' title="bbox 3097 5796 3593 5825">
    <p class='ocr_par' dir='ltr' id='par_1_118' title="bbox 3097 5796 3593 5825">
     <span class='ocr_line' id='line_1_121' title="bbox 3097 5796 3593 5825; baseline -0.006 -5"><span class='ocrx_word' id='word_1_910' title='bbox 3097 5807 3108 5820; x_wconf 76' lang='grc' dir='ltr'><strong>ο</strong></span> <span class='ocrx_word' id='word_1_911' title='bbox 3137 5796 3198 5822; x_wconf 76' lang='grc' dir='ltr'><strong>ν.</strong></span> <span class='ocrx_word' id='word_1_912' title='bbox 3236 5796 3593 5825; x_wconf 60' lang='grc' dir='ltr'>ιιιμνυῠυυυυινο</span> 
     </span>
    </p>
   </div>
  </div>
