4054 6216
467 315 485 370 Ι
498 316 600 373 M7

1127 442 1276 499 CAP.
1314 445 1402 500 ΙΙΙ.

540 551 705 607 Vens.
742 553 792 607 ί.
818 551 1004 609 Nolite
1023 556 1196 625 plures
1229 562 1470 630 magistri
1499 562 1635 631 ﬁeri,
1669 563 1865 633 fratres
1915 569 2036 635 mei,

463 644 681 698 scientes
714 649 963 714 quoniam
985 649 1158 717 majus
1179 651 1452 720 judicium
1494 657 1726 711 sumitis.

530 734 792 799 Quoniam
824 736 1018 793 docere
1046 751 1099 795 et
1134 757 1238 795 non
1273 742 1475 809 facere,
1525 761 1628 800 non
1664 748 1839 803 solum
1891 750 2037 805 utili-

464 833 625 877 tatem
644 825 869 893 nullam,
891 829 985 883 sed
1007 831 1172 885 etiam
1194 834 1446 890 damnum
1468 838 1695 893 multum
1714 851 1766 895 et
1784 842 2039 897 condem-

463 918 738 973 nationem
773 920 930 977 aﬂ‘ert
962 925 1043 980 illi
1081 928 1172 996 qui
1201 940 1347 984 tanta
1377 946 1501 987 cum
1544 934 2039 993 inconsideratione

459 1021 611 1060 suam
646 1008 815 1079 ipsius
854 1014 1041 1084 dirigit
1080 1019 1355 1074 vitam.—
1381 1022 1805 1081 Emulationcm
1846 1043 2034 1083 eorum

458 1100 547 1168 qui
582 1104 795 1172 Operari
830 1108 1019 1162 nolunt
1047 1113 1414 1180 contundens,
1442 1116 1640 1170 docere
1666 1118 1918 1187 prohibet
1940 1134 2034 1175 eos

462 1192 553 1259 qui
586 1194 791 1265 absque
819 1201 1072 1268 operibus
1115 1204 1331 1273 docent,
1367 1222 1621 1278 magnum
1662 1210 1769 1265 illis
1821 1214 2033 1268 denun-

466 1283 609 1339 tians
634 1284 922 1353 judicium.
954 1291 1107 1348 Sicut
1138 1304 1318 1351 autem
1350 1308 1405 1353 et
1433 1299 1524 1355 ille
1570 1301 1648 1355 sic
1681 1316 1871 1359 errans
1904 1322 2032 1361 con-

462 1373 771 1445 demnatur,
806 1382 878 1435 ita
926 1393 979 1438 et
1018 1386 1294 1453 perfectus
1331 1399 1412 1445 est
1453 1392 1546 1460 qui
1590 1409 1697 1449 non
1750 1395 1932 1452 deficit
1979 1398 2033 1452 in

459 1482 622 1537 opere
658 1482 712 1527 et
742 1476 906 1533 verbo
939 1479 1271 1551 disciplima;
1305 1492 1360 1539 et
1388 1485 1476 1540 hic
1520 1496 1714 1557 petens
1755 1500 1839 1544 est
1867 1492 2031 1546 etiam

456 1574 617 1616 onmc
666 1579 860 1634 corpus
900 1569 1197 1629 refrenare.
1243 1574 1298 1629 Si
1345 1578 1460 1632 haec
1507 1581 1705 1634 etenim
1748 1582 1939 1647 docet,
1980 1595 2030 1639 et

459 1654 619 1710 tidem
667 1658 855 1713 deﬁnit
883 1667 1233 1723 sermonibus
1284 1671 1470 1736 rectis,
1506 1672 1910 1741 Splendentibus
1953 1679 2030 1733 si-

457 1747 568 1799 mul
623 1757 677 1803 et
736 1754 990 1822 operibus
1049 1757 1172 1815 ﬁdei
1226 1766 1628 1831 consentaneis,
1658 1778 1809 1824 certe
1858 1779 2026 1826 t0tum

458 1837 626 1905 ipsius
681 1841 974 1901 relrenabit
1001 1864 1223 1920 corpus,
1281 1868 1381 1911 nec
1434 1855 1610 1925 ipsum
1668 1860 1808 1917 sinet
1861 1862 2025 1919 ullam

455 1931 637 1984 mundi
662 1946 882 1992 servare
912 1938 1274 2000 dilectionem.

529 2020 692 2077 Vens.
721 2024 774 2089 5,
807 2027 860 2082 6.
898 2029 983 2085 Ita
1027 2044 1074 2087 et
1106 2033 1290 2106 lingua
1338 2040 1605 2097 modicum
1631 2046 1841 2114 quidem
1867 2063 2028 2101 ment-

1242 323 1804 382 SUPPLEMENTUM
1844 328 1937 382 AD
1977 330 2035 385 S.
2077 330 2128 386 Ι.
2168 332 2661 392 CHRYSOSTOMI
2695 338 2945 398 OPERA.

3587 352 3719 411 ωιθ

2749 462 3001 518 ΚΕΦΛΛ.
3042 464 3114 515 1".

2214 567 2311 635 Μὴ
2348 569 2567 623 πολλοὶ
2595 570 2955 627 διδάσκαλοι
2984 574 3247 643 γίνεσθε,
3281 575 3538 647 ἀδελφοί
3557 597 3719 649 μου⁸

2140 658 2366 723 ειδότες
2398 658 2489 713 ὅτι
2513 659 2717 725 μεῖζον
2744 660 2924 731 κρῖμα
2953 664 3291 733 ληψόμεθα.

2223 749 2444 821 Ἐπειδὴ
2492 750 2552 803 τὸ
2598 750 2876 807 διδάσκειν
2921 753 3049 807 ἄνευ
3102 754 3197 808 τοῦ
3254 758 3429 811 ποιεῖν
3466 758 3526 811 ού
3561 759 3722 829 μόνον

2139 842 2330 913 κέρδος
2368 843 2541 911 οὐδὲν,
2576 844 2714 898 ἀλλὰ
2737 846 2833 899 καὶ
2854 846 3058 917 ζημίαν
3088 847 3297 920 πολλὴν
3323 852 3418 903 καὶ
3449 851 3721 923 κατάκρι-

2142 950 2223 987 σιν
2245 934 2401 1004 φέρει
2432 935 2510 1006 τῷ
2543 936 2683 1007 μετὰ
2708 937 2980 1009 τοσαύτης
3030 939 3366 1011 άπροσεξίας
3415 941 3720 995 διοικοῦντι

2138 1024 2228 1077 τὸν
2263 1024 2378 1095 βίον
2411 1026 2501 1080 τὸν
2531 1026 2751 1092 ἑαυτοῦ,
2782 1028 2882 1100 τὴν
2906 1029 3243 1098 φιλονεικίαν
3272 1032 3383 1086 τῶν
3416 1033 3492 1104 μὴ
3532 1033 3722 1104 βουλοο

2141 1119 2323 1187 μένων
2358 1120 2687 1191 ἐργάζεσθαι
2744 1123 3051 1190 ἐκκόπτων,
3084 1124 3147 1178 τὸ
3195 1125 3471 1180 διδάσκειν
3515 1130 3721 1181 ἀπεῖπε

2137 1212 2249 1274 τοῖς
2287 1211 2417 1266 ἄνευ
2447 1213 2613 1285 ἔργου
2651 1215 2987 1277 διδάσκουσι,
3029 1220 3206 1288 κρῖμα
3249 1218 3397 1287 μέγα
3424 1218 3721 1281 ἐπιτιθείς.

2149 1303 2208 1355 'O
2237 1303 2344 1374 γὰρ
2372 1304 2441 1357 τὰ
2499 1304 2574 1375 μὴ
2609 1305 2738 1358 ὄντα
2772 1306 2815 1338 ³¹
2862 1306 3219 1375 κατάκριτος,
3262 1306 3455 1377 ὥσπερ
3502 1310 3603 1361 καὶ
3635 1312 3727 1361 τέ-

2136 1392 2295 1459 λειος,
2320 1399 2347 1449 ὁ
2377 1397 2452 1466 μὴ
2470 1397 2678 1450 πταίων
2695 1397 2752 1450 ἐν
2774 1397 2923 1469 ἔργῳ
2941 1400 3036 1452 καὶ
3054 1399 3199 1469 λόγῳ
3222 1403 3322 1470 τῆς
3338 1399 3718 1466 διδασκαλίας,

2137 1487 2230 1539 καὶ
2249 1488 2474 1551 δυνατὸς
2499 1490 2593 1542 καὶ
2607 1489 2727 1543 ὅλον
2755 1490 2816 1543 τδ
2834 1488 2991 1561 σῶμα
3012 1492 3484 1561 χαλιναγωγῆσαι.
3515 1491 3579 1543 Et
3607 1492 3725 1562 γὰρ

2135 1578 2309 1632 ταῦτα
2356 1579 2618 1645 διδάσκει,
2678 1582 2773 1633 καὶ
2804 1582 2904 1653 τὴν
2944 1582 3128 1636 πίστιν
3147 1583 3192 1615 ³³
3244 1581 3487 1654 ὁρίζεται
3533 1583 3723 1651 λόγων

2136 1669 2311 1741 ὀρθῶν
2345 1670 2484 1742 μετὰ
2504 1671 2682 1743 ἔργων
2723 1672 2996 1743 λαμπρῶν
3046 1671 3360 1744 συμφώνων
3391 1676 3458 1743 τῇ
3493 1674 3719 1727 πίστει·

2133 1761 2375 1832 δηλονότι
2419 1762 2539 1816 ὅλον
2568 1763 2765 1817 ἑαυτοῦ
2811 1764 3185 1835 χαλιναγωγεῖ
3217 1765 3280 1818 τὸ
3331 1765 3517 1835 σῶμα,
3550 1766 3729 1836 μηδε-

2134 1854 2263 1924 μίαν
2289 1853 2473 1924 φιλίαν
2497 1854 2634 1926 πρὸς
2666 1854 2757 1908 τὸν
2780 1855 2985 1925 κόσμον
3014 1855 3159 1927 ἔχειν
3185 1856 3320 1909 αὐτὸ
3352 1856 3479 1911 ὲῶν.

2190 2039 2354 2093 Οὕτω
2395 2041 2492 2094 καὶ
2544 2040 2583 2110 ἡ
2637 2039 2893 2111 γλῶσσα
2933 2039 3156 2110 μικρὸν
3181 2038 3374 2109 μέλος
3425 2040 3558 2095 ἐστί
3620 2042 3724 2095 καὶ

456 2110 605 2166 brum
639 2127 733 2183 est,
754 2129 799 2172 et
829 2136 1021 2193 magna
1049 2127 1270 2183 exaltat.
1302 2130 1436 2187 Ecce
1460 2110 1654 2202 parvus
1695 2138 1832 2208 ignis
1867 2156 2018 2209 quam

2133 2132 2527 2201 μεγαλαυχεῒο
2560 2132 2689 2187 ὶδοὺ
2729 2133 2942 2203 ὀλίγον
2975 2132 3097 2201 πῦρ
3132 2134 3361 2203 ᾐλίκην
3405 2134 3569 2201 ὕλην
3615 2135 3727 2188 ἀν-

456 2222 697 2275 magnam
729 2209 913 2267 silvam
933 2216 1160 2273 incendit
1181 2220 1203 2273 !
1222 2231 1270 2276 et
1288 2222 1473 2294 lingua
1494 2228 1629 2298 ignis
1646 2240 1743 2295 est,
1764 2233 2024 2287 universi-

453 2304 535 2347 tas
565 2298 878 2368 iniquitatis.

526 2384 647 2440 Pari
678 2404 806 2460 ergo
835 2396 1077 2450 custodia
1099 2440 1115 2464 ,
1165 2410 1220 2455 et
1265 2402 1505 2475 linguam
1561 2418 1615 2464 et
1645 2411 2023 2470 adolescentu-

449 2474 555 2528 lam
584 2492 764 2537 serva.
803 2482 1002 2555 Regius
1045 2504 1214 2560 equus
1248 2505 1333 2550 est
1382 2497 1584 2569 lingua.
1619 2499 1701 2557 llli
1724 2504 1769 2559 si
1804 2508 2022 2575 quidem

447 2566 773 2635 imposueris
832 2574 1088 2646 frenum,
1145 2583 1405 2657 illumque
1460 2591 1737 2651 domueris
1786 2606 1845 2651 ut
1898 2614 2019 2655 cum

446 2660 762 2719 ιιιιιωιιὶιθιε
790 2681 1135 2728 ascensorem
1167 2676 1323 2745 ferat,
1365 2681 1416 2734 in
1450 2682 1567 2752 ipso
1590 2687 1835 2755 conlidit,
1865 2692 2022 2762 eique

445 2747 634 2807 insidit
684 2771 801 2812 rex.
855 2758 911 2814 Si
960 2778 1087 2819 γει-ο
1131 2768 1280 2823 illum
1328 2771 1659 2831 infrenatum
1711 2780 2015 2853 dimiseris,

442 2842 887 2908 ell'ervescentem
916 2866 970 2911 ct
1004 2860 1401 2934 subsilientem,
1428 2884 1624 2929 currus
1649 2874 1877 2932 emt-itur
1897 2879 2017 2933 dia-

446 2932 569 2990 bolo
598 2947 652 2993 et
681 2944 891 3013 angelis
922 2948 1058 3016 ejus.

517 3027 683 3086 Vens.
708 3032 762 3089 8.
788 3036 1050 3109 Linguam
1080 3057 1254 3101 autem
1283 3050 1459 3107 nullus
1488 3055 1762 3113 hominum
1800 3062 2019 3120 domare

2126 2220 2298 2275 ἅπτει
2321 2238 2336 2253 ο
2356 2220 2457 2274 καὶ
2483 2222 2519 2290 ἡ
2551 2220 2806 2291 γλῶσσα
2826 2221 2972 2290 πῦρ,
2993 2225 3027 2278 ό
3056 2224 3287 2294 κόσμος
3316 2223 3428 2293 τῆς
3447 2223 3716 2291 ἀδικίας.

2192 2409 2405 2464 Ούκοῦν
2434 2410 2597 2464 πλέον
2628 2410 2727 2483 τῆς
2756 2410 3010 2484 γλώσσης
3041 2414 3280 2482 φύλαττε
3308 2413 3410 2481 τὴν
3439 2412 3619 2483 κόρην
3645 2412 3714 2445 "-

2124 2501 2289 2565 ἵππος
2318 2502 2437 2556 ἐστὶ
2471 2502 2749 2573 βασιλικὸς
2778 2507 2811 2576 ἡ
2844 2505 3208 2573 γλῶσσσ,-“Αν
3262 2506 3363 2577 μὲν
3390 2500 3484 2559 οὖν
3509 2505 3714 2576 ἐπιθῇς

2121 2594 2259 2665 αὐτῇ
2296 2594 2512 2664 χαλινὸν
2537 2596 2631 2650 καὶ
2654 2595 2873 2668 διδάξῃς
2920 2596 3159 2667 βαδίζειν
3193 2596 3465 2669 εὔρυθμα,
3496 2599 3713 2652 ἐπανα-

2122 2686 2353 2741 παύεται
2384 2688 2523 2761 αὐτῇ
2569 2691 2663 2743 καὶ
2703 2689 3076 2745 ὲπικαθιεῖται
3104 2691 3134 2744 ὁ
3180 2691 3438 2761 βασιλεύς
3466 2707 3481 2722 ο
3530 2692 3600 2746 ἂν
3654 2691 3716 2745 δὲ

2120 2777 2455 2848 άχαλίνωτον
2497 2781 2643 2851 ἀφῇς
2672 2781 2938 2852 φέρεσθαι
2972 2782 3067 2835 καὶ
3105 2785 3359 2855 σκιρτᾷν,
3390 2783 3485 2837 τοῦ
3524 2783 3716 2838 διαϐό-

2120 2869 2213 2923 λου
2244 2870 2337 2924 καὶ
2370 2870 2479 2925 τῶν
2515 2871 2788 2942 δαιμόνων
2809 2873 2992 2945 ὄχημα
3015 2873 3249 2943 γίνεται.

2195 3059 2314 3127 Τὴν
2345 3059 2415 3113 δὲ
2468 3059 2764 3128 γλῶσσαν
2821 3059 3024 3126 οὐδεὶς
3061 3060 3314 3117 δύναται
3372 3064 3717 3133 ἀνθρώπων

446 3128 638 3186 potest,
675 3124 1010 3197 irrequietuﬁt
1052 3136 1286 3205 ntalum,
1331 3142 1541 3210 plenum
1594 3164 1786 3205 veneno
1832 3157 2015 3210 morti—

2133 3124 2388 3222 δαμάσαι
2413 3168 2426 3182 ·
2454 3124 2878 3221 ἀκατάσχετον
2917 3124 3132 3220 κακὸν,
3159 3153 3356 3224 μεστή
3398 3124 3715 3214 305-0011:-

444 3209 576 3275 fero.

518 3301 741 3360 Gladius
772 3319 961 3366 acutus
989 3327 1071 3369 est
1102 3318 1304 3390 lingua.
1340 3322 1447 3380 Sed
1491 3344 1595 3384 non
1632 3332 1752 3389 aliis
1800 3337 2013 3410 inﬂiga-

444 3411 563 3452 mus
604 3398 861 3471 vulnera;
901 3418 1117 3465 nostras
1156 3429 1186 3467 e
1217 3425 1407 3471 contra
1437 3433 1780 3492 amputemus
1812 3446 2005 3486 corru-

439 3488 673 3557 ptioues.

513 3581 675 3639 Vens.
712 3589 797 3643 15.
842 3589 1064 3661 Sapiens
1092 3605 1141 3650 et
1168 3598 1537 3670 disciplinatus
1560 3608 1695 3663 inter
1712 3628 1822 3677 vos,
1844 3625 2016 3669 osten-

437 3671 529 3725 dat
558 3690 623 3728 ex
646 3678 779 3734 bona
806 3688 1195 3744 conversatione
1217 3697 1575 3761 operationem
1598 3717 1751 3757 suam
1777 3706 1830 3759 in
1862 3723 2013 3763 utan-

436 3770 711 3825 suetudine
755 3775 953 3843 sapient
961 3779 1043 3832 ite.

506 3858 552 3910 A
582 3862 833 3919 sordibus
867 3882 1233 3938 expurgentus
1260 3890 1422 3935 aures
1444 3881 1656 3940 animae.
1684 3885 1842 3943 Sicut
1864 3891 2010 3947 enim

434 3958 491 4001 et
532 3946 720 4009 Sordes
751 3966 807 4011 et
836 3958 1007 4027 l'utum
1039 3979 1199 4024 aures
1249 3973 1457 4039 carnis,
1503 3976 1577 4031 ita
1634 3988 1690 4034 et
1737 3984 2011 4039 mundana

435 4038 602 4105 dicta,
630 4053 684 4097 ct
715 4048 998 4118 probrosa,
1026 4063 1081 4109 et
1107 4073 1228 4127 qua:
1252 4062 1319 4116 dc
1351 4061 1534 4121 fenore
1554 4077 1609 4123 ct
1636 4073 1837 4137 usuris,
1863 4077 2011 4131 omni

433 4132 595 4227 sorde
655 4136 858 4205 pejora,
928 4145 1219 4204 obstruunt
1292 4152 1667 4227 intelligentia:
1739 4167 2008 4222 auditum.

431 4218 585 4364 :hlde
607 4224 749 4291 quod
781 4242 887 4283 non
920 4233 1209 4293 obstruunt
1241 4218 1611 4313 tantumIscd
1641 4261 1694 4307 et
1739 4253 2009 4326 impurum

453 4311 657 4364 aciunt-

453 4311 657 4375 aciunt.

768 4481 799 4503 τ

1084 4538 1236 4595 CAP.
1266 4541 1355 4599 IV.

504 4640 670 4700 Vens.
708 4643 761 4711 8,
793 4647 847 4703 9.
876 4648 1302 4724 Appropinquate
1338 4660 1470 4726 Deo,
1515 4674 1562 4718 et
1615 4670 2007 4742 appmpinqun-

428 4730 499 4784 bit
527 4734 699 4801 t'obis;
723 4742 1003 4798 emundata
1032 4763 1241 4815 manus,
1270 4763 1570 4821 peccatores
1595 4795 1610 4821 ,
1640 4769 1689 4812 et
1719 4730 2004 4832 puriﬁcate

427 4824 609 4893 corda,
639 4828 873 4898 duplices
896 4838 1095 4892 animo.
1115 4839 1301 4898 Miseri
1332 4854 1497 4902 estote
1532 4859 1582 4902 et
1617 4824 1810 4921 lugete.
1842 4824 2000 4911 iiisus

425 4928 589 4972 vester
618 4921 673 4974 in
730 4921 928 4981 luctum
960 4944 1310 5003 convertatur,
1340 4949 1388 4992 et
1411 4942 1665 5010 gaudium
1710 4946 1764 4999 in
1815 4964 2004 5005 ttttBl’O-

424 5022 532 5063 rem
540 5048 556 5064 ο

494 5099 597 5166 Qui
621 5102 764 5157 enim
792 5116 1076 5180 postquam
1100 5119 1347 5184 peccavit
1377 5125 1755 5188 pmnitentiam
1789 5131 1998 5200 ample-

422 5190 612 5257 ctitur,
648 5210 752 5251 non
787 5198 987 5269 luctus,
1024 5208 1118 5260 sed
1156 5206 1570 5269 felicitationum
1603 5218 1801 5287 dignus
1836 5190 1996 5276 estin

422 5278 663 5339 Ecclesia
682 5285 995 5358 justorum:
1048 5295 1143 5350 Dic
1194 5315 1315 5370 ergo
1370 5313 1426 5356 tu
1482 5278 1701 5372 peccata
1738 5318 1832 5362 tua
1883 5312 1997 5380 pri-

427 5385 589 5442 mum,
628 5386 683 5430 ut
718 5378 1032 5453 justiﬁceris
1065 5388 1127 5443 ”.
1156 5389 1256 5455 Qui
1310 5402 1490 5449 autem
1542 5407 1665 5465 post
1714 5410 1993 5467 peccatum

500 5530 542 5561 ¹³
579 5532 683 5591 Isa.
718 5551 756 5603 ι,
794 5539 882 5594 18.

600 5664 645 5761 r’:
670 5666 732 5761 (ξε
766 5669 1003 5761 (tamen
1019 5676 1289 5761 διδάσκων
1313 5680 1391 5761 ὡς
1409 5682 1557 5761 dying.
1640 5686 1682 5717 ³²
1710 5685 1771 5740 C.
1802 5687 1865 5761 C_.
1894 5688 2093 5761 πίστην
2126 5692 2345 5761 ταύτην.

514 5730 560 5763 ³⁸
590 5733 633 5789 C
689 5736 753 5794 C.
801 5730 1279 5817 Ἐκκαθάρωμεν.
1317 5730 1392 5785 ᾑῶ
1606 5730 1965 5830 κεχτῖῂμίἔνόξέ

2066 5760 2110 5792 ³⁸⁵
2141 5762 2201 5817 (3.
2235 5760 2293 5818 (Σ.
2321 5763 2479 5832 χόρον
2506 5760 2800 5833 μεταστάς.

2118 3243 2404 3311 τηφόρου.

2188 3334 2455 3405 Μάχαιρά
2499 3334 2650 3387 ἐστιν
2684 3335 2717 3405 ἡ
2771 3335 2995 3400 γλῶσσα
3036 3337 3375 3407 ἡκονημένη.
3425 3337 3593 3391 Ἀλλὰ
3633 3340 3713 3410 μὴ

2118 3426 2329 3497 ἑτέροις
2367 3427 2668 3498 ἐπάγωμεν
2722 3429 3019 3501 τραύματα
3044 3446 3059 3461 ·
3118 3431 3255 3485 ἀλλὰ
3283 3431 3383 3495 τὰς
3425 3432 3716 3503 ἡμετέρας

2120 3520 2419 3591 σηπεδόνας
2457 3521 2629 3574 άποτέ
2637 3539 2723 3592 μω
2731 3539 2851 3593 μεν.

2187 3611 2383 3680 Σοφὸς
2422 3612 2521 3665 καί
2549 3613 2904 3683 ἐπιστήμων
2929 3616 3000 3669 ἐν
3036 3616 3183 3685 ὑμῖν
3213 3615 3464 3681 δειξάτω
3490 3616 3562 3669 ἐκ
3592 3616 3711 3686 τῆς

2116 3703 2318 3772 καλῆς
2348 3703 2744 3774 ἀναστροφῆς
2775 3705 2851 3759 τὰ
2891 3706 3036 3777 ἔργα
3068 3708 3278 3774 αὐτοῦ,
3316 3708 3386 3761 ἐν
3406 3709 3717 3778 πραΰτητι

2116 3796 2359 3866 σοφίας.

2197 3889 2635 3962 Ἐκκαθαίρομεν
2651 3894 2695 3925 ³⁵
2727 3894 2816 3947 τὸν
2875 3893 3049 3962 ῥύπον
3105 3893 3216 3946 ἀπὸ
3252 3892 3361 3946 τῶν
3389 3892 3487 3961 τῆς
3520 3892 3711 3964 ψυχῆς

2114 3982 2288 4037 ὤτων.
2322 3983 2591 4056 Καθάπερ
2622 3984 2731 4056 γὰρ
2782 3986 2954 4056 ῥύπος
2986 3986 3081 4040 καῖ⁵
3127 3986 3299 4057 πηλὸς
3336 3986 3406 4039 τὰ
3450 3980 3566 4038 ὦτα
3596 3988 3705 4057 τῆς

2116 4075 2339 4147 σαρκὸς,
2369 4076 2513 4130 οὕτω
2536 4078 2627 4131 καὶ
2658 4078 2727 4131 τὰ
2758 4078 2986 4148 βιωτικὰ
3012 4078 3334 4149 διηγήματα
3365 4078 3464 4131 καὶ
3488 4079 3699 4147 παχέα,

2114 4169 2208 4223 καὶ
2240 4169 2306 4222 τά
2338 4170 2467 4240 περὶ
2489 4171 2666 4225 τόκων
2700 4172 2794 4225 καὶ
2830 4171 3232 4242 δανεισμάτων,
3281 4171 3459 4243 ῥύπου
3488 4175 3702 4235 παντὸς

2112 4258 2494 4332 χαλεπώτερον
2551 4262 2855 4332 ἐμφράττει
2907 4262 3008 4332 τῆς
3057 4261 3302 4326 διανοίας
3351 4262 3452 4334 τὴν
3496 4263 3699 4335 ἀκοὴν,

2115 4352 2317 4424 μᾶλλον
2338 4354 2394 4407 δὲ
2417 4356 2514 4409 ούγ
2535 4355 2849 4428 ἐμφράττει
2882 4356 3070 4427 μόνον,
3093 4356 3234 4411 ἀλλὰ
3259 4358 3354 4411 καὶ⁸
3379 4356 3701 4427 ἀκάθαρτον

2113 4447 2284 4500 ποιεῖ.

2714 4560 2967 4615 ΚΕΦΑΛ.
3010 4564 3083 4618 Δ’.

2195 4671 2501 4741 Ἐ’γγὶσατε
2554 4672 2634 4738 τῷ
2677 4672 2818 4741 Θεῷ,
2852 4675 2952 4729 καί
3008 4676 3196 4745 ἐγγιεῖ
3221 4675 3397 4746 ὑμῖν·
3444 4676 3696 4743 καθαρί-

2107 4775 2256 4816 σατε
2291 4762 2515 4831 χεῖρας,
2556 4764 2927 4835 ’ἁμαρτωλοὶ,
2972 4768 3069 4821 καί
3098 4768 3389 4834 ἁγνίσατε
3415 4765 3689 4835 καρδίας,

2106 4853 2378 4924 δίψυχοι.
2436 4856 2935 4926 Ταλαιπωρήσατε
2961 4859 3058 4913 καὶ
3097 4858 3439 4925 πενθήσατε
3464 4874 3479 4889 ’
3520 4860 3556 4911 ό
3593 4856 3690 4927 γέ-

2103 4948 2225 5012 λως
2264 4946 2432 5016 ὑμῶν
2456 4949 2543 5014 είς
2562 4949 2784 5016 πένθος
2806 4950 3305 5020 μεταστραφήτω,
3338 4950 3436 5005 καί
3468 4951 3508 5019 ἡ
3535 4947 3691 5019 χαρὰ

2109 5041 2196 5105 είς
2226 5039 2578 5109 κατήφειαν.

2193 5130 2250 5183 Ὁ
2295 5130 2404 5203 γὰρ
2458 5130 2598 5202 μετὰ
2648 5130 2709 5185 τὸ
2749 5133 3091 5206 ἁμαρτάνειν
3152 5135 3413 5207 μετανοίᾳ
3463 5132 3685 5206 χρώμε-

2106 5238 2197 5284 νος
2224 5222 2292 5287 ³⁵,
2343 5222 2406 5275 ού
2452 5222 2683 5287 πένθους
2723 5224 2861 5279 ἀλλὰ
2903 5227 3277 5300 μακαρισμῶν
3329 5229 3481 5280 ἐστιν
3512 5225 3683 5291 ἄξιος,

2105 5312 2197 5366 ἐπὶ
2222 5314 2315 5367 τὸν
2362 5313 2471 5367 τῶν
2526 5314 2753 5369 δικαίων
2786 5318 2951 5389 χορόν
2975 5318 3021 5350 ³⁸
3047 5331 3062 5346 ’
3101 5317 3250 5388 Λέγε
3288 5318 3398 5388 γὰρ
3444 5316 3527 5373 σὺ
3574 5314 3684 5381 τὰς

2103 5406 2386 5474 ἁμαρτίας
2409 5405 2452 5439 ³⁷
2498 5423 2615 5461 σου
2668 5409 2920 5479 πρῶτος,
2975 5412 3075 5465 ἵνα
3132 5408 3471 5479 δικαιωθῇς,
3534 5409 3595 5463 Εἰ
3621 5406 3680 5458 δὲ

2429 5695 2473 5725 ³³
2505 5696 2563 5751 C.
2587 5696 2650 5749 (Ζ.
2682 5700 2779 5764 τῆς
2807 5698 2974 5771 κόρης
2996 5699 3235 5769 φύλασσε
3266 5699 3364 5761 τὴν
3403 5698 3666 5768 γλῶσσαν.

2429 5781 2479 5817 ον
2507 5769 2800 5825 μεταστάς.
2900 5770 2943 5801 ³⁷
2965 5771 3025 5825 C.
3049 5770 3110 5825 C.
3139 5771 3392 5825 ἀνομίας.

2990 5771 3025 5826 Ι.
3049 5771 3110 5826 C.
3139 5771 3392 5842 ἀνομίας.
