4058 6212
379 346 518 407 luis

1343 353 1770 412 FRAGMENTA
1808 356 1878 411 lN
1916 355 2307 416 EPISTOLAM
2345 360 2404 418 S.
2445 361 2696 421 JACOBI.

3496 373 3635 432 ιτιδο

376 459 517 529 μετὰ
566 457 630 511 τὸ
653 457 995 530 ἁμαρτάνειν
1052 462 1422 536 ἀναισχυντεῖ,
1480 467 1579 538 οὐχ
1631 468 1806 532 οὓτως
1862 471 1934 522 ιπ

2060 489 2165 527 non
2201 476 2495 543 erubescit,
2547 492 2652 532 non
2687 486 2795 531 tam
2847 477 2972 545 quia
3029 475 3247 543 cecidit,
3303 478 3635 538 miserabilis

370 549 450 619 τῷ
480 550 525 580 ³³
577 552 766 603 πεσεῖν
794 552 946 606 ἐστιν
990 553 1226 620 ἐλεεινὸς
1280 557 1357 620 ὡς
1386 558 1480 612 ἐπὶ
1525 559 1603 629 τῷ
1633 561 1677 591 ³⁸
1738 560 1955 613 κεῖσθαι

373 640 574 696 πεσών.
596 643 661 695 El
687 642 745 695 δὲ
770 642 832 695 τὸ
861 644 936 715 μὴ
973 649 1256 715 μετανοεῖν
1280 649 1366 717 ἐφ’
1396 651 1758 721 ἁμαρτήμασι
1796 653 1956 723 χαλε-

371 734 493 799 πὸν,
518 732 580 786 τὸ
617 734 711 787 καὶ
730 736 1080 806 πφυσῆσθαι
1110 738 1205 791 ἐπὶ
1249 742 1362 803 τοῖς
1394 741 1762 813 ἁμαρτήμασι
1791 742 1954 808 ποίας

372 822 648 888 κολάσεώς
671 824 820 878 ἐστιν
841 825 1023 891 ἄξιον;
1052 828 1117 881 El
1144 828 1255 900 γὰρ
1280 830 1308 882 ὁ
1337 832 1432 885 ἐπὶ
1448 835 1563 896 τοῖς
1588 834 1955 905 κατορθώμα-

370 934 453 969 σιν
492 917 858 987 ἐπαιρόμενος
901 919 1220 992 ἀκάθαρτός
1270 924 1442 990 ἐστιν,
1492 928 1521 979 ὁ
1568 926 1663 979 ἐπὶ
1699 928 1951 999 ἁμαρτή-

370 1025 508 1077 μασι
545 1007 706 1061 τοῦτο
738 1008 965 1079 πάσχων
995 1012 1158 1075 ποίας
1183 1012 1438 1081 τεύξεται
1486 1014 1853 1088 συγγνώμης;

953 1123 1209 1178 ΚΕΦΑΛ.
1282 1124 1361 1182 Ε’.

443 1210 584 1280 "Are
615 1212 753 1277 νῦν,
788 1214 844 1267 οἱ
877 1215 1183 1279 πλούσιοι,
1216 1218 1528 1273 κλαύσατε
1556 1218 1950 1285 ὀλολύζοντες

328 1359 338 1372 ο
365 1301 465 1353 ἐπὶ
492 1300 623 1367 ταῖς
662 1304 1091 1371 ταλαιπωρίαις
1125 1304 1292 1374 ὑμῶν
1320 1306 1451 1373 ταῖς
1493 1308 1944 1378 ἐπερχομέναις.

378 1393 441 1445 '0
490 1392 755 1459 πλοῦτος
807 1393 976 1462 ὑμῶν
1019 1394 1278 1463 σέσηπε,
1316 1398 1415 1451 καὶ
1454 1399 1527 1453 τὰ
1555 1400 1754 1468 ἱμάτια
1780 1399 1946 1469 ὑμῶν

366 1484 710 1551 σητόϐρωτα
730 1485 977 1553 γέγονεν
998 1499 1014 1517 ’
1039 1488 1071 1539 ὁ
1100 1488 1329 1555 χρυσὸς
1370 1489 1540 1558 ὑμῶν
1570 1490 1670 1543 καὶ
1703 1493 1737 1545 ὁ
1767 1492 1944 1560 ἀργυ-

357 1592 467 1642 ρος
491 1574 785 1631 κατίωται.

448 1664 739 1736 Ἀψώμεθα
769 1670 871 1738 τῆς
894 1667 1015 1722 ὀδοῦ
1046 1669 1146 1739 τῆς
1175 1670 1369 1735 στενῆς
1390 1687 1404 1700 ⁸
1447 1672 1611 1743 μέχρι
1654 1674 1783 1726 πότε
1815 1691 1943 1744 τρυ-

363 1758 480 1827 φήὶ
513 1757 673 1829 μέχρι
726 1759 856 1812 πότε
896 1759 1119 1828 ἄνεσις;
1176 1761 1276 1814 οὐκ
1329 1763 1742 1835 ἐνεπλήσθημεν
1772 1765 1941 1836 ρᾳθυ-

366 1849 628 1920 μοῦντες,
684 1851 988 1919 γελῶντες,
1043 1851 1516 1924 ἀναϐαλλόμενοις
1573 1855 1631 1909 οὐ
1676 1856 1745 1908 τὰ
1803 1856 1942 1911 αύτά

362 1941 526 1994 πάλιν
546 1941 701 1995 ἔσται
729 1941 980 2012 τράπεζα
1015 1944 1109 1997 καὶ
1142 1944 1305 2014 κόρος
1335 1945 1428 1998 καὶ
1477 1944 1797 1999 πολυτέλεια
1846 1946 1941 2000 καὶ

362 2033 624 2102 χρήματα
661 2033 755 2087 καὶ
812 2034 1005 2104 κτῆσις
1039 2034 1084 2066 ’⁵ο
1142 2034 1239 2088 καὶ
1268 2035 1593 2107 οίκοδομαί;
1636 2037 1745 2090 Καὶ
1788 2037 1841 2090 τί
1878 2038 1940 2091 τὸ

360 2121 552 2192 κέρδος
582 2141 596 2189 ;
630 2123 863 2187 Θάνατος
885 2140 899 2154 ·
931 2125 1027 2178 καὶ
1044 2124 1096 2178 τί
1128 2124 1191 2178 τὸ
1216 2125 1369 2191 τέλος
1391 2143 1407 2193 ;
1433 2127 1610 2198 τέφρα
1645 2129 1739 2181 καὶ
1766 2129 1934 2196 κόνις,

360 2215 511 2285 σοροὶ
542 2216 635 2268 καὶ
668 2215 970 2287 σκώληκες.

444 2305 847 2375 Ἐτρυξρήσατε
872 2309 970 2362 ἐπὶ
994 2308 1106 2378 τῆς
1132 2308 1267 2381 γῆς,
1293 2310 1393 2364 καί
1422 2310 1933 2379 ἐσπαταλήσατε·

353 2399 648 2471 ἐθρέψατε
666 2403 772 2470 τὰς
800 2404 1049 2472 καρδίας
1063 2403 1231 2475 ὑμῶν
1247 2406 1329 2472 ὡς
1355 2405 1425 2459 ἐν
1448 2405 1638 2475 ἡμέρᾳ
1667 2404 1931 2475 σφαγῆς.

423 2582 492 2637 Τί
524 2582 657 2651 οῦν;
693 2585 1007 2641 κεκώλυται
1044 2588 1078 2659 ἡ
1109 2589 1290 2659 τρυφή
1322 2603 1338 2655 ;
1370 2589 1464 2643 καὶ
1504 2589 1733 2662 σφόδρα.
1778 2588 1934 2642 Διατί

356 2670 449 2731 οῦν
478 2678 558 2739 είς
587 2677 888 2747 μετάληψιν
940 2677 1221 2746 ἕκτισταις
1258 2681 1342 2733 ὅτι
1385 2679 1479 2733 καὶ
1518 2680 1683 2753 ἄρτον
1718 2679 1926 2746 ἔκτισε,

353 2771 451 2823 καὶ
482 2768 787 2823 κεκώλυται
819 2771 852 2840 ἡ
887 2770 1124 2841 ἀμετρία
1144 2787 1158 2801 ·
1183 2773 1266 2825 ὅτι
1296 2773 1393 2824 καὶ
1424 2766 1567 2823 οἶνον
1600 2770 1807 2837 ἔκτισε,
1839 2772 1933 2826 καὶ

351 2859 715 2932 κεκώλυταιή
747 2861 1005 2931 ἀμετρία.
1042 2862 1155 2932 Οὐχ
1181 2862 1257 2924 ὡς
1287 2861 1602 2932 ἀκάθαρτον
1628 2863 1810 2917 τοίνυν
1833 2864 1930 2935 τὴν

350 2951 557 3023 τροφὴν
584 2951 629 2984 ’⁸⁸
687 2950 1075 3023 παραιτεῖσθαι
1127 2951 1366 3020 κελεύει,
1421 2952 1538 3006 ἀλλ’
1578 2952 1653 3015 ὡς
1702 2952 1931 3006 ἐκλύου-

289 3100 295 3109 ,
352 3057 451 3097 σαν
469 3043 516 3074 ⁸⁸
545 3042 634 3097 διὰ
661 3042 763 3112 τῆς
787 3043 1055 3114 ἀμετρίας
1082 3043 1181 3112 τὴν
1210 3044 1409 3114 ψυχήν.
1444 3044 1560 3097 Πᾶν
1588 3042 1697 3115 γὰρ
1727 3044 1934 3110 κτίσμα

2058 579 2160 635 est,
2210 570 2349 624 sicut
2397 580 2453 625 et
2482 570 2608 639 quia
2651 572 2798 640 jacet
2838 570 2927 624 ubi
2968 570 3188 625 cecidit.
3249 569 3306 626 Si
3351 586 3484 626 vero
3525 589 3629 627 non

2058 663 2321 730 paenitere
2352 672 2694 731 peccatorum
2743 660 2942 715 malum
2977 671 3098 725 est,
3133 661 3346 729 qualem
3393 671 3634 717 meretur

2057 752 2561 807 condemnationem
2595 752 2689 821 qui
2711 750 2958 819 superbit
2988 761 3041 805 et
3071 751 3304 805 exsultat
3352 752 3403 805 in
3431 766 3628 821 pecea-

2055 844 2156 898 tis!
2186 844 2253 898 Et
2276 845 2320 899 si
2350 844 2657 899 immundus
2680 852 2763 897 est
2792 843 2885 911 qui
2918 843 2970 896 in
2998 843 3152 897 bonis
3200 841 3411 896 actibus
3439 857 3632 910 snper-

2055 934 2264 1003 bit,qui
2313 933 2569 989 similiter
2596 942 2650 988 et
2680 932 2745 988 tle
2775 930 3015 1002 peccatis
3041 931 3229 998 sentit,
3261 931 3347 986 ubi
3386 931 3630 986 inveniet

2054 1024 2439 1096 indulgentiam
2457 1024 2481 1078 ?

2714 1131 2872 1189 CAP.
2913 1132 2975 1188 V.

2123 1229 2287 1285 Vens.
2324 1229 2376 1295 1,
2400 1227 2455 1283 2.
2490 1228 2641 1297 Agite
2676 1243 2835 1291 nunc,
2865 1226 3072 1290 divites,
3102 1223 3308 1294 plorate
3357 1222 3624 1276 ululantes

2050 1319 2105 1373 iu
2143 1318 2369 1373 miseriis
2404 1318 2587 1371 vestris
2621 1332 2739 1386 qua:
2772 1316 3059 1370 adveniunt
3098 1312 3261 1367 vobis.
3301 1312 3509 1366 Divititc
3535 1327 3624 1365 ue-

2048 1417 2171 1461 stra:
2210 1405 2520 1476 putrefacta:
2561 1414 2706 1470 sunt,
2742 1415 2792 1459 et
2832 1405 3141 1458 uestimenta
3176 1413 3346 1456 uestra
3400 1419 3429 1455 ιι
3467 1401 3623 1453 tineis

2048 1508 2275 1552 comesta
2314 1502 2473 1560 sunt;
2505 1514 2696 1552 aurum
2746 1508 2971 1552 vestrum
3008 1508 3053 1552 et
3093 1507 3369 1567 argentum
3429 1493 3623 1563 a‘rugi-

2047 1593 2205 1647 uavh.

2116 1682 2655 1752 Compreliendamus
2690 1696 2821 1751 ergo
2854 1686 3138 1751 angustam
3179 1678 3340 1732 viam.
3406 1675 3624 1746 Usque-

2044 1790 2152 1845 quo
2184 1775 2466 1845 voluptarii
2522 1773 2756 1829 sensus?
2810 1786 3091 1843 usqueqno
3139 1769 3434 1825 mollities?
3478 1766 3619 1823 Num

2044 1867 2413 1923 saturabimur
2445 1866 2806 1931 luxuriantes,
2844 1865 3110 1929 ridentes,
3154 1861 3459 1917 saltantes?
3488 1876 3619 1915 num

2043 1969 2095 2015 et
2116 1960 2304 2014 eadem
2327 1973 2542 2029 semper
2568 1967 2747 2021 erunt,
2772 1966 2826 2012 et
2857 1970 3078 2020 mensaé,
3103 1962 3157 2008 et
3174 1947 3368 2018 fastus,
3395 1962 3450 2007 ct
3471 1967 3622 2005 sum-

2042 2049 2309 2121 ptuositas
2339 2060 2390 2104 et
2415 2048 2657 2103 divitiae?
2684 2063 2810 2101 num
2842 2060 3059 2116 semper
3082 2053 3136 2100 et
3173 2057 3353 2099 emere
3384 2048 3439 2098 et
3486 2040 3620 2096 tedi-

2041 2141 2238 2197 ficare?
2265 2141 2332 2196 Et
2361 2142 2482 2212 quis
2517 2139 2836 2210 profectus?
2870 2152 3049 2206 mors,
3080 2137 3271 2207 etquis
3302 2134 3461 2190 finis?
3482 2133 3621 2189 cinis

2038 2246 2092 2292 et
2127 2235 2325 2305 pulvis,
2376 2233 2635 2288 feretrum
2680 2241 2737 2286 et
2783 2245 3019 2285 vermes.

2110 2324 2273 2381 Vsus.
2307 2325 2360 2380 5.
2389 2324 2608 2394 Epulati
2637 2327 2762 2377 estis
2794 2338 2951 2388 super
2978 2331 3195 2385 terram,
3230 2328 3276 2374 et
3302 2317 3356 2371 in
3387 2317 3618 2372 luxuriis

2038 2418 2407 2489 ingurgitastis
2438 2433 2547 2473 vos.
2587 2414 2878 2470 Enutristis
2902 2413 3060 2468 corda
3087 2424 3259 2468 vestra
3282 2412 3420 2466 sicut
3448 2411 3502 2463 in
3531 2409 3619 2463 die

2038 2511 2338 2565 occisionis.

2108 2600 2247 2667 Quid
2286 2597 2454 2667 ergo?
2486 2598 2554 2652 ab
2584 2596 2758 2666 epulis
2787 2594 3163 2652 dimovemur?
3209 2602 3264 2649 et
3315 2592 3613 2647 vehemen-

2038 2700 2143 2747 ter.
2198 2691 2310 2746 Cur
2354 2704 2484 2760 ergo
2520 2688 2735 2758 utipsis
2792 2686 3186 2756 participemus
3221 2693 3420 2739 creatae
3442 2682 3617 2736 sunt?

2037 2784 2172 2852 Quia
2200 2791 2255 2838 et
2278 2796 2473 2853 panem
2500 2779 2708 2835 creavit
2738 2776 2883 2833 Deus
2912 2786 2968 2832 et
2998 2779 3063 2831 ab
3088 2775 3399 2831 excessibus
3432 2772 3616 2843 probi-

2035 2877 2260 2941 bemur;
2286 2876 2410 2943 quia
2432 2881 2481 2927 el
2506 2871 2689 2926 vinum
2724 2870 2951 2934 creavit,
2978 2876 3030 2921 et
3061 2874 3218 2936 potus
3250 2864 3615 2919 immoderati-

2038 2968 2110 3024 tia
2139 2966 2547 3022 condemnatur.
2573 2962 2690 3019 Non
2731 2961 2948 3032 quidem
2987 2960 3128 3015 sicut
3162 2958 3291 3029 quid
3339 2956 3613 3025 impurum

2036 3061 2224 3133 epulas
2254 3073 2534 3115 removere
2559 3058 2732 3127 jubet,
2788 3057 2880 3110 sed
2913 3054 3040 3124 quia
3093 3066 3187 3123 per
3244 3049 3614 3113 immoderati-

348 3134 483 3188 Θεοῦ
514 3134 705 3197 καλὸν,
749 3135 902 3206 φησι,
947 3134 1045 3190 καὶ
1084 3135 1234 3190 οὐδὲν
1266 3135 1572 3207 ἀπόϐλητον
1607 3135 1742 3207 μετά
1778 3136 1934 3207 εὐχαα

2047 3154 2173 3207 tiam
2203 3150 2437 3205 animam
2458 3156 2743 3204 enervant.
2771 3144 3043 3214 Quidquid
3068 3142 3276 3198 creavit
3308 3140 3473 3204 Deus,
3512 3138 3616 3194 hoc

352 3225 562 3295 ριστίας
599 3226 842 3297 λαμϐανό
851 3243 1032 3298 μενον.

414 3433 933 3502 Μακροθυμήσατε
958 3433 1053 3486 καὶ
1081 3431 1274 3501 ὑμεῖς,
1300 3432 1624 3501 στηρίξατε
1658 3434 1765 3500 τὰς
1795 3450 1929 3501 καρ-

346 3522 481 3589 δίας
507 3524 697 3594 spor,
742 3523 832 3577 ὅτι
881 3524 919 3591 ἠ
950 3525 1263 3592 παρουσία
1312 3524 1420 3578 τοῦ
1449 3524 1669 3592 Κυρίου
1696 3523 1925 3593 ﬁmum.

416 3615 817 3686 Μακροθυμίαν
844 3616 982 3687 πρὸς
1012 3616 1299 3686 ἀλλήλους,
1327 3616 1605 3686 ὑπομονὴν
1632 3615 1768 3686 πρὸς
1798 3617 1928 3679 τοὺς

346 3706 474 3774 ἔξω.
504 3707 869 3779 Μακροουμεῖ
909 3709 1018 3780 γάρ
1047 3726 1131 3771 τις
1176 3709 1315 3779 πρὸς
1361 3709 1620 3771 ἐκείνους,
1655 3708 1749 3763 οὓς
1767 3709 1928 3761 δυνα-

343 3800 439 3853 τὸν
489 3800 584 3852 καλ⁸
640 3799 993 3870 ἀμύνασθαι·
1043 3802 1305 3872 ὑπομένει
1350 3801 1407 3853 δὲ
1453 3800 1547 3863 οὒς
1587 3801 1647 3852 ού
1702 3799 1927 3853 δύναται

345 3890 660 3962 ἀμύνασθαι
683 3909 696 3922 ’
730 3891 816 3944 διὰ
841 3892 999 3945 τοῦτο
1030 3893 1122 3945 ἐπὶ
1178 3894 1277 3964 μὲν
1310 3892 1447 3946 Θεοῦ
1479 3892 1735 3945 οὐδέποτε
1791 3892 1925 3946 ὑπο-

348 3982 491 4054 μονὴ
518 3983 758 4051 λέγεται,
799 3983 1152 4056 μακροθυμία
1198 3984 1254 4036 δὲ
1291 3982 1587 4054 πολλαχοῦ.
1611 3984 1675 4037 Εἰ
1706 3979 1799 4038 οὖν
1831 3985 1928 4038 καὶ

343 4070 583 4125 ἐνταῦθα
611 4072 861 4126 δοκοῦσιν
907 4073 1423 4143 ἐγκαταλελεῖφθαι,
1453 4072 1572 4126 ἀλλ’
1622 4075 1774 4145 ὅμως
1806 4076 1928 4129 ἐκεῖ

342 4162 547 4232 πολλῆς
604 4164 974 4218 ἀπολαύσουσι
1021 4165 1123 4237 τῆς
1180 4162 1359 4235 δόξης.
1396 4164 1567 4219 Ὅταν
1621 4166 1680 4219 δὲ
1741 4167 1927 4221 ἴδωσιν

339 4255 391 4306 οἱ
425 4254 639 4324 μεγάλα
660 4255 943 4324 φυσῶντες
974 4257 1102 4321 τοὺς
1130 4255 1570 4327 μαστιζομένους
1595 4257 1686 4311 ὑπ’
1718 4258 1922 4324 αὐτῶν,

338 4346 470 4408 τοὺς
504 4347 1075 4418 καταφρονουμένους,
1111 4349 1238 4413 τοὺς
1278 4348 1765 4420 καταγελωμένους
1799 4351 1924 4405 τού-

338 4450 466 4497 τους
501 4436 668 4503 ἐγγὺς
697 4436 857 4499 ὄντας
884 4437 1039 4503 Θεοῦ,
1081 4438 1203 4491 τότε
1245 4436 1580 4509 θρηνήσουσι
1615 4439 1711 4492 καὶ
1738 4441 1923 4494 ὀλολύ-
1956 4481 1998 4535 D

338 4526 544 4592 ξουσιν,
576 4528 704 4580 ὅταν
720 4530 767 4560 ⁸³
795 4530 923 4592 τοὺς
977 4530 1227 4600 οἰκτροὺς
1270 4530 1364 4583 καὶ
1406 4530 1793 4603 ταλαιπώρους
1824 4537 1922 4587 καὶ⁵

340 4619 513 4688 μυρία
540 4619 813 4683 παθόντας
843 4620 993 4674 δεινά
1029 4622 1125 4675 καὶ
1151 4623 1569 4687 πιστεύσαντας,
1602 4625 1683 4688 είς
1724 4626 1922 4680 τοσαύ-

335 4726 440 4779 την
477 4711 588 4783 ἄγῃ
610 4711 657 4743 ⁵⁵
682 4712 1069 4783 λαμπρότητα.

408 4802 531 4869 Πρό
587 4802 831 4857 πάντων
882 4803 971 4869 δὲ,
1010 4804 1267 4874 ἀδελφοί
1317 4824 1458 4875 μου,
1514 4806 1599 4875 μὴ
1646 4807 1917 4876 ὀμνύετε,

2036 3246 2235 3301 bonum
2278 3242 2434 3308 dixit,
2456 3250 2510 3297 et
2556 3240 2690 3296 nihil
2725 3238 3185 3295 contemnendum
3219 3234 3365 3306 quod
3417 3232 3619 3304 gratia-

2035 3355 2151 3393 rum
2176 3352 2297 3392 cnm
2333 3335 2548 3391 actione
2576 3332 2899 3403 accipimus.

2106 3427 2270 3482 Vens.
2296 3426 2349 3482 8.
2388 3424 2658 3479 Patientes
2688 3432 2851 3478 estote
2886 3433 2933 3477 et
2970 3438 3081 3488 vos,
3112 3420 3424 3489 conﬁrmata
3447 3416 3610 3470 corda

2032 3531 2223 3586 vestra,
2244 3521 2489 3589 quoniam
2546 3517 2798 3570 adventus
2830 3513 3044 3567 Domini
3072 3509 3538 3581 apprapiuquavit.

2107 3612 2376 3667 Patientia
2401 3610 2466 3663 ad
2497 3609 2753 3662 invisent.
2789 3605 3119 3661 Sulferentia
3146 3604 3211 3657 ad
3244 3618 3338 3656 eos
3361 3601 3452 3669 qni
3477 3599 3611 3653 foris

2033 3709 2183 3754 sunt.
2214 3698 2433 3752 Patiens
2463 3697 2607 3751 enim
2633 3696 2754 3764 quis
2781 3703 2863 3749 est
2895 3695 2946 3748 in
2974 3694 3081 3747 illis
3113 3693 3166 3746 in
3196 3692 3391 3760 quibus
3419 3689 3609 3743 ulcisci

2032 3790 2342 3860 potuisset?
2372 3787 2572 3842 Sulfert
2604 3797 2783 3841 autem
2818 3800 2880 3839 ea
2914 3800 3034 3855 qua:
3065 3783 3344 3837 vindicare
3375 3796 3478 3833 non
3506 3794 3602 3846 po-

2034 3892 2139 3938 test
2168 3897 2182 3935 :
2219 3891 2438 3953 propter
2458 3880 2602 3950 quod
2639 3888 2694 3934 et
2724 3879 2790 3933 de
2822 3878 2931 3932 Deo
2961 3874 3276 3931 sull‘erentia
3332 3887 3606 3939 nunquam

2031 3973 2250 4045 legitur,
2304 3972 2399 4029 sed
2458 3971 2658 4041 ubique
2699 3969 2978 4038 patientia.
3021 3967 3123 4035 Qui
3165 3980 3293 4036 ergo
3348 3973 3403 4019 et
3463 3977 3610 4015 nunc

2030 4066 2250 4120 omnino
2286 4066 2541 4121 videntur
2579 4061 2843 4127 derelicti,
2897 4060 2971 4115 illi
3018 4069 3072 4115 et
3115 4059 3166 4114 in
3221 4057 3405 4112 futuro
3439 4055 3607 4110 multa

2031 4158 2278 4212 fruentur
2301 4156 2491 4225 gloria.
2517 4156 2650 4211 Cum
2684 4162 2863 4209 autem
2895 4153 3174 4217 videbunt,
3204 4149 3256 4205 lll
3279 4150 3368 4219 qui
3412 4162 3605 4217 magna

2030 4247 2387 4319 superbiant,
2441 4246 2561 4303 illos
2616 4262 2753 4315 quos
2812 4244 3220 4316 flagellaverunt
3278 4241 3418 4311 ipsi,
3472 4255 3607 4309 quos

2029 4349 2417 4410 conspueruut,
2462 4340 2791 4401 deriserunt,
2823 4347 3031 4393 stantes
3070 4336 3224 4407 juxta
3265 4333 3459 4395 Deum,
3496 4342 3606 4384 tum

2029 4433 2327 4503 lugebant;
2358 4442 2411 4488 et
2438 4431 2876 4487 lamentabuntur
2905 4444 3026 4486 cum
3066 4429 3130 4483 ad
3166 4434 3369 4483 tantam
3420 4436 3608 4492 pervc-

2033 4525 2185 4579 nient
2215 4523 2532 4580 felicitatem
2565 4524 2620 4578 1ιὶ
2646 4523 2832 4577 miseri
2885 4532 2940 4575 et
2972 4514 3420 4587 miserabilcsqni
3458 4522 3606 4568 tanta

2030 4618 2099 4673 ab
2121 4618 2252 4688 ipsis
2284 4617 2425 4686 passi
2457 4625 2582 4670 sunt
2614 4615 2852 4671 crudelia
2872 4612 3039 4665 mala.

2101 4801 2265 4857 Vens.
2304 4803 2389 4858 12.
2433 4801 2570 4856 Ante
2612 4798 2788 4855 omnia
2828 4806 3028 4861 autem,
3058 4796 3254 4866 fratres
3286 4795 3408 4861 mei,
3449 4795 3608 4849 nolite

329 4892 486 4961 μήτε
515 4893 623 4947 τὸν
666 4895 948 4965 οὐρανὸν,
994 4896 1149 4967 μήτε
1191 4896 1304 4967 τὴν
1346 4897 1485 4967 γῆν,
1517 4898 1672 4969 μήτε
1724 4897 1920 4953 ἄλλον

2037 4913 2208 4960 yurare
2240 4911 2401 4964 neque
2452 4909 2543 4960 per
2607 4891 2815 4956 caelum,
2860 4904 3022 4957 neque
3053 4904 3147 4958 per
3181 4895 3398 4954 terram,
3445 4903 3608 4955 neque

331 4983 471 5037 τινὰ
498 4983 703 5052 ὅρκον.

406 5074 475 5127 Τί
505 5069 599 5128 οῦν
634 5076 731 5129 ὲάν
756 5078 965 5148 ἀπαιτῇ
992 5095 1077 5141 τις
1097 5079 1280 5149 ὅρκον,
1314 5080 1408 5133 καὶ
1429 5080 1680 5151 ἀνάγκην
1711 5079 1917 5151 indm;

345 5165 409 5218 Ὀ
438 5165 536 5218 τοῦ
568 5167 706 5220 Θεοῦ
735 5168 899 5238 φόϐος
929 5169 1027 5238 τῆς
1057 5169 1304 5239 ἀνάγκης
1353 5171 1495 5224 ἔστω
1524 5168 1918 5242 δυνατώτερος.

346 5252 504 5305 Ἐπεὶ
539 5256 588 5307 εί
648 5256 833 5325 μέλλει
866 5256 911 5289 ⁸⁸
956 5257 1056 5319 τὰς
1082 5257 1129 5288 ⁸⁸
1188 5259 1447 5322 τοιαύτας
1511 5260 1915 5331 προϐάλλεσθαι

333 5345 643 5412 προφάσεις
664 5346 748 5412 ιε’,
811 5347 968 5401 οὐδὲν
1019 5348 1277 5417 φυλάξεις
1329 5351 1436 5404 τῶν
1490 5352 1915 5423 ἐπιταχθέντων.

334 5436 599 5504 Καίτοιγε
637 5439 730 5490 ἐπὶ
769 5440 879 5493 τῶν
922 5441 1102 5511 νόμων
1140 5441 1250 5495 τῶν
1285 5444 1650 5515 ἀνθρωπίνων
1681 5445 1919 5514 οὐδαμοῦ

332 5527 500 5582 τοῦτο
551 5529 762 5601 τολμᾷς
804 5532 1199 5603 προϐαλέσθαι,
1233 5535 1354 5588 οὐδὲ
1384 5538 1579 5601 εἰπεῖν,
1613 5537 1730 5593 ἀλλ’
1779 5537 1921 5593 ἑκὼν

432 5685 476 5719 ³³
497 5687 555 5744 C.
579 5688 726 5743 cas.

330 5754 381 5791 ⁸⁸
408 5755 471 5813 C.
500 5757 560 5815 C.
584 5759 724 5829 ἄγει.

832 5690 874 5721 ⁸³
911 5692 970 5745 (3.
998 5692 1057 5746 C.
1089 5694 1169 5747 τὸ.
1274 5694 1318 5725 ³ο
1348 5693 1406 5749 C.
1467 5695 1528 5748 (ἶ.
1564 5697 1756 5758 κτίσις,

831 5759 874 5792 ³⁵
903 5761 965 5817 (.1.
1001 5763 1061 5820 C.
1098 5765 1329 5831 μέλλεις.
1428 5764 1471 5796 ⁸⁸
1499 5766 1561 5820 (2.
1593 5766 1652 5819 (1.
1695 5782 1803 5822 om.

1859 5697 1899 5728 “
1933 5696 1993 5751 C.
2025 5697 2085 5751 C.
2121 5697 2351 5767 τρυφήν.

1897 5766 1960 5798 δ’δ’
1989 5767 2051 5823 (3.
2080 5768 2139 5821 C.
2178 5769 2480 5839 προφάσης.

2024 4988 2175 5041 aliud
2203 4988 2546 5054 quodcunque
2564 4984 2944 5051 iurameutum.

2099 5076 2239 5144 Quid
2261 5090 2388 5145 ergo
2417 5075 2461 5129 si
2499 5075 2740 5143 requirat
2762 5076 2884 5145 quis
2908 5075 3302 5143 juramentum,
3323 5082 3377 5129 ct
3405 5087 3602 5129 neces-

2026 5171 2239 5225 sitatem
2274 5168 2614 5239 praetendat?
2646 5167 2984 5223 Necessitate
3011 5168 3280 5238 potentior
3319 5169 3388 5223 sit
3443 5168 3607 5221 timor

2026 5264 2140 5320 Dei.
2168 5262 2224 5318 Si
2259 5262 2381 5317 talia
2413 5264 2555 5317 enim
2587 5260 2848 5315 vindicari
2870 5270 3086 5330 possent
3129 5268 3414 5331 praetexta,
3455 5260 3599 5314 nulla

2019 5366 2289 5425 praecepta
2330 5368 2601 5409 servares.
2640 5353 2932 5409 Enimvero
2973 5355 3025 5409 in
3091 5353 3341 5410 humanis
3395 5353 3602 5425 legibus

2019 5448 2239 5503 nulliter
2267 5446 2392 5501 talia
2438 5446 2671 5516 proferri
2704 5446 2937 5512 sineres,
2968 5462 3069 5502 nec
3105 5447 3223 5517 ipse
3276 5447 3461 5505 dicere
3499 5465 3599 5503 au-

2019 5538 2201 5595 deres.
2264 5536 2394 5605 Sed,
2447 5539 2581 5594 velis
2615 5538 2776 5604 nolis,
2806 5540 3149 5608 compelleris
3183 5556 3402 5598 servare
3446 5557 3599 5596 man-

3162 5701 3203 5733 ”
3229 5700 3285 5756 Ο.
3310 5700 3368 5757 C.
3395 5699 3475 5756 ὅτ’
3511 5697 3595 5753 ἀν.

2466 5698 2509 5732 δ’
2544 5698 2603 5753 (Ι.
2638 5700 2696 5754 C.
2724 5698 3037 5754 ἔκκλουσαν.
