4054 6216
396 306 529 361 105⁸5

1307 309 1729 364 FRAGMENTA
1757 310 1820 365 IN
1864 311 2253 370 EPISTULAM
2291 315 2307 368 1
2359 317 2412 371 S.
2456 317 2678 374 PETRI.

748 464 3328 500 __._.____..___...______.______._______________

974 627 1099 714 IN
1177 628 1643 715 PRIMAM
1722 630 1817 719 S.
1895 631 2248 721 PETRI
2343 637 3058 732 EPIS'FOLAM.

811 819 1211 873 ΚΕΦΑΛΑΙΟΝ
1248 820 1543 874 ΠΡΩΤΟΝ.

465 931 698 1000 Ὀλίγον
734 930 885 999 ἄρτι,
916 934 964 985 ei
987 931 1128 985 δέον
1154 932 1311 996 ἐστὶ,
1336 933 1721 1001 λυπηθέντας
1746 934 1813 987 ἐν
1842 949 1961 988 ποι-

382 1030 440 1074 sti
454 1024 576 1086 λοις
606 1021 979 1091 πειρασμοῖς,
1007 1022 1107 1075 ἵνα
1127 1022 1194 1076 τὸ
1222 1022 1496 1092 δοκίμιον
1525 1023 1694 1092 ὑμῶν
1720 1024 1825 1093 τῆς
1864 1028 1961 1080 πί-

381 1128 571 1176 στεως
606 1110 767 1164 πολὺ
793 1111 1136 1179 τιμιώτερον
1168 1114 1428 1181 χρυσίου
1471 1112 1578 1166 τοῦ
1612 1113 1960 1184 ἀπολλυμέ-

380 1222 514 1269 νου,
573 1203 671 1256 διὰ
730 1203 920 1271 πυρὸς
942 1202 1010 1275 δὲ
1062 1202 1550 1274 δοκιμαζομένου,
1602 1205 1818 1274 εὑρεθῆ
1870 1209 1959 1272 εις
2060 1214 2078 1265 i

379 1297 632 1348 ἔπαινον
687 1296 785 1348 καὶ
840 1285 1047 1362 δόξαν,
1109 1297 1207 1349 καὶ
1253 1297 1433 1366 τιμὴν
1462 1298 1531 1351 ἐν
1572 1298 1957 1368 ἀποκαλύψει

390 1386 595 1454 Ἰησοῦ
627 1386 882 1455 Χριστοῦ
912 1403 923 1415 ·
958 1386 1030 1441 ὃν
1058 1390 1168 1442 οὐκ
1201 1389 1424 1455 ειδότες
1462 1389 1750 1458 ἀγαπᾶτε.

449 1480 510 1531 Οἱ
541 1478 741 1531 δίκαιοι
774 1476 1066 1545 θλίϐονται,
1104 1481 1190 1533 ἵνα
1215 1482 1670 1549 στεφανωθῶσιν·
1705 1484 1755 1535 οἱ
1777 1484 1956 1553 ἁμαρ·

376 1568 557 1633 τωλοὶ,
591 1568 678 1620 ἴνα
711 1567 818 1621 τῶν
858 1569 1147 1639 ἁμαρτιῶν
1175 1569 1333 1640 δίκην
1362 1572 1671 1626 ὲκτίσωσιν.
1711 1573 1784 1624 Οὐ
1816 1574 1955 1626 πάν-

372 1675 464 1721 τες
495 1658 552 1710 δὲ
579 1658 628 1709 οἱ
666 1658 984 1729 ἁμαρτωλοὶ
1026 1660 1184 1729 δίκην
1219 1660 1456 1715 ἐνταῦθα
1498 1662 1824 1727 τιννόουσιν,
1867 1664 1953 1717 ἵνα

377 1749 452 1819 μὴ
483 1751 549 1818 τῇ
575 1749 942 1803 ἀναστάσειοὶ
969 1749 1154 1802 πολλοὶ
1195 1752 1575 1823 ἀπιστήσουσιν
1599 1770 1613 1784 ·
1658 1752 1719 1805 οὐ
1751 1754 1953 1816 πάντες

374 1842 423 1893 οἱ
465 1840 667 1893 δίκαιοι
711 1840 1012 1907 θλίϐονται,
1046 1842 1132 1894 ἵνα
1169 1843 1244 1913 μὴ
1272 1843 1370 1912 τὴν
1420 1844 1621 1896 κακίαν
1658 1845 1952 1914 ἐπαινετὴν

372 1928 512 1983 εἶναι
544 1932 796 2004 νομίσῃς,
824 1933 918 1986 καὶ
956 1935 1195 2004 μισήσῃς
1228 1935 1328 2004 τὴν
1349 1937 1575 2003 ἀρετήν.

443 2023 686 2088 Είδότες
749 2023 837 2076 ὅτι
890 2026 962 2077 οὐ
1001 2025 1302 2093 φθαρτοῖς,
1343 2027 1603 2096 ἀργυρίῳ
1630 2028 1667 2095 ἡ
1697 2028 1948 2096 χρυσίῳ,

2586 832 2814 891 CAPUT
2855 834 3149 900 PRIMUM.

2136 938 2299 994 Vens.
2331 940 2445 997 6-8.
2474 943 2741 1000 Modicum
2770 966 2905 1004 nunc
2940 956 2986 1006 si
3019 967 3220 1024 oportet
3253 962 3560 1017 contristari
3589 966 3640 1020 in

2062 1029 2222 1081 variis
2271 1036 2669 1103 mutationibus,
2708 1050 2765 1092 ut
2805 1044 3048 1109 probatio
3093 1049 3219 1114 fidei
3260 1061 3443 1108 vestra:
3484 1057 3644 1110 multo

2059 1306 2367 1361 velationem
2405 1307 2535 1364 Jesu
2571 1310 2789 1379 Christi,
2844 1333 2993 1386 quem
3070 1337 3188 1373 cum
3240 1340 3344 1377 non
3405 1326 3640 1379 videritis

2058 1397 2306 1467 d.'ligitis.

2129 1489 2456 1544 Premuntur
2485 1492 2618 1559 justi
2641 1506 2697 1547 ut
2723 1507 3072 1566 coronentur,
3103 1513 3417 1570 peccatores
3438 1511 3494 1556 ut
3516 1519 3639 1573 pec-

2056 1589 2296 1634 catorum
2351 1597 2541 1651 pmnas
2580 1584 2747 1640 luant.
2780 1588 2893 1641 Non
2927 1604 3117 1659 omnes
3167 1607 3295 1648 vero
3327 1582 3637 1663 peccatores

2056 1672 2142 1724 hic
2172 1686 2358 1739 paruas
2388 1674 2696 1741 exsolvunt,
2732 1692 2797 1730 ne
2835 1682 3231 1735 resurrectinni
3274 1685 3423 1737 multi
3469 1685 3636 1739 dene-

2055 1774 2179 1832 gem
2218 1766 2418 1828 tidem;
2475 1768 2612 1821 sicut
2663 1779 2716 1823 et
2763 1786 2868 1825 non
2904 1787 3092 1827 omnes
3127 1774 3451 1830 tribulantur
3478 1776 3632 1845 justi,

2057 1867 2122 1906 ne
2148 1855 2336 1909 credas
2371 1855 2635 1912 laudanda
2679 1860 2830 1926 vitia,
2858 1870 2910 1913 et
2939 1861 3191 1917 virtutem
3220 1865 3419 1920 oderis.

2124 2037 2291 2091 Vnus.
2346 2039 2433 2102 18,
2474 2041 2563 2096 21.
2619 2040 2853 2097 Scientes
2889 2046 3029 2107 quod
3079 2062 3178 2099 non
3208 2047 3632 2116 corruptibilibus

372 2115 740 2182 ἐλυτρώθητε
780 2114 849 2168 ἐκ
879 2114 987 2183 τῆς
1016 2118 1273 2184 ματαίας
1334 2118 1502 2187 ὑμῶν
1558 2120 1940 2188 ἀναστροφῆς

2059 2147 2189 2183 auro
2222 2139 2269 2183 et
2295 2141 2508 2200 argento
2539 2136 2789 2202 redempti
2812 2137 2933 2189 estis
2964 2138 3026 2190 tle
3053 2152 3186 2190 vana
3217 2149 3385 2192 vestra
3417 2156 3631 2194 conver-

372 2206 937 2274 πατροπαραδότου,
979 2208 1140 2262 ἀλλὰ
1186 2209 1351 2278 τιμίῳ
1388 2212 1587 2279 αἵματι
1624 2214 1704 2279 ὡς
1750 2214 1944 2281 ἀμνοῦ

371 2298 613 2367 ἀμώμου
652 2298 751 2352 καὶ
775 2300 1044 2353 ἀσπίλου
1104 2301 1384 2367 Χριστοῦ,
1440 2305 1943 2373 προεγνωσμένου

367 2390 486 2459 μὲν
520 2390 633 2458 πρὸ
674 2389 1012 2457 καταϐολῆς
1060 2391 1314 2460 κόσμου,
1355 2384 1804 2462 φανερωθέντος
1851 2396 1938 2458 δὲ,

368 2478 464 2530 ἐπ’
495 2477 757 2547 ἐσχάτου
778 2478 893 2532 τῶν
930 2481 1169 2548 χρόνων
1196 2481 1269 2534 δι’
1297 2481 1452 2551 ὑμᾶς
1482 2482 1623 2549 τοὺς
1652 2484 1726 2536 δι’
1756 2485 1942 2538 αὑτοῦ

370 2570 776 2636 πιστεύοντας
808 2572 895 2636 εὶς
927 2572 1095 2625 Θεόν.

441 2662 663 2731 Κτίσμα
698 2661 869 2732 ἐσμὲν
905 2662 998 2715 τοῦ
1041 2662 1198 2729 Θεοῦ,
1226 2664 1360 2719 ἀλλὰ
1391 2665 1478 2719 διὰ
1515 2667 1615 2738 τὴν
1667 2670 1940 2739 ἁμαρτίαν

370 2752 673 2822 γεγόναμεν
719 2753 814 2806 τοῦ
848 2752 1099 2807 διαϐόλου
1122 2771 1136 2784 ·
1192 2752 1311 2809 εἶτα
1336 2758 1628 2825 γεγονότας
1667 2761 1815 2831 ἡμᾶς
1843 2761 1939 2814 τοῦ

368 2844 634 2908 διαϐόλου,
661 2844 939 2909 ὲξωνεῖται
962 2845 990 2897 ὁ
1007 2845 1199 2917 Σωτὴρ
1220 2846 1296 2917 τῷ
1325 2848 1521 2901 ἑαυτοῦ
1548 2850 1761 2919 αἵματι,
1786 2868 1940 2904 τουτ-

369 2934 485 2986 έστι
528 2935 626 2998 τὸ,
677 2934 853 3004 Τιμῆς
905 2935 1301 3005 ἠγοράσθητε.
1359 2939 1778 3011 Ἠγοράσθημεν
1834 2942 1938 3013 γὰρ

368 3025 534 3097 τιμίῳ
564 3027 756 3097 αἵματι
789 3028 857 3082 ⁵⁵.
894 3027 1107 3099 Ὥσπερ
1142 3030 1251 3100 γὰρ
1295 3031 1685 3102 οἰκοδεσπότης
1742 3033 1939 3101 σεμνὸς

369 3117 463 3170 καὶ
512 3117 698 3181 καλὸς,
752 3118 972 3188 οἰκέτην
1019 3122 1297 3193 μοχθηρὸν
1352 3122 1525 3176 πολλὰ
1555 3124 1940 3194 ἁμαρτήματα

367 3208 579 3278 ἔχοντα,
617 3210 691 3280 μὴ
718 3211 762 3244 ⁸⁵
790 3211 985 3281 κρίνας
1019 3212 1171 3279 ἀξιον
1193 3214 1290 3283 τῆς
1313 3214 1509 3267 ἑαυτοῦ
1551 3214 1722 3285 καλῆς
1759 3216 1938 3279 οἰκίας

367 3302 463 3353 καὶ
488 3302 586 3372 τῆς
612 3303 810 3357 ἑαυτοῦ
836 3305 1047 3376 διαίτης
1074 3306 1327 3360 ἀποδοῖτό
1356 3324 1486 3374 τινι,
1512 3308 1600 3361 ἵνα
1625 3308 1789 3363 αὑτὸν
1810 3325 1939 3363 παι-

364 3393 551 3467 δεύσῃ.
598 3395 731 3450 Εἶτα
765 3397 860 3451 ἐὰν
907 3397 990 3470 ἴδῃ
1025 3398 1190 3452 αὑτὸν
1242 3400 1649 3471 κεκολασμένον
1684 3402 1788 3455 ὑπὸ
1837 3420 1938 3456 πο-

2057 2222 2258 2273 salione
2307 2232 2539 2288 paterna:
2585 2225 2915 2285 traditionis.
2963 2226 3052 2278 sed
3101 2229 3326 2295 pretioso
3381 2233 3633 2298 sanguine

2051 2314 2201 2379 quasi
2217 2312 2351 2380 Αριιὶ
2368 2314 2696 2367 immaculati
2713 2326 2760 2369 et
2777 2317 3174 2371 incontaminati
3188 2319 3379 2374 Christi
3394 2336 3414 2373 .·
3430 2337 3632 2388 prteeo-

2052 2404 2184 2472 gniti
2226 2406 2435 2473 quidem
2482 2418 2603 2460 ante
2637 2409 2822 2461 mundi
2863 2411 3319 2477 constitutionem,
3363 2416 3630 2483 manifesti

2051 2507 2224 2547 autem
2266 2497 2320 2549 in
2354 2499 2650 2552 novissimis
2697 2502 3016 2568 temporibus
3064 2513 3273 2570 propter
3302 2521 3391 2558 vos
3424 2507 3513 2575 qui
3542 2524 3632 2576 per

2050 2588 2217 2655 ipsum
2246 2588 2425 2656 ﬁdeles
2455 2592 2580 2643 estis
2610 2592 2661 2642 in
2692 2593 2878 2645 Deum.

2122 2678 2382 2732 Creatura
2432 2694 2617 2734 sumus
2665 2679 2781 2747 Dei,
2817 2684 2911 2736 sed
2947 2698 3043 2752 per
3090 2696 3371 2754 peceatum
3422 2687 3625 2742 diaboli

2052 2771 2174 2825 lacti
2210 2787 2414 2825 sumus.
2452 2769 2652 2825 Deinde
2683 2786 2803 2825 cum
2840 2771 2952 2840 jam
2995 2790 3240 2830 essemus
3277 2793 3363 2831 res
3399 2778 3625 2843 diaboli,

2050 2864 2282 2917 redemit
2327 2877 2424 2916 nos
2457 2862 2712 2915 Salvator
2768 2864 3034 2934 sanguine
3066 2880 3183 2919 suo.
3221 2865 3333 2921 lloc
3368 2876 3450 2921 est
3498 2869 3626 2922 illud

2048 2955 2199 3009 Pauli
2242 2971 2256 3008 ε
2300 2952 2478 3006 Pretio
2535 2954 2792 3022 redempti
2845 2956 2970 3008 estis
3011 2955 3076 3009 ιδ.
3113 2955 3394 3026 Retlempti
3439 2975 3628 3013 sumus

2048 3047 2191 3101 enim
2256 3044 2491 3113 pretioso
2545 3045 2828 3114 sanguine.
2892 3045 3045 3101 Sicut
3096 3049 3239 3102 enim
3285 3052 3628 3106 venerandus

2048 3137 2435 3209 paterfamilias
2500 3146 2555 3192 et
2626 3138 2832 3201 bonus,
2897 3152 3217 3207 perversum
3308 3140 3619 3210 famulum,

2048 3231 2246 3285 multas
2294 3230 2579 3284 habentem
2621 3229 3058 3298 imperfectiones
3090 3241 3146 3287 et
3206 3247 3366 3303 quem
3402 3250 3508 3290 non
3543 3238 3626 3291 (Ιί-

2048 3338 2211 3394 gnum
2244 3321 2509 3390 judicavit
2543 3320 2784 3389 pulchra:
2837 3335 2950 3376 sua:
2994 3323 3187 3378 domus
3220 3332 3276 3378 et
3323 3325 3625 3395 regiminis,

2047 3416 2225 3470 alieno
2255 3413 2494 3469 traderet
2519 3413 2607 3483 qui
2642 3413 2866 3469 doceret
2899 3413 3072 3469 illum.
3103 3412 3310 3471 Deinde
3347 3416 3392 3471 si
3419 3417 3624 3472 videret

365 3488 516 3559 νηρῷ
544 3489 779 3562 δεσπότῃ
813 3490 907 3545 καὶ
929 3489 1179 3561 λέγοντα,
1220 3492 1531 3563 Πορεύομαι
1566 3493 1703 3565 πρὸς
1731 3492 1825 3547 τὸν
1846 3494 1931 3546 δε-

2045 3510 2186 3564 illum
2228 3506 2327 3562 sub
2365 3521 2533 3575 pravo
2577 3506 2800 3561 domino
2855 3507 3179 3574 castigatum
3216 3517 3271 3562 et
3302 3508 3573 3563 dicentem
3611 3528 3624 3564 :

368 3583 576 3651 σπότην
605 3600 704 3653 μου
739 3585 829 3637 τὸν
861 3586 1151 3657 πρότερον,
1192 3586 1273 3639 ὅτι
1316 3586 1497 3650 καλῶς
1530 3604 1621 3657 μοι
1657 3583 1725 3658 ἦν
1756 3588 1933 3659 τότεῆ

366 3674 463 3727 νῦν
490 3690 505 3705 ο
538 3674 750 3729 δίδωσιν
802 3678 953 3748 αὐτῷ
977 3678 1140 3732 πάλιν
1188 3679 1286 3749 τὴν
1315 3679 1515 3751 τιμὴν,
1546 3680 1641 3734 καὶ
1673 3678 1937 3751 ἐξαγορά-

367 3762 450 3829 ζει
477 3765 658 3832 αὑτὸν,
713 3768 799 3821 ἵνα
816 3768 1044 3841 γένηται
1088 3770 1212 3835 λαὸς
1242 3771 1575 3844 περιούσιος.
1608 3772 1797 3837 Οὕτως
1844 3770 1937 3829 οὖν

364 3856 462 3911 καὶ
492 3859 643 3929 ἡμᾶς
663 3860 963 3916 ἀνακτᾶται
990 3863 1019 3914 ό
1037 3861 1191 3925 Θεὸς.
1217 3863 1327 3914 Καὶ
1352 3863 1470 3925 πῶς
1492 3864 1662 3933 ἐσμεν
1690 3864 1737 3895 ⁸³
1767 3864 1935 3919 αὐτοῦ

364 3949 473 4003 ῐδια
500 3950 594 4003 καὶ
615 3951 715 4003 οὐκ
751 3951 892 4017 ἵδια;
923 3952 998 4016 ὡς
1032 3952 1132 4023 μὲν
1166 3952 1655 4023 δημιουργήματα,
1695 3954 1823 4021 ἴδια,
1859 3956 1936 4020 ὡς

360 4040 416 4093 δὲ
459 4041 548 4095 διὰ
595 4042 657 4096 τὸ
709 4042 1092 4113 ἡμαρτηκέναι
1142 4043 1411 4112 γενόμενα
1434 4043 1930 4116 ⁵⁷ο¹³αλλὸτρια,οὐκ

363 4132 501 4186 ἴδια·
560 4134 635 4205 μὴ
694 4134 924 4206 νομίσῃς
981 4135 1063 4189 ὅτι
1118 4135 1249 4199 ἴδιος
1286 4130 1339 4188 εἴ
1384 4135 1477 4189 τοῦ
1511 4135 1646 4190 Θεοῦ
1674 4154 1687 4167 ’
1738 4137 1836 4190 ἐὰν
1868 4135 1934 4211 ᾗς

361 4226 718 4297 ἁμαρτωλός·
759 4226 787 4279 ὁ
817 4227 1064 4292 διάϐολος
1110 4228 1218 4299 γάρ
1253 4245 1311 4281 σε
1347 4230 1542 4283 κτᾶται
1572 4244 1585 4257 ·
1623 4229 1838 4283 ἐκείνου
1883 4224 1933 4282 sl

362 4316 571 4386 κτῆμα.
632 4317 952 4387 Ἀνθρωπος
1002 4320 1101 4389 τῆς
1151 4319 1451 4389 ἁμαρτίας,
1508 4321 1624 4382 υἱὸς
1685 4320 1786 4391 τῆς
1827 4320 1933 4373 ἁπ-

362 4407 580 4473 ωλείας,
612 4410 821 4473 ἐκεῖνος
852 4410 1113 4481 ἀγοράζει
1156 4427 1237 4473 σε,
1270 4412 1332 4463 οὐ
1360 4412 1530 4482 τιμίῳ
1556 4412 1769 4482 αἵματι,
1795 4412 1935 4466 ἀλλὰ

363 4502 545 4573 ἀτίμῳ
572 4519 587 4534 ο
640 4502 892 4574 ἁμαρτίᾳ
921 4503 1030 4574 γὰρ
1066 4502 1329 4573 ἀγοράζει
1352 4519 1368 4536 ·
1393 4505 1654 4574 ἀγοράζει
1683 4506 1929 4577 πορνείῳ

362 4593 674 4664 ἀκάθαρτος
706 4595 814 4664 γάρ
851 4597 1019 4649 ἐστιν.
1066 4595 1352 4667 Ἀγοράζει
1388 4598 1534 4667 φόνῳ
1565 4613 1577 4628 ·
1645 4600 1935 4668 μιαιφόνος

361 4689 469 4757 γάρ
520 4688 708 4741 ἐστιν’
759 4688 1256 4756 Ἀνθροποκτόνος
1299 4688 1409 4757 γὰρ
1442 4686 1519 4758 ἦν
1566 4690 1667 4743 ἀπ’
1718 4688 1932 4759 ἀρχῆς,

2041 3598 2227 3653 Redeo
2262 3598 2329 3649 ad
2369 3596 2586 3648 domum
2616 3610 2791 3649 meam
2824 3594 3139 3663 pristinam,
3177 3596 3304 3662 quia
3332 3595 3471 3650 bene
3494 3598 3623 3651 mihi

2038 3698 2167 3744 tune
2202 3695 2319 3742 erat
2353 3686 2526 3754 magis
2552 3700 2716 3755 quam
2745 3699 2911 3753 nunc,
2956 3700 3170 3740 rursum
3205 3685 3358 3740 daret
3394 3686 3624 3753 pretium

2036 3789 2092 3834 et
2119 3775 2606 3838 redimeretillum,
2630 3783 2690 3827 ut
2718 3773 2875 3828 ﬁeret
2905 3775 2959 3827 in
2986 3775 3242 3843 populum
3268 3773 3622 3843 peculiarem.

2037 3870 2129 3926 Sic
2161 3882 2295 3937 ergo
2336 3880 2435 3921 nos
2481 3865 2698 3920 redimit
2749 3866 2911 3920 Deus.
2962 3864 3070 3920 Sed
3121 3864 3394 3933 quomodo
3436 3879 3625 3919 sumus

2035 3970 2285 4016 creatura
2312 3958 2404 4015 Dei
2435 3956 2730 4027 singularis
2752 3964 2805 4011 et
2822 3972 2932 4012 non
2952 3955 3285 4027 singularis?
3309 3955 3624 4026 Siugulares

2036 4065 2245 4117 sumus,
2271 4049 2399 4120 quia
2431 4049 2647 4118 quidem
2673 4047 2742 4102 ab
2774 4048 2892 4116 ipso
2919 4048 3121 4113 creati;
3149 4062 3255 4102 non
3290 4047 3620 4118 singulares.

2035 4141 2185 4211 quia,
2205 4154 2327 4196 cum
2361 4138 2728 4207 peccavimus,
2764 4136 2897 4193 facti
2915 4152 3106 4192 sumus
3136 4135 3415 4193 alieni.Ne
3432 4138 3622 4193 credas

2038 4238 2088 4285 te
2118 4228 2448 4299 peculiarem
2476 4240 2597 4281 esse
2628 4224 2746 4289 Dei,
2778 4241 2900 4281 cum
2932 4226 3011 4282 sis
3041 4234 3329 4295 peccator;
3369 4226 3622 4283 diabolus

2035 4321 2177 4375 enim
2231 4327 2283 4373 te
2313 4317 2542 4381 obtinet,
2580 4316 2748 4386 ipsius
2777 4318 3050 4385 possessio
3076 4332 3156 4373 es.
3188 4317 3361 4373 llomo
3388 4319 3617 4385 peccati,

2038 4416 2177 4470 [ilius
2230 4412 2552 4482 perditionis
2602 4412 2720 4482 ipse
2789 4421 3064 4467 mercatur
3109 4418 3161 4464 te
3217 4425 3323 4465 non
3380 4410 3619 4478 pretioso

2036 4509 2318 4578 sanguine,
2362 4506 2456 4561 sed
2499 4506 2709 4575 absque
2729 4506 2902 4576 pretio
2937 4522 2951 4558 :
2987 4511 3210 4575 peccato
3242 4501 3443 4557 etenim
3476 4516 3618 4555 mer-

2034 4611 2209 4656 catur.
2241 4599 2515 4654 Mereatur
2540 4596 2785 4662 libidine,
2815 4598 3057 4664 impurus
3077 4593 3224 4648 enim
3251 4601 3370 4660 est;
3402 4606 3614 4647 merca-

2038 4702 2126 4746 tur
2171 4692 2338 4755 caztle,
2384 4687 2703 4745 interfector
2732 4687 2876 4741 enim
2911 4693 3035 4741 est:
3070 4682 3355 4737 Homicida
3393 4699 3616 4747 namque

360 4780 457 4834 ναὶ
504 4782 573 4834 ἐν
600 4781 675 4850 τῇ
704 4782 953 4849 ἀληθείᾳ
990 4784 1101 4852 οὐχ
1133 4782 1375 4851 ἔστηκε,
1426 4784 1519 4836 καὶ
1555 4783 1725 4837 ταῦτα
1770 4784 1935 4838 αὐτοῦ

2045 4793 2147 4837 erat
2182 4782 2273 4835 ille
2301 4782 2364 4835 ab
2403 4781 2574 4845 initio,
2601 4790 2649 4833 et
2685 4780 2739 4831 in
2769 4779 2981 4831 veritate
3012 4792 3114 4830 non
3139 4776 3277 4829 stetit
3310 4775 3375 4831 ¹⁵.
3407 4774 3473 4828 Et
3504 4777 3616 4830 lucc

360 4874 477 4925 ἐστι
510 4873 577 4927 τὰ
606 4873 935 4944 νομίσματα.

960 4963 1185 5017 ΚΕΦΑΛ
1196 5003 1208 5017 .
1252 4963 1323 5015 B’.

442 5081 783 5135 ’Λπειθοῦσι
812 5081 901 5143 δὲ,
933 5081 1108 5134 λίθον
1129 5079 1674 5148 ὂνάπεδοκίμιισαν
1696 5083 1751 5133 οἱ
1779 5079 1933 5134 οἰκο-

433 5241 480 5273 ¹¹⁵
516 5241 535 5295 l
566 5242 793 5305 Comm,
822 5241 913 5294 2‘2.
994 5241 1035 5273 ¹⁵
1072 5238 1229 5294 Joan.
1272 5255 1388 5303 VIII,
1429 5239 1519 5293 44.

456 5375 503 5405 ⁸⁵
541 5373 602 5428 C.
631 5373 693 5427 C.
727 5387 836 5428 om.
915 5374 959 5405 ⁵⁵
992 5372 1054 5427 C.
1084 5372 1143 5428 C.
1176 5389 1216 5442 μ
1275 5390 1354 5426 τε.
1396 5372 1442 5405 ⁵⁸
1466 5372 1528 5427 C.

1710 5371 1831 5441 μὲν.
1908 5366 2148 5424 Iw"’Scr.
2182 5378 2321 5424 erat.
2355 5366 2627 5441 γενόμενα
2661 5365 2774 5441 sed.
2810 5374 2945 5441 mut.
2981 5380 3093 5441 rec.
3124 5372 3288 5441 m._ct
3309 5376 3412 5441 scr.

1969 4852 2012 4907 θ
2042 4883 2167 4928 sunt
2204 4874 2370 4942 ipsius
2412 4884 2593 4925 mores
2623 4879 2676 4923 et
2705 4868 2871 4937 leges.

2698 4962 2850 5017 CAP.
2888 4959 2950 5013 ll.

2121 5079 2295 5137 \‘su<._
2325 5078 2376 5138 7,
2404 5077 2455 5129 8.
2494 5076 2613 5130 Non
2666 5074 2993 5129 credentibus
3033 5080 3207 5126 autem
3238 5088 3255 5125 :
3284 5072 3417 5138 lapis
3465 5086 3612 5137 quem

3463 5362 3611 5429 γενόο

364 5460 537 5519 μενοι.
808 5443 1065 5519 v_ers._24.
1108 5431 1218 5519 Τοῦ
1251 5444 1423 5519 ἁγίου
1469 5431 1743 5519 Ἱωάννοᾷ)
1770 5439 1876 5494 τοῦ
1917 5431 2378 5519 Χρῖιροστόιίου.’
2401 5431 2778 5519 Ἀπασανιτὴν
2798 5435 3149 5519 ἀνθρωπίνην
3170 5432 3470 5519 εὐημερίαν

387 5514 570 5584 χόρτῳ
610 5513 726 5566 ἀλλ’
757 5513 919 5583 ἑτέρᾳ
948 5512 1049 5584 ὕλῃ
1074 5500 1446 5584 εὐτελεστὲρᾳί
1465 5514 1493 5565 ό
1540 5512 1826 5584 προφήτης
1871 5500 2415 5584 ἐπαρέόαλενξάνθος
2454 5506 2625 5584 αὐτὴν
2648 5500 2923 5584 όνομάσας
2955 5500 3136 5584 πςσαν
3166 5500 3326 5584 spec,
3352 5500 3476 5584 esse
3502 5500 3575 5567 γά

367 5564 733 5661 ιῖέὶοςζαῆτῆς
758 5564 1453 5661 €011???.o’iovﬁt-oﬁsév‘fil
1481 5564 1722 5661 φρυέρῂίονί
1746 5564 1793 5650 ἢ¹
1810 5564 2007 5661 ’γένοέι
2033 5580 2065 5648 ἢ
2094 5564 2433 5661 iuveniles
2468 5576 2499 5645 ἢ
2543 5564 2791 5661 τίιιάξτή
2818 5592 2872 5660 ῖι
2894 5564 3125 5661 Mi“:
3156 5564 3574 5661 ἀλλάζξεάῖῖαᾏτ

364 5642 424 5704 ἓν
442 5642 768 5721 ’ἀνθρώποις
812 5642 947 5705 εἶναι
978 5654 1242 5707 δοκοῦντα
1277 5642 1529 5721 λαμπρὰς
1702 5642 2135 5721 προσηγορίᾳτῇ
2160 5650 2258 5717 τῆς
2284 5647 2442 5717 δόξης
2472 5642 2973 5715 περιλαϐὼνοῦτως
3014 5645 3263 5715 ἐπήγαγε
3291 5642 3392 5713 τὴν
3428 5642 3612 5697 εἰκόνᾶ

366 5721 461 5776 τοῦ
495 5719 690 5794 χόρτον
717 5722 885 5775 εἰπών
905 5741 917 5755 ·
948 5723 1123 5781 Πᾶσα
1158 5722 1309 5786 δόξα
1348 5719 1660 5787 ἀνθρώπου
1687 5721 1764 5784 ὡς
1794 5719 1974 5785 ἄνθος
2008 5719 2245 5789 χόρτου.
