4066 6214
400 282 541 342 MSS

1144 273 1707 335 SUPPLEMENTUM
1750 275 1839 329 AD
1879 273 1940 328 S.
1979 274 2034 330 .l.
2073 269 2563 329 CIIRYSOSTOMI
2607 264 2860 324 OPERA.

3529 266 3668 323 1056

402 407 813 474 reprobaoerunt
877 399 1227 468 wdi/icantes,
1264 398 1349 451 hic
1388 397 1564 466 [actus
1609 408 1684 451 est
1728 398 1783 451 in
1817 405 1974 466 caput

2110 397 2432 466 ’o‘toﬁrrsq,
2480 387 2659 456 οὗτος
2699 389 2957 461 ἐγενήθη
2982 389 3069 454 εἰς
3108 390 3387 456 κεφαλὴν
3412 389 3668 458 γωνίας,

401 504 609 565 augutt,
641 502 689 546 et
728 490 865 561 lapis
896 488 1201 559 o/fensionis
1223 496 1273 542 et
1300 498 1452 557 petra
1485 488 1750 541 scundali.

475 584 601 639 Haec
647 582 810 637 verba
835 581 903 635 ad
926 580 1209 634 Christum
1248 578 1586 644 referuntur,
1634 578 1904 648 siquidem
1928 589 1984 634 et

404 678 521 745 ipse
545 677 597 730 in
616 671 920 742 Evangeliis
947 672 1105 726 istam
1125 669 1343 741 praefert
1361 671 1726 741 prophetiam,
1753 672 1942 726 dicens
1967 690 1982 727 :

406 767 699 836 Nunquam
754 763 993 833 legistis,
1056 761 1311 832 Lapidem
1365 780 1518 833 quem
1576 762 1987 832 reprobaverunt

404 856 754 924 a’di/icantes,
788 855 871 907 hic
902 854 1077 921 [actus
1118 870 1171 908 es
1198 856 1251 909 itt
1281 863 1441 924 caput
1470 856 1654 923 anguli
1691 855 1779 907 “1’
1816 884 1881 893 —
1917 854 1989 908 Et

403 948 562 1017 paulo
605 954 744 1015 post.
791 945 1049 1016 Lapidem
1105 960 1269 1015 quem
1348 946 1778 1015 reprobaverunt
1818 946 1989 1001 aedili-

406 1050 621 1105 cantes,
647 1038 867 1094 Iudaeos
896 1038 1054 1104 dixit,
1088 1037 1331 1105 Scrihas,
1358 1037 1663 1094 Pltarisaeos
1701 1038 1792 1108 qui
1826 1053 1988 1108 repu-

409 1129 590 1184 lerunt
625 1145 748 1184 eum
783 1129 1062 1184 dicentes:
1089 1128 1230 1195 Quia
1250 1127 1623 1183 Samaritanus
1645 1146 1698 1183 es
1718 1138 1766 1184 et
1794 1129 1992 1182 dmino-

410 1220 556 1274 uium
607 1220 766 1273 habes
796 1220 870 1285 ";
907 1227 962 1274 et
1014 1220 1190 1275 adhuc
1221 1241 1233 1276 :
1272 1218 1374 1274 llic
1423 1236 1527 1274 nou
1568 1231 1642 1275 est
1673 1237 1706 1277 a
1738 1220 1869 1285 Deo,
1901 1220 1990 1275 sed

411 1313 618 1367 seducit
652 1313 840 1368 turbas
873 1314 936 1368 ¹⁸.

1058 1495 1213 1551 CAP.
1246 1494 1333 1551 lll.

488 1608 652 1663 Vens.
684 1607 772 1663 10.
807 1609 871 1663 Et
906 1609 1047 1664 labia
1078 1614 1192 1681 ejus
1224 1629 1286 1667 ne
1315 1609 1603 1681 loquantur
1631 1611 1836 1667 dolum.

490 1700 653 1756 Dolus
673 1709 854 1755 autem
885 1712 966 1756 est
992 1712 1045 1757 et
1066 1703 1431 1769 mendacium,
1467 1712 1522 1757 et
1550 1702 1788 1768 fallacia,
1824 1710 1878 1757 et
1902 1717 1991 1758 ca-

418 1792 627 1848 lumnia
686 1803 739 1847 et
799 1795 1180 1850 accusationes
1226 1797 1513 1849 veritatem
1559 1809 1665 1849 non
1709 1795 1992 1850 habentes.

416 1885 690 1949 Quantum
753 1895 937 1938 autem
1015 1885 1211 1941 dilecta
1268 1888 1383 1940 hinc
1428 1886 1677 1941 veritatis
1753 1886 1994 1950 inimice,

418 1974 636 2028 Satanae
664 1974 889 2042 scilicet,
923 1976 1188 2031 mendacii
1221 1977 1357 2046 patri
1388 1994 1402 2031 :
1442 1976 1676 2031 Mendax
1715 1978 1857 2030 enim
1894 1985 1995 2042 est,

417 2066 561 2120 sicut
587 2065 666 2120 ait
700 2065 973 2136 Salvator,
1002 2079 1048 2122 et
1085 2070 1139 2122 in
1172 2071 1388 2123 veritate
1414 2086 1519 2122 non
1549 2054 1697 2124 stetit~
1726 2071 1793 2123 η.
1850 2068 1999 2138 Rvji-

417 2158 624 2213 ciendte
646 2170 776 2213 sunt
798 2174 826 2213 a
852 2161 1058 2214 sanctis
1093 2160 1262 2229 ipsius
1294 2160 1544 2227 fallacia),
1582 2161 1861 2231 magisque
1889 2159 1999 2215 Deo

419 2250 830 2317 adhzerendum,
871 2252 964 2320 qui
1000 2253 1204 2307 veritas
1236 2263 1344 2308 est.

492 2339 659 2395 Vens.
696 2341 785 2396 ll.
813 2340 1032 2395 Declina
1061 2360 1093 2395 a
1122 2343 1355 2409 malo,et
1386 2343 1473 2412 [ac
1504 2343 1715 2398 bonum.

491 2430 610 2486 Non
641 2442 821 2487 autem
848 2448 878 2486 a
905 2433 1061 2487 nobis
1085 2442 1167 2488 est
1196 2449 1473 2504 nunquam
1502 2435 1724 2490 omnino
1750 2435 1801 2489 in
1823 2442 2002 2489 mente

420 2524 702 2592 accepisse
746 2523 950 2593 aliquid
983 2524 1207 2590 malum,
1243 2526 1640 2594 superveniunt
1681 2526 1825 2580 enim
1868 2527 2002 2582 tales

422 2614 728 2682 sapissime
760 2615 1124 2684 cogitationes
1164 2634 1177 2671 :
1210 2616 1303 2671 sed
1345 2616 1438 2685 qui
1468 2616 1687 2687 sapiens
1716 2626 1799 2672 est
1822 2617 1890 2671 ab
1922 2618 2003 2672 eis

424 2704 647 2777 refugit,
696 2708 797 2761 sub
843 2706 1160 2763 melioribus
1207 2716 1387 2763 autem
1436 2718 1491 2764 et
1538 2710 1706 2765 multo
1743 2709 2000 2779 majorem

424 2797 747 2854 habentibus
776 2798 1063 2854 utilitatem
1089 2798 1299 2855 lancem
1323 2799 1630 2870 deprimere
1650 2801 1869 2873 gaudet.
1890 2802 2004 2858 lloc

426 2893 558 2946 mihi
588 2890 802 2947 videtur
828 2906 949 2947 esse
982 2909 998 2948 :
1031 2890 1255 2946 Declina
1284 2907 1315 2945 α
1344 2892 1508 2950 malo.

1070 3003 1223 3061 CAP.
1265 3004 1354 3062 IV.

2087 489 2183 542 καὶ
2211 489 2382 554 λίθος
2427 485 2892 554 προσκόμματος
2928 482 3027 536 καὶ
3058 481 3246 550 πέτρα
3292 482 3663 536 σκανδάλου.

2158 574 2330 628 Τοῦτο
2362 575 2422 627 τὸ
2454 572 2617 645 ῥητὸν
2646 573 2725 634 είς
2748 570 2843 623 τὸν
2877 569 3111 640 Χριστὸν
3147 568 3486 637 ἀναφέρεται
3514 582 3529 596 ⁸
3577 585 3678 625 και

2088 667 2199 739 γὰρ
2230 667 2392 731 αὐτὸς
2420 669 2478 720 ἐν
2505 663 2862 734 Εὐαγγελίοις
2889 660 3097 732 ταύτην
3128 660 3372 730 παράγει
3407 661 3507 730 τὴν
3534 678 3672 731 προ-

2090 760 2318 831 φητείαν
2370 758 2565 827 λέγων,
2610 756 2912 811 Οὐδέποτε
2959 757 3279 826 ἀνέγνωτε,
3345 755 3522 812 λίθον
3605 754 3667 806 ὃν

2089 849 2556 919 ἀπεδοκίμασαν
2582 850 2635 901 οἱ
2665 845 3150 917 οἰκοδομοῦντες,
3185 841 3365 911 οὗτος
3416 843 3678 914 ἐγενήθη

2089 945 2177 1007 εὶς
2204 940 2484 1011 κεφαλὴν
2520 940 2739 1011 γωνίας
2774 956 2793 1004 ;
2821 969 2893 978 —
2918 938 3025 993 Kal
3050 937 3177 1007 μετ’
3230 938 3405 1007 ὀλίγα
3437 954 3451 969 ·
3491 936 3683 990 Λίθον

2092 1036 2165 1089 ὃν
2187 1035 2642 1103 ἀπεδοκίμασαν
2664 1035 2717 1087 οἱ
2738 1030 3212 1103 οίκοδομοῦντες·
3236 1033 3362 1093 τοὺς
3392 1028 3682 1091 Ἰουδαίους

2091 1127 2263 1196 λέγει,
2305 1128 2432 1190 τοὺς
2477 1127 2855 1197 Γραμματεῖς,
2885 1126 3012 1188 τοὺς
3052 1123 3403 1195 Φαρισαίους,
3443 1122 3525 1174 ὅτι
3568 1121 3679 1173 ἁπ-

2093 1219 2421 1289 εδοκὶμαξον
2442 1219 2605 1272 αὐτὸν
2636 1219 2911 1285 λέγοντες,
2939 1217 3059 1287 ’Ότι
3083 1216 3451 1285 Σαμαρείτης
3479 1209 3551 1277 εἷ,
3580 1213 3682 1266 καὶ

2093 1311 2411 1379 δαιμόνιον
2432 1311 2626 1379 ἔχεις*
2657 1311 2751 1364 καὶ
2796 1309 2980 1376 πάλιν,
3022 1305 3211 1373 Οὗτος
3238 1309 3351 1362 οὐκ
3393 1308 3563 1361 ἐστιν
3609 1305 3682 1358 ἐκ

2096 1402 2204 1456 τοῦ
2245 1401 2415 1468 Θεοῦ,
2445 1401 2607 1457 ἀλλὰ
2633 1401 2839 1469 πλανᾷ
2864 1401 2971 1456 τὸν
3008 1401 3219 1471 ὄχλον.

2713 1493 2964 1545 ΚΕΦΛΛ.
3004 1490 3081 1544 Γ¹.

2167 1609 2279 1661 Καὶ
2314 1608 2489 1677 χείλη
2520 1607 2708 1662 αὐτοῦ
2735 1606 2843 1661 τοῦ
2868 1607 2956 1676 μὴ
2984 1605 3255 1676 λαλῆσαι
3292 1606 3503 1661 δόλον.

2173 1698 2331 1759 Δόλος
2361 1697 2419 1751 δέ
2452 1700 2570 1752 ἐστι
2605 1699 2667 1752 τὸ
2699 1698 2917 1769 ψεῦδος,
2940 1700 3037 1753 καὶ
3069 1700 3257 1769 ἀπάτη
3285 1702 3381 1753 καὶ
3408 1714 3676 1767 συκοφαν·

2103 1788 2217 1857 τία,
2257 1792 2354 1844 καὶ
2377 1791 2627 1844 διαϐολαὶ
2653 1792 2717 1845 τὸ
2763 1792 2964 1861 ἀληθὲς
3012 1792 3112 1845 οὐκ
3155 1792 3380 1861 ἔχουσαι
3406 1808 3421 1823 ’
3451 1792 3582 1860 φίλα
3625 1790 3683 1844 δέ

2106 1900 2223 1945 πως
2248 1884 2408 1937 ταυτὶ
2444 1884 2522 1954 τῷ
2554 1884 2600 1917 ⁸³
2644 1888 2744 1954 τῆς
2791 1885 3052 1954 ἀληθείας
3105 1884 3304 1956 ἐχθρῷ,
3332 1885 3579 1938 τουτέστι
3608 1884 3686 1954 τῷ

2106 1974 2343 2043 Σατανᾷ,
2381 1972 2458 2043 τῷ
2482 1973 2575 2026 τοῦ
2609 1973 2836 2043 ψεύδους
2862 1976 3062 2047 πατρί·
3098 1977 3377 2043 Ψεύστης
3400 1974 3511 2045 γάρ
3531 1974 3684 2040 ἐστι,

2106 2064 2252 2118 καθά
2302 2082 2466 2135 φησιν
2511 2068 2540 2119 ὁ
2604 2067 2822 2139 Σωτὴρ,
2856 2069 2954 2122 καὶ
3014 2068 3085 2123 ἐν
3136 2068 3213 2137 τῇ
3273 2070 3526 2137 ἀληθείᾳ
3572 2071 3686 2138 οὐχ

2106 2157 2347 2225 ἕστηκε.
2374 2161 2419 2212 Π
2426 2161 2754 2231 αραιτητέον
2778 2160 2835 2213 δέ
2861 2164 2970 2223 τοῖς
2995 2161 3169 2229 ἁγίοις
3197 2162 3266 2215 τὰ
3286 2162 3495 2215 ἐκείνου
3516 2163 3690 2232 ἁρπαο

2106 2253 2323 2322 γημαῖα
2360 2253 2404 2283 ⁶⁰
2446 2253 2648 2322 μᾶλλον
2677 2252 2745 2306 τὰ
2770 2252 2924 2312 Θεοῦ.
2956 2254 3013 2316 ὃς
3040 2255 3189 2307 ἐστιν
3217 2256 3465 2326 ἀλήθεια.

2193 2341 2555 2399 Ἐκκλινάτω
2580 2344 2700 2398 ἀπὸ
2724 2346 2937 2412 κακοῦ,
2978 2346 3077 2400 καὶ
3111 2347 3416 2415 ποιησάτω
3437 2349 3688 2419 ἀγαθόν.

2179 2434 2253 2487 Οὐ
2283 2436 2392 2505 γὰρ
2420 2438 2476 2488 ἐν
2507 2438 2641 2507 ἡμῖν
2666 2438 2725 2492 τὸ
2758 2439 2881 2510 μηδ’
2906 2440 3042 2501 ὅλως
3066 2441 3147 2503 εἰς
3181 2441 3306 2493 νοῦν
3351 2441 3602 2506 δέξασθαί
3634 2458 3693 2495 τι

2106 2525 2219 2578 τῶν
2244 2526 2504 2580 τοιούτων
2523 2546 2538 2559 ⁸
2572 2531 2980 2601 προσπίπτουσι
3003 2533 3113 2605 γὰρ
3136 2533 3287 2603 αύτῷ
3304 2533 3543 2587 τοιαῦταί
3566 2551 3691 2598 πως

2110 2615 2313 2672 ἔννοιαι
2341 2618 2663 2684 πλειστάκις
2684 2639 2698 2655 °
2743 2623 2859 2677 ἀλλ’
2899 2625 3060 2696 εἴπερ
3082 2643 3169 2687 τις
3202 2628 3289 2695 εἴη
3327 2629 3513 2695 σοφὸς,
3547 2627 3692 2680 ἀποο

2110 2708 2339 2779 φέρεται
2385 2711 2484 2781 μὲν
2518 2713 2720 2779 αὐτῶν,
2752 2717 2865 2779 τοῖς
2891 2716 2948 2769 δὲ
2982 2717 3213 2787 ἀμείνοσ
3263 2719 3359 2771 καὶ
3397 2718 3537 2772 πολὺ
3571 2719 3695 2774 λίαν

2111 2802 2292 2871 ἔχουσι
2350 2803 2412 2856 τὸ
2459 2804 2742 2874 ἐπωφελές
2802 2808 3088 2879 χαρίζεται
3124 2810 3223 2875 τὰς
3271 2811 3485 2883 ῥοπάς·
3534 2811 3697 2866 τοῦτό

2111 2900 2283 2966 ἐστιν,
2316 2894 2495 2969 οἴμαι,
2527 2899 2610 2965 τὸ,
2655 2901 2983 2955 Ἕκκλινον
3013 2902 3133 2957 ἀπὸ
3167 2904 3379 2960 κακοῦ.

2713 3014 2968 3071 ΚΕΦΑΛ.
3003 3020 3075 3073 Δ’.

498 3116 664 3174 Vsus.
704 3116 759 3172 9.
809 3114 1118 3186 ilospitales
1148 3116 1389 3184 invicem,
1426 3116 1539 3171 sine
1570 3123 2004 3176 murmuratione.

2186 3127 2513 3193 Φιλόξενος
2550 3131 2639 3197 εἰς
2675 3130 3012 3200 ἀλλήλους,
3040 3134 3188 3190 ἄνευ
3215 3137 3598 3208 γογγυσμῶν.

499 3208 581 3275 Si,
617 3217 677 3262 ut
700 3208 998 3272 Christum,
1035 3208 1338 3277 proximum
1372 3210 1590 3277 recipis,
1625 3226 1730 3264 non
1759 3227 2006 3267 murmu-

428 3299 577 3355 rabis
609 3313 786 3368 neque
808 3299 1141 3365 erubesces;
1172 3298 1399 3351 multum
1427 3310 1605 3353 autem
1637 3301 1919 3358 extolleris
1952 3304 2005 3359 in

426 3390 624 3447 olllcio.
649 3390 707 3446 Si
734 3405 865 3445 vero
882 3405 986 3444 non
1010 3399 1067 3445 ut
1087 3389 1366 3445 Christum
1389 3391 1604 3459 recipis,
1626 3406 1803 3463 neque
1830 3393 2006 3464 ipsum

432 3483 663 3552 recipies
719 3481 998 3537 Christum
1048 3480 1317 3537 dicentem
1352 3499 1368 3536 :
1404 3480 1509 3548 Qui
1553 3498 1641 3537 vos
1680 3484 1885 3553 recipit,
1931 3502 2011 3540 me

430 3576 615 3643 recipit
645 3576 709 3629 ὀ.
739 3572 797 3627 Si
817 3588 923 3628 nou
944 3573 1026 3628 sic
1055 3573 1279 3643 recipis,
1305 3589 1480 3644 neque
1511 3575 1818 3631 mercedem
1845 3579 2011 3633 babe-

430 3658 538 3719 bis.
575 3649 735 3718 Viros
770 3671 1139 3727 transeuntes,
1183 3664 1439 3727 viatores,
1475 3672 1535 3717 ut
1582 3664 1863 3731 credebat,
1910 3666 2010 3719 ho-

430 3754 597 3823 spitio
646 3752 855 3822 recepit
907 3752 1207 3806 Abraham.
1256 3751 1364 3806 Sed
1405 3767 1510 3806 non
1562 3755 1743 3808 omnia
1794 3753 2013 3810 famulis

431 3844 547 3899 suis
563 3843 871 3908 commisit;
897 3857 1125 3898 uxorem
1153 3856 1284 3897 vero
1303 3842 1712 3911 jussitiarinam
1740 3846 2011 3917 subigere,

433 3936 562 3990 licet
617 3944 799 3991 tamen
851 3934 1185 3990 domesticos
1236 3934 1462 3990 haberet
1510 3951 1720 3993 servos.
1758 3936 1864 3993 Sed
1900 3940 2014 4008 ipse

425 4038 557 4079 .cum
580 4037 755 4079 uxore
784 4023 1090 4080 mercedem
1121 4024 1371 4094 accipere
1408 4025 1662 4094 cupiebat
1689 4042 1796 4083 non
1833 4028 2015 4098 hOSpi-

435 4115 662 4170 talitatis
688 4124 920 4180 tantum,
939 4115 1035 4171 sed
1059 4123 1113 4170 et
1136 4115 1422 4171 ministerii
1446 4133 1460 4170 :
1486 4117 1566 4172 sic
1588 4118 2015 4187 hospitalitatem

435 4206 679 4275 praebere
731 4205 1010 4275 debemus,
1067 4209 1253 4264 omnia
1291 4222 1389 4263 nos
1423 4209 1520 4279 ipsi
1549 4208 1833 4277 facientes,
1868 4223 1925 4268 ut
1962 4223 2017 4270 et

435 4292 862 4348 sanctillcemur.

1097 4386 1248 4443 CAP.
1285 4389 1349 4445 V.

508 4500 673 4556 Vsus.
708 4500 764 4566 2,
800 4501 854 4556 ὅ.
900 4499 1113 4557 Pascite
1144 4504 1234 4575 qui
1268 4505 1322 4558 in
1358 4506 1499 4561 vobis
1535 4517 1608 4562 est
1639 4525 1843 4579 gregem
1897 4512 2014 4577 Dei,

439 4608 542 4646 non
571 4599 629 4645 ut
660 4591 991 4646 dominantes
1022 4594 1077 4647 in
1103 4594 1275 4649 cleris.

512 4682 653 4736 Dicit
688 4682 832 4736 enim
872 4681 1125 4739 Christus
1161 4704 1174 4739 :
1210 4684 1314 4750 Qui
1357 4685 1575 4740 voluerit
1608 4689 1744 4743 inter
1770 4707 1857 4745 vos
1902 4695 2018 4760 pri-

439 4791 556 4828 mus
572 4790 703 4839 esse,
729 4776 829 4828 erit
862 4787 1025 4829 vester
1050 4792 1227 4833 servus
1246 4779 1321 4846 “;
1347 4788 1401 4833 et
1428 4797 1441 4833 :
1468 4779 1571 4845 Qui
1593 4796 1648 4835 se
1670 4782 2016 4838 ltumiliacerit

440 4867 766 4921 exaltabitur
790 4868 859 4922 ’¹.
885 4866 1024 4933 Quid
1046 4868 1222 4924 dicis?
1247 4871 1304 4926 Si
1336 4871 1696 4929 humiliavero
1727 4876 2016 4944 mcipsum,

443 4969 574 5015 tunc
625 4959 899 5015 exaltatus
928 4960 1063 5015 ero?
1111 4958 1190 5015 Ita
1237 4971 1406 5017 certe.
1443 4962 1592 5020 Talis
1634 4975 1716 5020 est
1746 4967 1890 5021 enim
1924 4983 2018 5036 pu-

444 5050 611 5103 tentia
647 5063 791 5115 mca,
826 5049 1109 5104 contraria
1139 5051 1433 5106 contrariis
1471 5068 1758 5122 generans.
1787 5055 2017 5110 Auxiliis

449 5150 506 5195 el.
546 5140 810 5195 industria
844 5140 995 5196 dives
1021 5155 1164 5205 sum,
1203 5155 1273 5195 tte
1315 5142 1527 5197 timeas.
1559 5144 1690 5198 Meae
1719 5146 1887 5199 servit
1921 5162 2019 5200 vo-

446 5230 639 5288 luntati
686 5241 879 5288 natura
935 5247 1142 5301 rerum,
1170 5242 1223 5288 et
1253 5248 1359 5289 non
1392 5248 1491 5305 ego
1520 5244 1715 5290 natura
1767 5236 2020 5307 alligatus

444 5337 586 5382 sum.

2184 3223 2247 3275 Εἰ
2296 3223 2369 3287 ὡς
2400 3224 2490 3277 τὸν
2536 3225 2772 3295 Χριστὸν
2826 3226 2979 3301 δέχῃ,
3027 3228 3193 3299 μηδὲν
3240 3230 3521 3303 γογγύσης
3559 3230 3701 3303 μηδὲ

2112 3312 2503 3383 ἐπαισχυνθῆς,
2538 3315 2740 3384 μᾶλλον
2772 3316 2829 3369 δέ
2859 3318 2955 3370 καὶ
2982 3319 3255 3389 σεμνύνου
3282 3323 3381 3375 ἐπὶ
3411 3324 3489 3393 τῷ
3509 3326 3701 3394 πράγ-

2116 3418 2248 3470 ματι
2271 3416 2284 3432 ⁸
2306 3403 2353 3455 εἰ
2374 3402 2431 3456 δέ
2460 3403 2538 3473 μὴ
2554 3404 2629 3467 ὡς
2644 3404 2737 3458 τὸν
2763 3408 2997 3478 Χριστὸν
3011 3409 3161 3482 δέχῃ,
3184 3412 3318 3481 μηδέ
3340 3412 3489 3487 δέξῃ,
3518 3415 3583 3468 '0
3603 3415 3705 3470 δε-

2114 3492 2371 3560 χόμενος
2408 3491 2589 3562 ὑμᾶς,
2623 3496 2811 3566 φησὶν,
2838 3496 2944 3567 ἐμὲ
2964 3498 3219 3566 δέχεται.
3262 3502 3390 3556 Ἐὰν
3421 3503 3499 3575 μὴ
3524 3505 3704 3570 οὕτως

2113 3581 2266 3653 δέχῃ,
2292 3582 2412 3636 οὐδὲ
2457 3584 2653 3653 μισθὸν
2680 3584 2844 3656 ἔχεις.
2882 3588 3233 3660 Ἀνθρώπους
3264 3593 3568 3664 παριόντας
3588 3597 3706 3649 ὁδί-

2114 3693 2237 3741 τας,
2278 3676 2352 3739 ὡς
2401 3676 2694 3747 ἐνόμιζεν,
2744 3679 2773 3730 ὀ
2818 3680 3071 3752 ’Δὸραὰμ
3120 3683 3448 3755 ὑπεδέχετο·
3485 3688 3579 3740 καὶ
3635 3690 3707 3743 οὐ

2115 3767 2296 3821 πάντα
2317 3770 2430 3831 τοῖς
2452 3769 2694 3832 οίκέταις
2717 3770 3034 3837 ἐπέταττεν,
3070 3772 3206 3828 ἀλλὰ
3254 3778 3350 3829 καὶ
3380 3780 3448 3849 τῇ
3480 3782 3709 3847 γυναικὶ⁵

2113 3855 2185 3909 τὰ
2211 3857 2417 3928 ἄλευρα
2446 3858 2642 3929 φύρειν
2677 3860 2965 3927 ἐπέταττε,
3015 3864 3195 3917 καίτοι
3238 3864 3345 3937 τιη’
3373 3867 3512 3937 ἔχων
3549 3871 3707 3923 obto-

2115 3950 2316 4018 γενεῖς.
2359 3949 2499 4001 Ἀλλ’
2545 3951 2706 4014 αὐτὸς
2735 3952 2990 4006 ἐϐούλετο
3029 3955 3118 4007 τὸν
3161 3957 3355 4027 μισθὸν
3380 3960 3526 4030 ἔχειν
3558 3965 3710 4032 μετὰ

2116 4040 2215 4109 τῆς
2238 4041 2489 4111 γαμετῆς
2514 4058 2529 4073 ·
2562 4043 2624 4095 οὐ
2661 4044 2759 4109 τῆς
2811 4044 3059 4118 δαπάνης
3110 4049 3292 4118 μόνον,
3317 4050 3455 4105 ἀλλὰ
3477 4054 3571 4105 καὶ
3599 4055 3711 4124 τῆς

2115 4129 2433 4194 διακονίας·
2486 4132 2629 4186 οὕτω
2665 4134 2748 4188 δεῖ
2789 4134 3100 4204 φιλοξενίαν
3152 4140 3579 4207 ἐπιδείκνυσθαι,
3632 4145 3709 4199 δι’

2117 4220 2330 4275 ἑαυτῶν
2369 4222 2548 4277 πάντα
2582 4223 2945 4293 πράττοντας,
2990 4227 3079 4283 ἵνα
3110 4230 3272 4301 ἡμεῖς
3308 4233 3708 4302 ἁγιαζὼμεθα.

2731 4410 2981 4465 ΚΕΦΑΛ.
3020 4410 3096 4468 E'.

2194 4518 2528 4588 Ποιμάνατε
2556 4522 2620 4574 τὸ
2645 4521 2716 4575 ἐν
2752 4522 2897 4596 ὑμῖν
2917 4524 3204 4593 ποίμνιον
3231 4526 3337 4581 τοῦ
3365 4528 3536 4592 Θεοῦ,
3558 4530 3717 4598 μηδ’

2118 4611 2197 4677 ὠς
2231 4614 2769 4679 κατακυριεύοντες
2796 4614 2915 4668 τῶν
2942 4616 3204 4683 κλήρων.

2186 4702 2325 4771 Φησὶ
2341 4700 2449 4772 γὰρ
2470 4704 2498 4754 ὁ
2517 4703 2772 4773 Χριστός*
2811 4704 2875 4757 '0
2904 4704 3097 4759 θέλων
3119 4708 3190 4761 ἐν
3214 4708 3357 4778 ὑμῖν
3376 4706 3525 4763 εἶναι
3546 4710 3714 4778 πρῶ-

2126 4810 2227 4859 τος
2263 4795 2434 4847 ἐσται
2481 4794 2626 4864 ὑμῖν
2647 4797 2689 4828 ⁸⁸
2727 4795 3043 4864 διάκονος·
3094 4799 3163 4866 ὃς
3194 4802 3303 4869 τὰρ
3350 4806 3713 4859 ταπεινώσει

2124 4883 2345 4937 ἑαυτὸν
2372 4880 2550 4951 οὗτος
2574 4887 2980 4955 ὑψωθήσεται.
3019 4890 3085 4942 Τί
3120 4890 3335 4959 λέγεις;
3381 4895 3477 4946 ἐὰν
3506 4912 3713 4948 ταπει-

2124 4975 2282 5028 νώσω
2310 4972 2549 5043 ἐμαυτὸν
2583 4976 2651 5041 ⁸³,
2694 4976 2816 5030 τότε
2852 4976 3057 5048 ὑψηλὸς
3088 4979 3325 5051 ἐσομαις
3368 4983 3498 5048 Ναὶ,
3532 4986 3708 5057 φησί-

2122 5064 2346 5137 τοιαύτη
2371 5066 2480 5139 γὰρ
2504 5069 2536 5137 ή
2562 5067 2673 5138 ἐμὴ
2689 5067 2922 5140 δύναμις
2941 5070 3029 5123 διὰ
3050 5071 3160 5124 τῶν
3182 5074 3443 5128 ἐναντίων
3460 5073 3531 5127 τὰ
3549 5075 3714 5129 ἐναν-

2126 5156 2215 5207 τία
2242 5157 2511 5237 παρέχειν
2569 5158 2801 5231 εῠπορός
2836 5162 2953 5231 εἰμι
2984 5162 3081 5216 καὶ
3106 5163 3455 5235 εὐμήχανοςσ
3493 5165 3570 5237 μὴ
3600 5167 3713 5221 δεῖ-

2127 5260 2228 5315 σῃς
2253 5262 2267 5275 ·
2298 5245 2375 5317 τῷ
2396 5234 2517 5317 ἐμῷ
2540 5245 2806 5319 θελήματι
2837 5251 2871 5319 ἡ
2892 5249 3002 5305 τῶν
3029 5234 3377 5323 πραγμάτων
3414 5234 3715 5311 ἀκολουθεῖ

2127 5334 2321 5404 φύσιςο
2350 5337 2587 5416 οὐκὶέγὼ
2624 5341 2689 5409 τῇ
2721 5339 2879 5409 φύσει
2906 5340 3130 5413 ἕπομαι.

516 5458 1073 5549 ἔσιξὶιιιρι..ξι“ι,ιιὲ.
1151 5464 1194 5496 ¹⁷
1234 5461 1393 5549 iam.
1430 5480 1549 5533 vut,
1581 5465 1674 5523 48.
1751 5467 1793 5500 ι’
1830 5467 1986 5525 Joan.

2110 5509 2119 5535 ,
2154 5440 2242 5528 ἱέ.
2322 5474 2363 5507 ³³
2401 5473 2561 5531 Joan.
2598 5489 2718 5543 vm,
2758 5476 2850 5533 44.
2905 5478 2953 5511 ’⁸
2990 5479 3267 5549 Malum,
3292 5482 3382 5539 40.
3417 5485 3464 5520 ἰ
3504 5484 3708 5544 lauit.

450 5529 654 5592 “,17.
729 5531 775 5561 "
804 5530 995 5589 llatth.
1031 5548 1189 5603 nm,
1231 5536 1300 5589 ~12

537 5672 579 5701 “"9
609 5670 668 5724 C.
708 5669 769 5724 C.
810 5687 918 5727 om.
993 5674 1038 5705 ⁶⁰
1077 5672 1141 5729 C.
1177 5672 1240 5729 C.
1275 5675 1650 5746 ἀρπαγιμαῖα.
1740 5674 1867 5729 “C.
1895 5674 2004 5731 (Γ.οέ

2110 5696 2121 5729 ›
2149 5677 2315 5749 ὑμῶν.
2418 5684 2461 5714 ⁶²
2485 5682 2544 5737 C.
2578 5682 2637 5738 C.
2665 5684 2875 5738 ἑαυτὸν.
