4066 6214
369 264 503 323 1037

1319 268 1746 326 FRAGMENTA
1783 270 1849 325 IN
1888 270 2275 328 El’lS'l’OLAM
2315 270 2358 324 ll
2400 270 2458 326 S.
2499 268 2725 327 PETRI.

3492 276 3631 337 1058

435 389 849 455 Ταπεινῶθητε
873 382 988 445 οὖν
1021 388 1140 443 ὑπὸ
1181 389 1296 457 τὴν
1320 391 1607 458 κραταιὰν
1637 391 1808 459 χεῖρα
1840 392 1947 445 τοῦ

2127 391 2290 447 Vens.
2331 392 2383 446 6.
2422 389 2801 445 Humiliamini
2823 406 2945 461 ergo
2971 389 3068 445 sub
3103 406 3265 446 manu
3287 398 3485 460 potenti
3513 397 3632 463 Dei,

362 481 534 547 Θεοῦ,
565 481 667 535 ἵνα
702 480 859 549 ὑμᾶς
884 482 1105 549 ὑψώσῃ
1130 482 1202 535 ἐν
1228 482 1433 551 καιρῷ.

430 572 543 641 Οὐχ
572 570 763 634 ἁπλῶς
789 571 849 623 τὸ
868 570 1126 639 ὐΜπει,
1156 572 1270 624 ἀλλ’
1293 573 1365 624 ἐν
1393 570 1576 640 καιρῷ
1604 570 1938 642 προσέθηκεο

358 662 630 716 διδάσκων
660 661 860 724 αὐτοὺς
895 662 1115 732 ἐκείνην
1138 661 1430 731 ἀναμένειν
1452 663 1554 731 τὴν
1574 660 1744 726 ὅντως
1771 662 1830 716 ὲν
1861 661 1941 733 τῷ

363 751 613 824 μέλλοντι
635 750 797 804 αἰῶνι
832 748 1063 819 ὕψωσιν.

429 840 654 910 Ειρήνη
694 840 839 910 ὑμῖν
861 840 1015 898 πᾶσι
1051 841 1179 908 τοῖς
1206 843 1277 897 ἐν
1297 842 1553 913 Χριστῷ.
1595 842 1796 914 Ἀμήν.

432 1022 576 1095 Ὅρα
605 1023 726 1086 πῶς
759 1023 886 1077 ὅταν
910 1024 980 1078 τὰ
1002 1024 1257 1097 πρακτέα
1280 1026 1621 1099 ῦπαγορεύῃ,
1643 1027 1948 1096 ἐπισημαί-

361 1132 511 1170 νεται
543 1113 683 1168 αὐτὰ
709 1116 776 1185 τῇ
798 1114 932 1186 εὐχῇ
961 1132 978 1148 ο
1009 1115 1263 1187 καθάπερ
1294 1117 1585 1189 σήμαντρα
1606 1121 1716 1172 τῶν
1741 1117 1939 1172 ἀποτε-

364 1206 565 1260 θέντων
595 1204 769 1269 τιθεὶς
794 1204 893 1278 τὴν
934 1207 1182 1279 εἰρήνην.

2052 492 2109 536 ut
2136 498 2226 536 vos
2263 481 2453 535 exultet
2490 483 2543 534 in
2573 492 2825 551 tempore.

2122 571 2242 626 Non
2292 573 2615 642 simpliciter
2656 574 2790 628 dicit
2818 589 2833 628 :
2862 575 3144 641 exaltabit,
3190 577 3287 632 sed
3315 577 3497 633 subdit
3530 595 3543 632 :
3575 580 3631 632 in

2048 674 2299 732 tempore,
2324 664 2583 719 docentes
2606 679 2707 719 nos
2733 664 2877 719 illam
2896 678 3217 737 exspectare
3243 670 3631 727 exaltationem

2048 768 2234 809 veram
2269 756 2320 808 in
2351 755 2548 809 szcculo
2576 756 2779 810 futuro.

2120 842 2282 900 Vsus.
2316 846 2405 901 14.
2440 846 2559 903 Pax
2585 850 2826 903 omnibus
2850 849 2993 905 vobis
3024 850 3115 919 qui
3142 851 3199 905 in
3224 849 3449 906 Christo
3482 855 3608 908 estis

2048 940 2236 994 Amen.

2123 1028 2315 1085 Videte
2344 1032 2617 1100 quomodo
2645 1048 2769 1089 cum
2801 1032 3051 1090 facienda
3088 1039 3383 1107 suggessit,
3415 1038 3502 1093 illa
3529 1040 3632 1094 ob-

2048 1120 2228 1191 signat
2265 1121 2553 1191 oratione,
2585 1138 2773 1194 pacem
2832 1124 3117 1195 imponens
3153 1128 3388 1198 sigillum
3439 1144 3626 1186 eorum

2049 1228 2170 1284 qua:
2202 1214 2476 1285 exposuit.

1702 1408 3617 1439 __.___.._.__.___._._________________

870 1568 1000 1658 1N
1079 1566 1709 1660 SECUNDAM
1785 1573 1879 1662 S.
1962 1576 2318 1666 PETRI
2404 1578 3129 1674 EPISTOLAM.

711 1749 724 1760 ’
782 1758 1184 1813 ΚΕΦΔΛΑΙΟΝ
1226 1760 1528 1814 ΠΡΩΤΟΝ.

430 1876 615 1947 Χάρις
641 1875 787 1946 ὑμῖν
817 1875 917 1929 καί
946 1874 1159 1944 εἰρήνη
1195 1876 1571 1946 πληθυνθείη
1600 1878 1671 1933 ἐν
1698 1879 1950 1951 ἐπιγνώ-

362 1988 459 2026 σει
504 1970 612 2026 τοῦ
652 1969 825 2037 Θεοῦ,
867 1968 967 2023 καί
1028 1970 1222 2037 Ἰησοῦ
1273 1971 1532 2040 Χριστοῦ
1579 1972 1686 2027 τοῦ
1726 1975 1950 2043 Κυρίου

362 2059 554 2129 ἡμῶν.

435 2153 601 2207 Οὐδὲν
626 2153 737 2223 γὰρ
772 2150 979 2222 ταύτης
1013 2150 1130 2205 ἴσον
1154 2168 1169 2183 ο
1210 2151 1301 2206 διὰ
1334 2152 1494 2206 τοῦτο
1531 2155 1806 2227 εὐχόμεθα
1855 2158 1950 2211 καὶ

362 2246 596 2315 λέγομεν
641 2242 922 2307 αἰτοῦντες
979 2243 1071 2296 τὸν
1121 2242 1355 2313 ἄγγελον
1401 2245 1501 2315 τῆς
1545 2247 1773 2317 εἰρήνης
1801 2263 1814 2276 ’
1855 2247 1950 2301 καὶ

365 2334 646 2407 πανταχοῦ
680 2336 904 2408 εἰρήνην
927 2333 1187 2406 αἰτοῦμεν
1211 2336 1268 2390 ὲν
1285 2339 1404 2400 ταῖς
1422 2338 1767 2408 ἐκκλησίαις,
1799 2341 1950 2412 εἰρή-

363 2447 465 2500 νην
498 2430 557 2481 ἐν
598 2429 715 2492 ταῖς
743 2429 951 2498 εὐχαῖς,
983 2430 1042 2481 ὲν
1074 2432 1196 2492 ταῖς
1222 2428 1419 2494 λιταῖς,
1466 2432 1524 2484 ὲν
1553 2435 1674 2494 ταῖς
1704 2434 1949 2505 προσρή-

363 2535 504 2573 σεσι.
534 2517 643 2571 Καὶ
677 2516 1015 2584 ἁπαξαπλῶς
1051 2518 1144 2571 καὶ
1167 2516 1250 2580 δὶς
1278 2521 1373 2571 καὶ
1402 2516 1525 2587 τρὶς
1555 2518 1652 2571 καὶ
1680 2518 1944 2582 πολλάκις

362 2610 532 2683 αὐτὴν
560 2609 777 2665 δίδωσιν
823 2611 853 2663 ὁ
880 2609 970 2680 τῆς
1030 2608 1357 2681 Ἐκκλησίας
1390 2610 1694 2679 προεστὼς,
1722 2611 1947 2680 Εἰρήνη

363 2703 526 2772 ὑμῖν.
570 2703 759 2770 Διατί;
789 2702 913 2757 Ὅτι
970 2700 1110 2774 αῦτη
1172 2703 1360 2773 μήτηρ
1403 2703 1623 2756 πάντων
1674 2704 1792 2756 ἐστὶ
1839 2703 1947 2756 τῶν

362 2794 583 2864 ἀγαθῶν
609 2811 625 2826 ⁸
678 2794 820 2866 αῦτη
873 2794 974 2864 τῆς
999 2795 1175 2866 χαρᾶς
1216 2795 1250 2864 ὴ
1290 2792 1614 2857 ὑπόστασις.
1655 2794 1756 2848 Διὰ
1790 2794 1949 2848 τοῦτο

363 2887 456 2939 καὶ
491 2886 777 2957 ὖΧριστὸς
814 2885 1075 2940 εἰσιοῦσιν
1100 2886 1181 2951 εἰς
1212 2884 1311 2948 τὰς
1334 2885 1517 2949 οἰκίας
1548 2888 1661 2948 τοῖς
1704 2887 1943 2941 ἀποστό-

360 2978 479 3043 λοις
526 2980 687 3033 τοῦτο
726 2979 908 3049 λέγειν
949 2979 1289 3051 προσέταξεν
1337 2981 1566 3044 εὐθέως,
1602 2980 1858 3053 καθάπερ
1899 2981 1946 3013 ⁸³

364 3071 633 3144 σύμϐολον
664 3072 773 3127 τῶν
805 3072 1030 3140 ἀγαθῶν
1056 3090 1070 3105 ο
1104 3075 1541 3143 Εἰσερχόμενοι
1586 3075 1717 3145 γὰρ.
1748 3074 1941 3144 φησὶν,

361 3167 450 3232 εἰς
486 3165 593 3232 τὰς
650 3164 842 3232 οἰκίας
870 3164 1084 3237 λέγετε
1116 3168 1181 3199 ⁸⁸·
1219 3166 1444 3237 Εἰρήνη
1494 3166 1659 3236 ὑμῖν.
1726 3166 1945 3238 Ταύτης

363 3257 475 3329 γὰρ
501 3259 604 3313 οὐκ
625 3258 814 3330 οὔσης,
848 3258 1032 3314 πάντα
1065 3260 1298 3330 περιττά
1328 3276 1340 3289 ’
1377 3260 1471 3314 καὶ
1507 3261 1536 3312 ὁ
1567 3260 1802 3331 Χριστὸς
1833 3262 1947 3323 τοῖς

367 3353 640 3425 μαθηταῖς
666 3352 874 3422 ἔλεγεν,
902 3352 1169 3422 Εἰρήνην
1197 3354 1314 3423 τὴν
1346 3353 1504 3424 ἐμὴν
1540 3353 1749 3423 δίδωμι
1779 3351 1944 3422 ὑμῖν.

362 3445 514 3516 Δῦτη
544 3448 610 3517 τῇ
643 3445 836 3515 ἀγάπῃ
870 3445 1240 3515 προοδοποιεί.

435 3540 542 3593 Καὶ
575 3538 723 3594 αὐτὸ
758 3539 827 3593 δὲ
890 3540 1068 3594 τοῦτο
1116 3538 1405 3607 σπουδὴν
1452 3538 1663 3596 πᾶσαν
1701 3553 1951 3607 «apeta-

364 3631 1232 3702 ενέγκαντες,ὲπιχορηγήσατε
1246 3632 1316 3685 ἐν
1334 3630 1406 3698 τῇ
1428 3631 1627 3685 πίστει
1647 3630 1815 3699 ὑμῶν
1836 3628 1951 3697 τὴν

364 3724 616 3794 ἀρετὴν,
663 3728 734 3779 ἐν
762 3725 831 3779 δὲ
859 3725 935 3793 τῇ
979 3723 1163 3794 ἀρετῇ
1198 3723 1317 3794 τὴν
1369 3723 1616 3794 γνῶσιν,
1660 3723 1731 3776 ἐν
1777 3722 1847 3776 δὲ
1874 3720 1950 3791 τῇ

365 3818 587 3887 γνώσει
620 3816 735 3886 τὴν
763 3816 1133 3888 ἐγκράτειαν,
1170 3817 1240 3870 ἐν
1292 3815 1362 3869 δὲ
1391 3814 1466 3883 τῇ
1496 3813 1809 3884 ἐγκρατείᾳ
1836 3812 1951 3882 τὴν

365 3907 707 3978 ὑπομονὴν,
742 3909 813 3964 ἐν
851 3908 921 3962 δὲ
968 3908 1043 3976 τῇ
1071 3907 1349 3977 ὑπομονῇ
1372 3906 1488 3976 τὴν
1519 3906 1856 3973 εὐσέϐειαν,
1880 3906 1951 3960 ἐν

366 3998 439 4052 δὲ
476 3999 550 4068 τῇ
600 4001 882 4067 εὐσεϐείᾳ
918 4000 1033 4070 τὴν
1058 3999 1488 4071 φιλαδελφίαν,
1523 4000 1592 4055 ἐν
1621 3999 1690 4054 δὲ
1719 3998 1791 4069 τῇ
1820 4003 1953 4069 φιλ-

369 4091 628 4161 αδελφίᾳ
655 4092 771 4162 τὴν
798 4093 1062 4165 ἀγάπην.

1978 1775 2025 1834 Β

2556 1771 2789 1829 CAPUT
2829 1774 3120 1833 PRIMUM.

2130 1880 2291 1935 Vsus.
2314 1883 2368 1935 2.
2388 1882 2573 1939 Gratia
2608 1888 2747 1940 vobis
2776 1898 2824 1941 et
2861 1906 2967 1958 pax
2996 1893 3352 1962 adimpleatur
3379 1896 3433 1951 in
3458 1900 3634 1969 cogni-

2050 1972 2191 2026 tione
2216 1973 2314 2027 Dei
2345 1984 2396 2028 et
2418 1974 2548 2030 Iesu
2579 1976 2777 2033 Chriin
2803 1980 3018 2036 Domini
3048 1986 3235 2039 nostri.

2113 2154 2258 2211 Nihil
2287 2158 2414 2215 huic
2457 2162 2579 2231 paci
2633 2164 2871 2221 similis:
2915 2178 3202 2238 propterea
3254 2184 3540 2239 precamur
3578 2186 3633 2230 et

2048 2260 2271 2302 oramus
2301 2249 2550 2319 angelum
2579 2255 2729 2322 pacis
2763 2256 3100 2324 invocantes,
3130 2269 3185 2313 et
3216 2261 3418 2329 ubique
3441 2278 3631 2332 pacem

2048 2335 2284 2405 petimus
2321 2339 2375 2391 in
2412 2341 2682 2408 ecclesiis,
2723 2360 2910 2408 pacem
2956 2349 3007 2401 in
3042 2351 3315 2417 precibus,
3356 2369 3544 2421 pacem
3579 2357 3633 2412 in

2049 2426 2558 2495 supplicationibus,
2582 2432 2634 2485 in
2667 2432 3111 2491 salutationibus.
3137 2438 3199 2493 Et
3218 2443 3630 2512 universaliter,

2050 2525 2099 2568 et
2122 2514 2338 2581 iterum,
2363 2529 2417 2573 et
2446 2521 2605 2576 tertio
2623 2532 2677 2577 et
2704 2539 2846 2594 smpe
2876 2527 3046 2595 ipsam
3082 2529 3170 2583 tlat
3202 2529 3459 2589 Ecclesia
3483 2533 3631 2591 Prae-

2049 2618 2136 2658 ses
2168 2620 2184 2657 :
2220 2603 2338 2658 Pax
2369 2609 2535 2662 vobis.
2560 2610 2641 2663 Ad
2689 2613 2861 2680 quid?
2893 2613 3029 2680 Quia
3081 2618 3349 2674 bonorum
3387 2625 3630 2681 omnium

2051 2694 2164 2764 ipsa
2186 2707 2358 2751 mater
2379 2712 2461 2753 εει
2484 2710 2538 2754 ct
2558 2700 2755 2756 laetitia:
2785 2702 3221 2763 fundamentum.
3245 2711 3472 2781 Pr0pter
3488 2718 3632 2785 quod

2048 2797 2100 2841 et
2133 2789 2394 2857 apostolis
2425 2791 2478 2844 in
2510 2793 2728 2847 domum
2761 2795 3279 2865 intrautibus,il|am
3311 2807 3635 2864 annuntiare

2050 2879 2281 2947 primum
2298 2885 2557 2953 praecepit
2582 2883 2860 2955 Christus,
2884 2891 3025 2945 sicut
3050 2894 3291 2950 omnium
3310 2900 3631 2969 praesagium

2049 2969 2334 3028 bonorum.
2369 2973 2436 3028 In
2466 2993 2831 3050 quamcunque
2877 2982 3113 3055 domum,
3148 2987 3245 3053 ait,
3288 2988 3632 3057 intraveritis,

2048 3060 2275 3130 primum
2322 3064 2481 3120 dicite
2522 3084 2542 3122 :
2583 3068 2704 3124 Pax
2751 3071 2874 3126 huic
2929 3074 3109 3129 domui
3135 3078 3202 3132 ".
3245 3078 3318 3134 Ea
3342 3080 3635 3138 deﬁciente

2050 3174 2184 3213 vana
2234 3171 2361 3216 sunt
2413 3163 2617 3218 omnia.
2665 3162 2731 3217 Et
2780 3163 3033 3222 Christus
3105 3169 3392 3240 discipulis
3442 3173 3626 3230 dixit:

2050 3249 2245 3306 Pacem
2280 3270 2449 3309 meam
2490 3258 2556 3309 do
2591 3256 2735 3312 vobis
2764 3257 2830 3314 ".
2856 3255 2974 3329 lpsa
3006 3261 3257 3318 cbaritati
3291 3265 3433 3319 viam
3460 3264 3629 3324 facit:

2130 3533 2291 3587 Vsus.
2332 3534 2385 3599 5,
2419 3536 2471 3588 7.
2508 3535 2575 3589 Et
2606 3536 2704 3590 hoc
2752 3537 2922 3605 ipsum
2951 3556 3134 3594 curam
3164 3557 3369 3596 omnem
3395 3541 3632 3613 subinfe-

2050 3634 2246 3690 rentes,
2297 3628 2595 3683 ministrate
2618 3629 2674 3681 in
2700 3629 2806 3697 ﬁde
2838 3642 3010 3684 vestra
3045 3633 3315 3697 virtutem,
3347 3633 3403 3686 in
3434 3635 3633 3690 virtute

2051 3725 2226 3770 autem
2258 3719 2556 3784 scientiam,
2589 3721 2645 3773 in
2671 3722 2898 3775 scientia
2929 3730 3103 3776 autem
3148 3723 3538 3788 abstinentiam,
3576 3726 3634 3778 in

2051 3807 2371 3862 abstinentia
2421 3820 2599 3863 autem
2656 3813 2988 3879 patientiam,
3043 3813 3099 3866 in
3136 3815 3399 3882 patientia
3454 3825 3634 3870 autem

2051 3901 2330 3969 pietatem,
2374 3904 2428 3956 in
2480 3903 2670 3971 pietate
2729 3914 2906 3958 autem
2951 3905 3307 3974 fraternitatis
3358 3923 3632 3976 amorem,

2050 3993 2106 4046 in
2135 4008 2313 4047 amore
2336 3993 2692 4063 fraternitatis
2719 4004 2897 4049 autent
2938 3996 3275 4051 clzaritatem.

440 4183 628 4238 Ταῦτα
658 4187 807 4251 ποῖα,
837 4185 872 4255 ἢ
905 4186 975 4239 τὰ
1018 4184 1434 4258 προειρημένα;
1478 4186 1694 4258 Ἀρετὴ,
1725 4185 1947 4256 γνῶσις,

2124 4180 2334 4246 Quanta
2362 4180 2463 4237 ista
2494 4196 2615 4250 qua:
2643 4179 2755 4250 jam
2786 4181 2995 4251 prolata
3022 4191 3148 4237 sunt
3174 4184 3186 4236 l
3220 4183 3428 4252 Virtus,
3454 4184 3636 4241 scien-

368 4277 695 4349 ἐγκράτεια,
724 4277 996 4349 ὑπομονὴ,
1030 4277 1307 4344 εὐσέϐεια,
1352 4277 1700 4348 φιλαδελφία,
1731 4278 1947 4349 ἀγάπη,

2054 4273 2154 4338 tia,
2178 4273 2532 4339 abstinentia,
2564 4274 2847 4344 patientia,
2884 4274 3079 4344 pietas,
3110 4276 3351 4330 fraterna
3379 4276 3627 4343 dilectio,

369 4367 531 4422 ἅτινα
559 4368 693 4440 ἡμῖν
720 4370 782 4423 οὐ
818 4370 979 4440 μόνον
1010 4372 1270 4442 παρεῖναι
1300 4370 1405 4436 δεῖ,
1439 4370 1579 4425 ἀλλὰ
1601 4372 1694 4424 καὶ
1719 4370 1947 4425 πλεονά-

2054 4364 2319 4432 charitas,
2348 4380 2468 4434 quae
2502 4380 2607 4419 non
2639 4364 2817 4421 solum
2841 4366 3020 4422 inesse
3052 4366 3233 4431 nobis,
3262 4367 3356 4420 sed
3390 4367 3634 4421 etabun-

369 4460 509 4524 ζειν.
536 4460 599 4513 Εἰ
628 4459 738 4533 γὰρ
776 4462 812 4532 ή
858 4463 1139 4532 παρουσία
1190 4462 1410 4532 ὠφελεῖ,
1458 4463 1639 4533 πολλῷ
1687 4462 1947 4534 μᾶλλονή

2056 4458 2187 4511 dare
2219 4465 2451 4525 oportet.
2483 4456 2539 4511 Si
2585 4457 2729 4511 enim
2765 4457 2915 4512 utilis
2959 4469 3045 4513 est
3088 4472 3274 4512 earum
3318 4459 3637 4526 praesentia,

368 4552 682 4622 περιουσία.
708 4554 805 4618 Τίς
836 4554 894 4608 δὲ
924 4556 957 4626 ή
982 4555 1042 4620 ἐξ
1064 4555 1247 4609 αὐτῶν
1283 4556 1543 4625 ὠφέλεια,
1576 4556 1608 4625 ἢ
1639 4555 1700 4609 τὸ
1728 4557 1947 4625 παρρη-

2060 4549 2230 4603 multo
2282 4549 2455 4618 magis
2485 4557 2539 4603 ct
2564 4550 2925 4604 abundantia.
2972 4551 3103 4615 Quae
3126 4564 3256 4605 vero
3310 4552 3376 4603 de
3413 4549 3521 4604 illis
3555 4560 3639 4605 est

374 4644 501 4697 σίαν
545 4646 690 4715 ἐχειν
721 4647 778 4700 ἐν
807 4648 874 4717 τῇ
930 4646 1114 4719 ἡμέρᾳ
1169 4646 1264 4700 τοῦ
1307 4645 1516 4716 Κυρίου
1558 4646 1720 4716 ήμῶν
1767 4645 1945 4716 Ἰησοῦ

2060 4640 2298 4695 utilitas?
2350 4639 2626 4695 Fiduciam
2686 4648 2948 4709 generant
2980 4640 3032 4693 in
3061 4640 3150 4695 die
3196 4640 3407 4694 Domini
3460 4641 3637 4694 nostri

372 4736 616 4806 Χριστοῦ
644 4755 660 4804 ;
687 4738 853 4807 Λέγει
886 4738 942 4791 δὲ
975 4738 1076 4808 τὴν
1112 4738 1372 4809 δευτέραν
1401 4737 1568 4792 αὐτοῦ
1605 4738 1908 4810 παρουσίαν
1930 4756 1945 4770 ο

2057 4733 2181 4789 .lcsu
2214 4734 2439 4787 (Zbristi.
2473 4733 2602 4787 Dico
2627 4740 2810 4786 autem
2845 4733 2897 4785 in
2925 4731 3159 4786 secunda
3207 4731 3377 4800 ipsius
3420 4733 3636 4801 appari-

370 4827 462 4880 ὅτε
490 4827 709 4899 ἔρχεται
738 4830 920 4899 κρῖναι
948 4828 1157 4893 ζῶντας
1185 4830 1280 4883 καὶ
1309 4828 1558 4901 νεκρούς.
1584 4830 1743 4898 Μέγα
1765 4829 1821 4882 δὲ
1852 4831 1947 4884 καὶ

2060 4828 2235 4891 tione,
2286 4827 2508 4895 quando
2556 4825 2739 4880 veniet
2784 4823 3030 4892 judicare
3080 4823 3234 4879 vivos
3280 4834 3334 4878 et
3365 4834 3632 4879 mortuos.

370 4919 717 4991 ὑπερϐάλλον
739 4921 944 4992 ἀγαθὸν
972 4922 1189 4992 ἀληθῶς
1220 4921 1281 4975 τὸ
1310 4921 1627 4995 παρρησίαν
1660 4921 1808 4992 ἔχειν
1852 4923 1947 4976 ἐπὶ

2053 4918 2305 4990 Magnum
2332 4926 2513 4973 autem
2536 4928 2591 4974 et
2627 4917 3063 4988 superexcellens
3090 4927 3243 4972 certe
3265 4918 3462 4973 bonum
3490 4919 3631 4972 litlu-

362 5010 464 5064 τοῦ
504 5010 653 5065 θείου
676 5011 771 5066 καὶ
799 5011 1035 5083 φοϐεροῦ
1063 5012 1325 5083 βήματος.

2053 5012 2190 5066 ciam
2222 5011 2422 5066 habere
2451 5020 2577 5065 ante
2607 5011 2848 5065 divinum
2880 5010 3327 5081 tremendumque
3368 5012 3628 5067 tribunal.

438 5097 517 5173 ⁷ῼ
543 5103 655 5172 γὰρ
682 5105 769 5175 μὴ
812 5106 1066 5175 πάρεστι
1098 5106 1305 5173 ταῦτα,
1339 5106 1570 5175 τυφλός
1607 5106 1758 5171 ἐστι,
1784 5122 1946 5175 μυω-

2126 5100 2290 5158 Vens.
2323 5102 2377 5158 9.
2409 5102 2511 5157 Cui
2540 5113 2717 5158 autem
2747 5120 2851 5159 non
2898 5114 3091 5174 prasto
3137 5113 3259 5160 sunt
3293 5107 3426 5172 Itaac,
3456 5122 3634 5162 aecus

366 5192 589 5254 natium.

2063 5206 2139 5253 εει
2168 5207 2218 5252 et
2253 5213 2417 5251 manu
2445 5208 2680 5253 tentuns.

442 5286 608 5340 Ταῦτ’
641 5281 737 5342 οῦν
767 5287 1390 5355 ἀκούοντες,”πάντοθεν
1428 5290 1658 5355 ἑαυτοὺς
1692 5290 1946 5362 τειχίζω-

2130 5291 2255 5347 Haec
2285 5306 2415 5363 ergo
2437 5292 2742 5357 audientes,
2770 5293 2995 5351 omnino
3020 5291 3394 5355 confortemur
3416 5307 3536 5359 nos,
3571 5301 3627 5349 et

369 5394 475 5451 μεν
504 5379 550 5411 ⁸⁸
576 5379 671 5434 καὶ
700 5380 1060 5453 προσέχωμεν
1076 5382 1188 5445 τοῖς
1212 5380 1547 5452 λεγομένοις,
1585 5383 1682 5439 καὶ
1716 5371 1944 5448 ἑαυτοὺς

2055 5380 2432 5440 adhaeréamus
2473 5383 2652 5451 dictis,
2687 5394 2742 5441 et
2772 5400 2875 5444 nos
2909 5385 3057 5456 ipsos
3084 5400 3116 5442 a
3146 5386 3434 5443 mundanis
3465 5385 3644 5460 puri-7

444 5554 491 5588 "
525 5556 663 5613 Luc.
692 5573 751 5623 ι,
793 5559 882 5614 5i.
960 5558 1005 5591 “
1043 5558 1200 5616 Joan.
1239 5575 1349 5622 νυν,
1400 5559 1493 5613 27.

463 5711 588 5788 “.C.
611 5711 676 5775 (Ξ.
699 5730 751 5769 τι
782 5712 1104 5790 σύμϐουλον,
1204 5716 1250 5750 ⁸³
1272 5716 1333 5773 C.
1376 5716 1682 5786 Ο.λέγεται.
1756 5719 1800 5752 ⁸⁵
1835 5718 1896 5774 C.
1928 5717 1989 5775 C.
2020 5719 2329 5792 τειχίζομεν
2364 5720 2734 5794 προσέχομεν.
