4066 6214
454 304 586 359 1059

1185 262 1746 323 SUPPLEMENTUM
1791 261 1879 315 AD
1923 262 1981 317 S.
2024 262 2073 316 J.
2115 259 2614 335 CHRYSOSTOMI
2657 260 2912 316 OPERA.

3596 267 3732 324 1060

463 406 721 464 ticemus;
757 395 802 450 si
837 393 983 448 enim
1037 391 1153 445 inec
1186 386 1515 449 fecerimus,
1568 386 1667 438 ista
1722 392 1901 437 autem
1950 396 2040 436 ne-

2162 384 2434 453 ,κκαοάρω
2443 399 2542 454 μεν
2564 382 2672 435 τῶν
2691 380 2985 451 βιωτικῶν.
3006 382 3102 435 "Av
3122 381 3176 433 δὲ
3193 381 3259 434 τά
3278 400 3378 451 μεν
3403 388 3646 459 ποιῶμεν
3661 389 3733 456 ⁸⁸,

461 490 812 561 glexerimus,
846 484 981 540 nihil
1008 484 1109 537 erit
1133 480 1288 534 nobis
1319 477 1573 548 amplius,
1603 485 1658 532 et
1689 477 1733 531 si
1764 491 1869 530 non
1898 476 2037 541 istis,

463 583 570 637 illis
598 579 788 636 saltem
816 576 1077 646 perimus.
1111 571 1250 640 Quid
1280 584 1407 625 vero
1441 570 1666 623 interest
1693 567 1736 622 si
1768 581 1873 620 non
1901 567 2040 620 divi-

465 674 553 729 tiis
580 673 672 728 sed
700 669 934 732 luxuria,
986 682 1092 720 non
1128 664 1358 719 luxuriis
1392 663 1488 716 sed
1536 660 1749 731 ignavia
1796 676 2043 717 corrum-

2146 476 2210 528 τὶι
2231 478 2286 529 δὲ
2306 477 2621 546 άμελῶμεν,
2663 476 2817 530 οὐδὲν
2840 477 2970 546 ἡμῖν
2995 474 3149 528 ἔσται
3174 476 3339 530 πλέον
3363 494 3375 507 ⁸
3406 478 3474 532 ἂν
3508 482 3617 552 γὰρ
3651 487 3729 553 μὴ

2144 567 2339 631 οὕτως,
2365 568 2484 621 ἀλλ’
2510 568 2735 631 ἐκείνως
2765 567 3142 637 ἀπολλύμεθα.
3168 569 3231 620 Τί
3256 569 3367 638 γὰρ
3387 571 3642 645 διαφέρει
3663 576 3735 627 ἂν

2150 660 2224 730 μὴ
2257 660 2346 714 διὰ
2370 661 2631 726 πλούτου,
2659 660 2795 714 ἀλλὰ
2813 660 2903 714 διὰ
2931 660 3221 731 ῥᾳθυμίας,
3252 662 3318 715 ἂν
3341 662 3417 734 μὴ
3440 663 3527 716 διὰ
3560 666 3735 735 {409-

463 763 690 835 pimur?
720 759 998 831 Siquidem
1032 766 1087 814 et
1118 756 1358 828 agricola
1382 769 1708 825 quocunque
1738 754 1895 809 modo
1920 767 2044 823 per-

2162 748 2300 815 aiag,
2329 748 2443 801 ἀλλ’
2466 749 2789 821 ἀνανδρείας
2812 749 3363 820 διαφθαρῶμεν;ὲπεὶ
3390 754 3485 806 καὶ
3505 754 3534 804 ὁ
3552 770 3734 825 γεωρ-

463 854 659 911 diderit
684 859 1007 916 sementem,
1037 848 1323 920 aequaliter
1352 848 1539 919 gemit.

1119 1048 1273 1104 CAP.
1310 1048 1378 1103 11.

532 1170 697 1225 Vens.
726 1168 778 1223 6.
816 1167 883 1221 Et
931 1168 1167 1221 civitates
1209 1165 1559 1219 Sodomorum
1599 1175 1645 1216 et
1676 1160 2047 1216 Gomorrha'o-

467 1279 581 1315 rum
610 1263 663 1313 in
694 1261 917 1313 cinerem
953 1258 1216 1326 redigcns,
1251 1257 1516 1308 eversione
1550 1253 1843 1317 danntavit,
1876 1267 2049 1305 exem-

464 1356 608 1425 plum
637 1371 817 1407 eorum
848 1353 937 1421 qui
965 1351 1123 1419 impie
1151 1349 1323 1401 acturi
1359 1357 1479 1401 sunt
1510 1362 1727 1415 ponens.

537 1443 705 1498 Visne
756 1443 968 1495 discere
1017 1438 1302 1507 cuiusnam
1346 1451 1508 1492 causa
1559 1435 1725 1491 fuerit
1771 1449 1869 1490 cur
1934 1436 2047 1490 haec

2146 840 2262 906 γὸς,
2298 840 2365 895 ἄν
2394 857 2454 895 τε
2482 840 2656 906 οὕτως
2680 842 2745 897 ἄν
2773 859 2832 896 τε
2868 842 3096 907 ἐκείνως
3116 844 3359 915 ἀπολέσῃ
3381 844 3473 898 τὸν
3505 846 3733 916 σπόρον,

2146 933 2349 1001 ὁμοίως
2373 933 2577 986 πενθεῖ.

2754 1045 3009 1100 ΚΕΦΑΛ.
3052 1047 3126 1100 B'.

2222 1164 2329 1214 Kal
2359 1161 2569 1227 πόλεις
2609 1161 2893 1230 Σοδόμων
2943 1161 3040 1214 καὶ
3076 1161 3386 1230 Γομόρρας
3419 1161 3735 1230 τεφρώσας

2149 1252 2540 1321 καταστροφῇ
2575 1253 2947 1321 κατέκρινεν,
3003 1253 3336 1322 ὑπόδειγμα
3378 1256 3735 1323 μελλόντων

2149 1343 2390 1397 ἀσεϐεῖν
2411 1343 2703 1419 τεθεικώς.

2221 1434 2410 1487 Βούλει
2441 1435 2538 1504 τὴν
2580 1435 2762 1488 αἰτίαν
2809 1434 3002 1505 μαθεῖν
3050 1435 3119 1488 δι’
3153 1435 3221 1505 ἢν
3257 1436 3381 1488 τότε
3407 1434 3580 1489 ταῦτα
3616 1434 3736 1502 ἐγέ-

469 1545 598 1589 tunc
629 1535 768 1589 facta
797 1533 950 1587 sint?
980 1531 1214 1601 Propter
1236 1538 1521 1601 peccatum
1557 1539 1714 1597 turpe
1744 1528 1961 1597 quidem
1995 1538 2049 1583 et

2162 1544 2300 1593 vero;
2331 1527 2388 1580 ἓν
2429 1522 2497 1595 ἦν
2536 1526 2844 1596 ἁμάρτημα
2897 1527 2996 1596 μὲν
3030 1526 3266 1597 χαλεπὸν
3300 1528 3397 1579 καὶ
3423 1527 3731 1595 ἐπάρατονο

468 1628 886 1682 exsecrandum.
912 1624 965 1677 In
993 1640 1191 1692 pueros
1217 1622 1478 1677 effrenata
1511 1622 1905 1690 concupicbant
1929 1620 2049 1673 libi-

2153 1620 2293 1691 πλὴν
2313 1621 2426 1674 ἀλλ’
2449 1621 2506 1673 ὲν
2530 1620 2717 1673 παισὶν
2743 1620 3075 1689 ὲπεμένοντο
3099 1621 3148 1673 οἱ
3174 1619 3294 1671 τότε
3310 1635 3324 1649 ·
3348 1618 3443 1671 καί
3464 1618 3550 1671 διὰ
3571 1617 3736 1671 τοῦτο

470 1719 594 1772 dine
626 1718 873 1772 homines
901 1718 952 1771 1ιί
978 1717 1210 1788 antiqui,
1242 1726 1297 1771 et
1323 1724 1544 1785 propter
1576 1715 1676 1769 hoc
1704 1713 1863 1768 talem
1888 1713 2049 1769 dede-

2162 1712 2360 1781 ταύτην
2390 1711 2580 1764 ἔδοσαν
2602 1711 2699 1782 τὴν
2733 1710 2912 1781 δίκην.

473 1819 602 1865 runt
633 1824 873 1879 pinnam.

541 1902 708 1957 Vens.
740 1901 823 1955 16.
851 1899 1244 1968 Correptionem
1277 1900 1458 1953 Imbuit
1487 1915 1597 1953 suae
1626 1899 1875 1953 vesanim.
1911 1897 2050 1951 Sub-

473 1994 650 2065 ‘ugale
682 2003 885 2047 mutum
918 1994 1122 2047 animal
1169 1993 1396 2047 hominis
1449 2007 1570 2046 voce
1599 1990 1839 2059 loquens,
1870 1989 2049 2058 prohi-

474 2090 582 2141 buit
613 2087 880 2153 propheta:
916 2086 1305 2155 insipientiam.

545 2179 604 2233 Si
640 2179 692 2232 in
721 2179 931 2232 asinum
963 2186 1184 2245 operata
1216 2185 1299 2231 est
1327 2176 1421 2231 Dei
1463 2176 1660 2245 gratia,
1690 2184 1745 2230 et
1769 2176 1823 2228 in
1851 2189 2046 2227 vanum

476 2279 695 2340 propter
724 2270 1077 2323 directionem
1103 2277 1157 2322 et
1191 2266 1561 2323 lsraelitarutn
1596 2267 1902 2329 utilitatem,
1937 2265 2050 2319 evi-

475 2356 789 2410 dentissime
812 2357 938 2410 etin
968 2357 1125 2409 nobis
1155 2355 1369 2425 operari
1399 2363 1677 2425 poposcet,
1708 2364 1762 2409 ct
1792 2356 1895 2409 hoc
1922 2355 2047 2425 qui-

476 2448 597 2502 dem
629 2448 922 2504 sustinebit
954 2457 1177 2517 propter
1212 2462 1332 2502 nos.

2233 1896 2511 1963 Ἕλεγξιν
2539 1894 2607 1948 δὲ
2637 1894 2823 1963 ἔσχεν
2858 1894 3012 1960 ἰδίας
3055 1895 3428 1963 παρανομίας
3449 1911 3461 1922 ·
3518 1894 3732 1954 ὐποζύ-

2157 2006 2289 2057 γιον
2321 1989 2581 2057 ἄφωνον,
2623 1989 2693 2040 ἐν
2735 1986 3051 2055 ἀνθρώπου
3087 1986 3256 2056 φωνῇ
3294 1987 3729 2055 φθεγξάμενον,

2156 2080 2429 2134 ἐκώλυσε
2453 2081 2566 2147 τὴν
2590 2081 2696 2134 τοῦ
2725 2079 3037 2148 προφήτου
3067 2081 3506 2148 παραφρονίαν.

2223 2176 2399 2237 Elei;
2451 2175 2571 2227 ὄνον
2618 2176 2892 2244 ἐνήργησε
2925 2175 2969 2205 ⁸⁷
3017 2174 3111 2226 καὶ
3152 2175 3231 2235 εἰς
3273 2176 3451 2244 μάτην
3485 2174 3594 2244 ⁸⁸η
3640 2174 3734 2226 τοῦ

2155 2264 2294 2316 Θεοῦ
2316 2265 2500 2334 χάρις,
2536 2265 2605 2316 δι’
2641 2264 2956 2336 οἰκονομίαν
2992 2266 3087 2317 καὶ
3119 2265 3219 2335 τὴν
3240 2264 3347 2316 τῶν
3386 2267 3735 2335 Ἰσραηλιτῶν

2156 2356 2446 2425 ὠφέλειαν,
2489 2356 2713 2424 εὔδηλον
2762 2358 2842 2410 ὅτι
2904 2358 2948 2389 ‘9
2996 2358 3074 2419 εἰς
3124 2358 3274 2426 ἡμᾶς
3339 2360 3738 2427 παραιτήσεται

2164 2451 2434 2519 ἐνεργεῖν,
2470 2451 2584 2504 ἀλλ’
2618 2450 2871 2516 ἀνέξεται
2895 2451 3167 2506 καὶτοῦτο
3189 2450 3254 2503 δι’
3283 2451 3427 2520 ἡμᾶς
3456 2450 3519 2502 ⁷⁸.

984 2789 1108 2877 ΙΝ
1185 2788 1653 2876 PRIMAM
1731 2789 1825 2878 S.
1907 2790 2425 2882 JOANNIS
2496 2791 3214 2888 EPISTOLAM.

1120 2979 1269 3035 CAP.
1310 2979 1397 3035 111.

549 3100 719 3156 νειιεο
750 3097 805 3152 8ο
839 3095 941 3161 Qui
988 3095 1116 3164 Ῑτιεὶι
1158 3105 1426 3163 peccatum
1459 3111 1523 3150 ea:
1547 3095 1755 3149 diabolo
1791 3105 1887 3161 est,
1921 3112 2055 3165 quo-

2778 2984 3028 3039 ΚΕΦΑΛ.
3069 2984 3141 3037 Γ’.

2239 3096 2300 3148 '0
2327 3095 2514 3148 ποιῶν
2536 3096 2649 3163 τὴν
2678 3095 2972 3165 ἁμαρτίαν
2998 3097 3066 3150 ἐκ
3094 3097 3201 3152 τοῦ
3221 3097 3505 3154 διαϐόλου
3536 3099 3744 3156 ἐστίν·

482 3193 624 3247 niam
678 3191 743 3243 ab
796 3189 944 3242 initio
1000 3186 1246 3239 diabolus
1289 3196 1489 3254 peccat.
1545 3186 1611 3240 In
1659 3188 1757 3241 hoc
1807 3188 2061 3256 apparuit

2162 3188 2251 3242 ὅτι
2284 3189 2384 3242 ἀπ’
2416 3188 2609 3257 ἀρχῆς
2643 3192 2677 3242 ό
2719 3189 3001 3256 διάϐολος
3046 3190 3367 3259 ἁμαρτάνει
3392 3209 3406 3223 ⁸
3450 3197 3539 3260 εις
3569 3194 3746 3249 τοῦτο

483 3282 658 3337 Filius
696 3280 809 3347 Dei,
841 3289 896 3333 ut
926 3279 1175 3333 dissolvat
1203 3293 1359 3346 Opera
1385 3278 1601 3333 diaboli.

554 3474 629 3529 Ex
663 3487 768 3543 quo
794 3473 1002 3543 primus
1030 3470 1271 3526 omnium
1304 3469 1356 3523 in
1392 3468 1589 3522 malum
1621 3481 1920 3523 conversus
1952 3467 2059 3521 dia-
2087 3463 2132 3525 C

483 3567 661 3632 bolus,
710 3567 762 3620 in
806 3574 1085 3636 peccatum
1136 3561 1309 3616 factus
1356 3569 1463 3625 est,
1525 3559 1695 3628 ipsius
1738 3573 1872 3627 Opus
1931 3557 2060 3610 facit

480 3663 661 3718 omnis
693 3660 784 3731 qui
817 3667 1110 3729 peccanter
1144 3655 1274 3725 agit.
1306 3653 1501 3724 incipit
1536 3654 1681 3708 enim
1724 3652 1837 3720 ipse
1871 3650 2060 3705 diabo-

483 3752 566 3807 lus
598 3752 651 3806 in
683 3756 992 3821 peccantem
1028 3761 1125 3817 per
1155 3744 1416 3799 malarum
1471 3743 1857 3811 cogitationum
1890 3741 2060 3796 abun-

484 3844 748 3906 dantiam,
782 3841 923 3896 sicut
955 3849 1010 3894 et
1037 3839 1089 3892 in
1119 3836 1283 3891 Juda.
1336 3836 1491 3892 Dicet
1540 3844 1721 3890 autem
1756 3834 1877 3903 quis
1919 3833 2063 3903 Quod

486 3936 728 3991 nascitur
775 3934 828 3988 in
857 3929 1204 4001 peccantibus
1231 3927 1503 3994 diabolus,
1532 3942 1652 3981 cum
1690 3926 1781 3981 ille
1814 3925 1902 3995 qui
1936 3939 2062 3994 pec-

487 4028 631 4080 cavit
654 4024 802 4079 dedit
823 4024 872 4078 ei
907 4022 1105 4076 locum.
1131 4018 1238 4074 Sed
1258 4019 1325 4073 ad
1354 4019 1470 4073 haec
1496 4019 1656 4073 verba
1687 4034 1701 4071 :
1735 4017 1866 4073 dare
1889 4016 2063 4070 locum

486 4113 700 4170 diabolo
736 4115 804 4178 ’⁸,
840 4113 1251 4182 intelligendum
1285 4117 1369 4165 est
1407 4108 1589 4163 facere
1619 4106 1982 4177 iniquitatem,
2012 4114 2067 4159 et

488 4220 595 4260 non
630 4216 907 4272 peccasse.
942 4203 1044 4256 Dat
1081 4202 1227 4257 enim
1263 4199 1342 4254 illi
1372 4198 1549 4253 locum
1583 4196 1698 4266 qui,
1722 4195 2067 4266 passionibus

488 4290 802 4363 compulsus
832 4290 899 4344 ad
937 4289 1087 4343 illum
1114 4288 1511 4357 recipiendum,
1544 4294 1826 4355 peccatum
1854 4301 1948 4355 per
1974 4299 2068 4340 ac-

492 4396 578 4441 tus
604 4398 733 4441 suos
755 4389 1119 4438 consummat.
1140 4378 1295 4435 Unde
1324 4380 1462 4434 bene
1486 4380 1688 4434 dicitur
1723 4378 1814 4447 qui
1839 4376 1990 4442 facit,
2015 4386 2069 4431 et

491 4493 596 4532 non
628 4476 717 4546 qui
751 4474 899 4529 fecit.
925 4472 1025 4540 Qui
1054 4472 1199 4527 enim
1224 4471 1543 4542 poenitentia
1578 4478 1789 4526 tenetur
1815 4484 1923 4525 non
1956 4469 2069 4537 jam

490 4578 575 4625 est
602 4582 665 4623 ex
687 4566 924 4631 diabolo,
949 4566 1042 4620 sed
1074 4566 1246 4621 solum
1271 4564 1363 4634 qui
1394 4565 1570 4620 adhuc
1598 4572 1854 4634 operatur
1882 4577 2072 4632 pecca-

494 4672 629 4720 tum.
660 4660 724 4715 Et
753 4662 832 4716 sic
859 4661 1035 4715 adhuc
1062 4673 1193 4731 ergo
1226 4658 1433 4728 peccati
1481 4672 1673 4713 servus
1703 4666 1784 4712 est
1816 4658 1908 4725 qui
1940 4656 2071 4709 facit

490 4765 547 4809 et
576 4768 681 4808 non
712 4753 803 4823 qui
838 4752 966 4808 fecit
997 4752 1149 4818 illud,
1181 4752 1284 4806 hoc
1314 4752 1473 4806 modo
1498 4752 1714 4806 dicente
1746 4750 2024 4819 Scriptura
2055 4767 2066 4802 :

493 4844 597 4911 Qui
626 4844 756 4915 facit
787 4855 1054 4914 peccatum
1086 4859 1265 4917 servus
1299 4853 1375 4897 est
1407 4844 1604 4912 peccati
1632 4841 1698 4895 ³⁸.

564 5031 732 5087 Vsus.
766 5029 852 5085 17.
884 5028 985 5095 Qui
1032 5027 1269 5083 habuerit
1295 5028 1643 5082 substantiam
1676 5027 1835 5095 hujus
1862 5024 2065 5090 mundi,

495 5135 541 5179 et
573 5124 757 5178 viderit
787 5122 1006 5190 fratrem
1031 5136 1185 5174 suum
1217 5122 1571 5175 necessitatem
1611 5121 1820 5181 habere,
1848 5129 1893 5172 et
1921 5118 2071 5170 clau—

497 5216 621 5269 serit
657 5217 853 5268 viscera
882 5229 979 5266 sua
1014 5212 1077 5264 ab
1108 5227 1188 5277 eo,
1216 5213 1479 5280 quomodo
1509 5212 1740 5265 charitas
1774 5210 1866 5264 Dei
1899 5218 2069 5263 manet

498 5309 553 5360 in
582 5307 681 5361 eo?

572 5462 616 5493 "
659 5463 856 5529 Epltes.
896 5478 970 5528 tv,
1009 5462 1100 5517 27.
1179 5462 1223 5494 ¹⁶
1260 5460 1419 5517 Joan.
1460 5479 1498 5527 t,
1534 5463 1622 5517 54.

2161 3281 2502 3350 ἐφανερώθη
2557 3286 2589 3336 ὀ
2636 3284 2769 3350 Υἱὸς
2814 3285 2921 3339 τοῦ
2953 3285 3121 3351 Θεοῦ,
3157 3287 3257 3340 ἵνα
3295 3289 3459 3358 λύσῃ
3503 3292 3579 3343 τὰ
3602 3291 3749 3360 ἔργα

2161 3374 2269 3427 τοῦ
2300 3373 2606 3428 διαϐόλου.

2244 3466 2505 3537 Ἐπείπερ
2555 3466 2660 3537 πρὸ
2687 3468 2907 3523 πάντων
2958 3469 3193 3539 τραπεὶς
3220 3472 3249 3523 ὁ
3275 3469 3523 3533 διάϐολος
3560 3472 3619 3523 ἑν
3668 3472 3749 3541 τῷ

2164 3558 2501 3629 ἁμαρτάνειν
2540 3558 2785 3627 γέγονεν,
2838 3559 2899 3624 ἐξ
2953 3561 3115 3614 αὐτοῦ
3168 3561 3497 3632 χρηματίζει
3563 3565 3673 3626 πᾶς
3720 3565 3750 3615 ὁ

2163 3650 2557 3720 ἁμαρτητικῶς
2587 3651 2847 3720 ἐνεργῶν.
2870 3653 3214 3724 Προάρχεται
3237 3652 3343 3723 γὰρ
3366 3653 3423 3706 ὲν
3452 3653 3529 3724 τῷ
3561 3654 3748 3725 ἁμαρ-

2163 3742 2373 3796 τάνοντι
2413 3743 2481 3796 δι’
2518 3744 2827 3816 ὑπερϐολὴν
2895 3745 3150 3817 πονηρῶν
3193 3745 3495 3817 λογισμῶν,
3535 3748 3614 3810 ὡς
3654 3749 3750 3800 ἐπὶ

2163 3836 2260 3891 τοῦ
2306 3837 2500 3891 Ἰούδα.
2544 3837 2686 3889 Ἀλλ’
2721 3840 2836 3909 ἐρεῖ
2878 3855 2963 3901 τις
3000 3838 3082 3893 ὅτι
3115 3839 3331 3908 γίνεται
3356 3840 3384 3892 ὁ
3412 3840 3666 3904 διάϐολος
3693 3842 3751 3892 ἐν

2164 3929 2276 3992 τοῖς
2307 3929 2680 4000 ἁμαρτάνουσι
2734 3928 2845 3981 τῶν
2883 3928 2990 3999 πρὸ
3043 3929 3210 3983 αὐτοῦ
3255 3930 3662 4001 ἡμαρτηκότων
3694 3932 3755 3983 ὲν

2165 4024 2244 4095 τῷ
2262 4024 2464 4079 διδόναι
2493 4023 2644 4095 αὐτῷ
2680 4024 2863 4077 τόπον.
2901 4023 3043 4095 Πρὸς
3070 4023 3099 4077 ὃ
3128 4023 3345 4078 λεκτέον
3369 4023 3564 4077 ταυτὸν
3607 4020 3754 4076 εἶναι

2166 4115 2229 4168 τὸ
2261 4118 2436 4169 ποιεῖν
2468 4114 2565 4186 τὴν
2598 4114 2869 4186 ἁμαρτίαν
2901 4114 2978 4185 τῷ
3015 4115 3375 4185 ἁμαρτάνειν,
3410 4117 3469 4167 ἐν
3500 4115 3579 4186 τῷ
3606 4115 3755 4168 6:66-

2168 4222 2257 4259 ναι
2284 4204 2449 4258 τόπον
2476 4204 2554 4276 τῷ
2579 4205 2839 4275 διαϐόλῳ.
2882 4205 3080 4258 Δίδωσι
3111 4204 3224 4276 γὰρ
3248 4204 3395 4276 αὐτῷ
3424 4204 3590 4259 τόπον
3624 4206 3756 4259 ἑπι-

2169 4294 2341 4366 θυμίᾳ
2362 4295 2627 4366 ὑπαχθεὶς
2653 4294 2792 4366 μετὰ
2814 4295 2876 4348 τὸ
2902 4294 3158 4361 δέξασθαι
3189 4296 3355 4350 αὐτόν
3381 4312 3396 4328 ο
3421 4298 3756 4367 πρακτικῶς

2170 4388 2434 4442 ἐπιτελῶν
2498 4390 2598 4458 τὴν
2656 4388 2955 4459 ἁμαρτίαν.
3009 4386 3180 4441 Τοῦτο
3226 4389 3333 4460 γὰρ
3391 4389 3648 4459 σημαίνει
3692 4406 3757 4441 το

2171 4483 2343 4534 ποιεῖν
2377 4481 2581 4550 αὐτήν·
2634 4476 2693 4533 εὖ
2722 4480 2778 4533 δὲ
2812 4481 2904 4534 καὶ
2943 4480 3005 4533 τὸ
3042 4482 3240 4547 εἰπεῖν,
3276 4479 3466 4543 ποιῶν,
3512 4480 3631 4533 ἀλλ’
3660 4481 3754 4547 οὗ,

2173 4572 2441 4642 ποιήσας*
2476 4570 2571 4624 τοῦ
2626 4572 3061 4642 μετανοήσαντας
3106 4572 3293 4626 οὐκέτι
3344 4573 3495 4635 ὄντος
3535 4574 3602 4625 ὲκ
3650 4573 3758 4626 τοῦ

2171 4661 2446 4727 διαϐόλου,
2487 4662 2625 4716 ἀλλὰ
2677 4664 2840 4732 μόνου
2881 4661 2975 4717 τοῦ
3030 4663 3382 4731 ἐνεργοῦντος
3433 4663 3604 4732 αὐτὴν
3644 4661 3758 4716 ἔτι.

2158 4752 2332 4807 θῦτω
2382 4755 2493 4824 γὰρ
2521 4755 2614 4807 καὶ
2648 4755 2749 4824 τῆς
2784 4754 3062 4825 ἁμαρτίας
3089 4754 3279 4818 δοῦλός
3322 4757 3471 4808 ἐστιν
3496 4755 3524 4807 ὁ
3552 4753 3756 4818 ποιῶν,

2175 4845 2290 4899 ἀλλ’
2320 4846 2416 4915 οὐχ
2454 4847 2482 4899 ὁ
2522 4846 2749 4917 ποιήσας
2777 4848 2964 4919 αὑτήν.
3000 4846 3124 4910 Πῶς
3156 4846 3284 4916 γὰρ,
3334 4844 3388 4898 '0
3417 4845 3606 4900 ποιῶν
3638 4846 3759 4913 τὴν

2177 4940 2487 5008 ἁμαρτίαν,
2519 4941 2676 5010 φησὶ,
2709 4938 2931 5005 δοῦλος
2963 4937 3153 5007 αὐτῆς
3180 4939 3384 5003 eam;

2252 5032 2355 5097 Ὃς
2380 5032 2431 5083 δ’
2454 5031 2530 5084 ἂν
2558 5032 2669 5100 ἔχῃ
2695 5032 2803 5085 τὸν
2829 5032 2977 5096 ,βίον
3003 5030 3113 5085 τοῦ
3130 5032 3387 5101 κόσμου,
3419 5028 3519 5083 καὶ
3542 5029 3758 5096 θεωρεῖ

2174 5121 2283 5177 τὸν
2328 5122 2597 5192 ἀδελφὸν
2639 5123 2828 5178 αὑτοῦ
2860 5123 3070 5193 χρείαν
3106 5122 3345 5192 ἔχοντα,
3404 5121 3500 5176 καὶ
3529 5121 3761 5187 κλείσῃ

2180 5215 2251 5269 τὰ
2304 5215 2631 5285 σπλάγχνα
2680 5215 2888 5282 αὐτοῦ,
2926 5213 3052 5282 πῶς
3089 5216 3128 5285 ἠ
3188 5215 3387 5286 ἀγάπη
3439 5213 3545 5268 τοῦ
3603 5210 3759 5268 Θεοῦ

2169 5305 2337 5375 μένει
2371 5306 2439 5361 ἐν
2473 5304 2666 5369 aurci);

571 5616 616 5689 ‘f
638 5616 702 5673 C.
730 5618 790 5673 C.
854 5617 1186 5689 ποιοῦμεν...
1246 5616 1576 5689 ἀμελοῦμιν.
1654 5618 1696 5651 ⁸⁷
1730 5615 1878 5672 C.C.
1926 5616 2062 5672 ἐνενὶ

2162 5630 2281 5685 ησε.
2356 5614 2401 5647 ⁸⁸
2430 5614 2490 5670 C.
2518 5614 2577 5671 C.
2613 5613 2828 5686 μάντιν.
2906 5614 2949 5646 ⁶⁹
2978 5612 3040 5670 C.
3067 5612 3127 5669 C.
3158 5611 3242 5666 ὅτι
3267 5608 3413 5667 οὐδέ.
3503 5608 3552 5642 ⁷⁸
3590 5609 3656 5666 C.
3682 5609 3754 5666 C.

503 5683 667 5753 ὑμᾶς.
