4054 6216
393 284 529 343 ίῦδῦ

1129 278 1692 337 SUPI’LEMENTUM
1734 277 1823 333 AD
1857 280 1912 332 S.
1950 277 2000 333 J.
2037 272 2524 332 CHRYSOSTOMI
2565 270 2809 325 OI‘EllA.

3524 269 3668 323 106$

393 411 537 451 nunc
571 405 623 451 et
672 409 905 465 semper,
936 402 988 449 ct
1020 394 1072 447 in
1106 394 1302 448 szecnla
1364 391 1706 447 srecnlornnn.
1775 393 1966 445 Amen.

2072 390 2215 461 αγίῳ
2236 432 2251 456 ,
2292 388 2384 442 καὶ
2411 386 2635 458 ἀγαθῷ,
2663 387 2759 440 καὶ
2787 383 3037 455 ζωοποιῷ
3070 401 3163 436 σου
3210 383 3492 453 Πνεύματι
3514 400 3527 413 ο
3564 384 3668 439 νῦν

833 577 954 630 Alia
981 577 1218 647 ejusdem
1246 578 1418 631 oratio
1444 576 1546 648 (4).

362 690 364 694 ν
459 666 744 721 Dominum
780 679 1083 735 precemur.

356 768 362 783 λ
462 760 779 814 lnvocamus
802 768 872 822 te,
909 756 1130 811 Domine
1155 754 1299 810 Deus
1325 756 1695 825 omnipotens,
1735 754 1972 819 excelse,

388 850 519 905 mali
572 849 755 904 cuncti
810 863 1027 918 expers,
1079 848 1303 918 paeiﬁce
1340 846 1490 913 Rex;
1536 849 1849 903 invocamus
1900 858 1973 909 te,

388 934 654 1002 Conditor
693 944 817 1000 caeli
866 953 922 999 et
959 952 1139 1008 terra),
1175 959 1240 997 ex
1274 952 1325 997 te
1374 959 1606 1014 namque
1650 944 1825 997 oritur
1856 959 1891 994 α
1920 950 1976 997 et

391 1056 459 1104 ω,
497 1036 824 1107 principium
855 1045 909 1091 et
965 1035 1105 1099 linis,
1144 1036 1235 1104 qui
1290 1035 1484 1089 dedisti
1548 1035 1862 1089 hominibus
1916 1041 1976 1088 ut

392 1129 525 1198 ipsis
555 1127 922 1198 quadrupedia
945 1134 998 1182 et
1027 1128 1236 1181 ratione
1271 1127 1508 1180 carentia
1543 1125 1819 1190 animalia,
1845 1125 1971 1194 quia

394 1220 721 1289 sicjussisti,
755 1218 1005 1283 Domine,
1047 1219 1372 1272 obedirent:
1406 1232 1621 1272 manum
1657 1227 1803 1272 tnazn
1858 1217 1971 1271 [οτ-

394 1325 523 1379 tem,
574 1322 631 1368 et
662 1312 945 1368 brachium
998 1321 1146 1364 tuum
1198 1310 1468 1366 excelsum
1515 1319 1570 1364 et
1600 1318 1843 1364 sanctum
1879 1324 1973 1361 ex-

392 1406 578 1470 tende,
602 1411 657 1459 et
707 1405 846 1458 banc
901 1415 1205 1457 creaturam
1246 1411 1391 1455 tuam
1433 1402 1552 1455 visu
1603 1410 1693 1454 tuo
1736 1398 1968 1469 respice.

390 1497 468 1551 Da
522 1496 598 1550 illi
650 1495 898 1566 angelum
942 1493 1252 1565 paciﬁcum,
1292 1492 1543 1563 angelum
1579 1490 1797 1555 fortem,
1850 1506 1971 1543 cor-

393 1588 542 1659 poris
588 1598 643 1642 et
689 1588 885 1641 anima:
932 1586 1237 1652 custodem,
1279 1586 1369 1655 qni
1422 1585 1661 1653 increpet
1690 1593 1745 1637 et
1791 1583 1971 1651 abigat

391 1674 461 1733 ab
508 1693 571 1733 ea
624 1694 783 1733 onme
831 1677 1123 1748 malignum
1174 1688 1227 1732 et
1284 1679 1554 1747 impurum
1618 1676 1964 1731 daemonium.

2079 484 2172 535 καὶ
2202 481 2317 544 ἀεὶ,
2346 481 2441 534 καὶ
2472 480 2552 541 είς
2583 479 2711 541 τοὺς
2744 476 2944 540 αἰῶνας
2971 476 3079 529 τῶν
3110 474 3345 529 αἰώνων.
3392 475 3589 546 Ἀμήν.

2474 570 2644 641 Εὐχή
2686 570 2858 638 ἑτέρα
2905 568 3012 623 τοῦ
3046 565 3257 622 αὑτοῦ.

2154 666 2260 720 Τοῦ
2283 665 2491 736 Κυρίου
2526 664 2833 733 δεηθῶμεν.

2159 756 2602 827 Ἐπικαλούμεθά
2644 772 2738 819 σε,
2788 753 3040 807 Δέσποτα
3097 752 3200 806 Θεέ
3234 753 3622 824 παντοκράτορ
3648 794 3665 816 ,

2076 848 2305 920 ὒψιστε,
2336 850 2637 920 ἀπείρατε,
2670 846 2911 919 εἰρηνικὲ
2944 844 3167 915 βασιλεῦ
3191 883 3206 911 ,
3243 845 3669 914 ἐπικαλούμεοά

2078 959 2139 997 σε
2189 941 2282 995 τὸν
2335 942 2643 1010 ποιήσαντα
2689 937 2783 989 τὸν
2833 935 3065 1006 οὐρανὸν
3109 935 3204 987 καὶ
3240 934 3340 1005 τὴν
3381 935 3507 1005 γῆν.
3564 935 3667 989 Ἐκ

2078 1034 2173 1087 σοῦ
2210 1033 2321 1104 γὰρ
2356 1031 2568 1101 ἀνεφύη
2594 1070 2609 1095 ,
2646 1030 2741 1083 καὶ
2772 1030 2835 1082 τὸ
2876 1034 2922 1083 Α
2967 1029 3064 1082 καὶ
3102 1029 3164 1081 τὸ
3185 1029 3256 1092 Ω,
3292 1029 3325 1099 ἡ
3370 1029 3515 1099 ἁρχὴ
3564 1028 3668 1081 καὶ

2074 1126 2135 1180 τὸ
2178 1126 2361 1190 τέλος,
2418 1124 2542 1187 δοὺς
2589 1126 2704 1186 τοῖς
2757 1119 3073 1193 ἀνθρώποις
3129 1121 3409 1175 ὑπακούεν
3462 1120 3670 1191 τετρά-

2074 1218 2211 1271 ποδα
2240 1218 2331 1269 καὶ⁵
2357 1214 2529 1284 ἄλογα
2560 1213 2677 1278 ζῶα
2697 1229 2708 1241 ·
2739 1213 2822 1265 ὅτι
2854 1214 2916 1265 σὺ
2946 1210 3221 1277 ὑπέταξας
3267 1209 3428 1274 αὐτὰ,
3459 1211 3663 1280 Κύριε.

2078 1310 2359 1362 Ἔκτεινον
2411 1307 2510 1378 τὴν
2544 1306 2708 1376 χεῖρά
2766 1321 2858 1357 σου
2899 1303 2998 1372 τὴν
3055 1302 3364 1373 κραταιάν,
3422 1302 3516 1355 καὶ
3566 1301 3666 1354 τὸν

2075 1400 2339 1472 βραχίονά
2363 1416 2457 1451 σου
2489 1398 2579 1450 τὸν
2611 1395 2816 1467 ὑψηλὸν
2842 1395 3051 1449 καὶτὸν
3085 1394 3264 1462 ἅγιον,
3304 1393 3399 1446 καὶ
3432 1394 3665 1445 ἐπισκο-

2073 1492 2191 1545 πῶν
2222 1491 2596 1560 ἐπισκόπησον
2635 1487 2696 1540 τὸ
2736 1486 2963 1557 πλάσμα
3008 1502 3103 1537 σου
3140 1482 3319 1537 τοῦτο.
3367 1482 3669 1551 Κατάπεμ-

2070 1584 2171 1654 ψον
2229 1582 2378 1653 αὐτῷ
2432 1581 2664 1651 ἄγγελον
2710 1577 3022 1651 είρηνικὸν,
3079 1576 3313 1646 ἄγγελον
3361 1574 3662 1646 κραταιὸν,

2071 1674 2251 1745 ψυχῆς
2310 1672 2403 1726 καὶ
2471 1670 2727 1742 σώματος
2779 1666 3035 1739 φύλακα,
3085 1667 3144 1729 ὃς
3194 1667 3512 1737 ἐπιτιμήσει
3564 1666 3665 1718 καὶ

392 1772 532 1839 Quia
564 1782 615 1826 tu
646 1766 793 1826 solus
838 1772 1089 1825 excelsus
1130 1778 1185 1825 el
1239 1770 1585 1840 o.nnipotcus
1614 1784 1696 1835 es,
1755 1767 1974 1825 benedi-

2082 1767 2349 1821 ἁπελάσει
2405 1762 2501 1818 ἀπ’
2541 1761 2707 1816 αὑτοῦ
2758 1762 2865 1813 πᾶν
2919 1758 3155 1830 πονηρὸν
3212 1757 3308 1811 καὶ
3349 1756 3664 1826 ἀκάθαρτον

392 1871 510 1919 etus
554 1864 605 1918 in
643 1861 837 1918 szecula
885 1861 1224 1919 saeculorum.
1268 1862 1461 1917 Amen.

462 2200 465 2201 ν
775 2115 896 2169 Alia
928 2115 1165 2185 ejusdem
1198 2115 1372 2169 oratio
1417 2113 1518 2185 (5).

460 2204 745 2262 Dominum
777 2219 1083 2276 precemur.

463 2320 742 2384 Divinam,
770 2326 1039 2386 sanctam,
1074 2333 1353 2390 magnam,
1399 2318 1735 2373 tremendam
1769 2327 1823 2371 et
1854 2331 1962 2371 non

384 2408 730 2464 "tolerandam
777 2407 1013 2462 nominis
1064 2408 1155 2462 Dei
1189 2406 1610 2478 appellationem
1651 2416 1705 2461 et
1749 2407 1969 2460 invoca-

387 2502 593 2557 tionem
622 2499 970 2570 aggredimur
1002 2509 1057 2555 et
1092 2501 1428 2569 perlicimns,
1464 2499 1538 2554 tui
1572 2499 1879 2567 expellendl
1914 2507 1970 2553 et

392 2595 703 2664 increpandi
742 2594 948 2663 gratia,
987 2602 1271 2663 apostata;
1323 2593 1397 2646 tui
1432 2592 1774 2663 disperdendi
1812 2606 1965 2661 ergo,

389 2688 626 2752 diabole,
657 2686 801 2742 Deus
850 2694 1093 2750 sanctus,
1136 2685 1385 2755 principii
1422 2699 1640 2754 expers,
1677 2685 1966 2749 timemlus,

390 2791 586 2836 natura
634 2778 946 2845 invisibilis,
980 2786 1251 2847 potestate
1290 2777 1711 2847 inexcogitatus,
1764 2776 1972 2830 Deitatc

390 2871 908 2941 incomprehensus,
939 2868 1054 2923 Rex
1084 2869 1267 2938 gloriae
1311 2878 1367 2923 et
1422 2869 1765 2939 omnipotens
1797 2868 1972 2923 Domi-

391 2975 516 3027 nus,
547 2961 663 3029 ipse
692 2971 745 3015 te
772 2960 1036 3029 increpet,
1066 2960 1305 3024 diabole,
1333 2959 1425 3030 qui
1456 2974 1487 3014 e
1537 2958 1707 3013 nihilo
1751 2958 1817 3013 ad
1846 2972 1970 3013 esse

2084 1859 2383 1929 δαιμόνιον.
2436 1856 2557 1908 Ὅτι
2609 1853 2674 1908 σὺ
2722 1852 2929 1922 Κύριος
2977 1852 3135 1923 μόνος
3167 1849 3434 1920 ὕψιστος,
3463 1864 3665 1901 παντο·

2086 1951 2337 2022 κράτωρ,
2383 1944 2675 2017 εὐλογητὸς
2700 1984 2714 2010 ,
2763 1943 2842 2006 είς
2876 1942 3003 2005 τοὺς
3035 1940 3236 2004 αἰῶνας
3279 1939 3389 1993 τῶν
3423 1936 3661 1993 αἰώνων.

2099 2045 2295 2115 Ἀμήν·
2501 2109 2571 2115 _-
2638 2105 2715 2115 ..
2770 2106 2783 2115 .
2965 2102 2992 2115 ..
3078 2104 3091 2115 .
3182 2101 3209 2114 -

2497 2109 2581 2162 Εὐ
2587 2107 2666 2177 χὴ
2689 2105 2861 2175 ἑτέρα
2887 2104 2995 2160 τοῦ
3023 2104 3233 2158 αὐτοῦ.

2154 2205 2259 2260 Τοῦ
2294 2203 2502 2276 Κυρίου
2531 2201 2834 2272 δεηθῶμεν.

2149 2326 2263 2399 Τὴν
2297 2323 2448 2378 Θείαν
2473 2340 2533 2377 τε
2556 2322 2653 2376 καὶ
2678 2321 2777 2392 τὴν
2799 2318 2962 2388 ἁγίαν
2989 2316 3084 2372 καὶ
3118 2315 3382 2387 μεγάλην,
3416 2315 3513 2369 καὶ
3534 2333 3663 2389 φρι-

2074 2418 2229 2489 κτὴν,
2268 2417 2362 2469 xui.
2391 2414 2656 2469 ἄστεκτον
2685 2410 2980 2483 ὀνομασίαν
3010 2408 3108 2463 καὶ
3132 2407 3421 2479 ἐπίκλησιν
3464 2406 3661 2461 ποιοῦ-

2078 2527 2176 2582 μεν
2210 2507 2347 2580 πρὸς
2377 2506 2477 2578 τὴν
2508 2506 2607 2577 σὴν
2635 2504 2905 2571 ἐξέλασιν,
2930 2501 3238 2567 ἀποστάτα,
3274 2498 3534 2563 ὡσαύτως
3556 2501 3658 2554 καὶ

2075 2603 2398 2673 ἐπιτίμησιν
2432 2602 2512 2661 είς
2562 2597 2662 2669 τὴν
2711 2596 2810 2667 σὴν
2864 2594 3267 2665 ἐξολόθρευσιν,
3309 2590 3543 2646 διάὸολε.
3588 2592 3656 2645 Ὁ

2068 2694 2202 2757 Θεὸς
2234 2696 2261 2747 ό
2291 2694 2467 2761 ἅγιος,
2509 2693 2537 2743 6
2571 2689 2830 2760 ἄναρχος,
2882 2688 2911 2740 6
2967 2685 3223 2755 φοϐερὸς,
3260 2686 3289 2738 ό
3322 2685 3553 2756 ἀόρατος
3583 2686 3657 2754 τῇ

2067 2786 2250 2857 οὐσίᾳ,
2285 2785 2314 2837 ό
2353 2783 2679 2843 άνείκαστος
2713 2783 2778 2851 τῇ
2827 2778 3084 2849 δυνάμει,
3134 2777 3233 2831 καὶ
3264 2776 3661 2847 άκατάληπτος

2067 2879 2135 2947 τῇ
2179 2876 2413 2945 θεότητι,
2442 2877 2470 2927 6
2510 2873 2764 2944 βασιλεὺς
2786 2871 2884 2943 τῆς
2914 2868 3094 2940 δόξης,
3131 2870 3225 2923 καὶ⁵
3256 2867 3659 2941 παντοκράτωρ

2068 2967 2370 3036 Δεσπότης,
2390 2966 2712 3037 ἐπιτιμήσει
2734 2980 2851 3030 σου,
2875 2960 3112 3028 διάϐολε,
3130 2962 3159 3014 6
3180 2961 3245 3014 ἐκ
3274 2960 3368 3014 τοῦ
3394 2960 3472 3032 μὴ
3499 2958 3659 3025 ὄντος

389 3061 581 3108 cuncta
607 3051 772 3107 verbo
802 3065 1041 3120 congrue
1072 3052 1375 3121 composuit
1398 3089 1414 3115 ,
1450 3050 1541 3119 qui
1567 3065 1732 3120 super
1762 3063 1965 3120 pennas

2070 3062 2151 3125 είς
2178 3059 2239 3114 τὸ
2269 3056 2409 3113 εἶναι
2444 3059 2511 3113 τὰ
2546 3057 2725 3113 πάντα
2777 3053 3074 3124 εὐπραγῶς
3114 3054 3260 3124 λόγῳ
3306 3053 3661 3124 συστησάμεο

389 3151 677 3198 ventorum
708 3140 971 3195 ambulat.
1023 3138 1270 3208 Increpat
1308 3146 1383 3204 te,
1412 3138 1644 3203 diabole,
1668 3139 1758 3208 qui
1797 3138 1966 3193 maris

392 3248 591 3304 aquam
618 3233 868 3295 advocat,
890 3240 945 3283 et
972 3245 1091 3283 eam
1124 3244 1287 3300 super
1306 3229 1571 3283 universae
1591 3239 1746 3284 terra:
1777 3227 1969 3283 faciem

390 3323 637 3379 eﬂ’undit.
675 3323 934 3377 Dominus
959 3322 1221 3376 virtutum
1252 3337 1446 3377 nomen
1488 3321 1590 3377 illi.
1640 3320 1889 3391 Increpat
1918 3328 1971 3376 te

390 3416 674 3481 Dominus,
707 3413 937 3481 diabole,
969 3415 1016 3469 is
1047 3414 1137 3468 cui
1163 3414 1433 3469 innumeri
1462 3413 1713 3468 etelestes
1748 3403 1985 3468 ordines'

391 3509 533 3579 ignei
576 3508 629 3563 in
664 3508 893 3563 circuitu
946 3508 1294 3573 ministrant,
1340 3507 1432 3577 qni
1476 3507 1545 3563 ab
1595 3506 1966 3578 angelicarnm

389 3602 676 3656 turbarum
705 3599 862 3670 capia
898 3609 954 3655 et
982 3601 1049 3655 ab
1076 3599 1416 3670 archangelis
1440 3614 1561 3653 cum
1596 3607 1834 3652 tremore
1880 3612 1970 3653 ce-

392 3689 658 3757 lebratur,
686 3690 881 3745 colitur
903 3700 959 3747 et
994 3690 1271 3746 adoratur.
1318 3690 1567 3760 Increpat
1593 3699 1644 3744 te
1689 3688 1967 3755 Dominus,

392 3784 624 3850 diabole,
656 3784 747 3853 qui
769 3794 821 3838 et
845 3800 875 3838 a
899 3784 1185 3839 virtutibus
1208 3784 1351 3839 circa
1381 3798 1440 3840 se
1460 3782 1759 3839 astantibus
1795 3782 1970 3837 bono-

395 3888 567 3943 ratur,
588 3885 644 3930 et
666 3890 695 3929 a
722 3877 1017 3931 tremendis
1038 3876 1316 3931 oculorum
1342 3876 1495 3945 copia
1521 3875 1818 3930 illustribus
1831 3876 1967 3930 Clie-

381 3967 592 4034 rubim,
639 3976 694 4022 et
722 3983 816 4022 sex
866 3968 1074 4022 alarum
1132 3968 1359 4038 remigio
1408 3969 1604 4024 dotatis
1656 3967 1965 4039 Serapliim,

394 4059 605 4113 duabus
637 4058 855 4127 quidem
904 4060 1070 4115 facies
1117 4076 1245 4115 suas
1277 4070 1501 4130 propter
1553 4061 1970 4132 incomprehen-

393 4166 511 4204 sum
544 4151 1092 4221 etimperscrutatum
1126 4150 1353 4207 Deitatis
1405 4152 1749 4221 splendorem
1786 4154 1972 4209 velan-

393 4242 559 4308 tibus,
585 4251 641 4297 et
665 4242 877 4298 duabus
906 4243 1007 4297 alis
1029 4244 1193 4312 pedes
1215 4259 1362 4311 suos,
1391 4258 1459 4300 ne
1512 4244 1767 4299 ineffabili
1796 4246 1967 4316 gloria

391 4345 447 4391 et
483 4335 849 4405 inexcogitata
896 4333 1181 4402 majestate
1210 4345 1622 4402 consumantur,
1676 4337 1970 4404 operienti-

2072 3170 2182 3219 νος,
2215 3154 2242 3205 6
2269 3148 2592 3220 περιπατῶν
2626 3149 2720 3202 ἐπὶ
2766 3148 3058 3220 πτερύγων
3106 3145 3345 3216 ἀνέμων.
3391 3144 3660 3215 Ἐπιτιμᾷ

2073 3262 2177 3311 σοι,
2210 3242 2446 3303 διάϐολε,
2480 3245 2507 3296 ό
2530 3240 3012 3313 προσκαλούμενος
3042 3238 3104 3293 τὸ
3135 3237 3281 3309 ὕδωρ
3309 3237 3409 3309 τῆς
3448 3237 3659 3292 θαλάσ-

2073 3354 2173 3407 σης
2206 3336 2299 3389 καὶ
2322 3334 2530 3404 ἐκχέων
2554 3332 2687 3387 αὐτὸ
2722 3333 2817 3386 ἐπ’*⁸
2846 3333 3143 3404 πρόσωπον
3178 3329 3361 3400 πάσης
3390 3329 3493 3401 τῆς
3524 3330 3654 3398 γῆς,

2070 3428 2278 3499 Κύριος
2321 3427 2430 3480 τῶν
2462 3426 2746 3497 δυνάμεων
2798 3425 2971 3494 ὄνομα
3020 3421 3209 3478 αὐτοῦ.
3254 3421 3522 3492 Ἐπιτιμᾷ
3572 3438 3657 3474 σοι

2069 3516 2299 3589 Κύριος,
2326 3516 2563 3578 διάϐολε,
2597 3518 2625 3569 6
2650 3514 2757 3568 ὑπὸ
2794 3514 2903 3568 τῶν
2947 3512 3339 3585 ἀναριθμήτων
3384 3511 3658 3586 οὐρανίων

2069 3609 2367 3680 ταγμάτων
2386 3608 2631 3679 πυρίνων
2653 3606 2803 3678 φόϐῳ
2818 3605 3137 3677 λειτουργού
3147 3620 3309 3676 μενος
3333 3606 3429 3657 καὶ
3453 3602 3657 3674 ὑμνούο

2072 3718 2254 3773 μενος,
2315 3700 2411 3754 καὶ
2470 3698 2581 3752 άπὸ
2636 3697 2875 3768 πλήθους
2936 3696 3115 3767 χορῶν
3176 3694 3487 3766 άγγελικῶν
3557 3695 3658 3748 καὶ

2069 3788 2489 3865 άρχαγγελικῶν
2532 3788 2722 3861 τρόμῳ
2755 3787 3259 3858 προσκυνούμενος,
3306 3787 3401 3840 καὶ
3433 3784 3656 3849 δοξαζό-

2072 3897 2254 3955 μενος.
2298 3882 2567 3952 Ἒπιτιμᾷ
2609 3897 2692 3933 σοι
2732 3879 2964 3950 Κύριος,
2996 3879 3235 3944 διάϐολε,
3279 3880 3307 3932 ὁ
3335 3878 3656 3951 τιμώμενος

2069 3975 2174 4027 ὑπὸ
2225 3974 2335 4027 τῶν
2390 3971 2673 4027 κύκλωθεν
2716 3960 3131 4041 ῆπαρεστωσῶν
3192 3970 3499 4042 δυνάμεων,
3553 3972 3654 4026 καὶ

2071 4066 2530 4138 φρικωδεστάτων
2605 4064 3000 4135 ἐξαπτερύγων
3082 4064 3178 4117 καὶ⁵
3243 4063 3651 4134 πολυομμάτων

2068 4155 2353 4228 Χερουϐὶμ
2378 4155 2473 4207 καὶ
2513 4155 2788 4226 Σεραφὶμ,
2845 4153 2953 4206 τῶν
2986 4152 3056 4206 τά
3110 4153 3385 4222 πρόσωπα
3432 4152 3651 4206 ἑαυτῶν

2067 4249 2190 4309 ταῖς
2239 4246 2362 4299 δυσὶ
2414 4243 2643 4317 πτέρυξι
2700 4244 3014 4299 σκεπόντων
3052 4244 3142 4297 διὰ
3182 4243 3283 4317 τὴν
3326 4244 3649 4316 ἀθεώρητον

2070 4335 2237 4391 αὐτοῦ
2285 4335 2380 4388 καὶ
2441 4333 2854 4405 ἀνεξιχνίαστον
2893 4334 3157 4405 Θεότητα,
3210 4334 3306 4388 καὶ
3354 4337 3478 4399 ταῖς
3525 4334 3650 4389 δυσὶ

388 4430 517 4495 bus,
549 4438 604 4482 et
634 4428 839 4481 duabus
873 4426 974 4481 alis
996 4427 1303 4481 volantibus
1329 4427 1637 4497 ctelumque
1669 4431 1784 4485 suis
1813 4430 1964 4485 voci-

2070 4428 2297 4498 πτέρυξι
2325 4428 2455 4490 τοὺς
2484 4428 2700 4481 ἑαυτῶν
2731 4428 2899 4491 πόδας
2939 4427 3354 4493 καλυπτόντων,
3379 4429 3459 4491 είς
3487 4426 3548 4481 τὸ
3569 4428 3646 4498 μὴ

389 4519 494 4571 bus
535 4515 865 4585 replenlibus
901 4535 914 4571 :
941 4514 1189 4593 Sanctus,
1218 4514 1468 4581 Sanctus,
1491 4516 1740 4583 Sanctus,
1776 4519 1965 4573 Domi-

388 4622 487 4661 nus
513 4605 746 4662 Sabaoth
798 4622 819 4660 :
870 4607 1081 4676 plenum
1140 4617 1214 4660 est
1265 4609 1450 4662 mlum
1507 4620 1553 4663 et
1614 4620 1754 4665 terra
1789 4614 1965 4682 gloria

386 4698 522 4767 ejus.
564 4697 813 4770 Increpat
842 4710 892 4755 te
928 4698 1207 4764 Dominus,
1239 4700 1472 4766 diabole,
1498 4703 1589 4772 qui
1640 4719 1671 4758 e
1712 4704 1836 4758 sinu
1870 4720 1964 4775 pa-

391 4802 566 4859 terno,
598 4806 630 4847 e
652 4794 791 4847 ctelo
829 4792 969 4848 Deus
1000 4793 1232 4848 Verbum
1265 4794 1618 4861 descendens,
1655 4806 1710 4852 et
1744 4811 1840 4866 per
1869 4813 1963 4853 ve-

388 4881 708 4947 nerandam,
736 4881 1115 4952 inexplicatam
1139 4893 1194 4939 et
1227 4884 1482 4939 illibatam
1511 4901 1576 4940 ex
1609 4895 1794 4941 sancta
1829 4883 1955 4941 Vir-

387 4971 511 5045 sine
537 4972 998 5038 incarnationem,
1036 4982 1095 5028 ut
1151 4976 1407 5029 mundum
1458 4974 1800 5031 ineﬂabiliter
1846 4978 1957 5031 sal-

385 5069 570 5129 varet,
625 5071 682 5119 et
728 5072 783 5116 te
831 5078 1085 5133 suprema
1129 5080 1223 5120 sua
1278 5066 1475 5121 virtute
1512 5067 1575 5121 de
1629 5067 1768 5121 etelo
1817 5068 1957 5137 deje-

386 5162 556 5218 ctum,
582 5154 956 5225 perditumque
973 5156 1222 5211 omnibus
1248 5157 1662 5224 demonstraret,
1687 5160 1954 5227 apparuit.

385 5243 636 5316 Increpat
668 5257 719 5302 te
775 5246 1073 5313 Dominus,
1100 5247 1349 5316 diabole,
1403 5250 1498 5319 qui
1533 5251 1668 5305 mari
1728 5252 1865 5307 dixit
1891 5254 1906 5284 ¹
1943 5272 1957 5309 :

457 5400 479 5434 ί
515 5401 682 5458 Marc.
719 5419 789 5467 iv,
828 5404 918 5460 '59.

456 5556 534 5627 (ι)
566 5556 727 5627 Deest
762 5555 812 5610 in
838 5557 1089 5614 omnibus
1130 5558 1534 5627 exemplaribus
1564 5560 1679 5617 haec
1713 5564 1912 5621 oratio.

456 5625 534 5696 (5)
564 5625 928 5705 Legi-tuream
954 5642 1017 5705 ea
1042 5645 1163 5705 qua;
1190 5625 1473 5705 inci—pit,"0
1503 5630 1635 5694 Θεὸς
1661 5635 1689 5686 6
1711 5634 1948 5703 αἰώνιος,

380 5697 438 5754 in
462 5695 572 5753 uno
614 5695 996 5753 e‘Barberinis
1033 5695 1314 5756 codicibus
1341 5719 1353 5755 :
1411 5702 1461 5756 in
1494 5717 1599 5771 quo
1640 5705 1781 5759 sicut
1809 5715 1861 5761 et
1896 5695 1947 5763 in

2069 4517 2485 4588 κατακαυθῆναι
2536 4518 2600 4571 ἐκ
2628 4517 2728 4588 τῆς
2750 4517 2994 4589 ἀρρήτου
3026 4516 3186 4588 δόξης
3214 4517 3313 4570 καὶ
3341 4519 3650 4587 ἀκατανοήο

2066 4630 2161 4666 του
2188 4611 2611 4684 μεγαλειότητος
2634 4609 2800 4664 αὑτοῦ
2824 4609 2920 4664 καὶ
2945 4611 3066 4672 ταῖς
3090 4610 3211 4664 δυσλ⁸
3232 4610 3462 4682 πτέρυξι
3486 4627 3648 4664 πετο-

2073 4704 2253 4774 μένων
2304 4703 2400 4756 καὶ
2425 4702 2517 4755 τὸν
2555 4701 2785 4769 οὐρανὸν
2834 4701 3192 4773 πληρούντων
3245 4704 3311 4755 ἐκ
3360 4702 3461 4772 τῆς
3515 4702 3646 4774 βοῆς

2066 4796 2248 4849 αὐτῶν
2275 4834 2290 4859 ,
2319 4796 2402 4859 τὸ,
2429 4795 2655 4865 Ἄγιος,
2682 4794 3124 4864 ”Αγιος,”Ατιος
3142 4794 3362 4863 Κύριος
3377 4795 3642 4861 Σαϐαὼθ,

2065 4887 2305 4955 πλήρης
2330 4888 2362 4940 ό
2385 4885 2645 4954 οὐρανὸς
2663 4884 2759 4939 καί
2778 4886 2816 4954 ή
2845 4883 2919 4956 γῆ
2941 4884 3053 4954 τῆς
3068 4886 3256 4953 δόξης
3275 4883 3647 4941 αὐτοῦ.Ἐπι-

2064 4981 2201 5051 τιμᾷ
2246 4996 2329 5033 σοι
2375 4978 2607 5051 Κύριος,
2651 4978 2891 5046 διάσολε,
2943 4982 2972 5034 6
3033 4980 3098 5033 ἐκ
3152 4978 3249 5034 τοῦ
3288 4979 3494 5034 κόλπου
3545 4978 3641 5033 τοῦ

2066 5070 2338 5143 πατρικοῦ
2377 5071 2627 5135 καταϐάς
2659 5070 2719 5136 ἐξ
2750 5072 2987 5142 οὐρανοῦ
3015 5072 3148 5137 Θεὸς
3174 5074 3369 5141 Λόγος,
3409 5072 3508 5125 καὶ
3554 5070 3642 5125 διὰ

2066 5163 2164 5233 τῆς
2190 5165 2253 5215 ἐκ
2288 5162 2569 5235 Παρθένου
2604 5162 2769 5233 ἁγίας
2794 5165 3202 5236 προσκυητῆς,
3232 5163 3519 5235 άφράστου
3546 5163 3644 5216 καὶ

2062 5255 2339 5327 ἁχράντου
2382 5255 2716 5325 σαρκώσεως
2770 5257 3158 5331 άνεκλαλήτως
3205 5259 3397 5330 φανεὶς
3449 5259 3511 5313 ἐν
3562 5256 3641 5327 τῷ

2059 5566 2241 5645 editis_
2277 5566 2677 5645 Clirysostorrto
2707 5571 2799 5645 ‘his
2843 5573 3026 5645 verbis
3069 5576 3439 5631 attribuitur:
3506 5577 3637 5645 Ἀφ-

2058 5638 2285 5715 ορισμὸς
2301 5638 2404 5715 τοῦ
2415 5640 2575 5715 ἁγίου
2602 5640 2849 5715 Ἰωάννου
2878 5643 2973 5696 τοῦ
2991 5645 3036 5698 Χ
3046 5646 3350 5715 ρυσοτόμου
3373 5647 3453 5711 είς
3479 5638 3637 5702 meo.

2062 5709 2460 5780 ματιζομένους
2479 5712 2593 5765 ὑπὸ
2612 5713 2938 5783 πνευμάτων
2967 5709 3311 5788 ἀκαθάρτων.
