4054 6216
416 263 556 320 10θὸ

411 468 642 538 δυνάμει
686 466 849 537 ῥίψας
907 485 965 522 σε
1017 471 1331 541 οὐρανόθεν,
1387 472 1481 524 καὶ
1518 472 1791 524 άπόλυτον
1827 471 1990 523 παντὶ

411 558 613 624 δείξας.
649 560 918 632 Ἐπιτιμᾷ
955 579 1037 614 σοι
1070 561 1298 633 Κύριος,
1355 563 1593 628 διάϐολε,
1643 564 1671 616 6
1704 561 1874 616 εἰπὼν
1923 564 1998 632 τῇ,

412 649 660 721 θαλάσσῃ
680 666 693 680 ο
726 649 950 716 Σιώπα,
995 653 1310 721 πεφίμωσο
1337 670 1349 682 '
1411 654 1506 707 καὶ
1534 653 1612 725 τῷ
1659 653 1992 723 κελεύσματι

412 741 616 804 εὐθέως
643 741 934 795 ἐκόπασεν.
981 741 1247 814 Ἐπιτιμᾷ
1281 760 1365 796 σοι
1407 743 1634 815 Κύριος,
1682 742 1898 797 διάϐολε
1919 784 1932 807 ,
1966 746 1993 796 6

411 832 488 904 τῷ
520 832 776 904 άχράντῳ
805 833 1020 904 πτυέλῳ
1041 833 1212 904 πηλὸν
1236 836 1494 906 ποιήσας,
1525 837 1621 890 καὶ
1647 835 1707 888 τὸ
1747 835 1992 888 ἐλλεῖπον

414 923 577 994 μέλος
609 923 688 993 τῷ
717 925 781 978 ἐκ
808 925 1034 995 γενετῆς
1064 925 1251 996 τυφλῷ
1279 927 1609 990 διαπλάσας.
1655 929 1751 982 καὶ
1784 929 1844 982 τὸ
1876 929 1991 996 φῶς

409 1017 799 1087 χαρισάμενος.
843 1017 1108 1088 Ἐπιτιμᾷ
1142 1035 1226 1072 σοι
1275 1018 1506 1091 Κύριος,
1532 1021 1770 1086 διάϐολε,
1816 1023 1844 1074 6
1894 1025 1993 1094 τὴν

411 1107 690 1178 θυγατέρα
724 1107 816 1161 τοῦ
838 1109 1294 1179 ἀρχισυναγώγου
1320 1112 1464 1183 λόγῳ
1505 1112 1872 1185 ζωοποιήσας,
1897 1114 1994 1167 καὶ

409 1199 511 1270 τῆς
539 1201 712 1272 χήρας
739 1199 831 1253 τὸν
867 1201 982 1254 υἱὸν
1013 1202 1078 1254 ὲκ
1107 1203 1376 1273 στόματος
1399 1204 1494 1258 τοῦ
1526 1204 1761 1259 θανάτου
1807 1207 1992 1276 ἀφαρ-

411 1294 592 1356 πάσας
621 1294 714 1345 καὶ
743 1296 812 1364 τῇ
839 1293 946 1364 ἰδίᾳ
979 1296 1150 1365 μητρὶ
1178 1297 1499 1367 ὁλόκληρον,
1530 1299 1625 1350 καὶ
1654 1298 1781 1368 ὑγιῆ
1827 1299 1992 1352 αὐτὸν

411 1385 802 1456 χαρισάμενος.
837 1386 1105 1458 Ἐπιτιμᾷ
1138 1405 1221 1441 σοι
1279 1388 1511 1460 Κύριος,
1553 1387 1790 1452 διάϐολε,
1827 1391 1856 1443 6
1899 1390 1992 1443 τὸν

411 1477 664 1548 Λάζαρον
693 1478 759 1530 ἐκ
797 1478 1012 1548 νεκρῶν
1068 1480 1450 1551 τετραήμερον
1498 1483 1742 1548 ἄσηπτον
1781 1482 1856 1546 ὡς
1916 1482 1990 1554 μὴ

413 1568 665 1633 θανόντα,
703 1567 800 1622 καὶ
843 1568 1101 1633 ἄσπιλον,
1155 1571 1238 1633 εἰς
1293 1570 1558 1642 ἔκπληξιν
1616 1572 1727 1626 τῶν
1779 1572 1990 1626 πολλῶν

411 1662 796 1732 παραστήσας.
864 1661 1128 1732 Ἐπιτιμᾷ
1160 1678 1243 1714 σοι
1286 1661 1512 1732 Κύριος,
1557 1663 1795 1730 διάὸολε,
1839 1667 1866 1718 6
1903 1664 1991 1718 διὰ

408 1753 502 1806 τοῦ
539 1753 884 1824 ῥαπίσματος
915 1753 1014 1824 τὴν
1042 1753 1288 1824 κατάραν
1332 1756 1712 1826 καταργήσας,
1758 1756 1853 1810 καὶ
1897 1756 1987 1810 διὰ
2022 1722 2063 1776 Β

408 1847 507 1917 τῆς
535 1847 742 1917 λόγχης
801 1845 904 1915 τῆς
955 1846 1226 1919 ἀχράντου
1277 1846 1522 1919 πλευρᾶς
1553 1848 1718 1902 αὐτοῦ
1749 1848 1849 1921 τὴν
1897 1849 1988 1902 τὸν

409 1938 741 2010 παράδεισον
789 1938 1171 2007 φυλάττουσαν
1221 1939 1484 2011 φλογίνην
1534 1941 1814 2013 ῥομφαίαν
1853 1944 1987 1997 ἀνα·-

337 2044 346 2050 ·
411 2029 647 2094 στείλας.
691 2030 956 2101 Ἐπιτιμᾷ
1004 2047 1086 2085 σοι
1139 2030 1366 2104 Κύριος,
1397 2032 1638 2098 διάϐολε,
1686 2035 1714 2088 6
1754 2034 1841 2089 διὰ
1890 2034 1985 2088 τοῦ

409 2121 802 2192 ὲμπτύσματος
853 2121 948 2176 τοῦ
1009 2124 1194 2195 τιμίου
1248 2125 1415 2178 αὐτοῦ
1483 2127 1833 2199 χαρακτῆρος
1878 2129 1987 2182 πᾶν

410 2211 644 2282 δάκρυον
679 2211 744 2263 ἐκ
797 2211 1008 2276 παντὸς
1041 2211 1338 2283 προσώπου
1388 2214 1658 2286 ὲκμάξας.
1722 2215 1989 2288 Ἐπιτιμᾷ

415 2316 496 2352 σοι
525 2298 749 2371 Κύριος,
772 2299 1010 2364 διάϐολε,
1039 2302 1068 2354 6
1098 2301 1278 2372 πήξας
1308 2300 1399 2355 τὸν
1427 2302 1661 2374 σταυρὸν
1689 2304 1769 2366 είς
1799 2304 1988 2375 στήρι-

413 2407 530 2461 γμα
581 2389 639 2443 ἓν
673 2392 764 2444 καὶ
797 2393 1073 2463 σωτηρίαν
1123 2394 1352 2464 κόσμου,
1415 2396 1497 2458 είς
1557 2395 1766 2448 πτῶσιν
1797 2395 1854 2448 δὲ
1891 2397 1990 2466 σὴν

412 2483 506 2534 καὶ
562 2482 779 2535 πάντων
827 2481 938 2535 τῶν
996 2483 1102 2535 ὑπὸ
1159 2483 1219 2535 σὲ
1265 2484 1534 2553 ἀγγέλων.
1587 2484 1854 2556 Ἐπιτιμᾷ
1907 2502 1988 2538 σοι

415 2575 640 2646 Κύριος,
672 2575 912 2642 διάϐολε,
937 2576 964 2628 6
991 2575 1114 2639 δοὺς
1146 2577 1330 2646 φωνὴν
1363 2578 1420 2629 ἐν
1453 2577 1532 2647 τῷ
1563 2577 1782 2649 σταυρῷ
1802 2578 1987 2643 αὑτοῦ,

417 2668 587 2722 καὶτὸ
612 2668 1016 2737 καταπέτασμα
1033 2667 1129 2720 τοῦ
1156 2666 1285 2720 ναοῦ
1315 2667 1570 2740 ἐσχίσθη,
1592 2670 1686 2720 καί
1704 2669 1761 2720 αἱ
1786 2667 1989 2740 πέτραι

415 2759 803 2832 διερράγησαν,
855 2760 950 2813 καὶ¹
1007 2759 1076 2812 τὰ
1131 2760 1374 2830 μνημεῖα
1403 2759 1780 2831 ἠνεῴχθησαν,
1809 2760 1904 2813 καὶ
1938 2760 1986 2812 oi

417 2852 510 2906 ἀπ’
551 2851 744 2915 αἰῶνος
772 2851 1030 2916 θανόντες
1062 2852 1392 2924 ἀνέστησαν.
1446 2853 1710 2924 Ἐπιτιμᾷ
1750 2870 1833 2906 σοι
1871 2852 1990 2905 Κύ-

421 2961 556 3017 ριος,
585 2943 824 3012 διάϐολε,
858 2945 887 2996 6
943 2945 1168 3016 θανάτῳ
1219 2945 1454 3000 θάνατον
1488 2945 1831 3011 θανατώσας,
1897 2946 1991 3000 καὶ

418 3033 564 3106 ζωὴν
586 3037 654 3106 τῇ
683 3035 904 3108 ὲγέρσει
931 3033 1098 3088 αὐτοῦ
1120 3037 1232 3099 τοῖς
1255 3035 1564 3108 ἀνθρώποις
1595 3037 1988 3108 χαρισάμενος.
2021 3076 2064 3134 C

431 3128 785 3198 Ἐπιτιμήσαι
813 3145 897 3180 σοι
922 3127 1151 3197 Κύριος,
1185 3127 1428 3191 διάϐολε,
1455 3130 1483 3182 6
1518 3128 1766 3192 καταὸἀς
1797 3131 1879 3193 εἰς
1904 3129 1995 3184 τὸν

415 3217 576 3289 ᾅδην,
616 3218 710 3271 καὶ
743 3217 811 3271 τὰ
844 3219 1086 3288 μνημεῖα
1119 3217 1284 3270 αὐτοῦ
1317 3217 1628 3284 ἐκτινάξας,
1658 3231 1752 3274 και
1787 3235 1997 3286 πάντας

419 3309 546 3373 τοὺς
562 3311 618 3363 ὲν
659 3309 807 3380 αὑτῷ
837 3309 1239 3381 κατεχομένους
1284 3311 1541 3381 δεσμίους
1593 3311 1993 3385 ἐλευθερώσας,

421 3407 518 3459 καὶ
561 3407 700 3478 1:96;
731 3406 924 3460 ἑαυτὸν
956 3406 1474 3478 ἀνακαλεσάμενος⁶
1541 3407 1602 3462 ὃν
1654 3409 1704 3462 οἱ
1757 3409 1999 3482 πυλωροὶ

425 3497 649 3563 ἰδόντες,
691 3497 938 3568 ἒφριξαν.
974 3498 1070 3550 καὶ
1109 3497 1321 3568 ἀγωνίᾳ
1372 3498 1468 3551 τοῦ
1525 3497 1652 3570 ᾅδου
1702 3499 2000 3571 κρυὸέντες

422 3588 688 3653 ἐξέλιπον.
751 3589 1116 3660 Ἐπιτιμήσαι
1158 3606 1240 3644 σοι
1287 3589 1514 3661 Κύριος,
1566 3589 1811 3655 διάϐολε,
1864 3592 1894 3644 6
1929 3593 1996 3645 ὲκ

425 3679 637 3750 νεκρῶν
669 3680 907 3744 ἀναστὰς
932 3679 1169 3751 Χριστὸς
1199 3680 1229 3732 6
1255 3679 1386 3744 Θεὸς
1409 3679 1566 3750 ἡμῶν
1596 3681 1689 3734 καὶ
1732 3683 1867 3735 πᾶσι
1901 3681 1999 3751 τὴν

425 3772 725 3826 ἀνάστασιν
752 3771 916 3826 αὑτοῦ
937 3772 1332 3843 χαρισάμενος.
1361 3771 1726 3843 Ἐπιτιμήσαι
1754 3790 1838 3826 σοι
1884 3773 2000 3826 Κύ-

429 3883 562 3937 ριος,
593 3863 832 3929 διάϐολε,
863 3866 891 3918 6
922 3865 1004 3929 είς
1053 3864 1322 3935 οὐρανοὺς
1379 3865 1438 3917 ἐν
1471 3864 1600 3935 δόξῃ
1662 3865 1998 3937 ἀναληφθεὶς

427 3959 565 4031 πρὸς
591 3958 682 4011 τὸν
726 3957 947 4029 Πατέρα
969 3956 1158 4021 αὐτοῦ,
1190 3958 1287 4010 καὶ
1317 3958 1380 4010 ἐκ
1400 3956 1594 4024 δεξιῶν
1622 3960 1724 4028 τῆς
1758 3959 2004 4030 μεγαλω-

428 4052 592 4121 σύνης
617 4052 708 4104 ἐπὶ
736 4050 927 4123 θρόνου
957 4049 1115 4120 δόξης
1147 4049 1478 4120 καθήμενος.
1525 4050 1889 4122 Ἐπιτιμήσαι
1918 4067 2003 4105 σοι

428 4143 654 4214 Κύριος,
675 4142 910 4205 διάϐολε,
937 4143 966 4194 6
993 4141 1156 4194 πάλιν
1194 4142 1490 4212 ἐρχόμενος
1517 4141 1657 4213 μετὰ
1697 4143 1853 4214 δόξης
1909 4143 2003 4196 ἐπὶ

427 4235 538 4288 τῶν
562 4234 802 4303 νεφελῶν
831 4233 924 4286 τοῦ
973 4232 1234 4304 οὐρανοῦ,
1264 4234 1405 4303 μετά
1456 4233 1566 4286 τῶν
1605 4233 1779 4302 ἁγίων
1835 4236 2003 4304 ἀγγέ-

427 4327 534 4380 λων
562 4324 752 4391 αὑτοῦ,
779 4328 965 4396 κρῖναι
991 4324 1201 4389 ζῶντας
1234 4326 1328 4378 καὶ
1364 4324 1614 4395 νεκρούς.
1641 4325 2004 4396 Ἐπιτιμήσαι

1561 263 1955 321 URATIONES
1999 257 2130 319 l’llO
2178 257 2518 317 UBSESSIS.

415 375 607 446 κόσμῳ
636 374 730 428 τοῦ
791 376 964 430 σῶσαι
999 376 1184 442 αὐτὸν,
1243 380 1335 432 καὶ
1365 382 1427 449 τῇ
1480 379 1774 449 αὐθεντικῇ
1827 376 1992 430 αὐτοῦ

2101 373 2268 438 Tace,
2308 375 2600 428 obmutesce
2640 413 2654 436 ,

3538 258 3674 318 loco

2719 383 2773 428 et
2797 373 2912 441 ejus
2961 373 3115 443 jussu
3177 375 3460 432 confestim
3515 382 3669 446 quio—

2099 466 2191 519 vit.
2232 465 2474 536 Increpat
2505 477 2556 521 te
2590 467 2874 531 Dominus,
2907 467 3142 532 diabole,
3166 470 3256 536 qui
3289 467 3496 523 illihato
3557 470 3671 523 luto

2096 572 2126 610 e
2163 567 2318 627 sputo
2343 559 2612 625 confecto,
2647 559 2906 615 deﬁciens
2948 575 2977 614 a
3022 561 3312 616 nativitale
3361 561 3669 616 membrum

2095 664 2240 704 casco
2293 651 2569 716 restituit,
2621 653 2908 722 lumenque
2958 652 3140 708 videre
3182 653 3418 707 donavit.
3487 653 3671 708 lucre-

2096 750 2187 810 pat
2221 750 2274 795 te
2311 741 2590 808 Dominus,
2623 744 2857 810 diabole,
2910 744 3000 814 qui
3035 745 3198 798 verbo
3237 761 3334 799 suo
3389 746 3674 816 archisyn-

2095 832 2250 900 agogi
2289 831 2451 886 tiliam
2468 834 2643 887 vivam
2676 834 2823 900 fecit,
2855 843 2908 888 et
2930 833 3103 888 vidua:
3137 835 3304 888 illitum
3330 835 3524 891 mortis
3551 837 3672 891 fau-

2096 922 2248 977 cibus
2277 934 2542 992 ercptum,
2569 927 2800 994 proprim
2853 927 3010 980 matri
3049 927 3378 981 incolumem
3431 930 3675 982 salvum-

2097 1029 2202 1084 que
2262 1017 2520 1071 restituit.
2578 1017 2821 1086 Increpat
2863 1028 2913 1072 te
2963 1017 3252 1084 Dominus,
3306 1019 3537 1083 diabole,
3580 1023 3669 1086 qui

2096 1107 2514 1174 quatriduanum
2567 1124 2598 1163 e
2658 1110 2884 1164 mortuis
2941 1110 3208 1164 Lazarum
3272 1112 3668 1182 incurrimtum,

2096 1198 2242 1252 velut
2303 1215 2411 1253 non
2491 1209 2794 1266 mortuum,
2853 1210 2906 1256 et
2963 1204 3265 1258 intahidum
3313 1205 3379 1257 ad
3427 1207 3668 1259 omnium

2094 1301 2368 1361 stuporem
2399 1295 2675 1348 excitavit.
2715 1295 2965 1366 Increpat
3019 1307 3071 1352 te
3121 1297 3400 1364 Dominus,
3436 1299 3668 1362 diabole,

2095 1385 2184 1452 qui
2234 1400 2330 1452 per
2384 1397 2692 1452 susceptam
2756 1403 2787 1442 a
2819 1404 2878 1443 se
2933 1389 3179 1457 alapam,
3241 1391 3672 1445 maledictionem

2096 1486 2334 1530 nostram
2393 1478 2600 1532 irritam
2655 1478 2780 1534 fecit
2818 1496 2832 1545 ;
2877 1491 2929 1534 et
2971 1495 3066 1550 per
3105 1481 3295 1536 illihati
3351 1483 3537 1538 lateris
3589 1484 3673 1537 sui

2094 1567 2289 1622 vulnus
2322 1567 2628 1625 ﬂammeum
2657 1572 2892 1640 gladium
2922 1575 3155 1642 paradisi
3184 1575 3388 1629 aditum
3413 1577 3676 1631 obserati-

2096 1668 2201 1712 tcm
2235 1660 2515 1716 exstinxit.
2546 1661 2794 1734 Increpat
2826 1675 2876 1719 te
2909 1666 3192 1733 Dominus,
3218 1666 3450 1731 diabole,
3471 1667 3559 1736 qui
3581 1682 3678 1736 per

2093 1745 2327 1802 divinam
2369 1749 2548 1804 vultus
2602 1751 2685 1804 sui
2743 1749 2970 1806 formam
3031 1754 3205 1822 sputis
3253 1753 3554 1821 fmdatam,
3595 1753 3676 1808 la-

2093 1853 2334 1910 crymam
2387 1857 2604 1898 onmem
2663 1845 2732 1898 ab
2777 1845 3022 1898 omnium
3063 1845 3210 1899 vultu
3253 1847 3532 1902 abstersit.
3584 1846 3675 1900 ln-

2094 1944 2280 2002 crepat
2313 1943 2364 1990 te
2399 1934 2687 2002 Dominus,
2718 1937 2950 2004 diabole,
2985 1939 3079 2008 qui
3111 1954 3328 1994 crucem
3363 1941 3417 1994 in
3455 1942 3672 1998 unicum

2097 2026 2372 2082 munimen
2401 2038 2456 2085 et
2491 2031 2674 2083 mundi
2699 2030 2949 2096 salutem,
2988 2031 3042 2086 in
3099 2033 3312 2088 ruinam
3347 2049 3476 2090 vero
3526 2045 3673 2090 tuam

2093 2127 2148 2174 et
2176 2121 2415 2174 omnium
2463 2122 2557 2177 tibi
2603 2122 2945 2177 subditorum
2985 2125 3300 2195 angelorum
3336 2128 3542 2182 deﬁxit.
3589 2130 3679 2184 ln-

2095 2221 2281 2280 crepat
2311 2221 2362 2266 te
2414 2212 2706 2278 Dominus,
2752 2212 2987 2277 diabole,
3016 2230 3125 2284 quo
3176 2217 3228 2269 in
3278 2231 3438 2272 cruce
3488 2234 3674 2274 vocem

2095 2298 2374 2365 ederente,
2405 2301 2580 2354 velum
2621 2302 2802 2372 templi
2849 2303 3078 2358 scissum
3115 2313 3220 2369 est,
3255 2316 3424 2376 petra:
3454 2308 3676 2363 confra-

2097 2402 2218 2456 ctus,
2253 2402 2604 2447 monumenta
2636 2410 2851 2464 quoque
2891 2404 3078 2464 aperta
3128 2407 3277 2464 sunt,
3317 2409 3371 2454 et
3413 2402 3608 2454 mortui
3645 2418 3676 2454 α

2097 2483 2298 2538 saeculo
2317 2495 2762 2540 exsurrexerunt.
2793 2485 3038 2556 Increpat
3063 2497 3115 2542 te
3143 2488 3422 2560 Dominus,
3443 2491 3674 2560 diabole,

2096 2576 2187 2646 qui
2230 2586 2404 2630 morte
2456 2588 2686 2632 mortem
2741 2582 2990 2645 necavit,
3023 2589 3078 2634 et
3121 2585 3523 2640 resurrectione
3579 2600 3674 2639 sua

2098 2668 2263 2722 vitam
2293 2668 2606 2722 hominibus
2645 2669 2874 2740 largitus
2897 2680 2998 2725 est.
3028 2672 3276 2742 lncrepet
3308 2682 3359 2727 te
3391 2675 3673 2742 Dominus,

2097 2757 2332 2822 diabole,
2351 2759 2462 2827 qui,
2499 2761 2780 2813 concussis
2803 2761 3191 2823 monumentis,
3213 2762 3265 2816 in
3293 2763 3559 2818 infernum
3579 2768 3676 2819 de-

2097 2850 2380 2915 scendens,
2393 2864 2580 2904 omnes
2596 2850 2648 2903 in
2666 2865 2730 2905 eo
2748 2852 3066 2921 captivosad
3084 2868 3144 2908 se
3161 2864 3364 2908 tractos
3382 2859 3675 2922 revocavit,

2101 2957 2207 3012 quo
2254 2942 2391 3010 viso,
2419 2942 2687 3012 janitores
2720 2943 2916 2998 interni
2947 2944 3146 3000 turbati
3183 2955 3332 3012 sunt,
3365 2956 3419 3002 et
3447 2948 3497 3003 in
3542 2950 3677 3004 imas

2105 3034 2363 3089 tenebras
2401 3035 2635 3100 detrusi,
2663 3049 2775 3104 prae
2813 3035 3170 3104 trepidatione
3201 3039 3487 3094 stationem
3525 3057 3676 3095 suam

2099 3126 2783 3196 dereliquernnt.lncrepet
2809 3136 2861 3181 te
2887 3126 3166 3193 Dominus,
3199 3129 3428 3196 diabole,
3449 3147 3478 3184 a
3509 3144 3680 3186 morte

2101 3234 2390 3290 resurgens
2403 3221 2650 3274 Christus
2663 3217 2805 3274 Deus
2819 3231 3025 3284 neSter,
3039 3221 3252 3276 cunctis
3267 3224 3680 3278 resurrectionis

2099 3313 2441 3382 privilegium
2476 3312 2727 3382 largitus.
2763 3311 3009 3382 lncrepet
3037 3321 3089 3367 te
3129 3313 3414 3382 Dominus,
3441 3315 3679 3379 diabole,

2099 3407 2190 3477 qui
2219 3409 2285 3461 ad
2317 3408 2532 3462 Patrem
2561 3423 2683 3462 eum
2715 3407 2885 3477 gloria
2928 3409 2978 3461 in
3015 3407 3186 3462 cmlos
3219 3407 3485 3472 ascendit,
3521 3416 3576 3462 et
3623 3408 3678 3462 in

2101 3498 2323 3551 dextera
2356 3496 2657 3564 majestatis
2689 3498 2740 3551 in
2765 3500 2960 3551 throno
2985 3497 3170 3565 gloria:
3205 3497 3377 3553 sedet.
3429 3495 3674 3566 Iucrcpet

2104 3596 2161 3652 te,
2187 3587 2465 3652 Dominus,
2507 3587 2743 3651 diabole,
2779 3602 2966 3640 rursus
2991 3603 3110 3640 cum
3142 3586 3311 3656 gloria
3356 3587 3407 3640 in
3443 3587 3678 3642 nubibus

2101 3678 2247 3742 creti,
2274 3692 2394 3732 cum
2427 3679 2632 3732 sanctis
2658 3679 2865 3747 angelis
2887 3678 2997 3731 suis
3024 3678 3176 3732 vivos
3216 3686 3271 3731 et
3315 3687 3556 3732 mortuos
3582 3679 3674 3748 ju-

2105 3770 2405 3823 dicaturns.
2438 3768 2683 3837 lnerepet
2715 3779 2766 3823 te
2816 3769 3097 3832 Dominus,
3131 3763 3372 3834 diabole,
3397 3769 3490 3838 qui
3521 3771 3676 3824 illex--

2103 3859 2468 3929 stinguibilem
2499 3858 2699 3927 ignem,
2726 3866 2782 3912 et
2824 3857 3119 3926 insopitum
3149 3872 3408 3924 vermem,
3442 3869 3496 3912 et
3529 3869 3680 3914 tene-

2104 3950 2232 4005 bras
2255 3951 2574 4012 exteriores,
2604 3949 2655 4002 in
2694 3957 2953 4003 aeternam
2987 3948 3391 4002 damnationem
3419 3950 3513 4004 tibi
3540 3965 3677 4020 prae-

2103 4045 2335 4114 paravit.
2370 4041 2617 4111 lncrepet
2645 4051 2696 4096 te
2727 4041 3008 4106 Dominus,
3038 4039 3275 4104 diabole,
3305 4056 3332 4093 a
3373 4041 3530 4108 cujus
3566 4045 3681 4096 vir-

2107 4139 2237 4193 tutis
2273 4136 2411 4190 facie
2459 4145 2653 4190 cuncta
2696 4143 2935 4188 tremunt
2989 4143 3044 4189 et
3081 4144 3491 4202 expavescunt,
3547 4137 3672 4205 quia

2106 4227 2478 4284 intolerandus
2516 4234 2599 4280 est
2637 4225 2924 4280 adversum
2962 4235 3014 4281 te
3043 4225 3526 4280 comminationum
3559 4229 3678 4296 ejus

2107 4321 2279 4376 furor.
2328 4319 2445 4389 Ipse
2474 4317 2732 4372 Dominus
2767 4327 2818 4372 te
2868 4318 3134 4386 increpat,
3176 4316 3411 4382 diabole,
3446 4333 3542 4387 per
3572 4329 3674 4372 trc-

431 4435 513 4472 σοι
544 4417 768 4488 Κύριος,
791 4415 1025 4479 διάϐολε,
1050 4419 1077 4469 6
1109 4415 1170 4469 τὸ
1193 4415 1306 4487 πῦρ
1326 4415 1388 4470 τὸ
1417 4415 1703 4504 ἄσϐεστον,
1742 4417 1838 4470 καὶ
1860 4417 1999 4470 σκώ-

2109 4412 2358 4466 mendum
2408 4424 2609 4464 nomen
2650 4424 2805 4463 suum
2840 4427 2853 4463 :
2886 4409 3074 4475 treme,
3123 4418 3315 4471 treme,
3353 4422 3674 4477 expavesco,

428 4509 572 4581 ληκα
593 4509 684 4561 τὸν
702 4507 1025 4578 ἀκοίμητον,
1045 4508 1141 4560 καὶ
1166 4507 1362 4572 σκότος
1390 4509 1450 4562 τὸ
1484 4507 1752 4579 ἐξώτερον
1781 4509 2004 4580 ἐτοιμά-

433 4617 534 4664 σας
583 4617 665 4654 σοι
734 4600 815 4663 είς
879 4599 1099 4652 αἰώνιον
1153 4600 1401 4654 κόλασιν.
1479 4601 1841 4672 Ἐπιτιμήσαι
1921 4619 2004 4654 σοι

432 4691 918 4762 Κύριος,διάϐολε,
942 4691 1001 4744 ὃν
1039 4691 1219 4744 πάντα
1265 4690 1486 4762 φρίσσει
1526 4693 1619 4746 καὶ
1657 4694 1853 4764 τρέμει
1898 4693 2006 4746 ἀπὸ

432 4782 728 4854 προσώπου
751 4783 1035 4854 δυνάμεως
1052 4782 1219 4836 αὑτοῦ
1241 4822 1256 4848 ,
1291 4783 1372 4835 ὃτι
1398 4781 1713 4855 ἀστεκτοςὴ
1738 4785 1876 4856 ὀργὴ
1907 4785 2006 4855 τῆς

431 4877 526 4929 ἐπὶ
555 4877 613 4929 σὲ
637 4876 868 4948 ἀπειλῆς
917 4874 1105 4928 αὑτοῦ.
1147 4875 1322 4940 Αὐτὸς
1357 4877 1587 4947 ἐπιτιμᾷ
1631 4893 1714 4929 σοι
1770 4877 2001 4946 Κύριος,

429 4968 666 5032 διάὸολε,
698 4969 786 5022 διὰ
813 4967 1172 5039 τοῦ·φο6εροῦ
1204 4966 1373 5020 αὐτοῦ
1423 4967 1694 5037 ὀνόματος
1721 4983 1734 4996 ·
1787 4967 2003 5038 φρίξον,

429 5061 722 5132 τρὸμαξον,
773 5061 1082 5131 φοϐήθητι,
1131 5057 1510 5130 ἀναχώρησον,
1556 5058 2004 5131 ὲξολοθρεύθητι,

430 5153 803 5224 φυγαδεύθητι
833 5154 861 5206 6
892 5151 1076 5206 πεσὼν
1103 5150 1418 5222 οὐρανόθεν,
1461 5151 1557 5204 καὶ
1589 5153 1686 5204 σὺν
1713 5151 1796 5204 σοὶ
1828 5151 2009 5206 πάντα

428 5245 497 5298 τὰ
517 5245 731 5316 πονηρὰ
754 5243 886 5298 πνεό
898 5260 1068 5314 ματα,
1097 5243 1206 5294 πᾶν
1233 5240 1454 5310 πνεῦμα
1480 5240 1740 5310 πονηρὸν,
1785 5240 2008 5311 πνεῦμα

429 5337 744 5407 ἀσελγείας,
794 5336 1014 5406 πνεῦμα
1063 5333 1352 5406 πονηρίας,
1408 5333 1628 5404 πνεῦμα
1691 5333 2013 5403 νυκτερινὸν

430 5432 526 5483 καὶ
583 5429 882 5500 ἡμερινὸν,
947 5425 1324 5499 μεσημῦρινόν
1398 5442 1459 5478 τε
1522 5426 1620 5478 καὶ
1679 5424 2006 5495 ἑσπερινόνο

433 5523 655 5594 πνεῦμα
688 5519 1100 5592 μεσονυκτικὸν,
1127 5517 1348 5588 πνεῦμα
1368 5515 1762 5585 φανταστικὸν,
1788 5515 2012 5586 πνεῦμα

432 5615 776 5679 συναντικον,
822 5613 930 5665 εἴτε
985 5615 1266 5684 χερσαῖον,
1323 5609 1434 5663 εἴτε
1489 5607 1734 5676 ἔνυδρον,
1785 5607 1894 5659 εἴτε
1953 5609 2012 5660 ἐν

434 5707 644 5770 άλσοις,
674 5702 784 5757 εἴτε
814 5704 869 5755 ὲν
893 5703 1181 5774 καλάμοις,
1210 5701 1318 5755 εἴτε
1348 5701 1404 5752 ἐν
1457 5697 1748 5769 φάραγξιν,
1791 5696 1900 5750 εἴτε
1953 5698 2009 5748 ἐν

2107 4503 2345 4566 discede,
2375 4501 2686 4571 disperdere
2706 4540 2720 4566 ,
2753 4499 2990 4570 eil‘ugare
3013 4539 3027 4563 ,
3059 4499 3148 4567 qui
3180 4513 3210 4552 e
3232 4499 3370 4553 emlo
3399 4498 3674 4566 decidisti,

2108 4601 2393 4662 tecumque
2423 4591 2640 4661 maligni
2673 4590 2850 4642 cuncti
2883 4589 3109 4658 Spiritus
3142 4605 3156 4642 :
3195 4589 3418 4656 spiritus
3451 4589 3675 4657 impuri-

2109 4685 2257 4751 tatis,
2293 4685 2521 4754 spiritus
2575 4682 2847 4752 nequitiae,
2901 4681 3122 4750 spiritus
3176 4691 3494 4745 nocturnus,
3526 4682 3678 4736 diur-

2110 4791 2246 4843 nus,
2297 4776 2626 4829 meridianus
2676 4782 2732 4827 ct
2803 4773 3174 4842 vespertinus,
3229 4771 3452 4840 spiritus
3491 4774 3681 4829 media:

2109 4865 2305 4928 noctis,
2352 4865 2573 4932 spiritus
2609 4863 2828 4931 speclri,
2868 4863 3090 4931 spiritus
3127 4875 3420 4917 occurrens
3447 4864 3680 4932 quicun-

2109 4958 2379 5027 que,.sive
2413 4967 2679 5021 terrenus,
2709 4956 2824 5010 sive
2852 4955 3126 5024 aquatilis.
3161 4955 3277 5009 sive
3324 4955 3376 5008 in
3429 4956 3678 5020 saltibus,

2106 5047 2220 5102 sive
2276 5045 2329 5099 in
2378 5044 2620 5109 calamis,
2663 5045 2776 5099 sive
2812 5045 2863 5099 in
2897 5045 3249 5112 convallibus,
3271 5045 3384 5099 sive
3431 5047 3482 5099 in
3523 5045 3682 5100 biviis

2109 5147 2164 5194 et
2197 5139 2391 5202 triviis,
2423 5138 2477 5192 in
2509 5139 2754 5204 lacubus,
2777 5137 2829 5192 in
2851 5137 3022 5192 ﬂuviis
3043 5179 3058 5204 ,
3084 5139 3135 5191 in
3174 5138 3444 5206 domibus,
3476 5139 3528 5192 in
3563 5139 3682 5194 bal-

2112 5233 2229 5288 neis
2258 5232 2448 5288 solitus
2477 5233 2805 5295 discurrere,
2841 5239 2902 5283 ut
2931 5231 3203 5286 hominem
3235 5230 3414 5298 laedat,
3448 5241 3505 5286 et
3533 5247 3683 5288 men-

2115 5333 2220 5379 tem
2250 5325 2369 5394 ejus
2395 5325 2692 5394 perturbet.
2726 5320 2846 5377 Uno
2874 5323 3040 5376 verbo
3078 5324 3145 5376 ab
3177 5323 3394 5392 opiﬁcio
3421 5326 3683 5380 creatoris

2114 5418 2314 5475 Christi
2361 5418 2452 5471 Dei
2487 5417 2656 5472 nostri
2681 5416 2964 5479 discedite,
3009 5431 3036 5468 a
3074 5431 3234 5471 servo
3281 5416 3375 5472 Dei
3413 5420 3582 5472 nostri
3611 5417 3678 5472 N.

2114 5509 2463 5580 separemini,
2504 5525 2532 5560 a
2584 5517 2782 5572 mente,
2815 5507 2882 5560 ab
2920 5506 3126 5571 anima,
3177 5523 3206 5560 a
3252 5509 3436 5574 corde,
3467 5524 3497 5562 a
3535 5511 3681 5564 reni-

2115 5605 2236 5669 bus,
2271 5602 2604 5665 asensibus,
2654 5599 2724 5653 ab
2772 5602 3023 5656 omnibus
3087 5602 3367 5667 membris,
3399 5609 3457 5655 ut
3505 5603 3684 5656 salvus

2118 5696 2208 5761 sit,
2241 5703 2294 5749 et
2329 5693 2636 5761 incolumis,
2670 5703 2721 5747 et
2757 5692 2932 5758 liber;
2965 5694 3349 5766 propriumque
3402 5693 3686 5750 Dominum
