4066 6214
364 315 503 373 1057
1153 298 1716 359 SUPPLEMENTUM
1754 298 1846 353 Al)
1881 298 1935 352 S.
1969 299 2018 354 J.
2062 294 2549 352 CIIRYSOSTOMI
2592 293 2845 354 OPEIiA.
3500 304 3638 356 tuos

364 441 419 483 et
451 425 793 483 conditorem
827 421 1072 477 omnium
1109 419 1296 482 Deum,
1329 417 1421 486 qui
1458 425 1707 471 errantes
1756 415 1821 469 ad
1881 430 1941 471 se

2044 413 2237 476 διόδοις
2287 415 2384 466 καὶ
2432 413 2687 481 τριόδοις,
2726 415 2784 467 ὲν
2827 413 3068 484 λίμναις,
3108 414 3202 468 καὶ
3242 416 3297 467 ἐν
3345 424 3632 489 ποταμοῖς,

368 527 584 576 revocat
611 526 666 571 et
697 513 938 583 colligit,
960 511 1151 580 eisque
1189 508 1379 563 salutis
1405 507 1623 576 signum
1649 522 1745 577 per
1781 520 1939 583 rcge—

2045 511 2102 563 ἐν
2132 509 2323 570 οἴκοις,
2346 510 2405 560 ὲν
2439 505 2655 573 αὐλαῖς,
2692 507 2788 559 καὶ
2828 508 2886 559 ὲν
2923 505 3233 576 βαλανείοις
3282 525 3355 560 πα
3369 512 3636 582 ρατρέχον

368 611 703 667 nerationem
739 615 789 660 et
827 604 1230 659 reuovationem
1269 602 1443 655 sancti
1477 599 1818 669 baptismatis
1845 600 1943 653 iui-

2044 600 2140 655 καὶ
2181 598 2441 670 βλάπτον,
2472 599 2567 652 καὶ
2597 597 2846 652 ἀλλοιοῦν
2874 598 2967 653 τὸν
3010 597 3138 652 νοῦν
3180 599 3274 652 τοῦ
3321 601 3634 672 ἀνθρώπου.

367 704 636 774 pertitur,
667 705 926 769 agnoscat
956 714 969 750 :
1004 702 1058 748 et
1093 693 1345 760 illibatis,
1377 691 1716 757 caelestibus,
1752 700 1806 747 et
1838 700 1944 745 tre-

2045 692 2338 763 Συντόμως
2394 693 2791 762 ἀναχωρήσατε
2846 690 2956 745 ἀπὸ
2998 691 3094 745 τοῦ
3152 692 3480 763 πλάσματος
3539 695 3634 749 τοῦ

368 793 578 848 mendis
632 789 748 860 ejus
807 788 1081 858 mysteriis
1140 785 1332 855 dignus
1390 784 1502 851 ﬁat,
1544 798 1782 852 veroque
1829 783 1946 853 ejus

2046 784 2387 858 δημιουργοῦ
2434 784 2678 856 Χριστοῦ
2717 784 2815 838 τοῦ
2847 784 2984 838 Θεοῦ
3016 785 3195 856 ἡμῶν,
3243 787 3340 841 καὶ
3391 788 3636 843 ἀπαλλά-

368 881 493 937 ovili
540 881 593 934 in
619 878 891 949 refrigerii
923 878 1063 942 loco,
1098 893 1261 945 super
1296 892 1466 946 aquas
1498 876 1696 947 quietis
1732 877 1945 931 enutri-

2047 877 2215 949 χθητε
2244 876 2355 931 ἀπὸ
2401 876 2495 932 τοῦ
2540 876 2733 931 δούλου
2778 874 2874 929 τοῦ
2906 875 3047 929 Θεοῦ
3094 877 3272 940 τοῦδε,
3330 880 3439 932 ἀπὸ
3492 882 3631 947 νοὸς,

371 983 475 1036 tus,
500 979 555 1025 et
582 969 761 1025 crucis
810 971 958 1039 virga
1014 981 1205 1022 secure
1232 965 1455 1036 pecudis
1489 979 1639 1019 more
1680 964 1944 1018 deductus

2051 970 2160 1025 ἀπὸ
2191 972 2290 1040 τῆς
2314 969 2513 1040 ψυχῆς,
2543 968 2652 1023 ἀπὸ
2680 969 2777 1039 τῆς
2815 968 3061 1040 καρδίας,
3112 969 3221 1022 ἀπὸ
3247 969 3358 1023 τῶν
3392 972 3632 1043 νεφρῶν,

368 1062 611 1128 uuiatur,
646 1061 700 1116 in
727 1060 1098 1115 remissionem
1117 1068 1486 1127 peccatorum,
1515 1068 1569 1111 et
1595 1056 1763 1110 vitam
1787 1063 1948 1108 aeter-

2052 1058 2163 1114 ἁπδ
2191 1058 2299 1114 τῶν
2327 1059 2661 1130 αἰσθήσεων,
2695 1058 2805 1112 ἀπὸ
2846 1060 3067 1113 πάντων
3096 1059 3207 1111 τῶν
3254 1060 3457 1129 μελῶν,
3498 1064 3636 1134 πρὸς

371 1168 517 1207 nam.
542 1151 675 1219 Quia
711 1151 967 1206 convenit
990 1150 1040 1205 ei
1072 1150 1249 1205 omnis
1274 1148 1468 1220 gloria,
1499 1149 1699 1210 honor,
1730 1154 1786 1202 et
1817 1147 1946 1199 adoo

2054 1150 2115 1204 τὸ
2144 1146 2469 1203 εῖναιαὺτὸν
2500 1150 2630 1221 ὑγιῆ
2682 1149 2776 1203 καὶ
2825 1149 3144 1220 ὁλόκληρον,
3180 1152 3275 1204 καὶ
3324 1153 3632 1226 ἐλεύθερον,

371 1245 531 1309 ratio,
559 1252 616 1298 et
646 1243 1070 1312 magniﬁcentia,
1097 1257 1219 1297 cum
1247 1240 1496 1310 principii
1545 1247 1771 1309 experte
1824 1237 1945 1307 ejus

2056 1240 2492 1309 ὲπιγινώσκοντα
2519 1241 2612 1295 τὸν
2643 1241 2775 1294 ἴδιον
2804 1240 3105 1312 Δεσπότην,
3153 1243 3247 1295 καὶ
3299 1243 3636 1316 δημιουργὸν

374 1334 569 1400 Patre,
630 1344 685 1389 et
740 1335 1119 1399 sanctissimo,
1154 1343 1208 1388 et
1244 1332 1414 1396 bono,
1472 1340 1526 1387 et
1580 1330 1796 1386 viviﬁco
1832 1328 1951 1399 ejus

2054 1334 2145 1387 τὸν
2179 1336 2437 1390 ἁπάντων
2470 1334 2627 1398 Θεὸν,
2671 1334 2765 1388 τὸν
2803 1335 3213 1403 ἑπισυνάγοντα
3254 1338 3382 1400 τοὺς
3421 1340 3634 1392 πεπλα-

374 1425 587 1495 Spiritu
622 1446 637 1482 :
672 1442 814 1483 nunc
846 1436 901 1482 et
929 1441 1167 1498 semper,
1201 1436 1254 1482 et
1289 1427 1343 1481 in
1374 1425 1572 1481 saecula
1607 1425 1948 1480 saeculorum.

2058 1426 2349 1497 νημένους,
2405 1426 2503 1479 καὶ
2552 1426 2764 1481 διδόντα
2815 1426 3002 1489 αὐτοῖς
3046 1428 3324 1498 σφραγιδα
3361 1432 3636 1502 σωτηρίας

371 1518 564 1574 Amen.
2061 1518 2149 1571 διὰ
2183 1520 2284 1589 τῆς
2318 1520 2629 1591 γεννήσεως
2653 1518 2749 1572 καὶ
2781 1518 3184 1582 ἀνακαινεσεως
3216 1520 3311 1573 τοῦ
3354 1521 3499 1577 Θείου
3538 1524 3637 1595 βα-

372 1610 701 1682 πτίσματος,
732 1613 813 1677 εἰς
834 1614 895 1667 τὸ
919 1613 1521 1689 καταξιωθῆναιεαύτὸν
1552 1613 1660 1667 τῶν
1693 1613 1996 1684 ἁχράντων,
2037 1612 2133 1666 καὶ
2162 1612 2528 1685 ἐπουρανίων,
2557 1613 2653 1666 καὶ
2692 1612 2939 1685 φρικτῶν
2978 1612 3145 1667 αὑτοῦ
3178 1616 3515 1687 μυστηρίων,
3542 1620 3637 1671 καὶ

372 1708 736 1783 ἑνωθῆναιτῇ
782 1712 948 1765 αὐτοῦ
1003 1712 1210 1785 ποίμνῃ
1256 1714 1325 1783 τῇ
1373 1712 1603 1784 ἀληθινῇ
1684 1714 1764 1776 εἰς
1813 1714 1979 1766 τόπον
2016 1713 2180 1785 χλόης
2246 1713 2724 1784 κατασκηνοῦντα,
2770 1713 2864 1767 καὶ
2903 1714 2998 1767 ἐπὶ
3037 1713 3229 1778 ὓδατος
3272 1712 3638 1775 ἀναπαύσεως

374 1800 802 1873 ἑκτρεφὸμενον,
861 1804 957 1859 καὶ
1011 1806 1116 1859 ὑπὸ
1187 1806 1494 1878 βακτηρίας
1553 1788 1658 1859 τοῦ
1699 1805 1936 1878 σταυροῦ
1977 1807 2356 1878 ποιμαντικῶς
2395 1806 2492 1861 καὶ
2541 1806 2803 1875 ἀσφαλῶς
2849 1805 3236 1878 ὁδηγούμενον,
3295 1808 3377 1870 εἰς
3440 1805 3638 1874 ἄφεσιν

376 1891 664 1964 ἁμαρτιῶν
696 1896 793 1948 καὶ
822 1895 899 1957 εἰς
924 1895 1071 1966 ζωὴν
1094 1895 1336 1952 αἰώνιον.
1391 1898 1514 1952 ’Ότι
1558 1897 1709 1969 αὐτῷ
1744 1899 1945 1970 πρέπει
1983 1902 2133 1953 πᾶσα
2172 1898 2320 1966 δόξα,
2390 1899 2546 1971 τιμὴ,
2579 1898 2676 1953 καὶ
2738 1899 3132 1971 προσκύνησις,
3167 1898 3262 1951 καὶ
3293 1896 3638 1969 μεγαλοπρέ-

376 2001 528 2051 πεια,
552 1985 650 2040 σὺν
674 1985 754 2058 τῷ
782 1986 1007 2060 ἀνάρχῳ
1029 1990 1195 2045 αὑτοῦ
1221 1991 1421 2063 Πατρὶ.
1455 1990 1648 2062 καὶτῷ
1679 1992 1953 2063 παναγίῳ,
1996 1994 2091 2048 καὶ
2154 1991 2367 2064 ἀγαθῷ,
2397 1994 2492 2047 καὶ
2524 1989 2778 2063 ζωοποιῷ
2847 1991 3013 2047 αὐτοῦ
3055 1989 3334 2062 Πνεύματι
3355 2006 3370 2020 ’
3417 1989 3514 2044 νῦν
3544 1989 3639 2043 καὶ

375 2076 483 2144 ἀεὶ,
509 2076 603 2131 καὶ
630 2079 710 2145 εἰς
730 2080 857 2145 τοὺς
874 2081 1079 2147 αἰῶνας
1101 2083 1208 2138 τῶν
1240 2083 1472 2139 αἰώνων.
1511 2084 1703 2156 Ἀμήν.
