4066 6214
358 307 485 362 ωτι

1275 315 1407 372 NIC.
1446 317 1719 374 PETREIl
1761 320 2100 379 EPISTOLA
2143 325 2715 388 NlINCUP.\TORlA.

3476 345 3611 399 1072

348 427 685 496 φιλοσέςων.
715 428 919 483 Ρνονιίῑι
956 438 1161 482 tantum
1199 430 1392 486 Latine
1422 433 1612 489 Venet.
1671 451 1717 490 a.
1759 438 1918 502 1552,

2038 457 2104 496 ex
2139 445 2389 500 versione
2416 446 2529 501 Nic.
2562 447 2787 515 Petreii,
2817 450 3112 521 Corcyraei.
3150 455 3338 511 Cra‘ce
3372 458 3606 517 habetur

345 524 533 615 etiarn
552 522 857 615 aliquoties
875 537 977 575 ms.
1008 521 1314 615 _O.vonii_in
1354 526 1481 579 l-ibl.
1531 525 1738 615 Bodlei.
1772 528 1961 583 Graeco
2002 533 2175 586 altero
2229 532 2360 587 bibl.
2394 533 2659 601 Caesarem
2691 539 2879 593 codice
2915 538 3030 611 [10.
3078 540 3139 595 γ.
3198 542 3455 603 Lambec.
3513 548 3605 615 Vl,

345 628 394 680 p.
428 614 534 665 257
566 627 706 681 seq.,
732 621 783 665 et
814 612 983 665 altero
1006 613 1057 664 in
1082 613 1201 666 cod.
1237 612 1495 667 Laurent.
1529 614 1625 686 ll.]
1658 628 1821 685 caput
1856 633 1999 672 xxxv
2035 620 2100 673 de
2127 621 2307 673 anima
2332 622 2617 693 quiutnplo
2650 630 2822 694 majus
2859 630 3121 683 occurrit.
3148 629 3315 687 Faue.

420 705 533 757 lluc
570 705 821 757 reducam
853 718 917 757 ex
966 704 1073 759 vol.
1108 702 1174 757 IX
1227 714 1334 759 vel.
1374 707 1461 761 ed.
1510 718 1631 776 post
1669 708 1880 778 praefat.
1939 708 2172 766 Iudicem
2202 714 2541 779 scriptorum,
2568 717 2659 784 qui
2705 719 2941 773 citantur
2977 738 3009 774 α
3051 722 3261 776 Meleu'o
3288 724 3343 775 in
3373 726 3506 782 libro
3541 728 3608 783 de

344 803 611 843 structura
643 791 869 844 hominis
895 806 923 844 a
955 790 1205 846 Fabricio
1232 798 1618 851 concinnatum
1652 796 1715 849 ad
1744 797 1973 869 paginas
1995 802 2127 856 edit.
2173 802 2390 856 Venetae
2422 804 2578 869 1552,
2613 805 2669 859 4.

345 879 759 945 Aristophanes,
796 880 847 932 in
881 879 1061 948 Equit.
1094 880 1180 933 80.

347 979 382 1023 Λ
397 971 685 1042 ristoteles,
712 972 799 1023 68.

347 1063 595 1124 Basilius,
627 1064 682 1125 ρ,
716 1062 769 1125 7,
806 1062 895 1127 ει,
933 1062 1022 1127 is,
1052 1062 1142 1126 δι,
1178 1062 1265 1129 7e,
1296 1064 1385 1117 77.

344 1152 734 1217 Callimachus,
767 1154 859 1216 65,
890 1153 980 1219 85,
1016 1154 1104 1220 90,
1138 1154 1255 1208 157.

346 1247 788 1315 Chrysostomus,
816 1248 870 1301 2.

346 1340 602 1408 (Iyrillus,
634 1340 689 1393 2.

350 1434 724 1501 1·ὶιιιιιρι1‹)ρ1υε,
762 1435 884 1488 142.

352 1524 639 1594 Epicurus,
671 1527 759 1582 67.

351 1618 610 1682 Galenus,
645 1620 696 1683 1,
727 1621 817 1685 68,
858 1623 980 1688 100,
1024 1623 1147 1677 142.

348 1712 575 1780 Uregor.
601 1711 858 1769 Nazianz.
905 1715 1204 1786 theologus,
1248 1717 1335 1783 67,
1373 1718 1495 1782 114,
1534 1717 1658 1772 112.

2028 891 2321 956 Gregorius
2347 892 2644 962 Nyssenus,
2676 894 2727 956 2,
2761 894 2848 962 10,
2887 896 3009 961 114,
3048 898 3165 955 140.

2031 983 2202 1037 Grteci
2240 994 2531 1053 nugantur,
2569 985 2653 1040 10.

2032 1075 2314 1139 Hesiodus,
2354 1076 2443 1141 59,
2472 1078 2559 1133 9|.

2035 1165 2314 1231 Homerus,
2372 1168 2426 1231 9,
2458 1169 2548 1232 20,
2606 1171 2700 1234 20,
2730 1172 2817 1237 51,
2861 1173 2950 1238 (il,
2982 1174 3074 1239 63,
3117 1177 3206 1240 66,
3240 1178 3331 1242 72,
3374 1178 3468 1246 73,
3514 1180 3605 1245 74,

2101 1256 2192 1322 85,
2225 1257 2314 1324 88,
2370 1259 2458 1325 89,
2512 1260 2760 1329 95,106,
2818 1262 2940 1330 100,
2990 1267 3271 1334 110,120,
3316 1268 3604 1337 121,127,

2101 1347 2224 1410 120,
2264 1348 2383 1403 156.
2421 1350 2610 1417 Poeta,
2640 1354 2730 1407 80.

2028 1437 2243 1507 Lycopb
2254 1454 2372 1506 ron,
2407 1442 2495 1497 85.

2034 1531 2298 1586 Pindarus
2327 1534 2376 1586 iu
2410 1535 2795 1606 Dithyrambis,
2826 1539 2916 1593 86.

2034 1625 2205 1690 Plato,
2235 1626 2329 1691 25,
2367 1627 2458 1682 27.
2484 1627 2711 1693 Timzeo,
2746 1632 2834 1685 57.

2035 1716 2287 1773 Socrates
2312 1719 2379 1771 de
2406 1719 2643 1774 hominis
2684 1733 2874 1777 natura
2902 1726 3064 1795 (apud
3097 1728 3334 1798 Platon.)
3360 1732 3409 1785 1.
3431 1731 3603 1788 llam“

421 1804 713 1869 Incertum,
771 1808 1087 1863 diversusne
1118 1812 1186 1863 ab
1239 1811 1339 1866 hoc
1392 1813 1461 1866 sit
1504 1812 1784 1877 Meletius,
1814 1812 1880 1867 ad
1926 1824 2086 1881 quem
2119 1810 2388 1866 Theodori
2445 1802 2675 1868 Studitaa
2702 1817 2945 1883 epistola:
2979 1831 3275 1889 supersunt
3317 1822 3459 1877 inter
3492 1825 3609 1877 ine-

347 1894 489 1946 ditas
519 1893 637 1947 illas
669 1896 796 1958 277,
829 1913 987 1967 quas,
1027 1897 1316 1954 Sirmondo
1363 1901 1504 1954 hami
1541 1902 1704 1963 visas,
1741 1910 1923 1954 servat
1968 1899 2137 1955 codex
2172 1898 2299 1954 bibl.
2340 1900 2732 1969 Seguierianre.
2777 1903 2942 1958 Faen.
2986 1905 3052 1963 V.
3091 1906 3391 1964 Montl‘auc.
3458 1910 3602 1965 Bibl.

350 1978 572 2037 Cois/in.
610 1999 661 2052 p.
704 1985 974 2051 147,,1ι10,
1007 1988 1135 2051 517,
1176 1990 1314 2055 320;
1343 1999 1394 2043 et
1424 1989 1651 2044 Bamliu.
1680 1988 1803 2044 Cat.
1836 1989 1992 2044 codd.
2029 1987 2125 2042 Gr.
2158 1986 2322 2044 Laur.
2356 1988 2443 2054 ιιι,
2486 2006 2538 2059 p.
2571 1991 2700 2046 284.
2736 1992 2910 2047 llanL.

357 2162 3581 2191 ._.__..___.___..._________________________________

769 2302 1181 2380 NICULAI

1266 2304 1673 2379 PE'l‘llEll
1753 2301 2259 2381 EPISTULA
2352 2301 3159 2380 NUNCUPATORIA

1262 2499 1539 2543 coruom
1594 2500 1857 2543 vertam
1913 2500 2066 2545 ΔΝΜ
2143 2481 2291 2545 1552
2356 2500 2660 2543 eam“.

419 2648 722 2717 Philippum
766 2648 914 2700 illum
964 2646 1317 2702 Macedonum
1366 2665 1565 2717 regem.
1624 2649 1919 2705 Alexandri

346 2752 572 2808 patrem,
603 2740 694 2808 qui
738 2756 834 2809 pro
889 2740 1053 2794 rebus
1087 2756 1115 2794 a
1149 2755 1207 2794 se
1239 2743 1496 2805 praeclare
1541 2743 1710 2809 gestis
1740 2742 1920 2806 Magni

348 2852 542 2888 numen
576 2835 760 2888 sortiri
786 2837 985 2888 meruit
1011 2876 1025 2897 ,
1051 2835 1199 2889 Sauli
1227 2835 1526 2889 Pra'sulum
1546 2837 1919 2904 celeberrime,

346 2943 469 2981 rum
545 2926 806 2995 temporis
894 2925 997 2980 sibi
1073 2928 1417 2981 occasionem
1491 2928 1913 2996 exspectandam

347 3025 577 3085 putaret,
602 3032 710 3085 quo
733 3017 783 3068 iu
818 3030 877 3070 se
907 3015 1258 3085 promet-itum
1285 3015 1445 3083 digna
1473 3016 1721 3071 conferre
1753 3016 1917 3070 bene-

350 3109 466 3162 licia
505 3117 709 3179 posset,
763 3109 909 3177 quod
971 3108 1122 3161 illum
1178 3108 1327 3173 prius
1377 3116 1607 3161 mortem
1665 3117 1918 3178 Oppetere

345 3200 681 3268 contigisset,
741 3215 902 3268 quam
954 3214 983 3251 a
1022 3214 1080 3253 se
1126 3197 1285 3267 digna
1316 3215 1414 3268 pro
1453 3201 1663 3255 meritis
1698 3204 1918 3271 prremia

346 3292 635 3361 acciperet,
664 3290 1031 3360 illacrymasse
1082 3291 1284 3353 ferunt,
1313 3293 1443 3346 dum
1490 3293 1541 3346 id
1572 3295 1921 3364 magnanimo

346 3383 455 3455 regi
491 3384 649 3453 plane
673 3390 943 3436 constaret
972 3398 1031 3437 se
1052 3383 1257 3436 nullum
1293 3384 1511 3451 gravius
1538 3385 1765 3450 crimen,
1795 3387 1918 3439 nul-

349 3478 458 3530 lum
473 3474 844 3529 detestabilius
857 3488 1018 3543 quam
1036 3472 1441 3543 iugratitudinis
1456 3476 1639 3529 subire
1653 3478 1917 3545 potuisse.

347 3568 523 3634 Quod,
571 3583 693 3623 cum
747 3566 968 3635 ubique,
1021 3574 1186 3635 atque
1231 3566 1373 3635 apud
1413 3582 1605 3622 omnes
1658 3570 1917 3625 mortales

347 3660 685 3715 intolerabile
724 3660 895 3714 videri
951 3659 1161 3725 debeat,
1210 3660 1356 3728 justa
1421 3661 1638 3729 quidem
1687 3663 1916 3729 ratione,

347 3752 489 3823 apud
516 3751 899 3814 Atheuienses,
949 3752 1000 3804 in
1037 3751 1281 3805 omnium
1312 3751 1570 3806 virtutmn
1609 3769 1671 3808 ac
1718 3754 1920 3809 doctri—

348 3860 540 3898 narum
590 3858 785 3913 geuerc
839 3844 1341 3912 praestantissimos,
1373 3845 1643 3913 publicam
1690 3845 1919 3915 hujusce

346 3939 423 3992 rei
470 3937 739 3993 actionem
790 3937 1141 3991 constitutam
1190 3936 1362 3991 fuisse
1394 3937 1750 4004 crediderim;
1791 3954 1915 3992 nam

345 4030 439 4098 qui
506 4029 570 4082 de
619 4044 677 4082 se
721 4029 857 4082 bene
907 4029 1121 4092 merito,
1184 4029 1341 4082 talem
1395 4028 1596 4083 referre
1655 4032 1915 4098 gratiam,

346 4119 783 4188 qualemcunque
824 4134 919 4185 per
970 4133 1029 4172 se
1075 4128 1269 4188 potest,
1320 4119 1562 4189 negligit,
1607 4120 1721 4188 ipse
1759 4121 1916 4190 inops

349 4222 609 4262 sensuum
655 4221 717 4261 ac
771 4208 931 4275 plane
994 4208 1397 4278 ingratissimus
1447 4209 1640 4262 merito
1692 4225 1920 4264 censen-

347 4301 450 4355 dus
488 4309 591 4355 est.
636 4298 758 4354 llaec
800 4299 929 4353 mihi
972 4300 1169 4369 szepius
1209 4317 1421 4355 mecum
1453 4301 1676 4371 agitanti
1707 4316 1831 4356 cum
1865 4302 1918 4355 in

348 4391 666 4445 memoriam
721 4390 1046 4444 adducerem
1096 4401 1298 4458 quanta
1359 4390 1469 4444 sint
1521 4406 1643 4461 qua:
1702 4391 1755 4444 iu
1811 4407 1917 4455 me,

344 4483 473 4537 dum
509 4482 691 4536 Roma:
735 4498 934 4547 essem,
992 4488 1206 4549 protua
1262 4482 1527 4551 singulari
1587 4483 1921 4537 humanitate

350 4574 607 4628 beneﬁcia
645 4575 960 4639 contuleris,
993 4582 1369 4644 quantumque
1426 4576 1523 4629 tibi
1549 4590 1634 4630 me
1675 4574 1743 4630 ob
1769 4586 1919 4630 tuam

348 4668 401 4719 iu
436 4683 520 4719 me
549 4667 979 4721 benevolentiam
1026 4668 1302 4738 perpetuis
1349 4670 1686 4737 temporibus
1728 4670 1919 4723 devin-

346 4769 493 4811 ctum
530 4767 982 4826 auctoratumque
1016 4758 1333 4823 reddideris,
1371 4758 1520 4813 nullo
1552 4775 1657 4813 non
1679 4767 1922 4829 tempore

347 4849 480 4902 mihi
540 4849 891 4919 cogitandum
942 4851 1147 4918 putavi,
1214 4865 1323 4919 quo
1376 4860 1535 4920 pacto
1571 4852 1666 4905 tibi
1717 4852 1921 4921 aliquid

346 4942 535 5008 gratim
588 4955 868 5010 reponam,
923 4958 989 4995 ne
1050 4957 1166 5005 me,
1214 4943 1357 5011 quod
1403 4954 1662 5012 perpetuo
1717 4946 1923 5013 turpis-

349 5037 547 5089 simum
582 5033 857 5096 ducerem,
879 5034 1076 5103 ingrati
1101 5049 1251 5087 reum
1281 5050 1589 5105 perageres.
1617 5034 1680 5087 Et
1703 5036 1919 5105 quidem

346 5142 470 5180 eum
508 5125 898 5194 impr-.esentia,
950 5124 1221 5178 llleletium
1266 5125 1649 5194 philosophum
1678 5127 1743 5179 de
1787 5134 1925 5180 stru-

345 5230 499 5273 t-tura
557 5228 859 5287 naturaque
901 5217 1154 5282 hominis,
1192 5216 1402 5287 insigne
1451 5218 1653 5287 alioqui
1694 5220 1920 5286 hujusce

350 5310 689 5364 tractationis
725 5325 862 5379 opus
882 5351 896 5376 ,
919 5309 1163 5379 pluribus
1191 5310 1387 5365 abhinc
1419 5311 1579 5366 annis
1606 5327 1632 5363 τι
1660 5327 1743 5365 me
1771 5311 1917 5364 Lati-

350 5404 517 5457 nitate
550 5402 833 5464 donatum,
872 5403 923 5458 in
958 5402 1234 5471 publicum
1264 5403 1423 5457 edere
1451 5405 1782 5467 statuisstérn,
1810 5421 1924 5473 per-

350 5492 640 5561 multisquc
699 5510 941 5549 meorum
1004 5496 1326 5558 amicorum,
1356 5507 1410 5549 et
1457 5512 1569 5551 sua:
1597 5506 1650 5551 et
1676 5499 1918 5551 omnium

349 5582 722 5639 studiosorum
768 5588 983 5641 utilitati
1018 5589 1445 5650 consulentibus.
1481 5589 1573 5658 qui
1609 5589 1768 5643 enixe
1807 5590 1856 5646 id
1892 5607 1920 5643 ιι

350 5690 436 5728 me
466 5674 755 5741 impetrare
810 5680 1221 5742 contenderant,
1257 5681 1525 5750 denegare
1562 5682 1661 5735 hoc
1689 5682 1922 5750 amplius

350 5765 495 5821 nulla
533 5765 742 5820 ratione
770 5783 1016 5836 possem,
1049 5771 1248 5840 duplici
1281 5772 1345 5827 de
1377 5790 1541 5827 causa
1580 5783 1682 5827 tua:
1726 5775 1921 5844 ampli-

2024 2649 2196 2704 tudini
2256 2649 2358 2704 hoe
2399 2664 2537 2719 opus
2566 2664 2675 2718 pra:
2721 2649 2933 2704 eteteris
2961 2650 3315 2707 dedicandum
3367 2648 3594 2705 censui:

2021 2742 2186 2795 altera
2217 2743 2457 2811 quidem,
2500 2741 2644 2811 quod
2699 2751 2749 2796 te
2781 2742 3051 2796 neminem
3084 2743 3250 2796 animi
3293 2742 3599 2805 nobilitate,

2021 2843 2116 2888 aut
2163 2834 2426 2904 probitate
2478 2834 2625 2899 vitae,
2671 2840 2765 2887 aut
2812 2834 3067 2899 consilio,
3121 2844 3214 2888 aut
3266 2834 3597 2904 optimarum

2020 2928 2218 2981 artium
2282 2928 2565 2996 utriusque
2596 2928 2789 2998 lingua)
2821 2927 3036 2992 studiis,
3085 2936 3180 2982 aut
3226 2929 3371 2981 oumi
3402 2944 3601 2999 genere

1994 3015 2197 3071 laudis
2230 3016 2658 3086 prmstantiorem
2710 3033 2831 3072 esse
2880 3017 3047 3072 sciam
3080 3036 3093 3071 :
3121 3034 3352 3088 quorum
3400 3019 3599 3087 gratia,

2023 3124 2123 3163 cur
2148 3109 2360 3174 ell'erre,
2395 3110 2645 3164 laudibus
2673 3110 2867 3165 Studiis
2904 3113 3177 3180 prosequi,
3224 3111 3597 3165 benevolentia

2021 3202 2307 3272 complecti
2345 3219 2450 3257 non
2491 3202 2756 3257 debeam?
2810 3202 2978 3256 altera
3031 3218 3180 3264 vero,
3206 3219 3325 3257 cum
3384 3219 3468 3257 me
3499 3201 3596 3255 tibi

2022 3304 2306 3363 tantopere
2332 3295 2528 3349 debere
2576 3295 2969 3356 existimarem,
3008 3305 3065 3347 ut
3098 3294 3243 3346 nulla
3274 3295 3483 3348 ratione
3513 3310 3599 3346 me

2023 3386 2281 3440 solvendo
2312 3401 2432 3440 esse
2461 3385 2759 3451 crederem,
2781 3385 2882 3440 hoc
2906 3386 3095 3440 saltem
3115 3384 3295 3455 aliqua
3330 3400 3393 3440 ex
3417 3395 3593 3454 parte,

2024 3485 2132 3530 tam
2169 3476 2413 3530 benevoli
2450 3476 2524 3530 tui
2558 3491 2682 3546 erga
2716 3492 2801 3531 me
2836 3476 3004 3529 animi
3041 3476 3212 3529 vicem
3242 3485 3601 3546 repraesenta-

2023 3584 2158 3623 rem.
2195 3567 2327 3622 Nam
2364 3568 2579 3623 tametsi
2620 3569 2822 3637 optime
2871 3568 3040 3623 sciam
3092 3576 3352 3638 quantam
3383 3583 3597 3627 curam.

2023 3659 2263 3713 studium
2331 3674 2395 3713 ac
2453 3657 2663 3728 vigilias
2718 3659 2771 3711 in
2825 3657 3254 3712 administranda
3310 3657 3455 3711 illius
3504 3672 3598 3710 ce-

2024 3750 2324 3805 leberrima:
2377 3751 2526 3805 urbis
2585 3750 2858 3819 provincia
2905 3765 3167 3819 exponas,
3220 3749 3331 3812 cui,
3392 3758 3462 3815 te,
3505 3765 3599 3802 sa—

2025 3842 2177 3911 piens
2227 3840 2470 3911 pontifex
2525 3858 2589 3896 ac
2651 3840 3067 3905 consideratus,
3122 3856 3222 3895 nec
3272 3841 3597 3896 ambientem

2022 3950 2122 3988 nec
2188 3942 2457 4002 petentem
2513 3932 2786 4003 przefecit,
2844 3949 3006 4002 quam
3065 3943 3116 3988 te
3174 3934 3326 3987 obire
3383 3948 3599 3987 summa

2021 4024 2328 4093 prudentia,
2376 4008 2592 4085 virtute,
2651 4024 2880 4079 consilio
2939 4040 3129 4079 omnes
3198 4025 3397 4094 passim
3459 4039 3599 4092 pra:-

2022 4116 2206 4169 dicant
2259 4135 2272 4169 :
2323 4131 2496 4184 neque
2556 4132 2620 4169 ex
2679 4116 2781 4169 hoc
2834 4116 3093 4185 temporis
3163 4117 3257 4170 tibi
3319 4117 3600 4185 quidpiam

2025 4206 2294 4275 reliqumn
2329 4221 2469 4266 esse,
2502 4204 2647 4274 quod
2681 4206 3050 4274 praestantium
3084 4216 3368 4259 auctorum
3413 4206 3601 4261 lectio-

2026 4297 2187 4351 nibus
2244 4296 2326 4367 (ut
2384 4296 2769 4368 consueveras)
2827 4298 3189 4367 impenderes,
3249 4307 3427 4352 tamen
3469 4313 3599 4352 cum

2025 4386 2295 4440 Meletium
2322 4403 2501 4441 meum
2532 4388 2800 4453 evolvere,
2837 4404 2960 4442 cum
2995 4388 3354 4457 introspicere
3392 4390 3606 4442 consti-

2024 4490 2163 4545 tues,
2202 4490 2252 4535 te
2300 4481 2554 4535 meliores
2592 4481 2687 4533 otii
2722 4481 2800 4533 tui
2831 4481 2992 4534 horas
3027 4481 3080 4533 in
3118 4481 3445 4550 perlegendo
3481 4481 3606 4549 ipso

2022 4573 2395 4642 expositurum
2426 4588 2534 4626 non
2560 4588 2766 4627 vereor.
2794 4571 2842 4627 Is
2865 4574 3032 4639 enim,
3059 4574 3403 4643 magnanime
3421 4571 3600 4635 Sau'i,

2026 4666 2491 4721 absolutissimum
2566 4680 2726 4734 opus,
2783 4676 3067 4720 structura:
3115 4682 3182 4721 ac
3243 4677 3451 4720 natura:
3505 4667 3610 4719 lio-

2026 4763 2186 4817 minis
2227 4761 2651 4831 perscripturus,
2699 4775 2890 4813 omnes
2931 4761 3282 4829 antiquorum
3324 4762 3491 4815 libros
3522 4765 3611 4830 (ut

2025 4859 2141 4926 ipse
2189 4857 2253 4909 ad
2302 4854 2386 4910 sui
2436 4856 2615 4924 operis
2652 4854 2806 4907 initia
2854 4854 3101 4921 testatur)
3131 4853 3233 4907 sibi
3273 4854 3607 4909 evolvendos

2026 4946 2336 5015 proposuit,
2397 4954 2482 5005 ut.
2533 4958 2653 5013 quae
2707 4941 2937 5011 sparsim
2995 4941 3047 4994 in
3099 4958 3288 4995 eorum
3338 4941 3488 4995 libris
3537 4941 3608 4996 de

2026 5038 2243 5091 homine
2273 5037 2687 5106 comprehensa,
2736 5049 2835 5087 nec
2876 5034 3129 5089 absolute
3162 5035 3432 5103 explicata
3479 5033 3605 5088 fue-

2029 5136 2173 5192 rant,
2225 5128 2277 5180 in
2330 5127 2494 5179 unius
2550 5124 2730 5193 operis
2771 5124 2967 5178 seriem
3024 5125 3421 5193 redigerentur.

2098 5220 2179 5272 Ab
2206 5218 2488 5273 elementis
2533 5217 2716 5286 itaque
2751 5215 2938 5271 mundi
2969 5232 3218 5277 exorsus,
3253 5217 3318 5271 ad
3353 5221 3611 5287 corporis

2028 5314 2295 5368 elerucnta
2342 5311 2714 5383 progrediens,
2765 5326 2875 5381 quo
2921 5320 3079 5380 pacto
3125 5311 3230 5365 hoc
3275 5311 3476 5364 animal
3525 5314 3613 5380 gi-

2031 5407 2213 5475 guitur
2251 5406 2681 5473 alimentumque
2716 5404 2903 5466 sumit,
2950 5418 3014 5457 ac
3045 5411 3179 5471 quot
3223 5401 3411 5454 vitales
3448 5413 3612 5454 italu-

2030 5500 2280 5569 ralesqne
2298 5518 2361 5552 ae
2388 5500 2650 5553 animales
2675 5497 2960 5552 facultates
2980 5513 3108 5553 snas
3134 5498 3183 5552 iu
3216 5497 3333 5567 ipso
3364 5496 3612 5550 actiOm-s

2030 5592 2343 5656 ostendunt,
2374 5591 2655 5659 perspicue
2673 5590 2932 5645 declarat.
2956 5590 3115 5653 Tum,
3138 5591 3454 5660 priusquam
3478 5606 3609 5643 cor-

2031 5683 2180 5751 poris
2207 5691 2388 5750 partes
2420 5682 2736 5751 singillatim
2768 5682 3042 5750 explicare
3067 5682 3432 5751 aggrediatur,
3464 5698 3607 5748 que-

2032 5773 2191 5827 modo
2248 5788 2398 5826 mens
2439 5788 2533 5842 per
2570 5788 2761 5828 sensus
2803 5782 2945 5843 agat,
2987 5772 3116 5841 quid
3172 5771 3361 5841 triplex
3409 5771 3609 5825 animae
