4054 6216
439 331 577 387 1073

441 442 670 500 facultas
718 442 821 509 sit,
867 460 1115 516 necnon,
1177 460 1312 521 quot
1370 453 1596 510 virtutes
1646 471 1769 525 qua:
1817 459 2018 526 princi-

439 536 590 607 pales
641 535 987 604 appellantur
1012 541 1150 608 sint;
1181 558 1369 611 quaeve
1419 544 1637 601 virtutis
1666 562 1731 604 ac
1756 549 2012 603 vitiorum

436 641 635 698 genera
684 642 809 695 quae
852 643 917 682 ex
962 630 1095 700 ipsis
1143 634 1469 702 proveniunt
1511 637 1815 692 habeantur
1861 659 1874 693 :
1934 640 2013 695 si-

435 717 678 787 mulque,
699 732 808 785 quo
830 728 1012 788 pacto,
1053 723 1334 790 gaudium,
1368 725 1612 790 tristitia,
1638 727 1804 791 risus,
1836 728 2039 799 lacry-'

432 824 555 874 mze,
581 824 646 863 ac
678 823 906 865 somnus
932 823 1346 882 consumantur,
1372 816 1493 872 luce
1521 818 1723 874 clarius
1748 820 2010 877 ostendit.

431 901 573 967 Quid
606 901 753 955 enim
785 912 889 967 est,
924 904 1120 973 praesul
1146 906 1371 975 optime,
1396 908 1543 978 quod
1578 910 2012 968 animadvertere

428 1010 500 1050 ac
534 995 882 1050 considerare
929 996 1109 1063 potius
1133 1014 1259 1053 cum
1305 1002 1561 1058 omnibus
1595 1004 1876 1069 studiosis,
1909 1006 2013 1063 hac

430 1102 490 1142 re
564 1088 758 1142 merito
819 1089 1031 1144 debes?
1106 1090 1469 1164 Posteaquam
1531 1096 1709 1165 opifex
1770 1097 2009 1153 Verbum

428 1178 499 1231 ab
547 1178 926 1237 intellectualis
976 1196 1041 1238 ac
1084 1182 1316 1241 visibilis
1365 1187 1767 1257 materialisque
1818 1191 2008 1245 mundi

429 1270 707 1325 creatione
753 1272 957 1326 animal
999 1274 1159 1329 edere
1204 1276 1334 1347 (quo
1357 1278 1581 1348 majoris
1614 1281 1893 1349 sapientia:
1918 1297 2007 1335 ar-

430 1371 749 1432 gumentum
778 1379 842 1418 ac
870 1365 1016 1430 circa
1053 1375 1280 1424 naturas
1323 1369 1546 1440 largitas
1584 1372 1812 1441 ejusque
1839 1373 2002 1428 boni-

1707 338 2028 403 EDITORIS
2082 348 2421 408 MONlTUM.

3555 364 3575 418 ἰ
3586 366 3687 419 0711

2118 480 2246 519 vero
2278 481 2601 522 arcanorum
2633 467 2885 539 peritum,
2940 471 3276 527 terrestrium
3316 487 3521 543 regem,
3565 478 3691 545 qui-

2116 572 2222 625 que
2251 573 2281 612 a
2308 558 2680 627 superioribus
2706 561 2948 631 regitur:
2981 571 3138 617 terra:
3180 579 3245 618 ac
3289 565 3428 620 caelo
3474 581 3692 622 accom-

2117 646 2361 711 modum,
2402 649 2788 718 temporarium
2816 659 2977 722 atque
3009 652 3392 719 immortalem,
3423 655 3688 712 \isibiletn

2115 745 2278 806 atque
2317 738 2740 810 intelligibilem,
2790 743 3027 797 medium
3088 744 3229 798 inter
3270 745 3483 800 excelsa
3526 756 3692 818 atque

2115 826 2370 895 humilia;
2402 831 2494 899 qui
2547 830 2689 885 idem
2741 833 2963 901 spiritus
3010 843 3064 888 et
3111 851 3239 889 caro
3268 846 3367 891 cst.
3414 836 3687 907 Idemque,

2113 920 2205 988 qui
2257 921 2344 977 hic
2384 932 2668 992 potestate
2714 926 2931 994 praesit,
2991 927 3097 981 alio
3160 944 3288 982 vero
3355 930 3688 996 migraturus

2113 1010 2205 1073 sit,
2231 1020 2393 1081 atque
2424 1013 2478 1067 in
2510 1015 2754 1085 mysterii
2783 1016 2910 1079 line,
2944 1018 3010 1071 ad
3048 1017 3217 1071 [Icum
3254 1019 3485 1074 innucns
3506 1061 3520 1085 ,
3553 1021 3689 1077 divi-

2112 1117 2242 1155 num
2274 1102 2556 1158 cﬂiciatur.
2596 1104 2770 1176 Hujus
2798 1109 2944 1163 enim
2980 1110 3231 1165 animalis
3255 1120 3504 1165 naturam
3540 1121 3687 1177 stru-

2110 1200 2430 1262 cturamque
2451 1192 2724 1248 Meletiunt
2756 1196 2931 1265 ipsum
2960 1197 3014 1251 itt
3038 1198 3141 1253 hoc
3163 1214 3324 1268 opere
3352 1203 3703 1271 expressisse,

2109 1280 2459 1350 perspicies:
2501 1297 2565 1336 ex
2614 1283 2716 1339 hoc
2791 1286 2951 1354 plane
3006 1287 3408 1357 deprehendere
3484 1291 3687 1358 poteris

2110 1368 2247 1423 nihil
2279 1386 2401 1425 esse
2433 1371 2485 1425 in
2520 1374 2770 1428 universa
2812 1384 3006 1429 natura
3043 1377 3264 1432 homine
3295 1380 3682 1448 praestabilius,

430 1451 558 1505 tatis
602 1451 897 1508 thesaurus
940 1454 1284 1513 innotescere
1316 1459 1508 1530 possit)
1559 1463 1871 1528 statuisset,
1904 1465 2005 1519 ho-

431 1542 630 1595 minem
658 1546 979 1612 procreavit,
1004 1547 1161 1617 quasi
1182 1548 1409 1604 alterum
1428 1553 1714 1620 quemdam
1741 1556 2002 1610 mundum

429 1632 483 1685 in
513 1648 681 1701 parvo
704 1650 959 1705 magnum
996 1652 1161 1707 super
1195 1648 1393 1694 terram
1422 1642 1781 1696 constituens.
1822 1644 1997 1709 Ilunc,

429 1723 683 1793 inquam,
765 1728 991 1796 creavit,
1055 1731 1221 1784 alium
1310 1733 1596 1802 angelum,
1647 1735 1998 1801 adorantem,

428 1815 685 1881 mistum,
737 1818 970 1875 visibilis
1025 1830 1232 1876 natura:
1292 1821 1576 1889 arbitrum,
1624 1824 2001 1881 intellectualis

2108 1463 2199 1516 illo
2255 1466 2575 1532 prmscrtim,
2623 1483 2782 1536 quem
2813 1470 3065 1534 consilio,
3099 1470 3389 1539 probitate.
3429 1472 3684 1527 humani-

2109 1560 2238 1617 tate,
2264 1552 2595 1619 innocentia,
2622 1556 2904 1625 religione,
2943 1559 3316 1627 magnitudine
3338 1562 3527 1624 animi,
3560 1580 3684 1616 otno

2107 1643 2269 1697 nibus
2298 1644 2351 1697 in
2374 1645 2536 1701 rebus
2562 1647 2948 1718 quamplurimi
2995 1650 3279 1720 praeditum
3335 1667 3458 1721 esse
3516 1667 3685 1723 agno.

2114 1742 2394 1795 scunt.....

1138 2370 1660 2463 CRAMERI
1741 2375 2318 2468 MONITUM
2400 2380 2957 2475 LECTORI.

497 2778 685 2837 Tertio
721 2777 1123 2833 Anecdotorum
1153 2776 1564 2849 [Oxoniensium
1584 2777 1603 2849 j
1630 2778 1899 2834 volumine
1942 2794 2087 2836 nunc
2116 2782 2347 2850 primum
2385 2781 2574 2838 Graece
2596 2782 2809 2838 edimus
2832 2782 3029 2838 lleletii
3054 2783 3489 2855 ialm-sophista:
3513 2802 3677 2857 opus-

428 2882 604 2930 culum
637 2873 774 2943 Περὶ
805 2872 904 2942 τῆς
927 2871 1023 2925 τοῦ
1056 2871 1348 2943 ἀνθρώπου
1380 2874 1750 2944 κατασκευῆς,
1804 2874 2009 2928 hactetn

2112 2884 2307 2929 Lautum
2329 2890 2394 2931 ex
2429 2868 2626 2931 Latina
2675 2875 2929 2930 versione
2976 2873 3182 2930 Nicolai
3211 2875 3410 2932 Petreii
3432 2918 3447 2944 ,
3481 2876 3681 2950 Corcy-

432 2971 543 3032 raei,
572 2963 814 3021 Venetiis
850 2978 941 3016 an.
976 2961 1117 3016 1552
1148 2962 1435 3031 impressa,
1468 2963 1766 3031 vulgatum.
1815 2964 2042 3019 Textum
2075 2966 2141 3021 ad
2175 2967 2334 3021 tidem
2366 2969 2532 3024 trium
2561 2969 2812 3024 codicum
2845 2965 3261 3022 Bodleianorum
3290 2967 3612 3025 exhibemus
3663 2989 3677 3025 :

429 3058 750 3117 Barocciani
787 3056 881 3111 131
925 3056 1272 3126 (A),lloe14
1303 3055 1388 3126 (Β)
1422 3066 1477 3110 et
1508 3055 1577 3109 15
1608 3056 1691 3124 (C)
1715 3074 1729 3123 ;
1756 3071 1984 3125 quorum
2014 3060 2172 3129 longe
2210 3061 2540 3129 antiquitate
2590 3070 2644 3115 et
2679 3059 2923 3113 bonitate
2958 3057 3306 3126 praestantior
3351 3066 3435 3112 est
3482 3057 3681 3115 Barac.

428 3153 638 3207 cianus.
671 3147 826 3202 llunc
862 3146 1083 3201 ineunte
1120 3144 1333 3200 decimo
1359 3157 1553 3214 quarto
1579 3147 1778 3201 saeculo
1808 3148 2069 3217 scriptum
2104 3150 2272 3205 fuisse
2312 3149 2521 3219 judico.
2581 3148 2697 3204 Duo
2728 3148 2817 3203 alii
2866 3147 3037 3203 multo
3069 3146 3405 3201 recentiores
3437 3157 3583 3203 sunt.
3613 3147 3683 3202 Et

428 3240 819 3297 Baroccianum
845 3238 1063 3309 quidem
1116 3240 1285 3295 fuisse
1311 3238 1589 3308 exemplar
1627 3254 1656 3293 e
1687 3254 1794 3309 quo
1823 3238 2067 3294 Petreius
2098 3242 2402 3297 versionem
2426 3257 2579 3296 suam
2608 3241 2867 3306 confecit,
2897 3240 3208 3310 suspicatur
3228 3240 3311 3293 vir
3332 3241 3683 3298 doctissimus

427 3332 560 3387 Lud.
602 3331 983 3388 Bachtnannus
1009 3331 1060 3385 in
1109 3349 1127 3382 ι
1168 3331 1476 3397 Quaestione
1503 3330 1569 3385 de
1598 3329 1810 3383 Meletio
1856 3329 2042 3387 Grzcce
2073 3332 2277 3387 inedito
2307 3332 2534 3403 ejusque
2569 3331 2761 3387 Latino
2794 3332 3091 3401 interprete
3131 3329 3250 3386 Nic.
3283 3327 3499 3386 Petreio
3520 3330 3622 3401 (α),
3658 3351 3677 3385 ι

427 3447 476 3498 p.
512 3428 542 3483 1
564 3471 579 3494 ,
614 3428 709 3482 sed
741 3427 868 3480 licet
898 3425 1105 3495 Optime
1160 3424 1229 3478 dc
1259 3422 1471 3478 Meletio
1506 3432 1561 3478 et
1607 3425 1886 3480 codicibus
1915 3424 2034 3494 ejus
2084 3424 2413 3495 iudicaverit
2449 3423 2861 3488 Baclunannus,
2898 3423 2952 3477 in
2989 3424 3091 3478 hac
3133 3424 3450 3494 conjectura
3494 3439 3681 3480 verum

428 3536 531 3575 non
551 3527 956 3584 estassecutus;
982 3531 1106 3571 nam
1131 3516 1217 3571 vel
1240 3515 1364 3570 inde
1378 3525 1600 3585 apparet
1621 3513 1896 3571 Petreium
1922 3531 2026 3569 non
2051 3530 2206 3570 usqu
2233 3516 2403 3571 fuisse
2423 3516 2611 3570 codice
2640 3514 2995 3579 Baroceiano,
3021 3516 3165 3583 quod
3191 3516 3280 3569 hic
3299 3516 3459 3585 longe
3473 3516 3685 3577 auctior,

428 3622 514 3667 est
541 3614 595 3667 in
627 3626 690 3667 ea
713 3612 895 3683 operis
930 3620 1083 3680 parte
1111 3625 1230 3679 qua;
1259 3611 1329 3665 de
1362 3613 1542 3664 anima
1576 3620 1795 3665 tractat.
1846 3610 2149 3681 Aliquoties
2202 3620 2382 3665 autem
2433 3609 2677 3665 Petreius
2713 3608 3009 3663 citationes
3059 3608 3221 3664 aﬂ‘ert
3250 3626 3372 3679 qua:
3404 3611 3456 3665 in
3487 3619 3674 3666 nostro

428 3704 614 3759 codice
637 3703 1036 3768 desiderantur,
1067 3712 1144 3766 ut,
1170 3703 1403 3773 exempli
1428 3706 1621 3771 gratia,
1657 3720 1708 3772 p.
1744 3705 1843 3758 156
1870 3705 1999 3772 (col.
2028 3704 2164 3757 1278
2184 3705 2234 3758 in
2259 3713 2439 3758 nostra
2465 3702 2642 3773 edit.),
2672 3704 2784 3757 haec
2811 3701 3130 3756 Callimachi
3162 3704 3349 3757 verba.

643 3796 766 3860 Ἴθι,
801 3796 1019 3865 πρηεῐα
1054 3793 1381 3864 γυναικῶν,
1419 3796 1535 3862 τὴν
1556 3795 1701 3849 ὁδὸν
1732 3795 1811 3863 ἢν
1837 3796 2000 3851 ἀνῖαι
2030 3798 2396 3867 θυμοφθόρα
2424 3799 2496 3851 οὺ
2526 3796 2846 3862 περόωσιν.

429 3889 695 3955 Quoniam
724 3899 903 3943 autem
934 3888 1147 3943 codices
1180 3902 1391 3951 omnes,
1425 3888 1471 3942 si
1507 3887 1788 3943 Parisinus
1821 3888 2087 3956 excipias,
2113 3903 2251 3957 quos
2282 3903 2385 3942 non
2424 3888 2657 3957 inspexi,
2695 3896 2844 3943 certe
2876 3895 3098 3955 superat
3146 3885 3538 3951 Barocclanus,
3574 3902 3680 3943 nou

429 3979 671 4035 dubitavi
699 3978 817 4048 ejus
848 3980 1226 4034 auctoritatem
1268 3978 1471 4049 ubique
1505 3982 1771 4049 potiorem
1815 3982 2036 4046 habere,
2062 3981 2167 4036 nisi
2200 3981 2291 4036 ubi
2324 3979 2608 4034 manifeste
2639 3979 2995 4050 corrigendus
3025 3987 3146 4033 erat
3177 3992 3245 4033 ex
3274 3978 3418 4045 aliis,
3442 3993 3675 4048 quorum

430 4068 471 4121 Β
500 4070 797 4125 secundum
815 4071 1025 4126 obtinet
1045 4070 1243 4125 locum.
1273 4069 1371 4127 llic
1398 4072 1568 4127 codex
1597 4072 1725 4127 mihi
1757 4087 2059 4144 congruere
2091 4072 2303 4127 videtur
2324 4086 2446 4126 cum
2471 4070 2899 4137 Viudobonensi,
2924 4086 3083 4141 quem
3104 4071 3147 4124 Β
3174 4070 3338 4126 etiam
3372 4070 3681 4127 Bachman-

433 4177 534 4217 nus
555 4164 791 4232 signavit
827 4163 902 4237 (p.
930 4162 1007 4233 5).
1043 4163 1109 4217 Et
1150 4164 1292 4219 idem
1317 4163 1457 4220 forte
1482 4165 1587 4220 erit
1615 4166 1782 4220 codex
1809 4166 1876 4220 de
1930 4181 2037 4236 quo
2063 4164 2348 4219 Fabricius
2372 4166 2555 4234 (supra
2581 4163 2685 4219 col.
2720 4164 2880 4233 1137)
2912 4180 2925 4217 :
2959 4181 2978 4214 ι
3013 4162 3184 4218 altero
3209 4162 3345 4217 Bibl.
3375 4162 3573 4217 Caesar.
3598 4176 3688 4217 co-

431 4254 570 4318 dice,
599 4263 763 4322 caput
785 4254 875 4320 55,
908 4255 973 4309 de
996 4255 1174 4311 anima
1208 4255 1494 4325 quintuplo
1522 4253 1696 4324 majus
1719 4256 2011 4311 occurrit.»
2038 4256 2142 4311 Sed
2168 4255 2270 4311 hoc
2294 4270 2324 4310 e
2357 4254 2689 4309 Barocciano
2717 4270 2860 4309 nunc
2884 4253 3115 4324 dccuplo
3146 4252 3318 4324 majus
3342 4252 3684 4309 exhibemus.

502 4345 656 4413 Quod
693 4350 759 4403 ad
788 4347 990 4404 Meletii
1027 4358 1322 4405 tractatum
1349 4352 1567 4415 attinet,
1592 4351 1809 4406 videtur
1842 4366 1977 4421 opus
2012 4366 2135 4407 esse
2176 4352 2247 4421 pii
2278 4358 2333 4405 et
2383 4352 2583 4407 eruditi
2647 4350 2909 4415 hominis,
2943 4366 2972 4405 a
3023 4351 3191 4407 variis
3236 4349 3498 4414 fontibus,
3539 4364 3685 4407 nunc

432 4438 749 4511 plerumque
787 4443 1103 4513 deperditis,
1149 4442 1465 4500 conﬂatum.
1498 4443 1698 4500 Multus
1729 4453 1907 4499 autem
1936 4454 2024 4501 est
2054 4446 2106 4500 in
2131 4444 2495 4517 etymologiis,
2533 4461 2667 4515 quas
2698 4459 2761 4500 ex
2810 4443 3037 4500 Socrate
3063 4455 3119 4500 et
3164 4445 3376 4498 Sorano
3427 4442 3680 4500 hausisse

431 4532 668 4588 videtur.
700 4533 812 4588 Non
840 4537 1035 4590 mirum
1067 4548 1152 4594 est
1185 4537 1369 4606 itaque
1393 4537 1542 4592 illum
1577 4538 1809 4607 plurima
1836 4540 2147 4597 communia
2168 4539 2370 4595 habere
2400 4552 2523 4594 cum
2561 4538 2932 4611 Etymologico
2975 4535 3046 4591 Μ.
3068 4577 3083 4603 ,
3120 4536 3186 4590 ad
3211 4549 3372 4604 quem
3396 4531 3685 4601 corrigen-

431 4628 558 4683 dum
590 4629 879 4705 aliquoties
907 4632 1157 4687 inservit.

510 4812 587 4883 (a)
620 4812 878 4873 Rostork.
917 4814 1075 4870 1835.
1110 4817 1163 4871 4.

1478 5179 1691 5243 NOV]
1742 5177 2153 5241 EDITORIS
2196 5174 2631 5239 MONITUM.

515 5347 588 5407 In
623 5345 740 5409 hac
774 5349 987 5408 nostra
1017 5343 1319 5419 editione,
1352 5344 1590 5408 codicis
1619 5344 1874 5425 optimae
1907 5349 2070 5405 notae
2114 5342 2481 5406 Parisiensis
2514 5352 2577 5402 n°
2612 5338 2766 5401 2299
2804 5338 2894 5419 (P)
2924 5336 3286 5400 varietatem
3313 5333 3687 5405 lectionum,

442 5463 629 5527 quam
652 5450 979 5512 nobiscum
1025 5447 1332 5511 benevole
1361 5448 1842 5511 communicavit
1874 5449 1947 5510 V.
1980 5449 2050 5509 D.
2083 5449 2215 5510 Car.
2241 5447 2642 5525 Daremberg,
2675 5448 2961 5542 accurate
2976 5438 3384 5542 adhibuimus
3409 5453 3425 5509 ;
3455 5441 3694 5542 textum

443 5548 711 5608 Crameri
741 5549 968 5629 passim
1001 5548 1513 5621 emendavimus;
1558 5547 1911 5609 versionem
1957 5546 2093 5608 Nic.
2124 5545 2378 5618 Petreii,
2410 5545 2522 5606 ubi
2591 5558 2852 5606 necesse
2893 5538 3242 5611 videbatur,
3296 5549 3460 5597 novo
3495 5538 3693 5595 textui

445 5650 1092 5719 accommodavimus;
1124 5648 1401 5727 denique
1446 5654 1761 5709 Ἀνέκδοτον
1791 5656 1925 5725 Περὶ
1955 5654 2009 5706 τᾶ

2112 5654 2139 5706 5¹
2168 5653 2448 5722 στοιχείων
2492 5642 2637 5724 (col.
2676 5639 2849 5719 1283)
2896 5640 3312 5715 fragmentum
3366 5653 3441 5699 ex
3468 5633 3689 5711 eodem

442 5743 666 5810 codice
700 5747 1029 5811 Parisiensi
1062 5746 1546 5811 describendum
1591 5745 1944 5807 curavimus
1973 5749 2033 5804 et
2072 5761 2238 5805 nunc
2282 5742 2552 5822 primum
2578 5742 2718 5805 luce
2754 5740 3086 5802 donamus.
