4054 6216
1720 322 1992 377 ΜΕΙ.ΕΉΙ
2037 323 2343 378 MONACIII

3538 321 3678 376 1076

1785 572 1973 628 ΑΡΧΗ
2017 570 2170 623 ΣΥΝ
2206 571 2345 639 ΘΕῼ

1240 715 1463 849 TA
1539 720 1885 853 ΤΟΥ
1959 716 2819 854 ΜΕΛΕΤΙΟΥ

843 945 1104 1034 ΠΕΡΙ
1173 945 1390 1032 ΤΗΣ
1464 944 1692 1031 ΤΟΥ
1765 942 2385 1031 ΑΝΘΡΩΠΟΥ
2460 940 3235 1075 ΚΑΤΑΣΚΕΥΗΣ.

1478 1170 1651 1232 ΠΕΟ
1710 1170 2193 1236 ΑΝΝΠΕΝΤΕ
2256 1169 2598 1268 ΙΝΟΙΙξΙΤ

1620 1317 2457 1445 MELETII

966 1527 1657 1619 'l‘RACTATUS
1732 1531 1880 1618 DE
1958 1530 2440 1620 NATURA
2514 1527 3085 1621 HOMINIS.

935 1727 977 1794 1
1032 1723 1447 1780 PROOEMIUM.

476 1816 641 1872 Nobis
672 1816 738 1872 de
766 1826 961 1872 natura
1004 1818 1239 1872 hominis
1276 1816 1781 1886 interpretationem
1809 1817 1982 1872 disse-

403 1927 541 1975 rere,
578 1926 641 1965 ac
674 1910 837 1965 breve
870 1910 1294 1979 absolutumque
1328 1924 1467 1979 opus
1515 1908 1831 1978 hujusmodi
1865 1916 1979 1963 tra-

401 2002 652 2057 ctationis
687 2002 946 2057 studiosis
989 2012 1043 2057 et
1085 2002 1180 2071 qui
1214 2011 1358 2056 recte
1393 2001 1609 2056 labores
1642 2000 1877 2055 subeunt
1923 2000 1979 2054 in

403 2092 641 2145 medium
667 2092 933 2147 adducere
951 2093 1238 2148 consilium
1262 2102 1362 2147 est.
1393 2090 1527 2146 Nam
1553 2093 1768 2147 tametsi
1786 2108 1981 2162 quam-

404 2185 622 2254 plurimi
676 2186 1024 2255 antiquorum
1089 2184 1481 2253 sapientissimi
1541 2185 1625 2239 vel
1679 2185 1860 2254 longa,
1892 2184 1978 2239 vel

404 2277 548 2331 brevi
616 2285 865 2330 naturam
926 2286 1169 2331 nostram
1215 2277 1461 2331 oratione
1515 2276 1784 2345 complexi
1842 2276 1973 2339 sint,

404 2372 585 2424 nullus
621 2380 798 2423 tamen
860 2384 1049 2423 eorum
1096 2368 1198 2423 hac
1239 2368 1307 2422 de
1332 2381 1391 2422 re
1433 2364 1732 2437 perfectum
1759 2367 1977 2422 absolu-

404 2470 624 2528 tumque
658 2474 795 2528 opus
827 2459 1064 2529 reliquit.

2008 1736 2059 1789 Α

2673 1721 3082 1778 ΠΡΟΟΙΜΙΟΝ.

2168 1818 2234 1871 Ἦ
2266 1816 2518 1887 παροῦσα
2546 1816 2622 1886 (1)
2681 1815 2904 1883 σύνοψις
2948 1814 3078 1885 περὶ
3118 1813 3339 1883 φύσεως
3374 1814 3679 1886 ἀνθρώπου

2087 1909 2327 1980 ἐπονήθη
2360 1910 2456 1962 καὶ
2491 1906 2753 1977 συνελέγη
2787 1908 2882 1960 καὶ
2907 1905 3167 1977 συνετέθη
3204 1906 3357 1975 παρά
3388 1906 3677 1961 Μελετίου

2090 2001 2323 2073 μοναχοῦ
2345 2000 2590 2070 Θέματος
2610 1997 2704 2051 τοῦ
2732 1996 2977 2067 Ὀψικίου
3002 1996 3205 2049 Βάνδου
3236 1998 3529 2069 ’Λκροκοῦ,
3551 2018 3677 2069 χω-

2087 2092 2202 2164 ρίου
2232 2091 2725 2162 Τιϐεριουπόλεως,
2765 2089 2935 2159 μονῆς
2979 2089 3285 2160 λεγομένης
3326 2089 3508 2158 Τρεῖς,
3534 2092 3678 2161 ﬁco:

2081 2186 2179 2255 τῆς
2226 2185 2387 2253 ἁγίας
2412 2183 2647 2254 Τριάδος
2668 2198 2682 2211 ·
2722 2183 2823 2235 οὐκ
2856 2181 2932 2244 ὡς
2967 2182 3153 2235 καινόν
3183 2199 3238 2234 τι
3273 2184 3678 2253 ἐπινοήσαντος

2086 2279 2213 2347 περὶ
2238 2276 2453 2345 φύσεως
2472 2273 2762 2345 ἀνθρώπου
2792 2272 3216 2342 φυσιολογῆσαι,
3243 2271 3379 2325 άλλά
3398 2273 3678 2343 σύντομον

2085 2370 2179 2423 καὶ
2209 2367 2475 2436 ἀνελλιπῆ
2525 2364 2910 2437 πραγματείαν
2947 2362 3208 2416 ἐκθέσθαι
3267 2365 3379 2425 τοῖς
3430 2363 3675 2432 φιλομα-

2085 2460 2203 2514 θέσι
2234 2460 2329 2513 καὶ
2362 2459 2674 2529 φιλοπόνοις
2728 2456 3074 2527 βουλομένου.
3121 2455 3183 2508 Εἰ
3212 2454 3321 2525 γὰρ
3356 2455 3446 2507 καὶ
3475 2453 3670 2505 πολλοὶ

400 2552 507 2603 τῶν
542 2551 783 2623 ἀρχαίων
811 2551 1013 2621 σοφῶν,
1047 2551 1275 2615 πολλοὺς
1311 2550 1451 2604 κατὰ
1480 2552 1782 2623 ἀποταγὴν,
1833 2553 1866 2623 ἢ
1900 2554 1958 2606 ὲν
1998 2554 2246 2625 συντόμῳ
2295 2554 2425 2624 περὶ
2467 2555 2567 2624 τῆς
2616 2555 2832 2622 φύσεως
2898 2548 3055 2621 ἡμῶν
3124 2548 3320 2619 λόγους
3354 2548 3663 2614 συνέθεντο,

400 2644 514 2705 ἀ)λ“
546 2644 720 2705 οὐδεὶς
749 2644 1007 2713 ἀνελλιπῆ
1046 2644 1138 2696 καὶ
1164 2644 1529 2715 ἀνυστέρητον
1568 2645 1772 2715 ταύτην
1814 2646 2156 2717 ἀπήρτησεν.

474 2737 752 2807 Siquidem
822 2736 1177 2805 Hippocrates
1215 2776 1230 2801 ,
1275 2752 1397 2792 cum
1448 2738 1513 2792 de
1579 2746 1774 2792 natura
1842 2754 1978 2809 pue-

402 2834 518 2889 rilis
584 2833 867 2902 virilisque
916 2822 1092 2893 aetatis
1148 2848 1321 2901 pauca
1385 2833 1718 2895 admodum,
1766 2841 1983 2902 etquae

401 2941 507 2978 non
568 2926 724 2981 facile
789 2924 990 2995 percipi
1024 2932 1264 2994 possent,
1293 2924 1631 2993 scripsisset,
1667 2923 1811 2997 nihil
1854 2938 1984 2978 vero

401 3018 470 3072 de
532 3020 828 3074 universali
878 3019 1116 3085 homine,
1161 3027 1216 3072 et
1278 3034 1398 3087 quae
1466 3016 1519 3071 in
1576 3017 1695 3086 ipso
1750 3016 1983 3071 faculta~

403 3120 484 3165 tes
531 3112 614 3165 vel
677 3112 919 3166 actiones
978 3120 1141 3173 sunt,
1197 3125 1371 3179 neque
1435 3110 1503 3163 de
1548 3110 1666 3179 ejus
1737 3108 1983 3178 corporis

406 3204 650 3269 partibus
702 3204 880 3271 ipsum
935 3217 1270 3256 memorasse
1307 3212 1645 3270 compertum
1696 3201 1978 3255 habemus.

404 3295 644 3349 Galenus
694 3295 854 3360 item,
891 3310 1015 3350 eum
1074 3296 1141 3349 de
1176 3294 1410 3364 partium
1470 3301 1666 3347 natura
1732 3306 1795 3347 ac
1846 3300 1983 3346 tem-

408 3390 847 3449 peramentorum
914 3383 1179 3452 qualitate
1236 3382 1570 3437 mentionem
1636 3382 1881 3445 faceret,
1926 3380 1980 3434 in

408 3473 555 3528 nulla
600 3487 827 3528 suorum
868 3490 1094 3544 operum
1128 3475 1451 3531 tractatione
1481 3475 1619 3528 hanc
1672 3489 1786 3528 rem
1820 3473 1983 3528 abso-

407 3569 518 3621 lute
568 3567 906 3638 perscripsit.
980 3568 1235 3624 Socrates
1276 3578 1479 3635 autem,
1536 3568 1590 3621 in
1630 3583 1794 3637 opere
1836 3566 1981 3636 quod

405 3657 483 3712 De
525 3658 753 3713 hominis
792 3669 986 3715 natura
1014 3659 1314 3729 inscripsit,
1355 3658 1592 3730 partium
1628 3660 1867 3714 hominis
1915 3673 1981 3714 ac

406 3751 691 3806 nominum
740 3752 1098 3822 proprietates
1132 3751 1476 3822 explicando,
1508 3754 1653 3822 quod
1701 3752 1767 3807 ad
1799 3769 1982 3823 gram-

407 3843 665 3897 maticum
691 3844 741 3914 2
771 3845 974 3913 potius,
1006 3860 1170 3915 quam
1203 3845 1347 3914 quod
1379 3846 1444 3900 ad
1479 3845 1862 3916 philosophum
1899 3856 1981 3902 at-

407 3935 560 3997 tinet,
621 3936 898 3996 disseruit.
949 3937 1273 3993 Sanctorum
1327 3953 1457 3993 vero
1511 3936 1760 4003 Patrum,
1818 3949 1981 4010 atque

410 4025 663 4082 Ecclesiae
711 4030 958 4095 magistri
992 4029 1405 4100 quamplurimi,
1467 4038 1527 4084 ut
1571 4030 1797 4098 Magnus
1838 4030 1979 4086 inter

405 4126 624 4171 sanctos
651 4117 839 4174 Patres
860 4120 1112 4186 Basilius,
1162 4122 1439 4194 Nyssenus
1465 4122 1791 4194 Gregorius,
1825 4124 1982 4179 divus

407 4208 853 4277 Chrysostomus,
890 4212 1192 4283 beatusque
1229 4214 1485 4285 Cyl-illus,
1518 4230 1582 4270 ac
1614 4216 1859 4285 plerique
1888 4216 1979 4269 alii

405 4301 498 4367 qui
535 4299 622 4355 illa
660 4309 982 4369 tempestate
1013 4302 1335 4368 ﬂoruerunt,
1370 4320 1495 4360 cum
1540 4306 1593 4360 in
1626 4320 1816 4360 eorum
1865 4321 1981 4360 ma-

407 4394 573 4461 gistra
603 4401 721 4448 arte
763 4394 923 4450 editis
959 4398 1306 4452 sermonibus
1336 4398 1404 4454 de
1438 4399 1601 4455 rebus
1640 4400 1840 4457 divinis
1869 4410 1980 4456 tra-

2162 2740 2219 2791 Ὀ
2255 2740 2355 2810 μὲν
2386 2740 2494 2810 γὰρ
2532 2738 2900 2810 Ἱπποκράτης
2931 2738 3060 2809 περὶ
3085 2738 3302 2808 φύσεως
3321 2736 3536 2790 παιδίου
3566 2740 3673 2792 καὶ

2081 2831 2274 2902 ἀνδρὸς
2304 2831 2522 2901 γράψας
2556 2831 2714 2899 ὀλίγα
2759 2831 2881 2883 τινά
2912 2831 3007 2885 καὶ
3035 2830 3467 2899 δυσδιάγνωστα,
3512 2828 3675 2882 οὐδὲν

2062 2924 2213 2997 -περὶ
2232 2924 2340 2975 τοῦ
2357 2922 2599 2977 καθόλου
2632 2920 2920 2994 ἀνθρώπου
2947 2920 3436 2993 ἐμνημόνευσεν,ἢ
3468 2921 3577 2974 τῶν
3608 2921 3673 2972 ἐν

2085 3017 2233 3088 αὐτῷ
2278 3018 2585 3087 δυνάμεων,
2626 3016 2658 3088 ἢ
2707 3016 3084 3087 ἐνεργειῶν,ἢ
3132 3015 3241 3068 τῶν
3283 3015 3377 3067 τοῦ
3411 3012 3674 3085 σώματος

2017 3144 2057 3202 Β
2092 3110 2323 3180 μορίων.
2380 3108 2439 3162 '0
2493 3108 2549 3161 δὲ
2599 3108 2614 3137 ¹
2682 3106 2927 3178 Γαληνὸς
2980 3106 3111 3177 περὶ
3170 3105 3387 3175 φύσεως
3458 3104 3675 3175 μορίων

2089 3202 2373 3274 μνησθεὶς,
2411 3203 2503 3255 καὶ
2535 3202 2667 3272 περὶ
2702 3200 2974 3272 κράσεων,
3011 3203 3069 3253 ἐν
3090 3198 3321 3269 οὐδεμιᾷ
3345 3197 3453 3250 τῶν
3479 3214 3667 3267 πραγ-

2089 3294 2329 3366 ματειῶν
2353 3293 2520 3349 αὐτοῦ
2552 3294 2805 3363 φαίνεται
2856 3292 3115 3360 τοιαύτην
3173 3292 3489 3361 ὁλοκλήρως
3524 3290 3666 3344 ὑπό-

2092 3388 2243 3442 θεσιν
2271 3386 2618 3457 ἀναγράψας.
2645 3385 2947 3456 Σωκράτης
2977 3385 3034 3437 δέ
3064 3384 3425 3454 ἐτυμολογίας
3465 3382 3672 3453 μᾶλλον

2089 3480 2293 3551 μορίων
2320 3480 2417 3533 καί¹
2442 3479 2723 3548 ὀνομάτων
2745 3479 2802 3530 ὲν
2825 3464 3063 3547 τῷΠι-’ρὶ
3089 3477 3328 3545 φύσεως
3347 3474 3671 3543 ἀνθρώπου

2088 3571 2428 3641 συντάγματι
2464 3568 2631 3623 αὐτοῦ
2656 3568 2756 3643 [δι’.
2795 3570 2849 3623 in
2877 3567 3127 3640 Tima-o],
3153 3569 3231 3631 ὡς
3264 3566 3669 3637 γραμματικὸς

2084 3660 2117 3732 ἢ
2150 3660 2445 3730 φιλόσοφος
2470 3658 2821 3723 συνετάξατο.
2840 3658 2906 3713 Ol
2935 3658 2993 3711 δέ
3022 3658 3167 3727 ἅγιοι
3192 3658 3285 3710 καὶ
3311 3658 3413 3725 τῆς
3447 3656 3670 3727 Ἐκκλη-

2085 3752 2203 3816 σίας
2229 3752 2565 3819 διδάσκαλοι,
2598 3746 2710 3805 οἷον
2738 3754 2766 3804 ὁ
2815 3752 2988 3822 μέγας
3023 3751 3326 3814 Βασίλειος,
3362 3753 3391 3803 ὁ
3431 3749 3667 3817 ἁδελφὸς

2084 3845 2282 3900 αὐτοῦ’
2342 3845 2644 3918 Γρηγόριος
2690 3844 2947 3916 Νύσσης,
3000 3846 3028 3898 ὁ
3080 3842 3457 3914 χρυσολόγος³
3515 3843 3668 3912 Χρυ-

2087 3937 2348 4008 σόστομος
2398 3939 2492 3992 καὶ
2543 3941 2571 3992 ὁ
2633 3939 3144 4011 παμμακάριστος¹⁵
3215 3937 3511 4009 Κύριλλος,
3569 3938 3668 3990 καὶ

2083 4030 2232 4085 ἄλλοι
2263 4030 2450 4084 πολλοὶ
2488 4031 2599 4084 τῶν
2635 4033 2755 4085 κατ’
2787 4033 2986 4095 αὐτοὺς
3015 4033 3071 4086 ἐν
3092 4034 3208 4094 τοίς
3249 4031 3435 4099 λόγοις
3472 4029 3659 4083 αὐτῶν

2082 4126 2192 4187 τοῖς
2214 4122 2618 4187 διδασκαλικοῖς
2648 4124 2745 4177 σὺν
2777 4123 2855 4194 τῷ
2890 4123 3186 4194 θεολογικῷ
3218 4123 3433 4186 καλῶς⁸
3466 4139 3666 4191 φυσιο-

2083 4213 2437 4286 λογήσαντες,
2507 4215 2680 4268 πολλά
2728 4217 2859 4284 περὶ
2906 4215 3016 4268 τῶν
3060 4214 3155 4269 τοῦ
3214 4214 3469 4287 σώματος
3506 4212 3668 4285 ἡμῶν

2087 4307 2313 4379 μορίων,
2338 4309 2433 4362 καὶ⁸
2458 4307 2567 4362 τῶν
2598 4308 2851 4379 ψυχικῶν
2884 4310 2980 4364 καὶ
3011 4307 3259 4373 ζωτικῶν
3286 4308 3383 4362 καὶ
3417 4306 3667 4377 φυσικῶν

2084 4398 2370 4470 δυνάμεων
2419 4400 2515 4452 καὶ
2559 4400 2850 4471 ἐνεργειῶν
2898 4400 3424 4470 συνεφιλοσόφησαν.
3474 4399 3670 4461 Οὐδεὶς

404 4492 613 4538 ctantes
647 4485 712 4538 de
759 4494 963 4540 natura:
1002 4488 1165 4542 etiam
1214 4488 1660 4558 interpretatione
1712 4505 1978 4562 praecepta

2088 4490 2271 4563 μέντοι
2302 4508 2365 4560 γε
2395 4493 2503 4544 τῶν
2532 4494 2952 4563 προειρημένων
2994 4493 3228 4565 ἀνδρῶν,
3261 4492 3295 4563 ἢ
3342 4492 3450 4544 τῶν
3492 4489 3669 4558 ἁγίων

406 4576 699 4640 traderent,
718 4577 1123 4647 plurimumque
1141 4580 1329 4648 procul
1353 4579 1520 4635 dubio
1540 4581 1604 4635 de
1625 4583 1975 4649 animalibus,

409 4666 669 4722 vitalibus
692 4669 1144 4739 naturalibusque
1175 4670 1527 4725 facultatibus
1567 4680 1727 4741 atque
1747 4673 1977 4726 actioni-

406 4761 507 4814 hus
542 4760 908 4830 philosophati
943 4772 1147 4825 essent,
1174 4778 1334 4817 nemo
1362 4778 1426 4817 ex
1457 4763 1541 4817 his
1571 4778 1709 4833 quos
1739 4764 1976 4818 asserui-

406 4868 529 4907 tllllS
561 4853 714 4918 viris,
746 4854 832 4907 vel
884 4855 1090 4909 sanctis
1131 4853 1422 4921 Pati-ibus,
1476 4855 1549 4909 ita
1594 4856 1821 4925 hujusce
1864 4866 2001 4909 Iram

402 4943 657 4998 elationis
708 4959 822 4997 rem
860 4946 1200 5014 perscripsit,
1255 4956 1313 4999 ut
1342 4946 1446 5000 sub
1494 4962 1602 5001 uno
1654 4959 1976 5017 argumento

404 5034 577 5086 solum
624 5034 729 5089 hoc
760 5051 897 5105 opus
940 5036 1243 5090 absolvisse
1286 5037 1575 5091 videretur.
1621 5038 1728 5092 Nos
1769 5047 1973 5101 autem,

404 5139 523 5191 qua:
554 5124 604 5177 in
656 5140 847 5179 eorum
898 5125 1055 5180 libris
1110 5127 1341 5195 sparsim
1398 5130 1573 5197 posita
1624 5130 1976 5185 inveniuntur

402 5216 714 5286 seligentes,
750 5231 849 5286 pro
881 5216 1024 5270 virili
1058 5218 1197 5272 hanc
1234 5220 1609 5274 tractationem
1656 5222 1975 5290 perscripsi-

403 5324 545 5373 mus,
588 5324 699 5379 quo
741 5309 1004 5366 studiosis
1040 5311 1180 5365 ratio
1210 5311 1276 5365 de
1304 5314 1471 5367 totius
1504 5314 1750 5383 corporis
1783 5325 1974 5368 natura

402 5412 565 5469 atque
618 5403 1011 5461 constitutione
1061 5412 1322 5473 perpetuo
1375 5404 1429 5458 in
1482 5415 1734 5475 promptu
1784 5406 1972 5470 fieret;

403 5506 503 5545 nos
537 5510 666 5549 vero
697 5497 1180 5569 exercitamentum
1213 5497 1549 5569 inseitiaeque
1600 5507 1800 5554 nostra:
1832 5497 1978 5552 refu-

481 5608 865 5677 'deABC.

963 5615 982 5643 ³
1011 5614 1238 5683 ἁδελφὸς
1270 5615 1433 5667 αὐτοῦ
1470 5632 1578 5670 om.
1633 5614 1691 5671 l’.

402 5677 420 5708 '
457 5678 755 5747 προφύγιον
779 5684 840 5734 Α.

1796 5618 1815 5646 ³
1846 5615 1988 5678 θεῖος
2023 5614 2082 5669 Ρ.

2084 4583 2293 4636 τούτων
2320 4585 2647 4653 συναγαγὼν
2682 4586 2933 4655 φαίνεται
2965 4585 3066 4657 τὴν
3095 4586 3224 4656 ὃλην
3256 4584 3539 4648 ὑπόθεσιν,
3566 4582 3666 4635 τοῦ

2088 4674 2217 4744 μίαν
2232 4675 2253 4706 ⁸
2274 4676 2659 4747 πραγματείαν
2683 4677 3011 4730 ἀποτελέσαι
3034 4691 3049 4705 ⁸
3068 4677 3136 4729 τὰ
3152 4672 3245 4731 οὖν
3262 4674 3665 4745 διεσπαρμένα,

2084 4767 2160 4829 ὡς
2204 4768 2260 4820 ἐν
2299 4768 2419 4830 ταῖς
2455 4766 2662 4820 τούτων
2712 4767 2916 4837 βίϐλοις
2950 4766 3271 4837 ἐγκείμενα,
3305 4765 3468 4825 αὐτὸς
3502 4764 3667 4817 ἐκλα-

2085 4858 2217 4925 ϐὼν,
2243 4858 2303 4911 τὸ
2323 4858 2494 4930 παρὸν
2521 4858 2597 4921 ὡς
2614 4858 2735 4912 ἐνὸν
2766 4860 3190 4929 συνεστησάμην
3215 4860 3279 4930 δὴ
3297 4858 3662 4929 σύγγραμμα.

2085 4951 2210 5012 Τοῖς
2260 4950 2379 5019 μὲν,
2430 4950 2505 5009 ὼς
2539 4950 2709 5014 εἰκὸς,
2762 4950 2907 5019 ἔχειν
2941 4952 3074 5004 αὐτὸ
3114 4951 3485 5021 βουλομένοις,
3525 4948 3663 5001 ὑπό-

2087 5058 2277 5110 μνημα
2305 5040 2406 5110 τῆς
2426 5041 2643 5108 φύσεως
2673 5042 2767 5095 καὶ
2792 5042 2895 5111 τῆς
2930 5042 3249 5105 συστάσεως
3279 5041 3377 5094 τοῦ
3410 5038 3663 5110 σώματος

2073 5133 2276 5197 παντὸς
2294 5134 2552 5204 ἐσόμενον
2573 5150 2585 5163 ·
2612 5136 2738 5204 ἐμοὶ
2769 5135 2826 5188 δὲ
2850 5136 3157 5206 γυμνάσιον
3182 5137 3275 5188 καὶ
3294 5136 3393 5204 τῆς
3417 5133 3663 5205 ἀμαθίας

2078 5224 2417 5295 προσφύγιον
2431 5226 2475 5279 ⁷.
2505 5229 2596 5278 Δεῖ
2613 5226 2814 5280 οὖντὸν
2833 5228 3188 5299 ἀπεριέργως
3209 5226 3663 5295 ἀναγινώσκοντα

2079 5317 2217 5387 μετὰ
2233 5318 2452 5388 ἀγάπης
2468 5321 2563 5372 καὶ
2582 5318 2748 5388 φόϐου
2762 5320 2921 5385 Θεοῦ,
2938 5321 3031 5375 καὶ
3044 5322 3206 5391 χάριν
3223 5319 3489 5389 ὠφελείας
3506 5318 3665 5372 τοῦτο

2077 5411 2280 5463 ποιεῖν’
2313 5410 2407 5461 καὶ
2438 5410 2512 5483 μὴ
2542 5408 2797 5479 θηρεύειν
2831 5410 3007 5476 λέξεις
3041 5412 3177 5483 πρὸς
3206 5411 3267 5464 τὸ
3287 5410 3539 5475 κακίζειν
3566 5409 3658 5461 τὸν

2078 5498 2558 5568 συγγραψάμενον.
2597 5500 2733 5555 Οὐδὲ
2760 5501 2865 5573 γὰρ
2889 5506 3076 5569 πᾶσιν,
3104 5502 3180 5566 ὡς
3208 5498 3387 5573 οἶμαι,
3413 5499 3662 5570 εὖληπτά

2180 5616 2199 5646 ⁸
2232 5616 2502 5687 μακάριος
2531 5615 2590 5672 P.
2696 5620 2714 5651 ⁵
2751 5619 2932 5683 καλῶς
2971 5620 3008 5675 Ρ
3039 5635 3207 5689 marg.
3304 5619 3324 5647 ⁶
3360 5618 3435 5689 μὴ
3466 5616 3564 5688 τήν
3593 5620 3655 5674 Λ.

2696 5620 2714 5651 ³⁵
2751 5619 2932 5683 καλῶς
2971 5620 3008 5675 Ρ
3039 5635 3207 5690 marg.

477 5771 551 5840 (l)
586 5769 696 5827 Hoc
731 5774 1054 5842 prooemium
1083 5787 1132 5829 et
1160 5777 1395 5831 tabulam
1430 5778 1566 5832 infra
1602 5780 1833 5848 positam
1862 5779 1962 5833 soli
2007 5779 2207 5835 habent
2241 5779 2305 5834 Α.
2344 5779 2403 5835 Ρ.
