4054 6216
300 355 429 411 1081
492 407 503 417 ,

1515 357 1599 409 DE
1641 356 1925 413 NATURA
1966 356 2270 416 HOMINIS.

3421 356 3444 410 ~l
3455 355 3559 412 082

291 476 472 546 τέρων
522 474 563 504 ³⁷
597 473 867 540 ὲνώσεως,
919 473 1145 526 καὶτῶν
1178 474 1237 540 ἐξ
1271 475 1474 545 ἀμφοῖν
1509 478 1551 508 ¹⁸
1577 475 1878 545 γινομένων
1906 526 1910 534 γ

1985 479 2181 531 stantia
2242 476 2525 540 habeatur,
2560 484 2613 530 cl.
2646 456 3006 547 quomodo'in
3052 488 3282 547 corpore
3315 489 3558 546 :ompre-

292 564 591 638 ἐνεργειῶν
616 565 710 617 καὶ
738 565 1023 636 δυνάμεων
1052 567 1145 620 καὶ
1172 567 1479 636 αἰσθήσεων
1499 584 1513 598 ο
1536 568 1635 620 καὶ
1658 567 1758 633 τῆς
1784 567 1879 619 τοῦ

294 658 551 728 σώματος
584 655 742 726 ἡμῶν
766 656 1112 720 διαπλάσεως
1135 674 1147 687 ο
1182 657 1275 709 καὶ
1305 657 1363 723 ἐξ
1410 658 1553 710 ὅσων
1603 657 1882 727 στοιχείων

294 747 621 801 συνίσταται
639 761 653 775 ⁸
688 745 786 799 καὶ
805 746 885 807 εἰς
908 746 1006 799 ὅσα
1030 746 1460 817 καταμερίζεται
1484 748 1668 819 μόρια,
1693 747 1882 801 πολλοὶ

292 840 403 891 τῶν
446 836 699 907 ἀρχαίων
755 836 938 906 σοφῶν
972 838 1063 889 καὶ
1098 838 1300 909 ἰατρῶν
1328 838 1656 910 διωρίσαντό
1686 858 1745 893 τε
1786 841 1881 894 καὶ

293 929 579 1001 ἔγραψαν,
606 931 670 982 ὲκ
701 931 921 999 σοφίας,
963 931 1056 983 καὶ
1087 932 1379 997 συνέσεως,
1416 934 1510 986 καὶ
1539 934 1881 1004 ἀνατομικῆς

295 1022 614 1091 ἐπιστήμης
663 1020 1174 1092 ἐξακριϐωσάμενοι
1229 1023 1430 1077 πάντα.
1484 1026 1596 1078 Καὶ
1662 1027 1730 1080 τὰ
1784 1027 1882 1096 μὲν

298 1113 429 1184 περ)⁵
455 1110 709 1181 σώματος
742 1114 784 1144 ⁸³
818 1113 1006 1176 αὐτοῖς
1030 1113 1359 1184 πονηθέντα,
1395 1117 1531 1169 πᾶσι
1560 1119 1674 1181 τοῖς
1708 1118 1879 1188 εὐμα-

299 1203 418 1258 θέσι
446 1204 542 1256 καὶ
567 1204 882 1270 φιλοπόνοις
911 1203 1179 1273 ἔγνωσται
1210 1208 1303 1259 καὶ
1330 1208 1761 1279 ἀνωμολόγηται,
1786 1208 1883 1262 καὶ

299 1290 563 1355 ὡσαύτως
590 1293 635 1323 ²⁰
663 1292 809 1363 ἔχειν
839 1294 1249 1366 διατετήρηται.
1282 1298 1428 1350 Ὅσα
1455 1298 1513 1350 δὲ
1542 1300 1671 1368 περὶ
1702 1299 1882 1368 ψυχῆς

301 1384 703 1454 ἐφιλοσόφησαν
753 1387 795 1416 ³⁸
855 1387 1121 1457 Ἓλληνες
1180 1388 1383 1457 μάταια
1440 1390 1877 1460 ἀπεδείχθησαν·

299 1476 452 1529 οὐδὲν
483 1476 593 1547 γὰρ
625 1478 754 1547 περὶ
787 1477 887 1548 τῆς
923 1480 1110 1542 ούσίας
1159 1481 1332 1549 αύτῆς
1386 1480 1583 1550 ἀληθὲς
1629 1482 1884 1554 ἐδυνήθη-

304 1570 463 1621 σαν²²
492 1567 899 1638 βεϐαιώσασθαι
918 1571 1037 1640 ³³,ἧ
1070 1569 1237 1635 δεῖξαι
1266 1572 1427 1643 ὁποίᾳ
1450 1575 1515 1643 τῇ
1540 1571 1700 1641 φύσει
1731 1574 1877 1626 ἐστί·

299 1658 435 1712 ἀλλά
466 1658 575 1728 γὰρ
606 1660 703 1712 καὶ
749 1660 1163 1731 προϋφεστάναι
1195 1660 1290 1714 τοῦ
1348 1660 1603 1731 σώματος
1649 1664 1878 1734 ταύτην,

300 1749 394 1802 καὶ
421 1746 661 1817 ἔμπαλιν
690 1748 900 1817 ταύτης
929 1749 988 1801 τὸ
1027 1748 1212 1819 σῶμα,
1260 1750 1403 1814 τινὲς
1437 1751 1616 1804 αὐτῶν
1644 1753 1881 1824 ἐφληνά-

300 1855 500 1909 φησαν.
537 1839 702 1893 Ὅθεν
730 1839 824 1892 καὶ
852 1839 1161 1909 ἀσύμφωνα
1192 1840 1393 1905 πάντες
1411 1842 1875 1914 διαφωνήεαντες,
1912 1837 1953 1890 Β

1155 1930 1178 1942 α

299 1929 725 2000 ἐματαιώθησαν
774 1932 833 1982 ἐν
859 1931 973 1993 τοῖς
1011 1930 1219 1986 ἑαυτῶν
1253 1933 1297 1963 ³⁸
1324 1932 1716 2004 διαλογισμοῖς.
1753 1937 1875 1989 Ὅτι

303 2022 403 2091 μὲν
431 2017 525 2075 οῦν
556 2021 635 2091 τῷ
670 2020 887 2091 σώματι
924 2021 1314 2091 συνυφαίνεται
1336 2025 1368 2092 ἡ
1394 2023 1541 2095 ψυχὴ
1564 2028 1628 2090 ³⁸,
1671 2028 1764 2080 καὶ
1794 2027 1875 2080 ὃτι

298 2115 601 2185 τιμιωτέρα
628 2114 823 2167 τούτου
870 2113 1077 2185 εκείνη,
1119 2116 1211 2167 καὶ
1243 2117 1576 2188 κυριωτέρα,
1632 2119 1728 2172 καὶ
1769 2120 1876 2173 ἀπὸ

295 2207 502 2277 ταύτης
532 2206 607 2270 ὡς
637 2206 871 2277 ὄργανον
898 2205 1058 2260 τοῦτο
1081 2210 1337 2273 κινεῖται,
1368 2210 1463 2261 καὶ
1485 2208 1624 2281 αὕτη
1656 2211 1705 2241 ’⁵
1727 2211 1876 2265 ἐστὶν

296 2303 329 2369 ἡ
366 2299 710 2369 ζωογονοῦσα
741 2301 837 2353 καὶ
880 2300 1267 2372 συγκρατοῦσα
1319 2301 1452 2354 αὐτὸ
1484 2303 1712 2373 πρόνοια
1740 2304 1874 2356 Θεοῦ

296 2394 393 2446 καλ⁵
440 2394 658 2463 φύσεως
707 2394 750 2424 ³⁷
796 2394 1127 2447 ἀκολουθία·
1174 2394 1268 2447 καὶ
1312 2396 1395 2448 ὅτι
1425 2396 1587 2449 ούσία
1632 2396 1678 2427 ’⁸
1728 2397 1876 2449 ἐστὶν

294 2486 611 2556 ἀσώματος,
643 2486 859 2557 λογικὴ,
895 2486 1058 2557 νοερά
1082 2488 1176 2540 καὶ
1199 2487 1487 2553 ἀθάνατος,
1517 2491 1651 2542 πᾶσι
1676 2490 1788 2551 τοῖς
1815 2484 1874 2541 εὖ

298 2578 560 2649 φρονοῦσι
610 2578 854 2647 γνωστόν
899 2580 966 2632 ³³.
1011 2581 1076 2632 Τί
1115 2580 1161 2633 δ’
1213 2580 1331 2634 ἐστὶ
1386 2584 1452 2651 τῇ
1497 2581 1657 2653 οὐσία
1684 2582 1750 2645 ³⁰,
1783 2582 1877 2633 καὶ¹

298 2670 415 2732 πῶς
439 2672 496 2723 ὲν
532 2669 745 2741 σώματι
777 2671 837 2722 το
867 2669 1160 2741 ἀσώματον
1191 2671 1258 2738 ³³,
1296 2671 1456 2741 μόνου
1486 2672 1642 2725 τοῦτο
1677 2672 1877 2726 είδένσιι

297 2760 459 2823 Θεοῦ,
501 2761 595 2815 τοῦ
642 2761 752 2815 τῶν
812 2761 1118 2834 ἀνθρώπων
1165 2763 1527 2835 δημιουργοῦ.
1566 2764 1733 2817 Ὅθεν
1784 2765 1878 2819 καὶ

294 2856 458 2924 ἡμεῖς
495 2855 587 2907 τὸν
615 2854 746 2922 περὶ
775 2853 954 2924 ψυχῆς
984 2856 1028 2887 ³³
1067 2855 1173 2927 ἰδίᾳ
1216 2855 1374 2924 λόγον
1405 2855 1767 2920 ἀπολιπόντες
1807 2858 1873 2921 ³³,

297 2946 367 2998 τὰ
402 2946 535 3014 περὶ
561 2948 662 3017 τῆς
691 2945 786 2999 τοῦ
818 2946 1051 2999 καθόλου
1078 2946 1294 3016 φύσεως
1318 2947 1609 3018 ἀνθρώπου
1635 2949 1682 2981 ³⁸
1712 2967 1877 3020 πονῇ-ο

299 3040 460 3093 θέντα
491 3026 643 3112 παρά
676 3039 786 3093 τῶν
833 3040 1079 3111 ἀρχαίων
1116 3040 1181 3105 ³³,
1210 3041 1305 3094 καὶ
1345 3041 1619 3113 σποράδην
1650 3042 1879 3113 κείμενα

299 3133 356 3184 ἐν
386 3132 746 3202 ἀνατομικαῖς
782 3130 827 3163 ³⁶
876 3133 972 3185 καὶ
1029 3130 1450 3201 ὲτυμολογικαῖς
1484 3132 1689 3202 βίϐλοις
1736 3134 1878 3188 κατά

299 3314 372 3379 ὡς
390 3316 454 3369 ἂν
483 3315 703 3385 ἔχοιμεν
726 3315 771 3346 ³³
804 3315 862 3381 ἐξ
886 3315 1104 3386 ἑτοίμου
1138 3315 1433 3385 μανθάνειν
1462 3317 1556 3369 καὶ
1579 3316 1880 3389 θαυμάζειν

300 3410 391 3461 τὸν
421 3409 813 3481 ἀριστοτέχνην
836 3408 970 3462 Θεόν
987 3428 1000 3441 ·
1028 3408 1122 3463 καὶ
1146 3407 1287 3479 μετά
1306 3409 1400 3462 τοῦ
1421 3411 1701 3482 προφήτου
1727 3412 1878 3485 βοᾷν·

301 3497 757 3571 Ἐθαυμαστώθη
793 3503 831 3570 ἡ
857 3500 1083 3571 γνῶσίς
1115 3515 1233 3555 σου
1260 3501 1330 3565 ἐξ
1353 3501 1522 3569 ἐμοῦ.

1985 566 2277 627 hendatur,
2316 566 2494 634 deque
2520 579 2709 619 eorum
2743 564 3048 618 adinvicem
3075 565 3293 632 copula,
3319 581 3419 619 uec
3446 579 3556 620 non

1982 672 2102 724 qnze
2123 656 2404 725 utriusque
2422 656 2667 711 actiones
2695 653 3091 723 facultatesque
3118 668 3181 707 ac
3203 670 3397 707 sensus
3424 668 3554 722 pro-

1980 748 2226 811 veniunt,
2256 757 2313 802 et
2361 762 2600 817 quonam
2637 755 2794 816 pacto
2825 761 3025 815 corpus
3059 754 3309 800 nostrum
3361 745 3559 799 forme-

1984 846 2091 903 tur,
2121 847 2320 906 quotve
2371 837 2655 892 elementis
2707 837 2992 901 consistat,
3042 845 3096 890 et
3120 845 3252 906 quot
3297 836 3348 889 in
3378 847 3558 905 partes

1982 930 2219 985 divisum
2257 931 2348 995 sit,
2379 930 2647 998 sapientia
2696 945 2796 984 sua
2832 945 2897 984 ac
2930 928 3286 983 dissectionis
3329 928 3558 983 scientia

1982 1023 2279 1092 prudenter
2301 1022 2638 1083 definientes,
2669 1021 3081 1076 accuratissime
3102 1021 3556 1090 perscripserunt;

1982 1124 2035 1169 et
2067 1131 2129 1169 ea
2154 1116 2370 1184 quidem
2404 1131 2525 1185 quae
2549 1113 2649 1184 ipsi
2682 1114 2749 1168 de
2779 1130 3007 1184 corpore
3031 1114 3333 1167 litterarum
3363 1128 3554 1165 monu-

1983 1208 2183 1262 mentis
2216 1210 2566 1269 mandarunt,
2602 1206 2871 1260 universis
2915 1206 3005 1274 qui
3039 1214 3180 1260 recte
3208 1203 3447 1257 discendi
3479 1203 3559 1256 la-

1982 1296 2145 1353 bores
2190 1299 2428 1352 subeunt
2468 1297 2627 1366 plane
2684 1304 2890 1365 patent,
2924 1296 3114 1365 eisque
3162 1294 3557 1357 assentiuntur,

1982 1404 2046 1443 ac
2080 1388 2154 1443 uti
2182 1405 2245 1444 ea
2279 1390 2546 1443 habentur
2572 1388 2883 1442 observant.
2927 1386 3058 1453 Quae
3087 1402 3216 1439 vero
3242 1385 3467 1456 gentiles
3493 1384 3562 1439 de

1983 1482 2165 1537 anima
2213 1482 2578 1552 philosophati
2634 1491 2782 1545 sunt,
2859 1479 3040 1534 inania
3093 1477 3558 1541 demonstrarunt,

1985 1574 2119 1627 niltil
2153 1574 2297 1627 enim
2323 1587 2513 1628 verum
2547 1571 2612 1627 de
2636 1573 2754 1642 ejus
2807 1570 3134 1630 substantia,
3171 1567 3255 1622 vel
3296 1582 3415 1637 qua:
3442 1567 3561 1635 ejus

1982 1675 2177 1718 natura
2227 1663 2489 1718 habeatur
2526 1664 2701 1734 potuit
2754 1663 2822 1716 ab
2853 1662 2986 1732 ipsis
3045 1660 3273 1727 adduci;
3312 1657 3560 1728 quinimo

1982 1772 2170 1811 eorum
2200 1756 2443 1810 nonnulli
2489 1769 2718 1823 corpore
2752 1753 2924 1823 ipsam
2959 1751 3219 1821 priorem,
3254 1748 3345 1803 sed
3384 1755 3438 1800 et
3469 1745 3557 1798 alii

1984 1864 2064 1904 cet
2079 1864 2181 1919 pus
2207 1847 2446 1903 vicissim
2482 1847 2596 1916 ipsa
2632 1846 2783 1916 prius
2810 1861 2931 1902 esse
2958 1851 3354 1901 asseverantes.
3386 1853 3561 1908 nugas

1985 1939 2305 1993 attulerunt.
2362 1937 2731 2007 Quapropter,
2775 1953 2898 1992 cum
2931 1951 3122 1992 omnes
3155 1932 3435 1989 discordes
3464 1932 3561 1984 ad-

1984 2031 2215 2086 invicem
2238 2030 2531 2085 sententias
2559 2029 2910 2094 adducerent,
2943 2028 2995 2082 itt
3020 2024 3335 2097 hujusmodi
3368 2023 3559 2092 dispu-

1985 2125 2283 2181 tationibus
2309 2123 2592 2179 vanissimi
2626 2122 2796 2178 habiti
2820 2131 2967 2177 sunt.
2991 2121 3145 2188 Quod
3172 2128 3352 2175 autem
3376 2118 3559 2173 anima

1984 2235 2095 2274 uno
2124 2228 2379 2274 contextu
2412 2233 2535 2274 cum
2580 2233 2810 2287 corpore
2845 2216 3111 2279 ordiatur,
3148 2215 3377 2285 ipsoque
3403 2214 3560 2268 nobi-

1984 2313 2087 2366 liur
2116 2328 2181 2366 ac
2214 2311 2384 2382 magis
2410 2309 2684 2382 prmeipua
2713 2308 3000 2371 habeatur,
3029 2307 3286 2378 quodque
3338 2304 3408 2359 ab
3443 2305 3561 2371 ipsa

1984 2420 2185 2475 corpus
2213 2419 2311 2458 ceu
2360 2404 2783 2459 instrumentum
2820 2408 3125 2461 moveatur,
3180 2413 3281 2453 nec
3306 2412 3410 2449 non
3445 2396 3561 2466 ipsa

1985 2498 2054 2553 sit
2074 2512 2195 2567 qua:
2217 2496 2264 2550 ei
2302 2496 2467 2549 vitam
2494 2495 2714 2557 tribuat,
2741 2509 2804 2549 ac
2825 2492 2919 2548 Dei
2947 2491 3283 2565 providentia
3329 2498 3564 2543 natura:-

1985 2608 2091 2661 que
2139 2590 2331 2646 ordine
2362 2590 2492 2643 illud
2534 2590 2829 2651 contineat,
2857 2587 3112 2658 quodque
3143 2601 3208 2640 ea
3257 2581 3561 2639 substantia

1984 2699 2213 2753 corpore
2268 2696 2491 2743 vacans,
2528 2680 2740 2734 ratione
2784 2679 3031 2748 praedita,
3082 2674 3467 2730 intellectualis
3495 2688 3561 2727 ac

1987 2773 2313 2830 immortalis
2347 2773 2437 2838 sit,
2467 2770 2602 2825 nulli
2656 2783 2766 2823 non
2817 2769 3017 2823 mentis
3068 2775 3348 2835 compotes
3397 2779 3563 2819 nove-

1988 2877 2137 2923 runt.
2164 2865 2293 2932 Quae
2324 2873 2503 2919 autem
2535 2861 2623 2915 illa
2657 2860 2961 2915 substantia
2993 2859 3085 2921 sit,
3122 2867 3175 2911 et
3201 2872 3436 2927 quonam
3469 2871 3565 2926 pa-

1986 2969 2074 3014 cto
2119 2959 2175 3030 6
2215 2956 2358 3027 quod
2394 2968 2624 3024 corpore
2675 2960 2847 3015 caret,
2894 2951 2948 3005 in
2999 2964 3228 3019 corpore
3269 2949 3561 3012 consistat,

1989 3054 2091 3109 hoc
2114 3053 2284 3108 solius
2310 3049 2405 3104 Dei
2437 3049 2528 3120 qui
2562 3048 2834 3102 hominem
2864 3044 3070 3100 creavit
3100 3057 3260 3097 nosse
3280 3051 3385 3098 est.
3412 3041 3563 3109 Qua-

299 3133 356 3184 ἐν
386 3132 746 3202 ἀνατομικαῖς
782 3132 827 3163 ³⁶
876 3133 972 3185 καὶ
1029 3132 1450 3201 ὲτυμολογικαῖς
1484 3132 1689 3202 βίϐλοις
1736 3134 1878 3188 κατά

298 3225 360 3276 τὸ
388 3226 520 3295 ἡμῖν
538 3224 761 3293 ἐφικτὸν
791 3222 1153 3293 ἐκλεξάμενοι
1177 3224 1243 3284 ³⁷,
1270 3225 1346 3287 εἰς
1367 3224 1425 3277 ἓν
1454 3225 1777 3297 κατάξωμεν
1796 3228 1842 3259 ³⁸
1863 3242 1876 3257 ·

1986 3151 2207 3212 propter
2235 3148 2291 3196 et
2325 3152 2422 3194 nos
2458 3137 2784 3208 peculiarem
2825 3134 2891 3189 de
2921 3135 3101 3188 anima
3126 3132 3240 3202 ipsa
3261 3132 3562 3186 orationem

1988 3238 2213 3291 missam
2264 3235 2549 3297 facientes,
2601 3247 2721 3297 qua:
2753 3229 2821 3284 ab
2868 3226 3112 3297 antiquis
3142 3228 3208 3281 de
3239 3224 3562 3281 universalis

409 3241 520 3295 γμιν
538 3241 761 3293 εφικτον
791 3241 1153 3293 εκλεςαμενοι
1177 3241 1243 3284 ⁶’,
1270 3241 1346 3287 εις
1367 3241 1425 3277 εν
1454 3241 1777 3295 καταζωμεν
1796 3241 1842 3259 ⁸³
1863 3242 1876 3257 ⁸

1988 3238 2213 3291 missam
2264 3235 2549 3297 facientes,
2601 3247 2721 3302 qua:
2753 3229 2821 3284 ab
2868 3226 3112 3298 antiquis
3142 3228 3208 3281 de
3239 3224 3566 3281 universalis

1988 3328 2230 3383 hominis
2272 3333 2467 3380 natura
2498 3324 2796 3394 perscripta
2827 3329 2976 3384 sunt,
3017 3332 3247 3389 qureque
3272 3316 3427 3371 libris
3448 3318 3566 3372 dis-

1989 3422 2260 3477 sectiones
2286 3418 2691 3486 verborumque
2731 3414 3115 3486 prpprietatem
3160 3410 3569 3466 continentibus

1991 3510 2228 3581 sparsim
2288 3508 2717 3577 comprehensa,
2760 3520 2861 3575 pro
2908 3502 3049 3557 virili
3089 3502 3407 3572 deligentes,
3457 3516 3568 3570 quo

304 3594 460 3648 nobis
493 3593 638 3648 unde
668 3594 1004 3649 disceremus
1033 3602 1283 3663 paratum
1327 3594 1418 3659 sit,
1454 3594 1505 3648 in
1557 3597 1717 3653 unius
1781 3605 1962 3671 operis
2008 3603 2206 3659 seriem
2273 3601 2608 3669 redigemus,
2642 3597 2785 3651 unde
2856 3595 3175 3666 praeclarum
3237 3608 3416 3647 rerum
3446 3593 3570 3659 opi-

304 3693 458 3745 ficem
489 3691 654 3745 Deum
678 3692 1063 3760 mirari.atque
1089 3690 1463 3759 prepbetiettm
1517 3692 1670 3759 illttd,
1711 3695 1978 3755 Mirabilis
2001 3701 2147 3770 facta
2173 3706 2251 3752 eat
2290 3695 2509 3750 scientia
2538 3704 2628 3746 tua
2650 3708 2714 3746 ea:
2740 3707 2820 3744 me
2844 3692 2859 3721 ¹
2880 3732 2895 3755 ,
2944 3690 3123 3744 dicere
3155 3688 3452 3742 valeamus.

373 3781 681 3845 Μέλλοντες
710 3782 766 3835 δὲ
792 3780 974 3835 ’τοῦτο
1019 3784 1214 3846 ποιεῖν,
1247 3782 1706 3852 ὲπικαλεσώμεθα
1745 3788 1885 3859 Χρι-

305 3873 430 3924 στὸν
475 3871 566 3923 τὸν
616 3871 753 3925 Θεὸν
807 3871 965 3942 ἡμῶν
1002 3872 1069 3934 ⁸⁸,
1121 3872 1214 3925 ἐπὶ
1263 3871 1325 3923 τὸ
1358 3874 1401 3909 ⁸¹
1460 3874 1741 3929 συνετίσαι
1793 3879 1888 3931 καὶ

304 3963 645 4033 συμϐιϐάσαι
680 3966 724 3995 ⁸³
756 3966 903 4035 ἡμᾶς
932 3966 990 4017 ἐν
1018 3966 1083 4035 τῇ
1120 3963 1226 4034 ὁδῷ
1251 3964 1423 4036 ταύτῃ
1503 3967 1850 4038 πορευόμεθα
1872 3986 1885 3999 ·

303 4055 386 4108 ὅτι
433 4056 597 4119 αὐτός
631 4058 750 4109 ἐστι
782 4056 877 4109 καὶ
926 4057 1028 4125 τῆς
1058 4056 1276 4125 φύσεως
1326 4056 1371 4087 ³³
1402 4057 1759 4127 δημιουργὸς,
1794 4062 1888 4114 καὶ

300 4148 404 4216 τῆς
447 4149 637 4218 σοφίας
671 4148 906 4219 χορηγὸς
959 4148 1025 4212 ⁸⁸,
1072 4150 1166 4203 καὶ
1197 4149 1304 4202 τῶν
1333 4149 1551 4218 ἀσόφων
1586 4152 1630 4181 ⁸⁸
1659 4152 1884 4221 διορθω-

303 4244 399 4311 τὴς
420 4257 434 4270 ·
477 4244 534 4295 ὲν
572 4246 681 4314 γὰρ
709 4244 900 4313 χερσὶν
930 4242 975 4281 ⁸⁸
1005 4242 1193 4305 αύτοῦ,
1224 4243 1318 4295 καὶ
1348 4244 1507 4313 ἡμεῖς
1531 4244 1625 4296 καὶ
1663 4245 1712 4297 οί
1732 4244 1882 4314 λόγοι

304 4333 481 4402 ἡμῶν.
514 4334 626 4386 Καὶ
678 4332 871 4405 πρῶτα
909 4333 953 4365 ³⁷
988 4334 1087 4404 μὲν
1114 4333 1360 4403 εἴπωμεν
1389 4333 1443 4386 τί
1483 4337 1631 4388 ἐστιν
1664 4336 1879 4408 ἄνθρω-

2055 3790 2191 3845 Cum
2247 3797 2431 3842 autem
2493 3785 2653 3839 nobis
2713 3783 2816 3837 hoc
2872 3796 3032 3853 agere
3092 3780 3433 3849 propositunt
3475 3778 3566 3831 sit.

1986 3880 2187 3937 Christi
2227 3878 2321 3933 Dei
2366 3877 2541 3932 nostri
2601 3874 2865 3931 auxilium
2916 3872 3301 3941 imploremus,
3343 3869 3436 3941 qui
3466 3866 3568 3923 na-

1990 3980 2125 4025 turae
2150 3978 2351 4025 nostra:
2381 3966 2586 4039 opifex,
2618 3975 2673 4022 et
2694 3964 2976 4036 sapientiae
3026 3964 3216 4026 dator,
3251 3977 3315 4017 ac
3344 3961 3565 4031 sapien-

1986 4063 2123 4117 tium
2166 4061 2486 4116 emendator
2525 4068 2643 4123 est;
2685 4075 2809 4115 cum
2844 4068 2955 4112 tum
2982 4071 3103 4121 nos,
3143 4065 3256 4110 tum
3288 4054 3565 4110 orationes

1991 4162 2194 4209 nostra
2222 4152 2342 4222 ejus
2371 4153 2424 4207 in
2459 4152 2713 4206 manibus
2763 4149 3085 4212 consistant,
3137 4147 3211 4201 uti
3249 4147 3411 4202 nobis
3462 4146 3567 4201 hoc

1989 4241 2091 4297 iter
2140 4241 2578 4314 aggredientibus
2626 4241 2769 4310 quod
2802 4237 3019 4294 erudire
3049 4236 3239 4309 possit,
3270 4252 3335 4293 ac
3377 4236 3573 4291 intelli-

1989 4336 2221 4406 gentiam
2260 4334 2520 4403 largiatur
2559 4333 2812 4404 praebeat.

303 4440 426 4487 πος,
454 4426 550 4477 καὶ
579 4424 719 4477 διατι
743 4423 916 4487 οὕτως
947 4425 1381 4497 ἐπονομάζεται·
1419 4427 1507 4478 ἐπ’
1538 4427 1751 4491 ούδενὺς
1775 4429 1884 4497 γὰρ

2063 4427 2128 4482 Et
2150 4429 2410 4499 primum,
2440 4427 2699 4497 quidnam
2734 4427 2897 4482 homo
2917 4427 3007 4489 sit,
3048 4440 3211 4481 curve
3239 4424 3318 4479 sic
3341 4422 3572 4493 appelle-

300 4517 411 4570 τῶν
444 4518 702 4571 ἁπάντων
741 4517 792 4569 οἱ
844 4516 1071 4570 παλαιοὶ
1119 4518 1220 4581 τάς
1264 4516 1557 4588 ὀνομασίας
1613 4520 1705 4571 καὶ
1758 4522 1885 4583 τοὺς

300 4612 461 4679 ὅρους
495 4611 752 4672 ἀσκόπως
802 4609 1080 4673 ἐπέθεντο,
1136 4610 1210 4680 μή
1254 4611 1337 4663 τοί
1374 4627 1435 4677 γε
1458 4609 1503 4642 ’⁵⁸
1558 4613 1617 4663 ὲν
1645 4610 1723 4682 τῷ
1754 4612 1881 4665 ἐαυ-

300 4704 409 4756 τῶν
445 4703 488 4734 ⁸⁵⁸
529 4705 774 4774 σώματιο
835 4704 897 4756 τὸ
940 4702 1047 4772 γὰρ
1093 4701 1320 4755 ἐκείνων
1378 4702 1538 4771 σῶμα
1567 4704 1678 4766 τοῖς
1714 4704 1882 4755 πᾶσιν

301 4795 614 4867 ἀνθρώποις
660 4796 779 4849 ἐστὶ
827 4794 1234 4866 παραπλήσιον,
1272 4794 1353 4847 ὅτι
1392 4795 1465 4864 μὴ
1494 4795 1803 4848 διαλλάττοι
1836 4795 1882 4827 ⁵ο

301 4889 447 4943 κατά
476 4908 597 4943 τινα
653 4890 870 4958 φύσεως
916 4888 1179 4958 διαφορὰν
1231 4888 1521 4958 ἄνθρωπος
1568 4887 1879 4960 ἀνθρώπου,

301 4978 418 5032 ἀλλ’
442 4979 705 5044 ὡσαύτως
737 4979 883 5050 ἔχειν
929 4978 1181 5050 ἀλλήλοις
1212 4978 1487 5050 ἄνθρωποι
1516 4978 1793 5047 πεφύκασι
1835 4981 1876 5011 ⁵¹

378 5115 393 5144 ¹
435 5112 581 5169 Psal.
610 5130 880 5178 cxxxvrtt,
913 5114 968 5169 6.

379 5238 420 5335 :7
449 5237 543 5335 τοῦ
580 5237 972 5335 Ξυναμφότερα
1002 5235 1064 5289 Β.
1098 5237 1226 5335 1:591
1276 5235 1397 5335 τῆς0
1415 5234 1880 5335 ὲν.²ἀμφοτέιρων.
1914 5232 1977 5335 LL:

413 5325 463 5335 η.
506 5326 576 5335 ..-
608 5326 777 5335 .ι--..η
873 5307 1113 5335 ἔμιηυῖλρ
1150 5322 1324 5335 ...ι-οη..
1523 5307 1539 5335 i
1574 5305 1705 5335 ἅλιαι
1763 5320 1919 5335 ..λη-ευ
1974 5334 1977 5335 ,

1574 5300 1980 5424 ἠδυνὴθτέσανϐ
2012 5300 2073 5356 Ρ.
2148 5303 2194 5333 ³³
2231 5300 2308 5364 ὡς
2332 5300 2445 5352 οὐδ.
2479 5300 2565 5351 ἀλ.
2596 5316 2655 5352 π.
2691 5300 2789 5367 τῆς
2822 5300 3060 5350 ούσδίιο.
3097 5300 3164 5347 at)

1581 5391 1738 5440 υνυφ.
1772 5390 1800 5424 τ
1864 5390 1914 5425 σ.
1947 5375 2013 5441 τῇ
2055 5373 2115 5443 ψ.
2148 5372 2225 5437 Β;
2259 5373 2339 5443 ὅτι
2378 5369 2477 5443 μὲν
2507 5366 2599 5443 οῦν
2626 5367 2868 5443 συνητῴ.
2892 5384 2942 5443 σέ
2973 5367 3069 5435 ἡψ.
3107 5368 3166 5443 Ρ.

305 5311 344 5341 ’³
381 5306 777 5376 ὲφιλοπόνησαν
797 5307 1324 5373 Β,διεφελοσόφησαν
1362 5306 1417 5357 Ρ.

306 5374 490 5442 θέντες
525 5380 584 5431 Β.
662 5378 707 5411 ³⁵
736 5377 915 5431 αὐτῶν
942 5376 1001 5429 Β.
1080 5376 1125 5407 ³⁸
1152 5378 1231 5429 ὅτι
1270 5376 1366 5445 μὲν
1395 5374 1502 5444 γάρ
1545 5391 1738 5445 συνυφ.

305 5452 349 5482 ³⁷
386 5450 589 5517 φυσικῆ
615 5447 677 5501 C.
770 5449 813 5479 ⁸⁸
846 5447 1003 5499 ούσία
1036 5462 1144 5517 om.
1201 5444 1279 5517 Β.
1343 5446 1400 5517 ³³
1432 5444 1730 5517 γνωριστόν
1766 5444 1827 5497 C.

306 5522 347 5551 "
384 5518 652 5571 ἀθάνατον
681 5518 739 5570 Β.
802 5519 870 5588 Ῠ³¹
906 5519 998 5587 τῆς
1047 5516 1177 5588 ψυχ.
1200 5516 1261 5569 (Σ.

303 5607 355 5643 τ.
398 5589 528 5656 ἀρχ.
579 5589 767 5657 πονηθ.
799 5587 836 5640 Β
871 5589 927 5642 Ρ.
960 5586 967 5587 ί
997 5588 1040 5619 ³⁸
1066 5586 1219 5640 sva.
1262 5603 1381 5638 t-ttttt
1425 5587 1572 5657 hiatu
1627 5586 1689 5639 (Σ.

302 5675 415 5711 om.
462 5657 519 5709 Β.
600 5657 664 5728 7”
690 5656 849 5709 αὑτὸν
893 5659 985 5710 τὸν
1011 5659 1112 5728 Χρ.
1142 5658 1234 5710 καὶ
1255 5656 1389 5728 Θεὸν
1424 5657 1520 5725 ἡμ.

302 5729 434 5799 ὀημ.
470 5744 526 5781 κ.
562 5727 658 5799 τῆς
685 5728 959 5799 φυςικὲστὶ
990 5725 1109 5799 χορ.
1146 5746 1196 5781 κ.
1228 5727 1326 5793 τῆς
1369 5743 1493 5799 σοφᾼ.
1544 5725 1602 5777 Β.

304 5796 583 5871 “illlan
618 5797 677 5865 B.
720 5796 792 5869 μὴ
823 5798 900 5849 δτι
929 5814 987 5866 γε
1024 5796 1080 5852 ν·
1177 5799 1220 5828 ”
1252 5797 1430 5849 αὐτῶν
1467 5796 1522 5848 υ·

1908 5444 1951 5474 ³ο
1979 5437 2081 5501 τίς
2121 5443 2178 5497 δὲ
2226 5437 2390 5494 ἐστὶν
2416 5439 2573 5492 ούσία
2622 5438 2682 5502 Β,
2724 5437 2777 5490 τί

1339 5515 1382 5545 ³³
1412 5514 1826 5575 καταλιπόντες.
1861 5513 1901 5566 Β
1937 5514 1977 5567 C
2019 5514 2075 5566 I'.

1769 5586 1812 5617 ³⁷
1867 5583 2259 5647 ἀναλεξάμενοι
2303 5581 2359 5633 Ρ.

1769 5601 1806 5617 °'
1867 5601 2103 5647 αναΛεςα
2152 5601 2259 5635 ενοι
2305 5601 2359 5633 ι’.
2442 5601 2504 5630 ."'
2563 5601 2906 5647 καταταςομε

1713 5656 1753 5687 ⁸⁸
1791 5655 1929 5724 πρὸς
1948 5655 2009 5707 τὸ
2039 5601 2172 5707 (ΣΡ.
2253 5648 2680 5724 ³¹Ασυμϐιϐᾄσαι
2861 5647 2906 5678 ⁸³

1706 5728 1749 5758 ³⁸
1782 5723 1960 5791 σοφῶν
2003 5725 2041 5777 Β
2096 5723 2157 5776 Ι).

1966 5795 2165 5850 ιΒυ.

1601 5798 1645 5828 ⁸ο
1679 5796 1955 5849 ὅιαλλέιττε

1993 4531 2080 4576 tur
2102 4519 2421 4575 referemus.
2452 4518 2623 4573 Nullis
2646 4518 2791 4572 enim
2821 4519 2997 4572 nonin
3020 4520 3182 4572 rebus
3204 4524 3433 4580 veteres,
3453 4522 3569 4567 tum

1990 4626 2181 4667 eorum
2231 4610 2499 4680 corporis,
2557 4619 2670 4664 tum
2726 4609 2962 4678 partium
3017 4607 3411 4678 appellationes
3440 4605 3572 4659 defi-

1990 4706 2332 4775 nitionesquc
2373 4704 2650 4775 explorate
2694 4710 3029 4771 posuerunt;
3067 4700 3169 4754 tale
3196 4698 3341 4753 enim
3378 4712 3568 4751 eorum

1989 4810 2194 4864 corpus
2227 4795 2433 4849 exstitit
2476 4792 2636 4862 quale
2681 4790 2923 4844 omnium
2982 4790 3265 4844 hominum
3319 4788 3568 4842 habetur.

1989 4887 2259 4953 Quoniam
2303 4888 2466 4939 homo
2508 4898 2615 4937 non
2656 4881 2841 4951 aliquo
2874 4891 3080 4936 natura:
3133 4880 3453 4935 discrimine
3501 4879 3571 4934 ab

1990 4979 2213 5034 homine
2257 4977 2550 5046 discrepat,
2598 4974 2693 5029 sed
2746 4989 2939 5029 omnes
3001 4973 3113 5044 ipsa
3165 4973 3569 5030 constitutionis

2057 5231 2101 5261 ³⁸
2132 5228 2460 5300 ἀμφοτέρων
2644 5228 2686 5259 ¹⁹
2713 5226 2807 5300 τοῦ
2839 5244 2890 5300 σ.
2920 5225 2960 5279 Β
2991 5225 3029 5279 Ρ
3062 5239 3154 5300 m._
3224 5224 3283 5300 ’°_
3307 5221 3477 5300 οῦτως
3506 5220 3566 5273 Β.

2148 5291 2194 5377 :5
2229 5291 2308 5377 ῶς
2332 5291 2445 5377 οὐδ’.
2479 5299 2565 5377 ἀλ,ζ
2596 5316 2655 5352 π.
2691 5298 2789 5367 τῆς
2822 5299 3060 5377 οἰηθῇς.
3097 5295 3219 5377 apt.
3244 5292 3380 5377 ⁸βεϐζ
3407 5291 3569 5377 δμνῖι-

3244 5360 3290 5395 “
3320 5362 3460 5429 αύτῂ
3495 5360 3561 5414 Λ.

2826 5420 2869 5490 θ’
2916 5420 3063 5488 ἐστίν
3113 5435 3213 5503 τὴν
3267 5420 3468 5503 οὖσίαξ
3503 5430 3562 5484 Ρ.

2162 5513 2206 5544 ³⁸
2245 5529 2296 5564 τ.
2338 5509 2493 5578 ἀνθρ.
2542 5501 2677 5562 καθ.
2725 5524 2853 5577 φυσ.
2906 5506 2945 5558 Β
2978 5509 3099 5578 τῆς
3131 5501 3372 5578 {doni}:
3426 5501 3470 5532 ⁸³
3502 5517 3561 5553 π.

2438 5572 2505 5630 ῗ³⁸
2563 5572 2941 5647 κατατάξομεν
2978 5572 3101 5628 ΒΟ
3221 5645 3243 5647 ι
3274 5572 3319 5603 ³³
3349 5573 3565 5647 ἔχοιμεν

2945 5644 3189 5716 φηήμῶν
3218 5645 3277 5698 Ρ.
3343 5642 3410 5716 _“
3437 5642 3560 5716 αὐτ.

2250 5721 2293 5752 ³⁸
2321 5710 2423 5773 ὅτι’
2458 5720 2515 5770 ἐν
2554 5721 2694 5784 (ταῖς
2734 5717 2816 5783 Ρ,)
2849 5735 2900 5788 χ.
2934 5710 2973 5773 C
3006 5710 3087 5770 ΡΪ
3169 5716 3205 5747 ’⁸⁷
3255 5712 3467 5785 πρῶτον
3501 5710 3560 5765 Ρ.

2258 5792 2300 5823 ’ί
2340 5807 2466 5859 πεφ.
2497 5789 2653 5859 ἄνθρ.
2688 5788 2725 5842 Β
2760 5788 2818 5843 ι».
