4066 6214
268 320 286 372 f
299 319 404 374 085

1489 316 1572 368 Βία]
1613 312 1899 367 ΝΑἸῚῙΒΑ
1942 312 2246 371 IIOMIMS.

3405 331 3542 385 l086

261 436 453 507 νηδὺς
506 431 601 486 καὶ
636 431 866 500 δελρὺς
925 430 1017 485 καί
1060 432 1314 498 ὑστέρα·
1375 430 1566 498 νηδὺς
1607 429 1726 499 μὲν,
1775 430 1857 483 ὅτι

1983 429 2185 486 Iicitur.
2215 429 2339 484 Sive
2379 432 2522 500 quod
2556 432 2607 486 in
2641 433 2863 490 homine
2901 435 3279 508 consistatqui
3312 440 3379 495 ab
3412 442 3545 511 ipsis

268 529 390 603 μεθ’
439 525 708 598 ἡδύτητος
745 525 1004 595 ἐνεργεῖ·
1056 523 1089 593 ἢ
1131 524 1239 578 ἀπὸ
1275 523 1369 575 τοῦ
1421 521 1677 593 νενῆσΟαι
1712 521 1778 586 ’³,
1836 522 1864 573 ὃ

264 623 384 672 ἐστι
416 610 821 683 σεσωρεῦσθαι,
861 612 958 665 καὶ
985 611 1388 681 πεπληρῶσθαι
1424 610 1764 682 τραχύτητος
1793 611 1862 666 ⁸³.

266 706 379 762 Kal.
407 706 517 774 γὰρ
548 704 582 773 ἡ
617 701 781 770 φύσις
818 704 1081 772 τραχεῖαν
1116 700 1325 772 ταύτην
1354 701 1602 771 ἐποίησε,
1642 703 1735 753 καὶ
1768 717 1862 753 κοο

264 796 572 869 τυληδόνας
603 794 748 863 ἔχειν
771 794 817 824 ⁸⁵
843 793 982 863 μετά
1013 791 1227 861 φλεϐῶν
1260 792 1357 844 καὶ
1388 792 1669 863 ἀρτηριῶν
1714 793 1759 825 ⁸⁸
1785 808 1867 843 τι-

269 908 374 945 νων
397 906 410 920 ·
441 889 528 941 ἵνα
559 886 636 957 μὴ
660 884 755 938 τοῦ
782 886 991 954 σπόρου
1008 886 1052 917 ³⁷
1072 884 1528 949 ἐξολισθαίνοντος
1546 886 1590 917 9‘
1606 884 1694 937 διὰ
1722 884 1863 937 λειό-

267 1001 408 1055 τητα
429 1023 444 1048 ,
478 982 727 1051 ἄκαρπος
759 980 791 1050 ἠ
842 979 1105 1032 τίκτουσα
1145 979 1397 1052 διαμένῃ.
1433 979 1504 1031 Ἢ
1539 980 1623 1032 ὅτι
1655 979 1687 1049 ἡ
1719 996 1867 1049 παρ-

269 1075 481 1135 ὀδευσις
500 1071 544 1102 ⁹⁹
563 1070 663 1139 τῆς
678 1067 889 1140 τροφῆς
906 1068 1002 1121 τοῦ
1025 1068 1271 1139 ἐμϐρύου
1294 1070 1389 1124 ἀπ’
1406 1069 1578 1139 αὐτῆς
1598 1072 1614 1099 ¹
1632 1069 1862 1137 γίνεται·

270 1172 422 1223 νάειν
454 1170 473 1198 ⁸
504 1166 613 1235 γὰρ
642 1164 704 1217 τὸ
734 1163 754 1194 ³
796 1164 944 1233 ῥέειν
966 1177 980 1191 ⁸
1010 1163 1043 1233 ἢ
1072 1163 1222 1234 παρὰ
1244 1164 1306 1216 τὸ
1329 1180 1395 1233 νη
1426 1163 1750 1235 στερητικὸν
1773 1165 1867 1217 καὶ

271 1263 332 1316 τὸ
366 1262 461 1323 δυς
494 1258 712 1330 μόριον*
745 1256 827 1308 ὅτι
867 1255 963 1309 καὶ
995 1255 1016 1287 ⁸
1052 1256 1397 1320 παιδοποιίας
1437 1259 1732 1328 στερείται,
1774 1256 1869 1310 καὶ

202 1360 210 1365 ’
274 1352 566 1414 δυστοκίας
624 1348 942 1419 ὑφίσταται.
975 1346 1211 1416 113.1556;-
1260 1347 1340 1411 δὲ,
1383 1347 1466 1400 ὅτι
1514 1347 1868 1417 ἀδελφοποιός

275 1447 420 1510 ἐστι,
450 1445 546 1499 καὶ
577 1441 782 1512 ἀδελφὰ
815 1444 964 1495 ποιεῖ
992 1442 1062 1495 τὰ
1092 1441 1390 1512 τικτόμενα
1415 1458 1428 1471 ·
1474 1441 1703 1512 ἀδελφὸς
1734 1442 1864 1512 γὰρ,

275 1539 304 1589 6
341 1536 406 1588 ἐκ
430 1536 526 1605 τῆς
556 1534 727 1604 αὐτῆς
751 1531 1002 1601 δελφύος,
1040 1532 1210 1603 ἤγουν
1245 1534 1459 1604 μήτρας
1482 1548 1496 1563 ’
1522 1534 1617 1587 καὶ
1638 1533 1865 1604 ὀμὸδελ-

277 1643 378 1695 φος
412 1627 456 1691 ⁸,
487 1628 514 1678 6
539 1623 890 1694 αὐτάδελφος.
934 1622 1188 1693 ’Υστέρα
1216 1624 1297 1690 δὲ,
1333 1626 1414 1677 ὅτι
1455 1623 1683 1696 ὕστερον
1730 1625 1868 1679 πάν-

275 1737 387 1773 των
433 1718 542 1771 τῶν
596 1717 771 1771 ἄλλων
825 1716 1028 1787 μορίων
1059 1716 1156 1780 τὰς
1206 1717 1487 1788 ἐνεργείας
1536 1717 1706 1789 αὐτῆς
1747 1719 1869 1771 ἐπι-

277 1812 562 1866 δείκνυται
587 1825 601 1840 ⁸
648 1809 749 1880 τὴν
804 1808 1060 1879 ἐλκτικὴν
1104 1808 1145 1874 ⁸,
1176 1809 1277 1881 τὴν
1333 1809 1667 1881 καθεκτικὴν
1702 1813 1742 1877 ⁷,
1773 1811 1870 1884 τὴν
1905 1798 1943 1852 Β

278 1904 639 1973 ἀλλοιωτικὴν
662 1904 757 1956 καὶ
791 1902 1155 1975 ἀποκριτικήν
1177 1919 1190 1934 ⁸
1215 1902 1459 1969 δηλονότι
1494 1904 1635 1958 κατὰ
1664 1904 1723 1959 τὸ
1754 1904 1873 1976 βρεο

282 1999 545 2069 φουργεῖν
590 1996 650 2028 ⁸·
690 1996 723 2066 ἣ
774 1996 856 2049 ὅτι
906 1994 1111 2065 ἐσχάτη
1149 1994 1258 2047 τῶν
1297 1994 1436 2065 μετά
1481 1996 1580 2065 τὴν
1627 1997 1873 2067 γαστέρα

284 2092 483 2142 κεῖται.
506 2074 782 2159 Τρέφεται
812 2087 921 2159 γὰρ
942 2089 963 2121 θ
991 2089 1048 2140 ἐν
1080 2089 1146 2159 τῇ
1183 2088 1369 2160 μήτρᾳ
1397 2088 1457 2142 τὸ
1488 2088 1748 2160 ἔμϐρυον,
1777 2092 1872 2143 καὶ

282 2182 513 2234 ἀναπνεῖ
538 2181 640 2233 οὐκ
682 2181 745 2233 ἐκ
774 2179 868 2233 τοῦ
897 2179 1190 2248 στόματος,
1221 2180 1337 2234 ἀλλ’
1370 2182 1436 2234 ἐκ
1474 2181 1568 2234 τοῦ
1598 2181 1869 2251 ὀμφαλοῦ,

282 2274 344 2341 ἐξ
373 2273 683 2343 αίματικῶν
721 2270 1001 2343 μητρῴων
1047 2273 1494 2344 περιπτωμάτων
1522 2273 1563 2306 ¹⁰
1586 2289 1599 2303 ·
1630 2275 1752 2329 ὅθεν
1778 2276 1872 2328 καὶ

283 2368 562 2436 ὀμφαλὸς
598 2366 749 2436 παρὰ
782 2366 842 2418 τὸ
874 2367 1107 2436 όμπνεῖν
1138 2365 1181 2397 ¹¹
1229 2369 1475 2439 εἴρηται,
1503 2369 1532 2422 ὃ
1561 2370 1710 2422 ἐστιν
1738 2370 1870 2423 ἀνα-

285 2461 465 2512 πνεῖν.
524 2458 680 2510 Ἔστι
728 2459 783 2511 δὲ
824 2458 885 2510 τὸ
922 2459 1089 2527 μέσον
1116 2457 1212 2511 τοῦ
1266 2459 1515 2529 σώματος
1541 2476 1554 2489 °
1605 2461 1663 2514 ἐν
1698 2458 1756 2513 δὲ
1803 2462 1869 2531 τῇ

286 2551 497 2620 γενέσει
523 2550 715 2603 τούτου
746 2548 837 2603 τοῦ
880 2549 1024 2613 ζώου
1056 2550 1274 2618 λέγεται
1311 2551 1530 2619 πρῶτον
1556 2550 1872 2621 πήγνυσθαι

290 2643 467 2712 ὑμένα
502 2642 622 2694 τινὰ
648 2640 843 2693 λεπτὸν
882 2639 924 2669 ¹²
965 2638 1025 2691 ὃν
1046 2639 1272 2692 καλοῦσι
1308 2639 1517 2708 χόριον
1557 2639 1622 2703 ¹³,
1673 2638 1749 2701 ὡς
1779 2655 1875 2690 πε-

290 2736 474 2805 ριέχον
515 2736 559 2765 ¹⁶
596 2734 657 2785 τὸ
705 2732 944 2803 ἔμϐρυον
967 2749 980 2762 ·
1022 2732 1055 2802 ἢ
1088 2732 1163 2794 ὡς
1210 2732 1409 2801 χωρίον
1442 2731 1609 2785 αὐτοῦ
1644 2730 1704 2785 ὃν
1734 2732 1798 2795 ¹⁸,
1837 2732 1870 2801 ἢ

287 2820 523 2892 χορηγὸν
573 2819 684 2873 τῶν
734 2818 1135 2891 διατρεφόντων
1187 2820 1341 2874 αὑτό.
1406 2818 1538 2874 Εἶτα
1589 2823 1622 2892 η
1677 2822 1875 2893 καρδία

287 2913 483 2985 πρώτη
520 2910 929 2982 καταόληθεῖσα
966 2911 1121 2982 παρὰ
1148 2913 1249 2981 τῆς
1297 2910 1517 2982 φύσεως
1563 2914 1627 2980 ¹⁶,
1682 2913 1877 2967 ἀναλο-

287 3020 494 3071 γουσαν
528 3002 639 3066 τοῖς
671 3000 857 3072 μέλεσι
878 3001 976 3074 τὴν
1016 3003 1168 3073 παρά
1192 3003 1291 3074 τῆς
1326 3002 1541 3072 φύσεως
1570 3004 1875 3076 καταϐολὴν

1970 520 2156 592 βροτὸς
2201 535 2565 593 nuncupatur.
2598 525 2792 582 Matrix
2843 543 2992 592 vero,
3046 529 3192 598 quod
3224 530 3370 585 illius
3402 537 3546 602 quod

1964 624 2285 680 procreatur
2339 628 2514 669 mater
2572 617 2662 671 sit.
2715 616 2849 672 Nam
2909 618 2993 674 his
3070 621 3386 679 nominibus
3427 639 3546 679 eam

1967 702 2138 758 Graeci
2172 707 2443 775 appellant
2472 727 2483 762 :
2518 709 2698 778 νηδὺς,
2729 710 2943 781 δελφὺς,
2986 712 3205 784 ὑστέρα,
3238 716 3383 784 quod
3420 731 3552 769 ven-

1970 804 2127 861 trem,
2166 806 2405 863 uterum,
2448 801 2664 854 vulvam
2706 801 3166 872 iuterpretareris.
3220 806 3401 877 Νηδὺς
3431 809 3554 877 quia-

1967 887 2113 948 dem,
2162 889 2307 957 quod
2339 890 2669 959 voluptatem
2715 893 2945 959 diceres,
2983 897 3243 965 quoniam
3280 914 3393 953 rem
3425 915 3549 954 cum

1968 980 2248 1050 voluptate
2278 983 2519 1054 peragit;
2559 1000 2652 1039 seu
2680 1001 2709 1039 a
2733 985 2923 1042 Graeco
2970 988 3364 1058 διανεμεῖσθαι,
3407 993 3551 1060 quod

1969 1074 2358 1143 asperitatibus
2378 1076 2434 1145 8
2459 1077 2816 1143 cumulatam,
2844 1077 3206 1149 refertamque
3235 1098 3356 1136 csse
3385 1082 3555 1153 signi-

1973 1165 2191 1219 ficatum
2242 1166 2470 1221 obtinet.
2530 1167 2744 1224 Etenim
2815 1181 3011 1225 natura
3072 1172 3241 1241 ipsam
3301 1190 3550 1244 asperam

1970 1260 2227 1328 protulit,
2268 1269 2322 1314 et
2352 1261 2630 1316 acetabula
2673 1278 2795 1318 cum
2829 1264 2980 1320 venis
3004 1274 3055 1319 et
3086 1267 3300 1320 arteriis
3332 1267 3555 1336 quihus-

1971 1353 2095 1407 dam
2143 1353 2411 1420 adhibuit,
2470 1371 2537 1410 ne
2590 1370 2774 1411 semen
2810 1358 2986 1427 ipsum
3015 1359 3341 1415 lubricitatis
3379 1361 3551 1431 gratia

1970 1445 2298 1512 elaberetur,
2333 1463 2710 1518 puerperaque
2734 1449 3020 1505 infecunda
3047 1464 3402 1521 permaneret.
3427 1451 3553 1508 Sive

1970 1538 2116 1609 quod
2145 1538 2394 1595 defluxus
2419 1542 2659 1595 alimenti
2698 1554 2995 1613 conceptus
3023 1544 3091 1598 ab
3114 1559 3174 1599 ea
3208 1544 3492 1614 proveniat
3521 1562 3550 1600 a

1969 1629 2158 1687 Gnaeo
2179 1630 2374 1696 δεύειν,
2410 1632 2554 1701 quod
2590 1633 2825 1689 defluere
2852 1637 3081 1701 diceres,
3129 1637 3211 1691 vel
3251 1651 3279 1689 a
3306 1636 3393 1708 νὴ,
3433 1654 3553 1707 quze

1971 1732 2056 1777 est
2078 1738 2204 1792 pars
2234 1723 2521 1793 privativa,
2550 1733 2603 1779 et
2635 1726 2748 1789 δὺς,
2781 1727 2924 1797 quod
2961 1729 3309 1797 procreanda:
3356 1729 3557 1784 sobolis

1974 1815 2025 1869 vi
2082 1830 2472 1885 nonnunquam
2525 1817 2789 1887 privatur,
2852 1834 2914 1872 ac
2962 1819 3298 1873 laboriosum
3353 1820 3556 1890 patitur

1974 1914 2210 1975 partum.
2242 1905 2450 1974 Δελφὺς
2476 1922 2622 1973 vero,
2648 1909 2790 1977 quod
2816 1908 3003 1965 Graece
3020 1910 3389 1979 ἀδελφοποιδς,
3409 1913 3553 1981 quod

1975 1995 2171 2052 fratres
2219 2006 2595 2067 procreantem
2661 2000 2983 2070 explicares,
3062 2018 3185 2057 nam
3250 2002 3555 2072 ὰδελφοὶρι

1974 2091 2165 2144 eodem
2200 2100 2375 2157 utero,
2407 2093 2500 2161 qui
2532 2092 2696 2164 δελφὴ
2741 2094 2965 2160 dicitur,
3013 2096 3306 2167 procreati,
3358 2095 3555 2149 fratres

1974 2183 2275 2238 adinvicent
2301 2184 2661 2253 appellantur.
2696 2185 2928 2258 ’Υστέρα
2965 2197 3167 2254 autem,
3194 2188 3340 2257 quod
3371 2186 3556 2242 Graece

1976 2268 2203 2341 ὕστερον
2234 2272 2593 2327 novissimum
2626 2274 2847 2341 dicitur,
2880 2275 3005 2346 quia
3041 2282 3289 2331 omnium
3314 2278 3553 2347 partium

1976 2362 2273 2417 novissima
2330 2365 2582 2433 preprios
2643 2377 2797 2421 actus
2841 2369 3092 2432 ostendit,
3128 2384 3252 2423 cum
3310 2370 3361 2423 in
3398 2379 3554 2438 partu

1975 2454 2324 2524 perliciendo,
2353 2457 2681 2523 attrahcudi,
2705 2459 3041 2526 continendi,
3061 2461 3348 2521 alterandi.
3370 2477 3559 2516 excer—

1976 2549 2265 2617 ncttdique,
2292 2565 2412 2618 qua:
2434 2549 2553 2619 ejus
2579 2548 2862 2606 facultates
2887 2562 3036 2619 sunt,
3063 2562 3263 2607 utatur.
3287 2550 3393 2608 Seu
3415 2554 3555 2623 quod

1978 2640 2335 2695 novissimum
2363 2643 2591 2696 aliorum
2615 2646 2682 2696 ab
2700 2646 2822 2698 alvo
2838 2644 3001 2698 situm
3022 2645 3246 2698 obtinet.
3279 2643 3554 2714 Siquidem

1978 2740 2294 2800 conceptus,
2329 2731 2382 2785 iu
2416 2734 2572 2787 vulva
2603 2733 2861 2787 alimento
2895 2749 2958 2787 ac
2994 2733 3219 2802 spiritus
3247 2734 3556 2802 reciproca-

1977 2824 2143 2887 tione,
2177 2840 2283 2878 non
2316 2826 2445 2890 oris,
2482 2826 2574 2880 sed
2610 2827 2849 2881 umbilici
2877 2826 3051 2880 officio
3084 2827 3271 2890 utitur,
3311 2827 3456 2895 quod
3492 2843 3555 2880 ex

1978 2917 2165 2972 matris
2192 2916 2503 2986 sanguineis
2531 2918 2891 2972 excrementis
2925 2917 3000 2979 fit,
3029 2917 3171 2970 unde
3191 2927 3243 2970 et
3267 2916 3558 2971 umbilicus

1976 3004 2221 3077 ὀμφαλὸς
2256 3005 2462 3071 Graece,
2499 3005 2651 3059 deest
2689 3006 2816 3075 aliq.
2855 3005 2962 3058 ἀπὸ
2995 3004 3087 3056 τοῦ
3127 3004 3374 3074 ἐμπνεῖν,
3411 3002 3555 3073 quod

288 3094 717 3168 παραλαμϐάνει
760 3096 836 3127 ³⁷·
868 3094 947 3147 διὸ
993 3096 1091 3149 καὶ
1130 3095 1463 3166 συμμέτρως
1494 3098 1614 3159 ταῖς
1646 3097 1874 3161 οἰκείαις

1981 3098 2249 3168 respirare
2283 3109 2383 3162 e5t,
2427 3105 2789 3167 nuncupatur.
2828 3095 3088 3166 Corporis
3129 3110 3366 3164 namque
3400 3094 3557 3165 quasi

288 3186 486 3255 ἀρχαῖς
514 3189 573 3241 ἐν
612 3186 691 3257 τῷ
734 3187 834 3257 τῆς
868 3186 1085 3256 φύσεως
1132 3187 1485 3258 ἐργαστηρίῳ
1520 3204 1871 3259 περιυφαινο·

291 3277 454 3347 μένου
480 3279 575 3333 τοῦ
603 3278 855 3351 σώματος
878 3279 1240 3348 ἀπαρτίζεται
1274 3279 1418 3334 κατά
1453 3278 1702 3334 σύνθεσιν
1734 3281 1797 3338 ¹⁸.

1981 3192 2219 3246 medium
2246 3208 2352 3262 qua
2386 3191 2500 3261 ipse
2521 3192 2686 3245 situm
2722 3191 2931 3245 obtinet
2967 3188 3217 3243 habetur.
3254 3186 3556 3257 Siquidem,

1982 3283 2037 3337 in
2066 3282 2230 3353 hujus
2260 3282 2510 3338 animalis
2544 3291 2667 3337 ortu
2719 3285 3035 3336 membrana
3059 3280 3273 3335 subtilis
3311 3278 3556 3348 quaedam

299 3369 537 3439 primum
588 3370 912 3438 concrescit,
942 3387 1063 3443 quae
1095 3372 1165 3425 ab
1202 3372 1310 3428 illis
1342 3370 1561 3443 χώριον,
1626 3373 1774 3443 quod
1802 3389 1880 3429 set

1976 3375 2099 3429 dam
2153 3375 2538 3430 denominares
2598 3374 2705 3428 ἀπὸ
2772 3373 2867 3427 τοῦ
2896 3373 3063 3446 χορῶ,
3098 3373 3242 3443 quod
3306 3372 3561 3427 contineo

287 3460 523 3526 diceres,
565 3478 689 3518 cum
724 3461 867 3518 fetus
914 3463 983 3519 ab
1024 3463 1141 3533 ipsa
1188 3464 1551 3530 contineatur,
1586 3464 1701 3519 sive
1733 3466 1876 3535 quod
1910 3466 2062 3521 locus
2083 3464 2209 3535 ejus
2234 3465 2323 3532 sit,
2356 3467 2449 3536 qui
2493 3466 2562 3520 ab
2612 3466 2718 3520 illis
2746 3465 2944 3535 χώρων
3016 3470 3386 3532 nuncupatur,
3416 3460 3495 3515 vel
3530 3478 3559 3513 a

288 3557 580 3629 χορηγέω,
637 3557 783 3625 quod
838 3556 1121 3626 impertior
1160 3557 1390 3624 diceres,
1454 3558 1582 3627 quia
1624 3557 1754 3613 fetui
1804 3559 1874 3615 ab
1936 3560 2053 3629 ipsa
2097 3560 2412 3614 alimentum
2478 3560 2842 3628 imper-tiatur.
2878 3557 3084 3612 Dehinc
3116 3574 3240 3620 cor,
3273 3556 3418 3626 quod
3444 3571 3566 3643 ont-

292 3648 457 3702 nibus
479 3647 738 3702 membris
763 3648 1115 3717 proportione
1137 3648 1449 3719 respondet,
1469 3664 1593 3703 cum
1620 3664 1651 3703 a
1679 3659 1873 3704 natura
1909 3651 2147 3721 primum
2218 3650 2609 3715 constituatur,
2640 3658 2806 3703 totam
2883 3657 3092 3701 naturae
3136 3647 3308 3717 ipsius
3352 3647 3562 3700 consti-

191 3734 197 3739 ’
290 3739 557 3793 tutionem
592 3740 838 3809 suscipit.
877 3738 1244 3805 Quamobrem
1274 3777 1290 3805 ,
1321 3741 1376 3795 in
1411 3748 1620 3795 naturae
1664 3741 1917 3807 officina,
1957 3741 2023 3796 ad
2064 3741 2313 3812 corporis
2361 3751 2669 3796 contextum
2726 3740 3093 3810 peragendum
3141 3738 3559 3809 compositionis

292 3830 506 3897 ordine,
535 3831 813 3887 moderate
841 3832 1080 3903 propriis
1111 3830 1399 3901 principiis
1434 3830 1733 3900 perﬁcitur.

375 3922 805 3995 Ἐσχημάτισται
837 3924 896 3979 δὲ
928 3928 988 3979 ἐν
1017 3927 1085 3997 τῇ
1124 3925 1309 3996 μήτρᾳ
1342 3923 1409 3977 τὰ
1439 3923 1541 3994 μὲν
1560 3924 1869 3994 τετράποδα

290 4016 400 4068 τῶν
428 4013 585 4078 ζώων
616 4016 956 4088 ἐκτεταμένα
990 4019 1033 4050 ¹⁹
1067 4015 1320 4071 κεῖσθαι·
1358 4016 1386 4069 6
1409 4015 1466 4069 δέ
1500 4015 1788 4087 ἅνθρωπος
1822 4016 1869 4047 ²⁰

291 4109 392 4179 τὴν
442 4109 541 4179 μὲν
573 4110 693 4180 ῥῖνα
745 4110 911 4180 μέσον
952 4108 1062 4163 τῶν
1097 4107 1342 4178 γονάτων
1382 4107 1527 4179 ἔχειν
1553 4108 1618 4173 ⁸³,
1663 4108 1790 4171 τοὺς
1815 4107 1872 4161 δὲ

292 4199 612 4269 ὀφθαλμοὺς
645 4200 741 4253 ἐπὶ
773 4202 888 4265 τοῖς
919 4201 1146 4270 γόνασι·
1192 4199 1260 4253 τὰ
1286 4199 1344 4253 δὲ
1392 4194 1508 4253 ὦτα
1539 4198 1719 4259 ἐκτός.
1758 4198 1873 4253 Καὶ

294 4292 424 4345 ὅταν
470 4291 563 4344 τὸν
610 4291 945 4362 τεταγμένον
992 4292 1097 4365 τῆς
1138 4293 1392 4362 κυήσεως
1431 4291 1476 4322 ²²
1530 4287 1872 4363 ἐκπληρώσῃ

2050 3924 2473 3995 Quadrupedum
2526 3933 2707 3978 autem
2753 3921 3070 3978 animalium
3114 3935 3308 3991 genus,
3338 3921 3388 3975 in
3408 3924 3563 3979 vulva

1978 4026 2288 4089 porrectum
2312 4016 2611 4072 consistere
2629 4016 2921 4086 figuratur;
2947 4013 3110 4068 homo
3122 4028 3251 4068 vero
3268 4029 3459 4070 nasum
3482 4016 3567 4071 iu-

1979 4119 2061 4167 ter
2082 4124 2257 4181 genua
2295 4108 2530 4163 medium
2555 4107 2858 4173 continens,
2883 4105 3059 4161 oculis
3080 4105 3311 4177 genibus
3341 4106 3565 4173 innixis.

1980 4216 2142 4259 aures
2171 4200 2510 4256 extrinsecus
2540 4199 2757 4255 retinet.
2788 4197 2855 4253 Et
2879 4198 3072 4269 ecum
3104 4198 3219 4269 jam
3257 4199 3562 4271 legitimum

1979 4292 2169 4349 edendi
2196 4302 2383 4363 partus
2409 4301 2621 4361 tempus
2646 4289 2976 4360 completum
3000 4289 3387 4358 fuerit,venter
3407 4293 3460 4347 in
3480 4303 3569 4347 tu-

294 4387 510 4459 χρόνον,
548 4387 686 4458 πρὸς
714 4388 878 4457 ὄγκον
905 4390 936 4459 ἡ
968 4388 1188 4459 γαστὴρ
1220 4385 1608 4457 διεγειρομένη
1640 4385 1774 4439 ὠθεῖ
1813 4387 1875 4438 τὸ

1982 4400 2191 4441 morem
2238 4395 2472 4451 erectus,
2487 4382 2654 4439 fetum
2678 4382 2744 4437 ad
2762 4382 3031 4439 exteriora
3050 4383 3272 4453 expellit
3291 4402 3305 4450 ;
3322 4393 3374 4438 et
3389 4385 3570 4439 soluto

295 4478 539 4552 ἔμϐρυον
571 4480 676 4545 ἐξω
712 4480 757 4512 ³³
785 4496 798 4509 ·
829 4480 923 4535 καὶ
955 4480 1174 4552 πρῶτον
1211 4480 1311 4552 τῆς
1359 4478 1605 4548 κεφαλῆς
1640 4479 1874 4533 ἀπολυο-

298 4573 468 4643 μένης
504 4572 553 4604 ⁸⁵
595 4572 753 4641 ῥέπει
808 4572 951 4626 κατά
995 4571 1094 4644 τὴν
1125 4572 1345 4643 κίνησιν
1386 4570 1457 4624 τὰ
1488 4569 1869 4641 βαρυογκωδέ-

301 4679 468 4734 ττερα
488 4664 534 4696 ³⁸
564 4662 657 4717 τοῦ
688 4662 944 4733 σώματος
972 4662 1345 4734 ἐπισυρομένη
1377 4662 1442 4715 ⁸⁸.
1464 4661 1647 4715 Ταῦτα
1670 4661 1728 4715 δέ
1758 4661 1873 4715 ἐστι

294 4756 367 4810 τὰ
400 4757 529 4828 περὶ
566 4757 693 4821 τοὺς
725 4756 911 4829 ὢμους
942 4757 1086 4830 μέρη
1118 4758 1214 4811 καὶ
1243 4754 1470 4827 Θώρακα
1493 4757 1558 4810 ’⁷.
1594 4754 1704 4808 Kal
1735 4754 1872 4824 αὕτη

299 4850 452 4904 ἐστὶν
479 4853 513 4921 ἡ
551 4851 647 4905 ἐπὶ
667 4852 782 4916 τοῖς
804 4851 950 4905 κατὰ
978 4850 1141 4920 φύσιν
1168 4849 1514 4920 τικτομένοις
1543 4846 1632 4901 ἐπ’
1661 4845 1876 4909 εὐθείας

297 4939 420 5003 ὁδός
452 4941 517 4997 ’⁸.
554 4940 693 5007 Τοὺς
722 4942 829 5012 γὰρ
879 4941 1033 5012 παρὰ
1064 4941 1227 5009 φύσιν
1264 4939 1462 5002 τόκους
1503 4937 1536 5009 ἢ
1570 4935 1864 4997 δυστοκίας

301 5032 706 5104 παραλειπτέον
754 5035 825 5087 ’³.
859 5032 1017 5087 Μετά
1072 5031 1205 5099 γοῦν
1236 5033 1334 5102 τὴν
1381 5027 1735 5101 χειρουργίαν
1783 5026 1879 5080 τοῦ

242 5230 249 5245 .
374 5192 422 5225 ⁸³
445 5191 791 5261 διανενῆσθαι
826 5190 867 5244 Β
896 5190 937 5245 C
968 5190 1025 5246 P.
1123 5190 1168 5223 ⁸³
1193 5188 1492 5312 τραχύτητι
1520 5190 1579 5243 Β.

296 5263 343 5296 ’⁸
372 5261 760 5312 ἐξολισθαίνων
789 5259 850 5312 Β.
882 5260 1220 5312 ἐξολισθαίντι
1250 5259 1291 5312 C
1369 5300 1382 5312 .
1484 5263 1529 5293 θ’
1560 5278 1579 5311 1

296 5263 343 5296 ’⁸
372 5259 760 5328 ἐξολισθαίνων
789 5259 850 5325 Β,
882 5259 1291 5331 ἐξολισθαίνῃήϐ

1373 5207 1492 5259 τητι
1520 5190 1579 5243 Β.
1668 5188 1715 5220 ’⁵
1745 5186 1857 5257 ἔχει
1888 5187 1948 5241 Β.
2034 5188 2080 5221 ⁸⁸
2107 5186 2439 5258 ἀρτυμάτων
2465 5186 2527 5247 Β,
2553 5186 2892 5263 ἀρτημάτων
2918 5186 2978 5238 C.
3055 5186 3100 5217 ’⁷
3138 5186 3167 5237 6
3196 5186 3401 5252 σπόρος
3416 5186 3471 5264 μ
3500 5186 3562 5237 Ρ.

1369 5300 1409 5331 ,ν
1484 5263 1529 5293 θ’
1560 5257 1905 5331 περιόδευσις
1963 5257 2023 5331 Β,
2078 5256 2416 5331 παράδευσις
2618 5254 2719 5331 χιι,
2775 5270 2876 5322 της
2922 5253 3131 5331 τροιρῆς
3176 5254 3290 5331 ann:
3310 5253 3478 5331 (16'qu
3504 5252 3564 5331 Β.

1982 4478 2218 4549 primum
2248 4476 2446 4547 capite,
2474 4490 2540 4532 eo
2571 4484 2753 4531 motus
2799 4476 3007 4539 ordine,
3037 4476 3124 4529 illa
3158 4491 3279 4544 qua:
3316 4476 3567 4545 graviora

1978 4567 2246 4638 corporis,
2266 4567 2667 4638 corpulentiora
2696 4581 2818 4637 quae
2848 4575 2976 4621 sunt
3000 4566 3067 4619 ab
3094 4565 3213 4634 ipso
3247 4573 3418 4619 tracta
3447 4564 3569 4634 (has

1979 4660 2197 4730 quidem
2249 4669 2431 4729 partes
2467 4659 2532 4714 ad
2559 4659 2817 4713 humeros
2838 4664 3138 4727 pectusque
3160 4671 3281 4711 esse
3320 4658 3566 4725 constat)

1979 4760 2130 4805 extra
2150 4760 2396 4821 serpunt.
2423 4749 2488 4805 Et
2509 4750 2624 4805 htee
2650 4748 2868 4819 quidem
2910 4746 3104 4803 semita
3130 4762 3318 4801 eorum
3350 4748 3441 4818 qui
3474 4763 3567 4802 na-

1983 4852 2119 4897 tura:
2138 4843 2329 4898 ordine
2359 4850 2662 4898 nascuntur
2691 4848 2836 4895 recta
2871 4839 3120 4894 habetur.
3147 4837 3414 4895 Tumores
3440 4855 3568 4896 vero

1987 4932 2213 4993 ventris,
2273 4931 2365 5001 qui
2414 4938 2610 5000 praeter
2643 4936 2895 4983 naturam
2949 4928 3226 4992 eveniunt,
3270 4940 3568 5000 partusque

1987 5022 2330 5077 difficultates
2362 5022 2561 5078 missas
2607 5020 2893 5076 faciemus.
2925 5019 3047 5075 Mox
3110 5020 3275 5091 igitur
3328 5021 3397 5076 ab
3446 5023 3563 5093 ipsa

2034 5188 2080 5221 ⁹⁶
2107 5183 2439 5258 ἀρτυμάτων
2465 5181 2527 5258 ΒΔ,
2553 5182 2892 5258 ἀρτημάτων
2918 5182 2978 5238 C.
3055 5184 3100 5258 ξ’
3138 5185 3167 5237 6
3187 5183 3401 5258 ,σπόρος
3416 5180 3471 5258 Β

297 5337 318 5365 ²
346 5317 523 5387 ναίειν
556 5334 623 5396 A,
650 5332 794 5386 νέειν
819 5317 883 5393 C,
916 5317 1090 5385 δεύειν
1120 5317 1221 5385 Ρ.”
1257 5332 1278 5363 ³
1308 5330 1424 5384 ἐστὶ
1448 5331 1510 5384 τὸ
1536 5332 1594 5385 Β.
1634 5317 1647 5331 ⁸
1673 5328 1694 5360 ⁸
1722 5330 1818 5382 καὶ
1848 5317 1957 5383 oni.
1986 5317 2043 5382 Β.
2122 5331 2143 5362 ⁸
2162 5317 2463 5398 όμόδελφυς
2504 5323 2564 5377 Β.
2641 5323 2663 5355 ⁸
2692 5317 2865 5398 ἤγουν
3020 5317 3224 5398 exiget:
3254 5324 3315 5379 Ρ.
3355 5322 3412 5398 _"
3433 5317 3568 5398 irai)-

298 5403 563 5471 ελκτικὴν
597 5402 659 5456 Β.

299 5476 344 5507 ³⁸
376 5470 579 5528 λεπτὸν
605 5489 716 5528 om.
749 5470 825 5527 Β.
890 5473 932 5503 ³³
961 5470 1160 5543 χωρίον
1194 5470 1255 5524 Β.

296 5544 477 5625 δόλιον
509 5543 570 5625 Β,
601 5539 1216 5625 λαμϐάνειμῷᾤολὴν
1251 5539 1407 5625 παρὰ
1431 5539 1772 5625 ﬁer—pucea);
1868 5540 1930 5596 P.
1979 5613 1990 5625 Ι
2010 5541 2051 5572 ¹⁷
2081 5539 2286 5625 παραλ.

667 5610 713 5647 ⁵⁸
738 5613 830 5684 τὸν
856 5612 913 5665 δὲ
934 5610 1227 5684 ἀνθρώ-πον
1402 5681 1411 5684 Α
1455 5613 1497 5644 ⁸⁸
1526 5610 1640 5683 ἔχει
1756 5681 1767 5684 Α
1795 5613 1839 5642 ²²
1876 5610 2244 5684 κινήσεως

304 5614 481 5685 μένως
509 5612 571 5669 Β.

304 5681 522 5755 κεφαλὴ
550 5682 900 5755 ἀπολυομένη
921 5681 992 5755 ΑΒ.

758 5403 780 5433 ⁸
818 5401 1241 5524 βρεφοόουργεῖν
1270 5399 1331 5462 Α,
1375 5400 1619 5471 δηλονότι
1673 5416 1783 5455 out.
1816 5397 1879 5455 C.
1956 5402 1975 5433 ⁹
2010 5400 2067 5453 δὲ
2094 5398 2133 5451 Β
2168 5394 2209 5452 (Σ
2244 5396 2305 5451 Ρ.
2388 5397 2431 5429 ¹⁰
2463 5394 2912 5479 περιπτωμάτων
2944 5395 3009 5449 Α.
3092 5396 3135 5426 ¹¹
3171 5395 3252 5478 ἐμί

758 5474 807 5524 Β.
890 5473 932 5503 ³³
961 5489 1075 5524 γωο
1100 5490 1160 5524 ον
1194 5470 1255 5524 Β.
1336 5470 1379 5502 “‘
1402 5473 1723 5524 περιέ-νοντα
1747 5471 1813 5523 Α.
1893 5470 1938 5502 ¹⁸
1960 5470 2089 5524 ὄντα
2118 5470 2159 5522 Α
2185 5471 2246 5523 C.
2328 5469 2371 5501 ⁸⁸
2401 5465 2631 5521 κατα6λ.
2666 5482 2726 5517 π.
2776 5484 2875 5524 της
2916 5482 3047 5524 φυσ.
3078 5464 3252 5524 λαμόα

1336 5464 1723 5555 ¹¹⁵ὶτέεριέχοντα
1747 5471 1837 5555 AL
1868 5470 1938 5555 λδ
1960 5470 2089 5555 ὄντα
2118 5470 2159 5522 Α
2185 5471 2252 5555 Ο.
2328 5469 2371 5501 ⁸⁸
2401 5464 2737 5555 utamur.
2776 5467 2875 5554 τῆς
2916 5482 3062 5555 (ῥύσι’λ
3078 5464 3354 5555 λοιμόάνιει⁸
3400 5480 3569 5517 κατα-

1087 5685 1131 5753 ‘f‘
1163 5683 1232 5737 τὰ
1280 5677 1692 5753 βαρύτερα”καὶ
1746 5677 2124 5753 ὀγκωδέστερα
2163 5680 2202 5733 Β
2230 5679 2311 5753 JCV

298 5749 452 5823 ὦμον
483 5749 537 5811 κ.
571 5756 663 5811 τὸν
693 5749 829 5821 θωρ.
866 5749 1003 5825 μέρη
1029 5752 1069 5806 Β
1099 5752 1161 5822 Ρ,
1191 5753 1261 5809 τὰ
1280 5749 1396 5807 ’τῶν
1425 5749 1591 5823 ὤμων
1620 5771 1676 5823 μ.
1703 5768 1759 5805 κ.
1798 5751 2045 5823 Θώρακος
2060 5749 2126 5806 Ο.

3092 5396 3135 5426 ¹¹
3171 5395 3405 5463 ἐμπνεῖν
3432 5391 3473 5444 Β
3502 5392 3564 5446 C.

2346 5556 2454 5592 nlll.
2496 5536 2556 5589 P.
2604 5535 2686 5608 “:8
2720 5552 2784 5608 κἑ
2808 5534 2906 5608 τὴν
2936 5535 3087 5608 σύνθ.
3265 5534 3567 5608 ξθᾴὲκτεταέ-

2319 5609 2364 5641 ’³
2392 5609 2473 5671 είς
2501 5607 2560 5659 τὸ
2600 5604 2705 5670 ἔξω
2754 5605 2815 5669 Β,
2861 5602 2949 5668 ἐἰς
2996 5607 3066 5659 τὰ
3106 5605 3210 5672 ἔξω
3254 5604 3295 5659 C
3322 5604 3380 5658 P.
3455 5602 3564 5675 “fl;

2357 5677 2416 5732 Ρ.
2510 5679 2557 5709 ³⁸
2590 5678 2749 5728 ἐπισυ
2791 5678 2987 5749 ομένου
3045 5677 3107 5733 C.
3202 5677 3244 5707 ²⁷
3276 5676 3343 5729 τὰ
3386 5692 3445 5727 π.
3473 5674 3566 5726 τὸν

2357 5751 2441 5799 ἐπ’
2470 5747 2586 5799 εὐθ.
2638 5746 2720 5799 όδ.
2917 5750 2961 5782 ²⁰
2993 5746 3377 5799 παραληπτέον
3425 5745 3461 5799 Β
3496 5744 3571 5797 C.’

2223 5750 2266 5782 ³⁸
2293 5752 2325 5821 ἡ
2354 5751 2441 5803 ἐπ’
2470 5747 2586 5802 εύθ.
2638 5746 2720 5799 όδ.
2756 5744 2837 5801 Β(
2917 5750 2961 5782 ’9
2993 5746 3377 5820 παραληπτέον
3425 5745 3461 5800 Β
3496 5744 3563 5797 C.
