4066 6214
316 270 458 326 1089

1526 267 1612 321 DE
1654 267 1939 323 NATURA
1982 269 2293 326 llOMlNIS.

3448 275 3589 335 1090

311 387 408 439 καὶ
461 380 733 453 Θρεπτικὴ
784 380 1015 450 δύναμις
1065 382 1199 452 μόνη
1247 382 1325 412 ⁷ου
1377 381 1435 434 οῦ
1477 382 1585 450 γὰρ
1640 383 1809 451 χωρεῖ
1839 379 1898 432 τὸ

2002 382 2113 435 dita
2149 384 2319 451 ipsam
2350 383 2688 451 prmveninnt
2709 399 2723 449 ;
2747 399 2872 439 nam
2898 383 3029 439 illud
3057 382 3205 453 quod
3229 383 3446 455 accipit,
3477 403 3589 457 prae

309 476 699 549 περισσότερον
718 476 750 545 ἡ
770 473 863 527 τοῦ
885 474 1177 545 δεχομένου
1210 474 1510 546 βραχύτης.
1537 470 1666 525 Εἶτα
1686 475 1899 542 προῖόνο

307 588 399 633 τος
414 571 495 631 είς
526 567 642 636 φῶς
663 566 758 620 τοῦ
782 567 977 634 φυτοῦ,
1004 568 1100 620 καὶ
1126 568 1265 637 ἡλίῳ
1296 568 1393 636 τὴν
1425 566 1666 636 βλάστην
1694 565 1904 629 δείξαν-

308 674 422 719 τος,
460 657 493 725 ἡ
528 655 572 685 ’⁸
617 653 911 725 αἰσθητικὴ
939 656 1099 725 χάρις
1124 654 1464 725 ἑπήνθησεν.
1510 655 1904 725 ’Λνδρωθέντος

306 748 364 800 δὲ
401 747 502 816 ἤδη
556 745 651 798 καὶ
694 746 740 775 τ’
791 746 871 807 είς
900 743 1217 815 σύμμετρον
1254 746 1440 815 μῆκος
1482 746 1902 815 ἀναδραμόντος

307 838 564 907 καθάπερ
596 854 682 900 τις
709 837 941 906 καρπὸς,
973 840 1005 906 ἡ
1052 836 1248 907 λογικὴ
1302 836 1534 906 δύναμις
1569 837 1803 907 ἄρχεται
1834 838 1900 902 ⁷³,

306 931 366 984 οῦ
401 932 553 983 πᾶσα
579 928 792 997 ἀθρόως
821 928 1194 998 ἑκεραινομένη
1224 968 1238 990 ,
1276 928 1417 982 ἀλλά
1441 931 1507 999 τῇ
1536 928 1632 981 τοῦ
1666 928 1900 999 ὀργάνου

305 1023 589 1076 τελειώσει
638 1021 706 1073 δι’
752 1019 1070 1090 ἐπιμελείας
1116 1020 1460 1084 συναύξουσα
1508 1019 1595 1050 ⁷⁸·
1643 1018 1902 1072 τοσοῦτον

307 1117 395 1169 ἀεὶ
424 1110 855 1185 καρποφοροῦσα
879 1152 893 1176 ,
926 1113 1053 1164 ὅσον
1099 1115 1271 1182 χωρεῖ
1317 1111 1412 1164 τοῦ
1445 1110 1817 1181 ὑποκειμένου
1867 1112 1899 1181 ἡ

264 1194 275 1253 ἒ
308 1205 562 1275 δύναμις.
622 1204 699 1274 Τῇ
766 1203 875 1274 γάρ
918 1202 1114 1274 πρώτῃ
1174 1206 1276 1273 τῆς
1324 1202 1640 1265 συστάσεως
1676 1203 1899 1272 ἀφορμῇ

312 1295 774 1365 συνεσπαρμὲνην
803 1296 901 1366 τὴν
926 1295 1025 1363 τῆς
1048 1294 1267 1362 φύσεως
1293 1294 1543 1364 ἔγνωμεν
1568 1294 1802 1361 δύναμιν
1828 1294 1896 1348 ⁷⁸.

324 1386 725 1453 Ἐξαπλοῦσθαι
760 1386 816 1438 δὲ
846 1387 939 1440 καὶ
971 1385 1345 1457 φανεροῦσοαι
1372 1385 1457 1438 διά
1493 1403 1637 1447 τινος
1665 1386 1903 1456 φυσικῆς

311 1481 638 1543 ἀκολουθίας
664 1482 709 1511 ⁷⁸
742 1480 879 1550 πρὸς
905 1479 965 1532 τὸ
987 1480 1192 1532 τέλειον
1221 1478 1484 1532 ἀνιοῦσαν
1513 1480 1557 1509 ⁷⁷
1580 1495 1594 1509 ·
1630 1478 1690 1530 οὐ
1734 1494 1903 1548 προσ-

314 1572 700 1644 λαμϐάνουσάν
747 1590 800 1625 τι
846 1572 955 1625 τῶν
998 1569 1199 1637 ἔξωθεν
1256 1573 1337 1635 εἰς
1382 1571 1640 1641 ἀφορμὴν
1683 1569 1903 1623 τελειὼ-

316 1684 491 1730 σεως,
524 1664 642 1719 ἀλλ’
673 1664 871 1735 ἑαυτὴν
903 1665 983 1728 είς
1025 1666 1087 1717 τὸ
1129 1665 1337 1717 τέλειον
1383 1664 1429 1696 ⁷⁸
1469 1664 1538 1717 δι’
1579 1662 1902 1726 ἀκολουθίας

2007 474 2089 527 sui
2144 474 2437 542 exiguitate
2486 475 2713 544 majoris
2767 491 2938 546 capax
2988 490 3112 530 esse
3159 475 3588 546 haudquaquam

2006 574 2198 633 potest.
2241 563 2448 620 Dehine
2491 567 2659 635 stirpe
2699 567 2753 619 in
2803 570 2976 620 lucem
3009 566 3171 628 edita,
3225 581 3435 622 necnon
3461 582 3586 622 cum

2006 655 2109 710 soli
2140 655 2240 725 ipsi
2269 671 2488 727 germen
2516 658 2835 723 ostenderit,
2865 658 3134 713 sensuralis
3162 657 3436 715 facultatis
3464 674 3591 731 gra-

2006 747 2080 801 tia
2136 747 2305 802 subit.
2348 747 2486 802 Cum
2523 762 2653 802 vero
2695 750 2761 802 ad
2810 748 3021 802 virilem
3048 750 3159 817 jam
3216 759 3426 803 aetatem
3461 766 3590 805 eve-

2005 838 2172 901 hitur,
2231 839 2624 909 moderataque
2658 841 3036 910 magnitudine
3086 841 3144 894 fit
3193 842 3438 911 praedita,
3500 858 3589 897 ra-

2006 930 2229 983 tionalis
2276 929 2505 985 facultas
2561 930 2770 986 fructus
2814 931 3099 1001 cujusdam
3156 932 3271 987 vice
3313 932 3585 1002 provenit.

2004 1037 2126 1090 qua:
2162 1021 2449 1075 confertim
2502 1022 2923 1092 haudquaquam
2948 1024 3277 1087 ostenditur,
3335 1024 3428 1079 sed
3476 1039 3585 1080 una

2004 1129 2128 1167 cum
2177 1113 2526 1168 instrumenti
2575 1113 2933 1184 perfectione,
2979 1131 3089 1185 prae
3137 1132 3250 1171 sua.
3294 1117 3584 1186 providen—

2006 1206 2092 1258 tize
2121 1214 2278 1274 captu
2318 1205 2714 1260 incrementum
2751 1208 2967 1277 adepta,
3001 1210 3339 1262 tantumdem
3374 1207 3584 1265 fructus

2005 1307 2267 1366 perpetuo
2295 1297 2424 1361 edit,
2456 1308 2720 1367 qnantum
2769 1299 3035 1369 capiendo
3071 1300 3299 1369 subjecti
3354 1299 3583 1357 facultas

2008 1384 2259 1440 sufﬁciet.
2304 1385 2608 1457 Siquidem,
2641 1397 2850 1442 natura:
2878 1390 3198 1457 potentiam,
3232 1390 3418 1458 prima:
3447 1405 3583 1443 con-

2003 1478 2304 1533 stitutionis
2326 1477 2601 1533 occasioni
2628 1480 2917 1534 admistam
2942 1496 3062 1535 esse
3087 1489 3320 1535 constat.
3356 1479 3581 1548 Verum,

2004 1585 2129 1624 cum
2185 1570 2252 1624 ad
2301 1570 2687 1641 perfectionem
2733 1573 3099 1643 prOgredilur,
3153 1582 3360 1628 naturae
3407 1575 3585 1628 conti-

2004 1673 2173 1716 nuato
2204 1672 2411 1730 tenore,
2444 1665 2707 1719 dilatatur
2736 1680 2800 1720 ac
2842 1664 3132 1719 manifesta
3176 1665 3441 1719 redditur.
3480 1664 3584 1721 ΝΘ·

312 1758 699 1829 προάγουσαν·
757 1756 833 1819 ὼς
885 1758 1022 1827 μήτε
1072 1755 1251 1827 ψυχὴν
1309 1755 1417 1826 πρὸ
1468 1754 1564 1808 τοῦ
1621 1754 1895 1826 σώματος,

2001 1772 2105 1825 que
2144 1772 2271 1810 vero
2322 1757 2626 1825 quidpiam,
2678 1766 2737 1811 nt
2782 1757 3019 1824 perfecta
3067 1757 3350 1824 efﬁciatur,
3386 1772 3576 1812 eorum

316 1852 456 1923 μήτε
504 1848 673 1920 χωρὶς
711 1848 894 1918 ψυχῆς
939 1847 1001 1900 τὸ
1038 1848 1233 1918 σῶμα,
1291 1849 1490 1920 ἀληθὲς
1526 1844 1664 1901 εἷναι
1715 1848 1897 1917 λέγειν

314 1938 457 1992 κατά
507 1939 606 2010 τὴν
640 1939 749 1993 τῶν
787 1938 1057 2008 Ἑλλήνων
1098 1939 1419 2011 ἐρεσχελίαν
1470 1940 1538 2007 τ’,
1584 1939 1720 1993 ἀλλά
1767 1940 1896 2011 μίαν

316 2030 643 2102 ἀμφοτέρων
682 2031 729 2062 ⁸⁰
767 2031 942 2100 ἀρχήν
977 2032 1043 2086 εί.
1260 2088 1263 2089 ,

315 2137 420 2193 pus
467 2123 708 2177 vicissim
736 2123 919 2177 anima
949 2131 1286 2195 separatum,
1315 2134 1373 2179 ut
1400 2124 1570 2181 Graeci
1601 2134 1897 2197 angantur,

315 2214 556 2269 dendutu
601 2216 690 2271 sit.

400 2327 622 2398 Ἐπειδὴ
652 2328 705 2381 δὲ
728 2330 772 2362 θ’
809 2331 870 2382 ἑκ
893 2329 1147 2400 σώματός
1174 2330 1325 2384 ἑστιν
1363 2333 1391 2385 ό
1420 2330 1518 2386 ἄνθ
1530 2348 1713 2402 ρωπος
1736 2347 1749 2362 ο
1787 2331 1896 2384 πᾶν

314 2419 373 2471 δὲ
440 2421 600 2491 σῶμα
653 2424 716 2474 ὲκ
770 2422 816 2453 ⁸⁸
864 2423 1149 2493 τεσσάρων
1206 2422 1487 2494 στοιχείων
1548 2423 1893 2476 συνίσταται”

315 2510 531 2581 ἀνάγκη
565 2510 776 2575 τούτοις
822 2515 934 2575 τοῖς
968 2513 1165 2566 πάθεσι
1210 2513 1567 2584 περιπίπτειν
1592 2514 1780 2575 αὐτὸν,
1814 2508 1897 2577 οἷς

319 2605 414 2656 καὶ
456 2605 525 2657 τά
578 2607 836 2676 στοιχεῖα.
893 2606 973 2658 Τὰ
1012 2605 1068 2658 δὲ
1108 2608 1348 2676 στοιχεῖα
1384 2606 1450 2658 δι’
1495 2599 1570 2661 ὧν
1621 2607 1649 2658 ό
1690 2606 1897 2675 κόσμος

318 2696 492 2759 ἄπας.
524 2697 591 2766 γῆ
623 2699 760 2761 ἐστι,
790 2698 885 2749 καὶ
920 2695 1063 2765 ὕδωρ
1090 2696 1186 2751 καὶ
1222 2697 1332 2769 πῦρ
1363 2699 1455 2750 κοιλ⁵
1489 2698 1598 2767 ἀήρ
1626 2698 1693 2751 ⁸⁸.
1727 2697 1896 2767 Εἴρη-

315 2803 407 2841 ται
435 2788 482 2819 ⁸⁸
514 2788 570 2841 δὲ
602 2788 873 2858 στοιχεῖα
914 2790 1064 2860 παρὰ
1088 2790 1150 2842 τὸ
1181 2792 1490 2859 συστοιχεῖν
1525 2789 1775 2859 ἀλλήλοις
1801 2787 1898 2841 καὶ

318 2880 657 2951 ἐφαρμόζειν
708 2881 808 2950 τῆς
859 2882 969 2933 τῶν
1016 2880 1063 2914 ⁸⁵
1122 2881 1181 2947 ἑξ
1238 2881 1499 2935 ἁπάντων
1548 2880 1896 2950 εὐαρμόστου

316 2973 626 3043 ποιότητος.
674 2974 748 3026 Οὐ
788 2960 959 3044 μόνον
1003 2973 1112 3045 γὰρ
1164 2974 1274 3027 τῶν
1329 2974 1611 3044 στοιχείων
1667 2974 1899 3026 ἑκαστον

2005 1863 2127 1918 qua:
2172 1850 2515 1904 extrinsecus
2542 1857 2670 1903 sunt
2698 1850 2916 1919 accipit,
2948 1851 3041 1906 sed
3095 1851 3330 1920 seipsam
3363 1850 3581 1920 propria

2003 1939 2056 1994 vi
2092 1942 2308 2009 incepto
2366 1940 2570 1995 tenoris
2603 1940 2794 1994 ordine
2833 1941 3018 1995 debito
3062 1940 3153 1995 fini
3185 1941 3487 2003 constituit.
3524 1947 3586 1995 ut

2004 2048 2181 2103 neque
2209 2033 2447 2087 animam
2470 2047 2666 2102 corpus
2696 2033 3021 2102 praecedere,
3055 2048 3231 2103 neque
3258 2033 3434 2103 ipsum
3462 2048 3586 2088 cor-

1962 2126 2058 2182 sed
2098 2128 2382 2197 utriusque
2422 2126 2561 2181 idem
2599 2125 2927 2197 principium
2957 2140 3081 2181 esse
3141 2128 3432 2183 verissime
3458 2140 3583 2181 cre-

2077 2329 2345 2398 Qnoniam
2402 2344 2529 2384 vero
2567 2329 2734 2385 homo
2764 2345 2830 2384 ex
2889 2344 3118 2399 corpore
3166 2338 3282 2394 est,
3324 2329 3422 2399 ιι
3464 2344 3588 2385 cor-

2006 2439 2109 2494 pus
2138 2432 2317 2477 autem
2377 2422 2655 2492 quodlibet
2712 2437 2777 2476 ex
2829 2421 3111 2476 elementis
3165 2430 3399 2491 quatuor
3454 2435 3589 2477 con-

2009 2516 2292 2579 stituitur,
2329 2514 2505 2583 ipsum
2575 2513 2764 2568 iisdem
2824 2512 3205 2567 affectionibus
3266 2512 3466 2583 quibus
3534 2522 3589 2568 et

2010 2607 2245 2660 mundus
2300 2605 2496 2674 subjici
2557 2619 2779 2659 necesse
2838 2612 2921 2658 est
2969 2622 2984 2658 :
3048 2606 3247 2659 etenim
3318 2604 3587 2659 elementa

2008 2696 2152 2751 unde
2174 2695 2339 2749 totius
2355 2695 2502 2749 orbis
2525 2695 2857 2759 constitutio,
2877 2703 3043 2758 terra,
3069 2710 3229 2764 aqua,
3250 2709 3342 2749 aer
3363 2710 3427 2749 ac
3449 2695 3587 2764 ignis

2004 2799 2149 2843 sunt.
2200 2786 2333 2841 Nam
2375 2788 2490 2841 haec
2532 2786 2717 2841 (ἔναιρε
2772 2789 3010 2856 στοιχεῖα
3057 2787 3395 2855 appellantur
3435 2788 3588 2851 παρά

2002 2880 2065 2933 τὸ
2099 2882 2400 2950 συστοιχεῑν
2450 2878 2718 2949 ἀλλήλοις,
2750 2880 2895 2949 quod
2937 2889 3126 2933 mutuo
3158 2879 3458 2933 adii-vicem
3491 2893 3586 2933 orq-

2005 2972 2131 3025 dine
2161 2981 2304 3026 recte
2336 2971 2653 3041 procedant,
2710 2986 2772 3025 ac
2803 2971 3099 3025 universim
3128 2970 3385 3026 omnibus
3418 2971 3471 3025 iu
3502 2987 3587 3025 re-

320 3061 632 3127 ίδιάζουσαν
662 3064 758 3117 καὶ
782 3064 1328 3137 ἀποκεκληρωμὲνην
1364 3064 1478 3135 ἔχει
1510 3065 1792 3135 ποιότητα,
1828 3064 1896 3117 δι’

2002 3064 2104 3120 bus
2155 3065 2358 3135 optime
2388 3072 2721 3135 congruente
2769 3063 3032 3133 qualitate
3084 3064 3187 3118 rite
3233 3064 3582 3118 conveniant.

316 3151 386 3226 ἧς
417 3156 527 3209 τῶν
553 3156 756 3209 λοιπῶν
781 3158 1162 3228 ἀποκρίνεται,
1193 3157 1288 3211 καὶ
1316 3158 1500 3211 ὁποῖόν
1540 3160 1686 3210 ἐστιν
1715 3160 1898 3227 ἐπιγι-

319 3248 666 3302 νώσκεται⁸⁷.
709 3249 870 3302 ’Λλλά
891 3250 987 3303 καὶ⁸
1012 3250 1455 3320 συνεζευγμένας
1481 3250 1596 3321 ἔχει
1616 3250 1716 3314 τὰς
1746 3250 1900 3303 ποιόο

318 3358 511 3411 τητας,
541 3343 636 3395 καὶ
660 3342 814 3395 οὐδὲν
833 3342 1253 3413 ἀπολελυμένως
1273 3343 1318 3377 ⁸⁸
1353 3344 1469 3396 ἐστὶ
1499 3343 1756 3413 μοναχὸν,
1780 3344 1900 3396 οὐδὲ

321 3433 528 3488 ἁπλοῦν
551 3435 647 3488 καὶ
681 3435 975 3506 εἰλικρινὲς
1004 3436 1112 3488 τῶν
1142 3436 1187 3467 ⁸⁸
1226 3437 1507 3506 στοιχείων
1534 3452 1547 3465 °
1584 3436 1700 3489 ἀλλ’
1733 3437 1764 3507 ἡ
1801 3436 1899 3507 μὲν

320 3524 392 3593 γῆ
422 3525 563 3595 ξηρέι
585 3526 679 3579 καὶ
704 3524 891 3597 ψυχρά
912 3542 925 3556 -
949 3526 1010 3579 τὸ
1035 3526 1093 3580 δὲ
1118 3526 1260 3597 ὕδωρ
1292 3528 1456 3598 ὑγρὸν
1480 3528 1573 3582 καὶ
1597 3524 1803 3598 ψυχράν
1831 3529 1897 3561 ου.

318 3617 347 3668 ὁ
378 3616 436 3668 δὲ
470 3616 580 3686 ἀὴρ
611 3616 810 3688 θερμὸς
839 3618 934 3671 καὶ
967 3618 1169 3691 ὑγρός·
1223 3619 1284 3670 τὸ
1326 3618 1382 3671 δὲ
1413 3619 1524 3690 πῦρ
1556 3619 1761 3691 θερμὸν
1804 3619 1901 3673 καὶ

320 3706 525 3777 ξηρόν·
556 3705 696 3761 οῦτω
742 3709 851 3780 γὰρ
880 3708 970 3762 διά
1008 3709 1109 3777 τῆς
1146 3708 1380 3776 συζύγου
1416 3711 1699 3778 ποιότητος
1733 3711 1766 3779 ἡ
1795 3709 1902 3761 δύ-

318 3817 485 3870 ναμις
514 3801 843 3872 προέρχεται
872 3802 967 3854 τοῦ
1003 3799 1382 3871 ἀναμεμίχθαι
1426 3800 1660 3852 ἕκαστον
1688 3802 1732 3833 ⁹¹
1765 3800 1902 3870 πρὸς

319 3892 580 3945 ἑκαστον·
604 3887 718 3946 οἷον
744 3894 776 3962 ἡ
801 3893 870 3963 γῆ
898 3893 1035 3963 ξηρά
1056 3889 1191 3946 οῦσα
1222 3892 1317 3945 καὶ
1343 3890 1529 3961 ψυχρά
1553 3890 1765 3943 ἑνοῦται
1799 3890 1901 3960 μὲν

318 3982 465 4035 κατά
492 3983 591 4054 τὴν
624 3984 947 4051 συγγένειαν
976 3983 1075 4054 τῆς
1095 3982 1439 4053 ψυχρότητος
1462 3981 1614 4035 ὕδατι
1636 3983 1703 4035 θ’.
1720 3980 1901 4034 Ἐνοῦο

319 4090 412 4127 ται
444 4075 503 4128 δὲ
530 4076 619 4128 διὰ
645 4075 739 4128 τοῦ
777 4075 969 4139 ὓδατος
995 4075 1073 4145 τῷ
1116 4076 1276 4146 ἀέρι·
1309 4078 1337 4129 ὁ
1369 4074 1426 4128 δὲ
1454 4074 1561 4146 ἀὴρ
1594 4074 1793 4145 θερμὸς
1826 4073 1901 4130 ὦν

319 4167 417 4221 καὶ
448 4168 644 4238 ὑγρὸς,
679 4169 746 4238 τῇ
782 4168 881 4236 μὲν
913 4167 1213 4240 θερμότητι
1248 4166 1466 4221 ἑνοῦται
1500 4167 1578 4236 τῷ
1620 4168 1789 4238 πυρὶ,
1834 4168 1899 4239 τῇ

321 4263 587 4333 ὑγρότητι
623 4262 681 4316 δὲ
712 4263 789 4332 τῷ
823 4263 977 4318 ὕδατι
1000 4280 1013 4295 ο
1048 4262 1108 4316 τὸ
1145 4263 1200 4315 δὲ
1232 4262 1341 4333 πῦρ
1373 4262 1575 4333 θερμὸν
1607 4261 1702 4316 καὶ
1739 4259 1901 4333 ξηρὸν

321 4356 571 4427 ὑπάρχον
611 4357 678 4426 τῇ
726 4354 930 4424 φύσει,
967 4354 1047 4426 τῷ
1081 4356 1180 4425 μὲν
1219 4354 1411 4426 Θερμῷ
1452 4352 1589 4425 πρὸς
1627 4354 1720 4406 τὸν
1762 4354 1901 4423 ἀέρα

320 4448 620 4511 συνδεῖται,
651 4447 728 4517 τῷ
745 4448 804 4500 δὲ
830 4447 983 4518 ξηρῴ
1009 4448 1055 4479 ⁸³
1081 4447 1216 4518 πρὸς
1242 4447 1342 4516 τὴν
1366 4445 1656 4500 κοινωνίαν
1685 4446 1902 4516 τῆςγῆς

319 4542 706 4613 ἐπανέρχεται·
731 4543 792 4596 τὺ
811 4543 867 4596 δὲ
897 4541 1045 4613 ὕδωρ
1061 4541 1271 4612 ψυχρὸν
1296 4540 1356 4594 ὃν
1386 4542 1478 4594 καὶ
1500 4541 1686 4611 ὑγρὸν,
1710 4543 1777 4611 τῇ
1807 4542 1904 4611 μὲν

316 4636 741 4707 ψυχρότηταῆς
766 4639 889 4707 γῆς,
919 4638 983 4707 τῇ
1025 4636 1286 4706 ὑγρότητι
1317 4635 1373 4688 δὲ
1398 4634 1490 4688 τοῦ
1523 4635 1688 4706 ἀέρος
1723 4634 1904 4704 ἐφάπ-

315 4744 506 4781 τεται’
546 4729 640 4781 καὶ
668 4728 840 4792 οὕτως
893 4728 1104 4796 γίνεται
1157 4728 1360 4791 κύκλος
1410 4728 1505 4779 καὶ
1546 4727 1706 4796 χορὸς
1743 4728 1906 4797 ἑναρ-

320 4819 506 4888 μόνιος
523 4836 537 4850 ⁸
564 4817 853 4873 καὶταῦτα
879 4819 978 4889 μὲν
1000 4819 1075 4882 ὡς
1105 4818 1301 4889 πρῶτα
1328 4820 1570 4888 στοιχεῖα
1594 4817 1639 4849 ³⁸
1658 4818 1737 4880 εἰς
1773 4816 1905 4880 ὔλας

317 4910 412 4963 καὶ
442 4910 561 4978 εἴδη
590 4909 934 4979 ἀναλυόμεοα
963 4911 1031 4963 ³⁸.

1999 3155 2183 3226 Neque
2247 3157 2391 3212 enim
2456 3158 2650 3210 horum
2697 3155 2977 3225 quodlibet
3023 3155 3351 3226 peculiarem
3393 3172 3587 3227 quam-

2000 3249 2124 3303 dam
2150 3290 2163 3311 ,
2199 3264 2263 3303 ac
2311 3265 2557 3304 seorsum
2587 3248 2837 3303 sortitam
2876 3248 3189 3318 qualitatem
3235 3262 3339 3316 qua
3367 3248 3434 3302 ab
3465 3248 3587 3303 aliis

2001 3353 2275 3400 secretum
2327 3353 2492 3409 esset,
2534 3350 2594 3397 ut
2647 3342 2808 3412 quale
2860 3341 2929 3396 sit
2978 3340 3361 3411 comprehendi
3400 3350 3584 3411 queat,

2001 3435 2229 3502 obtinet,
2292 3436 2384 3491 sed
2421 3436 2688 3491 consertis
2722 3433 3023 3489 adiuvieem
3073 3432 3422 3488 facultatibus
3461 3448 3589 3487 con-

2001 3527 2221 3590 sistunt,
2256 3533 2314 3581 ut
2348 3526 2556 3580 nullum
2586 3541 2679 3595 per
2704 3539 2760 3579 se
2787 3524 2962 3577 solum
2989 3524 3239 3579 absolute
3262 3523 3584 3590 consistere,

2003 3635 2181 3689 neque
2220 3618 2448 3687 simplex
2502 3618 2886 3686 sincerumque
2943 3631 3065 3671 esse
3104 3616 3433 3670 credendum
3476 3615 3581 3676 sit;

2002 3713 2095 3767 sed
2158 3722 2355 3767 terram
2432 3710 2652 3781 quidem
2715 3710 2859 3764 sicca
2926 3709 3231 3779 frigidaque
3290 3709 3581 3778 qualitate;

2003 3818 2201 3872 aquam
2238 3816 2388 3863 vero,
2430 3801 2654 3856 humida
2682 3817 2744 3856 ac
2774 3800 2997 3871 frigida;
3032 3815 3211 3855 aerem
3237 3810 3413 3855 autem
3446 3800 3585 3856 cali-

2001 3894 2130 3948 dum
2162 3892 2585 3962 humidumque;
2623 3893 2800 3963 ignem
2839 3907 2988 3956 vero,
3033 3891 3264 3946 calidum
3292 3904 3355 3944 ac
3379 3890 3583 3946 siccum

2002 4000 2123 4040 esse
2151 4002 2164 4039 :
2209 3985 2289 4040 sie
2317 3984 2619 4053 conjuncta:
2650 3984 2926 4053 qualitatis
2953 3984 3125 4053 gratia
3158 3996 3268 4051 quo
3305 3980 3586 4053 quodlibet

2000 4091 2188 4132 eorum
2208 4077 2437 4132 invicem
2455 4076 2894 4141 eommisccatur,
2912 4075 2990 4131 vis
3008 4074 3279 4145 procedit:
3297 4074 3445 4128 verbi
3465 4088 3586 4145 gra-

2004 4170 2101 4232 tia,
2122 4184 2247 4223 cum
2276 4176 2417 4224 terra
2450 4169 2592 4224 sicca
2613 4167 2914 4238 frigidaque
2934 4168 3023 4230 sit.
3051 4165 3361 4236 frigiditatis
3384 4182 3588 4239 cogna-

2004 4262 2151 4315 tione
2184 4276 2307 4317 cum
2340 4276 2481 4331 aqua
2512 4260 2719 4314 unitur.
2750 4258 2854 4314 Sed
2899 4274 3064 4329 aqua,
3089 4260 3157 4315 ob
3183 4260 3582 4324 humiditatem,

2005 4353 2118 4407 aeri
2169 4362 2398 4424 cognata
2437 4352 2715 4418 redditur;
2745 4352 2859 4422 qui,
2909 4367 3033 4407 cum
3076 4352 3260 4408 calore
3290 4350 3587 4405 humidita-

2007 4454 2167 4515 teque
2197 4446 2453 4514 prteditns
2489 4445 2581 4508 sit,
2608 4460 2714 4514 qua
2747 4444 2959 4499 calidus
2981 4460 3106 4500 cum
3143 4445 3285 4514 igne,
3318 4458 3427 4513 qua
3455 4457 3586 4498 vero

2002 4538 2287 4603 humidus,
2333 4554 2454 4592 cum
2513 4552 2654 4607 aqua
2702 4538 3029 4592 conseritur.
3064 4535 3200 4591 Cum
3230 4545 3409 4591 autem
3443 4535 3587 4608 ignis

2002 4640 2223 4694 natura,
2280 4630 2457 4685 calida
2526 4630 2783 4700 siccaque
2852 4630 3137 4692 habeatur,
3184 4645 3291 4698 qna
3352 4629 3584 4698 calidus,

2003 4724 2119 4777 aeri
2176 4724 2480 4792 copulatur,
2527 4722 2673 4793 quod
2727 4737 2858 4777 vero
2892 4723 2945 4775 in
2980 4735 3047 4776 eo
3086 4721 3291 4776 siccum
3323 4730 3425 4789 est,
3457 4737 3583 4777 cum

2007 4823 2152 4867 terra
2200 4811 2471 4882 jungitur.
2538 4812 2609 4866 At
2660 4826 2823 4881 aqua,
2887 4809 3139 4880 frigidam
3195 4808 3586 4880 bumidamque

2004 4907 2323 4975 qualitatem
2358 4905 2629 4969 obtinens,
2664 4903 2963 4975 frigiditate
3016 4902 3236 4973 quidem
3264 4911 3442 4970 teme,
3478 4901 3583 4957 bu-

317 5004 568 5058 miditate
600 5017 727 5057 vero
758 5004 868 5058 aeri
917 5003 1257 5073 applicatur;
1299 5011 1349 5057 et
1427 5002 1499 5055 ita
1534 4999 1819 5056 circularis
1874 4999 2096 5070 quidam
2172 5000 2330 5068 ordo,
2376 5000 2644 5069 locusque
2692 5012 2856 5068 quam
2884 4995 3138 5051 ‘maxime
3176 5008 3430 5062 concors,
3483 4997 3587 5052 hoc

315 5109 480 5167 pacto
520 5096 771 5152 efﬁcitur.

388 5239 433 5269 ’⁷⁸
463 5237 555 5289 καὶ
585 5236 810 5303 αὔξεται
854 5237 960 5291 ὑπὸ
1006 5235 1104 5305 τῆς
1143 5235 1445 5358 θρεπτικῆς
1497 5234 1781 5320 δυνάμεως
1845 5233 2083 5319 μόνηςβ
2132 5234 2171 5287 ι)
2213 5235 2264 5288 in
2324 5242 2495 5290 textu.
2575 5235 2618 5267 ⁷³
2650 5235 2746 5288 καὶ

388 5308 679 5358 ἀνέονεται
714 5308 771 5358 Β.
799 5325 889 5358 vo.
925 5306 1145 5358 αὔξεται
1226 5347 1240 5358 .
1335 5308 1379 5338 ⁷⁵
1410 5304 1727 5358 συναυεασα
1756 5306 1817 5358 (Σ.
1916 5306 1961 5337 ⁷⁸
1998 5305 2114 5358 δυν.
2158 5305 2406 5358 ἔγνωμεν
2460 5304 2500 5358 Β
2544 5306 2584 5358 C
2619 5306 2679 5358 P.

388 5308 679 5387 ἀνέρχεται
714 5308 771 5387 Β,
794 5325 889 5387 χρ.
925 5306 1145 5387 αὔξεται
1335 5304 1727 5387 τλήσυναύξασα

313 5378 360 5451 ξ⁷
393 5375 761 5451 προϊοῦσανᾲΒ
791 5375 1038 5451 P'iuterl.
1070 5378 1320 5451 προξέναι
1352 5377 1425 5451 (ΞΑ.⁸
1456 5450 1463 5451 7
1489 5376 1532 5407 ⁷⁸
1568 5375 1814 5451 τέλος
1890 5379 1900 5407 "

2005 5376 2231 5451 λυαρίαν

315 5444 461 5518 ἔχειν
494 5450 671 5518 ἀρχήν
701 5448 757 5501 Ρ.
860 5449 907 5480 ⁸³
933 5448 988 5501 δὲ
1021 5444 1131 5518 om.
1161 5449 1205 5499 A
1224 5447 1285 5501 C.
1304 5517 1315 5518 ί
1353 5447 1430 5518 7”
1452 5450 1518 5518 ὲκ
1537 5445 1646 5518 τῷν
1671 5444 1710 5497 Β
1736 5444 1797 5503 Ρ.

315 5521 383 5591 τῇ
411 5518 491 5591 ἐξ.
517 5517 617 5571 ἀπ.
636 5519 979 5591 εὐαρμόστῳ
1008 5517 1254 5591 ποιότητι
1281 5517 1320 5571 C
1349 5517 1407 5571 P.

315 5572 842 5659 ’δἐἰλικρινέστατον
866 5590 907 5643 (3
940 5572 999 5643 ί).

860 5449 907 5480 ⁸³
933 5448 988 5501 δὲ
1021 5463 1131 5502 οιιι.
1161 5449 1205 5499 Α
1224 5447 1285 5501 C.

1898 5447 1946 5479 "
1974 5447 2168 5569 κ.
2201 5465 2253 5501 κ.
2292 5447 2425 5530 πῦρ.
2456 5447 2496 5501 C

1898 5535 2017 5569 εται
2050 5518 2089 5569 L
2175 5556 2190 5569 .
2295 5517 2341 5549 ⁸⁸
2371 5517 2582 5569 απολειυ

1075 5517 1254 5587 ιιότητι
1281 5517 1320 5571 C
1349 5517 1407 5571 P.
1504 5516 1549 5548 ⁸⁷
1590 5516 2017 5584 διαγινώσκει-αι
2050 5518 2089 5570 C
2128 5516 2190 5571 P.
2295 5517 2341 5549 ⁸⁸
2371 5516 2776 5587 ἀπολελυμένον
2820 5516 2861 5568 Β
2891 5518 2929 5569 C
2959 5516 3020 5581 Ρ,
3048 5516 3165 5570 ἐστὶ
3232 5533 3353 5586 μον.
3384 5529 3493 5569 om.
3515 5516 3580 5570 C.

1075 5588 1121 5621 ao
1151 5588 1261 5621 ,τηιυ
1316 5607 1347 5621 υ
1405 5588 1510 5621 an...
1555 5585 1595 5621 ιγ
1692 5588 1734 5618 οι
1772 5584 2050 5621 ινιιηηιη
2148 5587 2329 5621 οι
2380 5584 2513 5621 περ..
2550 5605 2579 5621 ν
2656 5587 2755 5621 ευ
2830 5588 2971 5621 ..οη-ι.
3016 5587 3114 5621 ...ι-υ
3157 5604 3299 5621 ...την
3359 5585 3455 5621 ..ιη
3485 5587 3584 5621 να.

1316 5588 1528 5673 κ.-ὑγρ.
1680 5584 2101 5673 ,οίηὲέιάστιριΒ.ι
2148 5589 2193 5619 ³³
2220 5587 2362 5673 ιίέυχζ
2380 5584 2517 5673 oga:
2653 5587 2777 5673 ξηρ.
2828 5584 3318 5673 κατάῇιτὴνρυγγ,
3358 5585 3455 5658 μὲν
3485 5587 3582 5673 τῇς

2794 5236 2827 5306 ἠ
2874 5234 2914 5291 C
2968 5233 3029 5290 P.
3072 5305 3079 5306 ί
3137 5234 3314 5306 ’ίκαὶ
3347 5247 3490 5306 om,
3517 5234 3581 5306 ᾼ.

1916 5306 1961 5337 ⁷⁸
1998 5305 2114 5377 δύν.
2158 5305 2406 5377 ἔγνωμεν
2460 5304 2500 5358 Β
2544 5306 2584 5361 C
2619 5306 2697 5377 P.
2752 5301 2937 5377 7"ng
2990 5305 3228 5377 προςᾷτὸ
3262 5304 3399 5377 ςτελ.

2362 5377 2402 5432 Ρ
2451 5386 2583 5447 text.
2658 5375 2705 5447 δέ
2738 5373 3107 5447 ἀμφότεραξϐ
3258 5375 3307 5447 δξ
3341 5373 3486 5446 ἁρχὴ
3517 5375 3582 5447 ρ.

2682 5446 2727 5477 ⁸⁸
2752 5442 2995 5516 εἴρηνται
3028 5445 3089 5501 Β.
3153 5446 3211 5507 ,⁸⁸
3240 5445 3350 5499 τῶν
3373 5442 3485 5501 oin;
3520 5442 3583 5516 Β,

3232 5533 3353 5586 μον.
3384 5529 3493 5586 om.
3515 5513 3580 5570 C.

2295 5517 2341 5549 ⁸⁸
2371 5515 2776 5587 ἀπολελυμένον
2808 5515 2861 5568 Β
2891 5518 2929 5569 C
2959 5516 3020 5581 Ρ,
3048 5516 3165 5570 ἐστὶ

318 5642 690 5728 χρηστότητος
718 5642 932 5713 ἑνοῦται
957 5642 1033 5727 τῷ
1060 5658 1139 5713 ὖδ.
1166 5642 1213 5713 ’0
1231 5642 1296 5722 '13,
1332 5657 1410 5727 τῷ
1452 5642 1541 5729 ίίόζ
1572 5655 1633 5729 Β,
1664 5655 1724 5729 ψ,
1753 5658 1903 5729 ὕδατι
1929 5642 2019 5711 δὶά
2046 5656 2145 5727 μὲν
2164 5642 2259 5729 τοῦ
2299 5642 2380 5710 ἶῗδ.
2408 5658 2467 5712 Ρ.
2545 5659 2589 5689 ⁸³
2618 5642 2780 5729 τῷ”ξ.
2822 5656 2907 5729 δέ.Δ
2954 5659 3024 5729 7”
3053 5642 3190 5728 πρὸς
3220 5642 3287 5714 {ai
3312 5642 3482 5729 στοοιχ.
3516 5642 3583 5713 ἀί

319 5726 369 5761 ’ί
392 5726 719 5804 ἀναλυόμεῡ.
737 5733 803 5790 Α,
826 5726 1184 5795 ἡναλυόμενα,
1216 5731 1285 5784 τὰ
1309 5726 1486 5797 ἄτομα
1508 5726 1570 5794 Β,
1604 5727 1949 5797 ἀναλυόμενα
1972 5746 1984 5758 ⁸
2011 5726 2106 5782 καὶ
2129 5728 2300 5791 οὕτως
2328 5729 2537 5797 ἔχοντα,
2583 5728 2647 5782 τὰ
2672 5726 2853 5794 ἀτομα
2880 5727 2920 5784 C
2950 5728 3012 5784 Ρ.
