4054 6216
487 287 616 344 it)le

557 397 624 453 Et
647 398 760 451 hare
783 394 1002 467 quidem
1035 400 1093 447 ut
1122 391 1293 459 prima
1313 390 1600 453 elementa,
1628 403 1755 442 cum
1796 389 1848 443 in
1898 398 2068 442 tuate-
2105 399 2144 453 Α

485 494 598 548 rias
647 489 958 557 formasque
1014 485 1404 546 resolvuntur,
1454 478 1800 535 omnifariam
1876 480 2071 533 indivi-

485 587 591 639 dua
669 580 866 634 animae
930 573 1203 644 expertia,
1257 574 1483 643 ipsaque
1560 570 1820 641 praedita,
1879 584 1943 623 ac
2008 584 2071 623 ca

487 691 609 747 qua:
647 671 915 741 zoophyta
977 674 1394 736 nuncupantur,
1435 665 1797 719 constituunt.
1858 661 1942 716 Ab
1987 662 2072 717 his

487 782 731 838 sapores,
767 762 863 833 qui
889 761 1104 830 corpori
1157 768 1349 813 nostro
1379 757 1594 827 cognati
1636 766 1785 820 sunt,
1824 755 2070 824 sanguis,

486 862 733 929 inquam,
771 870 836 909 ac
865 854 1080 923 pituita,
1123 850 1370 921 ﬂavaque
1408 860 1461 903 et
1508 857 1624 904 atra
1648 848 1772 903 bilis
1810 862 2074 918 progene-

485 959 697 1005 rantur.
720 945 930 1002 Etenim
952 943 1195 1012 sanguis,
1213 958 1335 997 cum
1350 940 1560 996 calidus
1582 940 1952 1008 humidusque
1975 937 2067 1001 sit,

484 1044 596 1097 aeri
622 1039 978 1111 proportione
1004 1035 1316 1104 respondet.
1348 1032 1510 1086 Flava
1543 1047 1672 1086 vero
1702 1030 1846 1092 bilis,
1870 1030 2069 1092 calida,

487 1133 763 1199 siccaque,
800 1128 933 1199 igni;
969 1137 1083 1180 atra
1118 1134 1321 1188 autem,
1355 1121 1546 1192 frigida
1587 1130 1639 1175 et
1668 1121 1832 1185 sicca,
1874 1127 2068 1186 terrae;

488 1224 680 1295 pituita
727 1235 876 1284 vero,
946 1226 1131 1288 ulpOte
1190 1229 1310 1285 quae
1357 1214 1553 1284 frigida
1597 1228 1662 1268 ac
1710 1213 1934 1267 humida
1965 1221 2069 1277 est,

487 1328 643 1383 aquae
693 1310 1164 1381 proportionatur.
1209 1305 1314 1359 Sed
1369 1305 1627 1374 quoniam
1672 1305 1786 1358 hme
1832 1304 1934 1372 12
1986 1318 2073 1357 se—

489 1406 680 1467 ctioui,
733 1400 1152 1468 mutationique,
1201 1414 1265 1452 ac
1316 1396 1486 1451 ﬂuxui
1544 1405 1802 1466 perpetuo
1835 1396 2073 1449 obnoxia

490 1496 823 1556 redduntur,
867 1499 922 1545 et
973 1503 1203 1558 corpora
1241 1487 1436 1540 horum
1480 1485 1830 1555 passionibus
1876 1484 2073 1554 subjici

486 1594 720 1656 oportet.
756 1581 994 1638 5οι·ιίοιιί
1045 1580 1282 1648 quidem,
1320 1593 1427 1648 qua
1478 1592 1704 1647 sapores
1732 1578 1801 1631 ab
1834 1578 2070 1632 invicem

490 1683 873 1738 secernuntur,
911 1688 974 1726 ac
1001 1672 1160 1741 quasi
1200 1669 1302 1739 ipsi
1337 1669 1391 1721 in
1422 1667 1703 1721 materiam
1737 1666 2074 1736 formamque

1811 274 2088 328 MELETII
2132 269 2438 327 MONACIH

3625 262 3758 317 109?.

2246 386 2289 437 Τ
2296 386 2328 438 ὰ
2370 384 2561 451 ἄτομα
2617 383 2843 451 συνιστᾷ
2888 380 3104 434 πάντων
3137 376 3311 447 γενῶν
3339 377 3412 409 ⁸⁸·
3462 376 3753 448 ἐμψύχων,

2173 478 2398 547 ἀψύχων
2427 479 2471 509 ⁹⁷
2519 475 2612 529 xui
2661 474 2959 543 ζωοφύτων
2984 489 2997 504 ·
3030 474 3124 526 xu".
3167 471 3300 534 τοὺς
3342 473 3637 539 συγγενεῖς
3669 472 3761 525 τοῦ

2175 573 2428 642 σώματος
2460 572 2615 642 ἡμῶν
2647 570 3053 639 ὲναπογεννῶσι
3086 567 3299 638 χυμούς
3323 584 3335 598 ·
3373 561 3512 636 αἷμα
3539 566 3696 634 λέγω
3723 570 3764 597 ’⁸

2174 665 2267 719 xui.
2292 664 2530 735 φλέγμα,
2562 663 2726 733 χολὴν
2753 662 2956 733 ξανθήν
2987 678 3047 714 τε
3077 662 3124 694 ⁹⁹
3149 661 3242 711 xui.
3270 658 3557 729 μέλαιναν.
3604 658 3767 710 ’Λναο

2171 757 2320 827 λογεῖ
2353 760 2367 789 ¹
2402 760 2510 828 γὰρ
2540 758 2602 809 τὸ
2636 757 2733 826 μὲν
2774 752 2936 826 αἷμα,
2970 753 3175 826 θερμὸν
3218 752 3277 806 ὃν
3320 752 3417 805 xui.
3459 750 3653 821 ὑγρὸν,
3692 750 3769 817 τῷ

2172 849 2323 919 ἀέρι·
2363 849 2396 919 ἡ
2433 848 2488 900 δὲ
2521 848 2689 918 ξανθὴ
2738 848 2871 918 χολὴ
2895 889 2909 913 ,
2962 846 3139 917 θερμὴ
3167 842 3303 897 οὖσα
3340 844 3435 897 καὶ
3471 842 3652 913 £1}qu,
3692 841 3770 910 τῷ

2173 940 2307 1011 πυρί
2340 942 2382 970 ⁸·
2419 941 2530 1011 ἠδὲ
2561 940 2810 1010 μέλαινα,
2844 938 3031 1009 ψυχρά
3063 940 3157 991 καὶ
3186 937 3326 1008 ξηρά
3347 932 3592 1006 οὖσα,τῇ
3725 935 3765 965 ³·

2172 1033 2231 1086 τὸ
2253 1033 2308 1086 δὲ
2342 1033 2581 1104 φλέγμα,
2614 1035 2691 1097 ὡς
2714 1032 2923 1103 ψυχρὸν
2948 1033 3044 1085 xui.
3070 1030 3260 1101 ὑγρὸν,
3293 1030 3371 1096 τῷ
3395 1029 3572 1084 ὕδατι.
3621 1028 3770 1081 Ἀλλ’

2174 1125 2362 1196 ἐπειδὴ
2408 1126 2426 1156 ⁸
2455 1125 2632 1179 ταῦτα
2671 1127 2811 1195 τομῇ
2851 1125 2945 1178 xui.
2986 1121 3263 1193 μεταϐολῇ
3313 1122 3408 1174 xui.
3450 1120 3640 1190 ρεὑσει
3683 1119 3772 1172 ἀεὶ

2175 1217 2521 1287 περιπίπτει,
2543 1217 2761 1287 ἀνάγκη
2793 1214 2890 1269 xui.
2918 1214 2989 1268 τὰ
3019 1213 3249 1285 σώματα
3276 1212 3484 1266 τούτων
3512 1214 3628 1275 τοῖς
3660 1212 3773 1263 πά-

2175 1307 2298 1360 οεσι
2341 1308 2699 1378 περιπίπτειν
2746 1308 2804 1339 ⁸·
2861 1307 3003 1377 τομῇ
3056 1304 3177 1375 μὲν,
3225 1302 3335 1357 τῶν
3371 1301 3562 1373 χυμῶν
3594 1301 3615 1331 ⁸
3669 1302 3772 1353 ἀπ’

2175 1397 2419 1468 ἀλλήλων
2474 1398 2789 1469 διαχωρίσει
2837 1398 2878 1463 ⁷,
2912 1396 3010 1448 καὶ
3057 1391 3192 1447 καθὸ
3222 1394 3481 1463 τέμνεται
3517 1394 3597 1455 εἰς
3629 1389 3772 1460 ὓλην

2175 1489 2271 1540 xui.
2309 1484 2480 1551 εἶδος·
2549 1486 2821 1558 μεταϐολῇ
2883 1484 2979 1548 δὲ,
3035 1487 3102 1555 τῇ
3157 1484 3301 1537 κατὰ
3364 1482 3676 1552 ποιότητα,
3739 1482 3771 1549 ἧ

2176 1579 2497 1649 ποσότητα,
2568 1581 2626 1631 ἐν
2677 1578 2975 1648 Θερμάνσει
3036 1576 3131 1628 xui
3165 1574 3323 1644 ψύξει
3371 1574 3392 1605 ⁸
3436 1572 3773 1641 πλεονασμῶ

2176 1671 2271 1724 xui.
2303 1670 2496 1739 ὑφέσει
2521 1685 2534 1698 ·
2575 1670 2738 1740 τυχὸν
2762 1669 2857 1722 xui.
2887 1669 3162 1739 νοσήμασι
3190 1670 3211 1700 ⁹
3242 1666 3335 1719 xui.
3357 1667 3479 1728 ταῖς
3507 1664 3619 1717 τῶν
3644 1664 3706 1734 ἡ)
3724 1681 3769 1716 ι-

489 1778 763 1822 sceantur.
796 1762 1082 1818 Mutationi
1112 1776 1260 1823 vero,
1285 1775 1391 1830 qua
1422 1760 1488 1815 ad
1527 1759 1843 1829 qualitatem
1906 1775 2075 1829 quau-
2106 1746 2148 1804 Β
2178 1768 2311 1822 κιῶν
2340 1770 2383 1800 ⁸³
2423 1766 2765 1822 ἁλλοιώσεσι.

491 1861 806 1927 titutemque
832 1856 1045 1917 attinet,
1098 1854 1395 1917 sive,cum
1464 1851 1736 1906 calescere
1802 1849 2028 1916 animal,

2179 1872 2362 1930 :reque
2401 1861 2628 1926 accidit;
2674 1867 2768 1913 aut
2826 1873 2946 1913 cum
2976 1854 3386 1911 exuberantiam
3444 1851 3769 1906 decremen-

492 1961 714 2019 tumque
766 1950 992 2019 patitur,
1025 1946 1300 2011 fortassis,
1352 1954 1406 2001 et
1456 1944 1665 2000 morbis
1695 1944 2074 2011 causantibus,

2179 1971 2325 2009 cum
2345 1963 2566 2010 tetatum
2594 1954 2843 2009 alteratio
2867 1950 3222 2019 subsequitur
3243 1948 3290 2001 id
3314 1946 3533 2001 accidit.

560 2042 829 2109 Quoniam
880 2056 1010 2096 vero
1059 2056 1240 2095 annus
1286 2040 1340 2094 in
1396 2047 1642 2108 tempora
1682 2047 2069 2108 quatuor,ver,

488 2155 516 2190 a
537 2146 754 2199 statem,
775 2145 1123 2199 autumnum,
1156 2143 1210 2187 et
1240 2133 1471 2186 hiemem
1505 2131 1787 2197 dividitur,
1814 2140 1869 2186 et
1894 2131 2074 2187 homi-

491 2247 589 2286 nes
612 2229 863 2284 aetatibus
880 2237 1117 2297 quatuor
1134 2227 1579 2297 distinguuntur;
1599 2241 1723 2279 nam
1744 2225 1916 2295 prima
1936 2242 2073 2296 pue-

491 2319 1029 2389 rilis,quinquennii,
1050 2318 1290 2372 secunda
1333 2326 1492 2371 aetate
1519 2315 1828 2370 ﬂorentium
1854 2332 1868 2381 ;
1891 2316 2071 2379 tertia,

490 2413 682 2467 media:
709 2411 917 2476 anatis;
942 2419 1136 2479 quarta
1161 2424 1289 2463 vero
1315 2410 1613 2462 senectutis
1633 2416 1717 2461 est
1751 2426 1765 2462 :
1796 2408 2011 2463 tametsi
2037 2424 2070 2462 a

491 2503 720 2558 medicis
754 2512 806 2557 et
855 2501 976 2556 alia:
1020 2500 1308 2566 addantur,
1333 2498 1913 2568 infantium,inquam,
1949 2514 2073 2569 quae

490 2597 716 2667 puerilis
746 2605 848 2661 est,
874 2605 927 2650 et
951 2594 1045 2664 qui
1087 2603 1333 2648 extremo
1361 2601 1491 2647 sunt
1520 2591 1671 2647 senio
1701 2592 1955 2647 conlecti.
1983 2592 2068 2646 Et-

490 2687 733 2751 cuim,in
778 2686 1075 2758 juvenibus
1125 2685 1381 2756 sanguis:
1408 2685 1500 2755 qui
1536 2699 1665 2739 vero
1697 2693 1854 2739 aetate
1875 2683 2071 2739 florent

490 2777 626 2830 flava
659 2776 810 2843 bilis;
840 2784 895 2829 at
924 2776 1014 2845 qui
1063 2776 1241 2829 aetatis
1286 2772 1474 2828 ﬂorem
1526 2778 1893 2846 praetergressi
1922 2785 2071 2842 sunt,

490 2869 618 2925 bilis
647 2876 795 2935 atra;
826 2867 880 2921 in
911 2865 1136 2921 senibus
1158 2874 1338 2920 autem
1361 2865 1557 2936 pituita
1574 2874 1884 2935 exsuperat.
1909 2863 2074 2921 Juve-

491 2977 589 3017 nes
606 2960 825 3031 quidem
844 2959 1006 3014 calidi
1030 2958 1351 3027 humidique
1368 2957 1785 3027 temperamenti
1806 2967 1952 3023 sunt,
1977 2958 2073 3028 qui

2252 2051 2549 2122 Τεσσὰρων
2575 2048 2684 2119 γὰρ
2705 2045 2880 2101 οὐσῶν
2913 2044 3072 2116 ώρῶν
3105 2042 3181 2113 τῷ
3216 2039 3451 2110 ἐνιαυτῷ
3479 2041 3545 2103 ¹¹,
3581 2039 3765 2109 ἔαρος,

2173 2143 2405 2214 Θέρους,
2463 2141 2805 2213 μετοπώρου,
2852 2140 2946 2192 καὶ
2978 2137 3244 2209 χειμῶνος
3269 2178 3283 2201 ,
3323 2134 3590 2205 τέσσαρές
3630 2135 3770 2185 εἰσιν

2172 2235 2380 2306 ἡλικίαι
2442 2235 2537 2288 xui.
2584 2237 2697 2296 τοῖς
2748 2230 3079 2303 ἀνθρώποις.
3140 2228 3339 2299 Πρώτη
3413 2226 3514 2296 μὲν
3568 2227 3601 2295 ἡ
3658 2224 3771 2276 τῶν

2173 2326 2350 2380 νέων·
2396 2325 2625 2396 δευτέρα
2677 2326 2741 2387 ¹¹,
2794 2325 2828 2394 ἡ
2881 2322 2990 2376 τῶν
3046 2318 3447 2390 ἀκμαζόντων·
3485 2318 3686 2389 τρίτη,
3736 2319 3771 2387 ἡ

2176 2417 2285 2470 τῶν
2320 2416 2535 2487 μέσων·
2574 2417 2670 2468 xui
2714 2415 2949 2484 τετάρτη
2993 2414 3025 2483 ἡ
3063 2412 3175 2463 τῶν
3230 2409 3541 2481 γερόντων·
3584 2410 3637 2461 εἰ
3672 2410 3773 2460 καὶ

2177 2510 2341 2573 ἄλλας
2397 2508 2783 2580 προστιθέασιν
2838 2507 2888 2558 οἱ
2942 2504 3116 2574 ἰατροί
3170 2503 3235 2554 ιδ.
3287 2501 3395 2570 Τὴν
3450 2498 3558 2552 τῶν
3634 2498 3777 2550 παῖ-

2176 2602 2281 2657 δων
2314 2602 2379 2668 “,
2410 2602 2511 2673 τὴν
2543 2600 2848 2671 μειρακίων
2878 2599 2946 2663 η,
2988 2596 3086 2650 xui.
3124 2595 3233 2648 τῶν
3279 2592 3672 2662 ὲσχατογὴρων
3700 2592 3772 2642 ⁸⁸.

2179 2694 2475 2759 Πλεονάζει
2508 2693 2565 2746 δὲ
2613 2694 2725 2754 τοῖς
2780 2690 2879 2761 μὲν
2939 2689 3081 2751 νέοις
3127 2685 3189 2739 τὸ
3237 2678 3410 2754 αἷμα·
3439 2684 3551 2745 τοῖς
3582 2682 3774 2750 ἀκμά-

2181 2787 2338 2852 ζουσι
2373 2785 2431 2839 δὲ
2465 2785 2567 2855 ίτή
2618 2782 2786 2853 ξανθὴ
2818 2781 2984 2853 χολή·
3036 2780 3149 2843 τοῖς
3196 2774 3671 2848 παρακμάζουσιν
3735 2774 3770 2842 ἡ

2184 2879 2445 2949 μέλαινα·
2489 2878 2605 2939 τοῖς
2654 2874 2881 2945 γέρουσι
2919 2872 2974 2925 δὲ
3014 2870 3075 2923 τὸ
3123 2868 3367 2938 φλέγμα.
3402 2865 3515 2920 Καὶ
3546 2864 3689 2917 εἰσὶν
3718 2866 3771 2916 οἱ

2184 2970 2283 3040 μὲν
2330 2968 2441 3023 νέοι
2474 2966 2669 3037 θερμοὶ
2697 2964 2792 3017 xui
2819 2963 3000 3033 ὑγροὶ,
3044 2962 3109 3031 τῇ
3143 2960 3342 3030 κράσει
3372 2955 3772 3024 ἀναλογοῦντες

491 3062 546 3109 et
571 3054 684 3109 veri
735 3054 1084 3125 proportione
1139 3051 1490 3123 respondent.
1537 3052 1641 3120 Qui
1694 3065 1875 3108 autem
1914 3064 2072 3109 relate

2179 3062 2255 3133 τῷ
2284 3062 2439 3134 ἀέρι·
2470 3061 2519 3113 oi
2549 3059 2604 3112 δὲ
2632 3057 2974 3128 ἀκμάζοντες
3004 3054 3221 3125 Θερμοὶ,
3262 3051 3358 3105 xui.
3398 3049 3557 3121 ξηροὶ
3591 3050 3772 3119 ὅμοιοι

491 3143 709 3211 florent,
732 3160 857 3200 cum
894 3145 1074 3199 calore
1120 3144 1475 3212 siccitateque
1510 3145 1717 3213 praaditi
1741 3146 1869 3212 sint,
1897 3146 2073 3200 aestati

492 3236 1024 3304 proportionantur:
1080 3249 1313 3303 quorum
1365 3248 1496 3288 vero
1546 3236 1726 3289 media
1776 3246 1907 3292 tetas
1966 3248 2073 3302 est,

494 3325 627 3379 sicci
662 3323 957 3395 frigidique
1009 3323 1302 3389 habentur,
1336 3332 1602 3378 autumno
1657 3325 1866 3380 similes
1924 3335 2073 3381 sunt.

496 3418 567 3469 At
611 3430 771 3470 senes
831 3414 970 3484 ipsi,
1002 3412 1181 3482 frigidi
1212 3414 1567 3485 humidique,
1609 3416 1773 3471 hiemi
1831 3417 2079 3472 similan-

495 3518 584 3562 tur
625 3525 639 3562 :
671 3507 964 3578 siquidem,
994 3509 1049 3561 in
1085 3506 1401 3576 juvenibus,
1430 3517 1483 3562 et
1519 3508 1613 3577 qui
1666 3515 1824 3563 aetate
1860 3509 2074 3571 ﬂorent.

497 3601 698 3656 insitus
729 3600 879 3655 calor
913 3599 1183 3670 plurimus
1234 3606 1337 3655 est.
1371 3599 1475 3665 Qui
1518 3616 1647 3655 vero
1679 3602 1854 3656 aetatis
1889 3600 2076 3656 florem

498 3693 828 3763 przeteriere,
852 3690 1166 3755 mediocris;
1191 3690 1244 3745 in
1272 3692 1497 3747 senibus
1520 3702 1701 3748 autem
1732 3695 2079 3763 permodicus

499 3794 583 3839 est
612 3803 626 3839 :
656 3793 706 3839 et
734 3784 783 3838 in
815 3785 1089 3855 aliquibus
1119 3786 1336 3854 quidem
1363 3784 1587 3838 modum
1625 3785 1856 3849 excedit,
1880 3785 1934 3839 in
1957 3788 2081 3855 qui-

499 3876 731 3933 busdam
783 3893 912 3932 vero
940 3887 1189 3949 augetur;
1231 3877 1286 3931 in
1314 3876 1589 3946 aliquibus
1619 3885 1802 3931 autem
1833 3877 2081 3946 aliquau-

500 3971 667 4040 tisper
700 3970 755 4025 in
806 3979 949 4026 statu
976 3978 1082 4035 est,
1111 3979 1163 4024 et
1198 3968 1253 4023 in
1297 3968 1420 4024 aliis
1455 3967 1637 4038 aliqua
1670 3983 1736 4023 ex
1798 3978 1952 4038 parte
1979 3971 2081 4023 mi-

504 4062 707 4127 nuitur,
745 4062 841 4118 sed
876 4064 930 4117 in
955 4064 1231 4134 aliquibus
1260 4061 1457 4132 magis,
1510 4063 1565 4115 in
1627 4060 1905 4129 aliquibus
1950 4076 2081 4116 vero

499 4151 704 4206 minus.
759 4152 925 4222 Atqui
971 4162 1025 4209 et
1065 4155 1138 4208 ob
1164 4153 1396 4208 eﬂiuxus
1441 4151 1669 4222 patitur,
1694 4150 1840 4220 quod
1875 4152 2081 4206 animal

498 4243 831 4313 patentibus,
908 4244 1268 4314 obscurisque
1342 4243 1613 4298 meatibus
1686 4258 2082 4314 usquequaque

497 4333 927 4387 exinanitionem
955 4334 1141 4389 sentit.
1174 4333 1238 4388 Et
1269 4333 1579 4403 patentibus
1613 4331 1867 4402 :quidem,
1901 4333 2081 4388 humi-

2176 3152 2253 3222 τῷ
2281 3152 2449 3221 Θέρει·
2478 3151 2528 3203 οἱ
2552 3150 2608 3204 δὲ
2631 3146 3111 3220 παρακμάζοντες,
3138 3146 3189 3197 οἱ
3214 3144 3307 3196 xui.
3336 3142 3492 3213 μέσοι
3524 3141 3591 3205 η,
3614 3140 3773 3210 ξηροὶ

2176 3240 2271 3292 καὶ
2296 3239 2516 3309 ψυχροὶ,
2542 3238 2620 3307 τῷ
2653 3238 2955 3309 μετοπώρῳ
2987 3233 3368 3305 προσεοικότες
3387 3233 3433 3264 ¹⁹
3457 3248 3471 3262 ·
3498 3232 3550 3284 οι
3579 3232 3773 3301 γέρον-

2176 3348 2265 3394 τες
2307 3331 2363 3384 δὲ
2406 3332 2606 3402 ψυχροὶ
2639 3334 2734 3385 xui.
2766 3329 2947 3402 ὑγροὶ,
2999 3327 3373 3399 παραπλήσιοι
3404 3325 3482 3395 τῷ
3512 3322 3768 3395 χειμῶνι.

2177 3421 2250 3473 Τὸ
2272 3420 2329 3473 δὲ
2361 3421 2405 3451 ²⁰
2436 3421 2679 3491 ἔμφυτον
2724 3420 2953 3490 θερμὸν,
2991 3420 3048 3472 ἰν
3083 3419 3183 3488 μὲν
3212 3420 3321 3480 τοῖς
3346 3415 3491 3477 νέοις
3523 3414 3621 3467 xui.
3656 3415 3767 3475 toi;

2178 3510 2523 3581 ἀκμάζουσιν
2557 3511 2678 3565 ἐστὶ
2728 3509 2903 3564 πολύ·
2960 3509 3127 3581 μέσον
3183 3508 3239 3561 δὲ
3284 3509 3342 3560 ὲν
3387 3508 3501 3567 τοῖς
3543 3504 3767 3573 μέσοις·

2178 3605 2359 3674 ὀλίγον
2396 3604 2453 3658 δὲ
2492 3605 2550 3657 ὲν
2584 3607 2701 3668 τοῖς
2744 3603 3003 3675 γέρουσι·
3052 3602 3146 3655 xui.
3177 3602 3254 3671 πῆ
3306 3600 3407 3671 μὲν
3436 3596 3768 3660 πλεονάζει·

2180 3699 2258 3769 πῆ
2297 3698 2353 3751 δὲ
2388 3696 2614 3764 αὔξεται
2634 3712 2650 3728 ·
2686 3698 2761 3768 πῆ
2786 3698 2845 3751 δὲ
2876 3698 3095 3750 ἵσταται
3121 3710 3136 3728 ·
3167 3694 3240 3764 πῆ
3268 3692 3326 3746 δὲ
3357 3689 3607 3763 μειοῦται
3631 3706 3646 3719 ·
3679 3688 3772 3743 xui.

2181 3790 2256 3860 πῆ
2293 3790 2393 3859 μὲν
2432 3789 2659 3860 μᾶλλον,
2703 3789 2785 3857 πῆ
2826 3788 2884 3841 δὲ
2925 3784 3111 3858 ἦττον.
3175 3784 3390 3839 Ῥεύσει
3438 3783 3483 3815 ⁸⁸
3511 3782 3568 3834 δὲ
3603 3780 3771 3834 πάλιν

2180 3883 2413 3952 πάσχει’,
2448 3883 2534 3935 ὅτι
2575 3880 2667 3935 usi.
2697 3879 2955 3935 κενοῦται
2982 3879 3044 3933 τὸ
3077 3878 3240 3944 ζῶον,
3269 3877 3358 3930 διά
3394 3893 3453 3929 τε
3487 3875 3599 3928 τῶν
3628 3892 3769 3945 προ-

2179 3972 2357 4042 δήλων
2383 3971 2566 4044 πόρων
2596 3971 2692 4027 xui
2718 3972 2827 4024 τῶν
2856 3970 3090 4040 ἀδήλων.
3115 3968 3224 4023 Καὶ
3253 3969 3317 4022 ὲκ
3350 3968 3640 4039 προδήλων
3669 3965 3773 4035 μὲν

2181 4066 2387 4135 πόρων,
2419 4066 2488 4119 τὰ
2523 4060 2663 4134 οὖρα
2704 4063 2800 4117 xui.
2848 4062 3243 4134 περιττώματα
3288 4062 3354 4125 ’⁸,
3390 4059 3561 4131 μῦξαι
3602 4058 3649 4090 ³³
3679 4056 3775 4111 καὶ

2181 4157 2389 4211 πτύελα
2415 4161 2509 4211 xui.
2540 4159 2760 4228 πνεῦμα
2784 4158 2831 4188 ⁸⁸
2858 4156 3218 4227 ἀποκρίνεται
3257 4155 3303 4185 ’⁵
3324 4172 3335 4183 ·
3365 4155 3429 4206 ἐκ
3457 4152 3515 4206 δὲ
3558 4152 3773 4220 ἀδήλων

2182 4246 2477 4316 ὑπονόμων
2515 4248 2610 4301 xui
2647 4245 2919 4315 φυσικῶν,
2953 4248 3004 4299 οἱ
3032 4248 3097 4298 ὲκ
3121 4245 3214 4299 τοῦ
3248 4245 3463 4313 ἥπατος
3496 4246 3678 4313 ὀχετοὶ
3712 4242 3772 4305 ἐξ

2183 4336 2429 4401 ἅπαντος
2461 4336 2715 4409 σώματος
2748 4339 2794 4370 ³⁸
2827 4335 3169 4407 πολυσχιδῶς
3198 4335 3568 4389 διαπνέουσιν.

498 4424 627 4480 dum
668 4425 985 4497 siccumque
1012 4426 2084 4496 excrementum,mucosiquehumores,
2123 4441 2412 4501 sputaque,
2470 4441 2525 4487 et
2576 4432 2803 4502 spiritus
2857 4439 3268 4497 excernuntur;
3328 4430 3582 4484 obscuris
3644 4443 3775 4482 vero

497 4518 756 4575 ductibus
814 4520 909 4590 qui
966 4528 1022 4573 et
1113 4517 1392 4573 naturales
1448 4526 1595 4585 sunt,
1636 4534 1666 4571 a
1736 4518 1979 4588 jecinore
2033 4523 2455 4592 procedentibus
2529 4524 2729 4580 fistulis
2780 4524 3059 4580 multiﬁda:
3117 4523 3493 4593 respirationis
3559 4536 3657 4591 per
3697 4533 3777 4577 to-

498 4619 612 4665 tum
662 4624 859 4678 corpus
914 4608 1137 4663 emissio
1203 4608 1282 4663 fit.

572 4702 679 4758 Sed
702 4713 759 4759 et
798 4702 1028 4759 fumosae
1058 4702 1451 4769 exhalationcs,
1470 4717 1593 4773 quae
1620 4718 1715 4773 per
1741 4714 1925 4774 caput,
1947 4714 2077 4761 arte-

2267 4710 2335 4763 Δί
2361 4710 2418 4762 δὲ
2446 4710 2765 4779 λιγνυώδεις
2786 4712 2830 4743 ³⁷
2852 4710 3250 4781 ἀναθυμιάσεις
3274 4708 3365 4763 διὰ
3404 4712 3505 4781 τῆς
3529 4711 3779 4778 κεφαλῆς

503 4797 827 4866 riasque,ac
857 4796 1104 4867 corporis
1132 4795 1232 4866 13
1284 4806 1499 4851 meatus
1562 4796 1883 4866 procedunt,
1910 4801 2088 4868 ipsum

501 4904 597 4960 per
612 4890 842 4945 sudores
863 4890 1217 4945 exhauriunt.
1235 4890 1371 4944 Cum
1394 4899 1573 4944 autem
1593 4905 1657 4945 ea
1680 4905 1802 4960 qua:
1825 4890 2091 4946 exhausta

504 4981 836 5046 suut,sicca,
857 4981 1211 5051 humidaque,
1250 4996 1316 5036 ac
1342 4982 1534 5052 spiritu
1568 4981 1792 5052 prtedita
1812 4982 1943 5050 sint,
1968 4982 2090 5037 ani-

598 5180 644 5213 "
667 5198 726 5234 π.
751 5181 861 5234 τῶν
890 5198 944 5249 γ.
984 5180 1046 5239 Β.
1075 5181 1139 5232 ὲκ
1185 5179 1294 5232 τῶν
1353 5200 1413 5235 π.
1465 5199 1519 5249 γ.
1580 5182 1641 5235 Ρ.

507 5320 773 5405 πτειν-’0,
818 5320 1048 5405 πῖπτειν
1086 5320 1165 5405 Β..
1224 5322 1333 5391 ’τῇ
1389 5320 1495 5373 τῶν
1532 5339 1584 5392 χ.
1637 5321 1697 5375 C.
1752 5323 1795 5405 "
1821 5320 2281 5405 διαχωρήσειηΑ,
2315 5324 2649 5405 διαχωρήσει
2686 5324 2726 5377 Β
2759 5325 2799 5381 C
2855 5325 2915 5380 Ρ.

509 5391 791 5463 καὶᾲψΰχει
825 5391 865 5446 C
895 5392 953 5446 Ρ.
1027 5393 1048 5423 ⁸
1082 5391 1175 5443 xui
1207 5407 1321 5446 νοσ.
1360 5407 1471 5463 om.
1516 5398 1592 5456 A,

509 5461 566 5513 δὲ
599 5461 636 5512 Β
663 5461 737 5532 7P.
809 5463 851 5494 ¹³
890 5463 938 5515 οἱ
964 5464 1106 5530 ἱατρ.
1148 5478 1342 5532 προστ.
1375 5461 1416 5515 (1
1451 5461 1513 5515 Ρ.

511 5544 621 5583 oin.
655 5531 693 5583 Β
723 5534 763 5586 C
784 5532 845 5585 Ρ.
925 5533 967 5564 ⁸⁸
998 5533 1091 5585 xui.
1111 5532 1159 5584 οἱ
1282 5531 1343 5589 Β.
1375 5535 1423 5583 οἱ
1464 5549 1673 5603 παρακ.
1702 5536 1749 5584 οἱ
1782 5550 1902 5633 μεσ.
1940 5532 2003 5585 C.

513 5600 558 5629 η
585 5601 653 5633 qui.
718 5618 876 5633 ηυρλ.-
933 5598 1043 5633 λτλυ
1100 5620 1131 5633 η
1206 5603 1244 5633 l‘
1344 5603 1389 5633 I3
1421 5604 1589 5633 “.17...—
1623 5604 1659 5633 Ιι
1759 5606 1778 5633 ι
1838 5602 2003 5633 ..μμ-εἴη

513 5600 655 5672 ’ξτὰ
718 5618 897 5672 περιτ.
933 5598 1043 5655 οἷον
1099 5620 1159 5671 μ.
1196 5598 1267 5657 ’(ἶ.
1344 5603 1389 5633 ³³
1421 5598 1589 5666 κύζας
1623 5604 1681 5656 Β.
1759 5606 1778 5633 ¹

514 5664 605 5749 οἷς.
634 5673 732 5739 (εἰς
768 5664 1048 5749 ἱῖμιῇηῐξξ
1069 5664 1167 5749 ἀπ.
1206 5673 1267 5725 τὸ
1298 5689 1349 5726 σ.
1386 5664 1513 5749 πολζ
1540 5664 1852 5749 διακπνέεται
1898 5674 1937 5725 (2
1965 5664 2022 5725 Ρ.

1736 5184 1781 5214 ’7
1828 5181 2051 5251 ἀψύχων
2096 5195 2207 5236 om.
2243 5181 2304 5244 Β,
2331 5182 2401 5251 ἐμ

503 5253 548 5283 ’⁵
574 5251 622 5317 ξ.
649 5248 909 5337 τεηχολὴν
934 5248 973 5304 C
1019 5251 1123 5337 1’.“
1161 5250 1176 5280 ¹
1206 5248 1551 5337 ἀναλογεξται
1600 5252 1675 5337 B‘.‘
1753 5254 1795 5337 ’.
1815 5248 1888 5336 τῇ
2043 5252 2133 5337 Ὀ.

1642 5392 1911 5462 νοσήματι
1960 5392 2123 5462 τυχον

1610 5461 1655 5495 ⁸⁸
1674 5461 1859 5532 τήντε
1893 5462 2041 5564 nuto.
2068 5461 2129 5515 Β.

1610 5551 1651 5564 η..
1703 5536 1746 5564 ιιῖ
1782 5550 1883 5564 ..ριν
1967 5532 1978 5548 ‘
2083 5534 2124 5564 19

2154 5550 2316 5586 προσ.
2348 5551 2425 5585 τω

1838 5550 1902 5585 zu.
1940 5550 2003 5585 ιλ.

1838 5602 2077 5678 πνεύματ

2179 5550 2316 5600 ιροσ.
2348 5551 2425 5604 τῳ
2456 5552 2649 5603 μετοπ.
2679 5550 2719 5589 t.
2753 5550 2808 5591 ι’.
2912 5550 2958 5568 ὐ
2984 5550 3041 5590 σε
3071 5551 3106 5590 o
3126 5554 3179 5590 n.
3218 5550 3277 5589 υ.
3355 5550 3397 5567 ³·
3433 5550 3624 5609 ρευσιν
3647 5550 3690 5592 υ
3720 5550 3779 5590 ι’.

2179 5605 2251 5678 ιι)
2282 5603 2342 5658 Ρ.
2367 5673 2377 5678 _
2400 5605 2465 5678 A‘“
2490 5608 2877 5678 ἀποκρίνονται
2899 5607 2939 5660 C
2968 5608 3024 5678 ιτ.
3102 5607 3148 5637 ³⁸
3174 5606 3233 5672 ἐξ
3266 5608 3366 5661 ἀπ.
3404 5626 3547 5677 σωμ.
3580 5624 3692 5678 om.
3720 5606 3779 5673 Β,

2119 5674 2162 5703 ’⁷
2190 5673 2503 5740 λυγνιώδεις
2536 5676 2575 5730 Λ
2589 5716 2601 5731 .

516 5739 773 5806 νούμεναι
801 5739 861 5806 C,
893 5742 978 5795 διὰ
1006 5742 1242 5810 ἱδρώτων
1264 5743 1587 5813 κενούμεναι
1614 5742 1674 5795 Ρ.
1753 5746 1798 5775 ¹⁹
1825 5741 2235 5812 ὲκκενουμένων
2267 5739 2307 5797 C
2344 5746 2400 5798 ι».

2198 4801 2293 4853 xui
2326 4800 2435 4851 τῶν
2470 4800 2775 4872 ἀρτηριῶν,
2823 4801 2919 4854 xui.
2966 4800 3075 4853 τῶν
3127 4800 3221 4853 τοῦ
3283 4798 3537 4870 σώματος
3592 4806 3777 4869 πόρων

2195 4892 2556 4945 ὲκκενοῦνται
2581 4911 2596 4924 ·
2632 4892 2714 4946 ἔτι
2767 4893 2825 4946 δὲ
2859 4893 2957 4946 xui.
3015 4893 3082 4945 δι’
3115 4891 3356 4963 ἱδρώτων
3378 4892 3446 4945 ⁸⁸.
3484 4891 3681 4960 Ξηρῶν
3717 4891 3774 4942 δὲ

2196 4984 2367 5039 ὄντων
2400 4985 2511 5041 τῶν
2565 4988 2915 5057 κενουμένων
2937 4988 2981 5019 ⁸⁸
3017 4986 3113 5040 xui.
3164 4983 3349 5055 ὑγρῶν
3395 4985 3495 5038 xui.
3533 4984 3778 5053 πνευμά-

2404 5181 2464 5249 ψ.
2491 5199 2552 5235 τε
2604 5184 2850 5256 καὶᾏάψ.
2907 5183 2969 5240 Ρ.
3047 5186 3092 5219 ’⁸
3121 5178 3245 5256 αἷμ.
3307 5184 3373 5255 δὴ
3435 5186 3579 5253 λέγω
3630 5185 3672 5239 C
3717 5185 3778 5240 Ρ.

2228 5252 2249 5285 ⁸
2279 5251 2415 5305 οὖσα
2474 5268 2583 5306 om.
2636 5254 2676 5307 B
2710 5253 2769 5308 P.
2805 5251 2812 5254 ’
2864 5255 2885 5284 ⁸
2913 5256 3037 5309 ἐπεὶ
3096 5256 3159 5310 C.
3188 5251 3200 5256 ⁷
3234 5257 3255 5288 ⁸
3294 5251 3519 5320 τοῦτοιςή
3555 5256 3783 5326 περιπί-

2228 5324 2281 5380 A.
2315 5324 2649 5380 διαγωοήσει
2686 5324 2726 5377 Β
2759 5325 2799 5380 C
2855 5325 2915 5380 Ρ.
3007 5327 3028 5358 ⁸
3064 5326 3329 5380 θεομάσει
3379 5325 3449 5380 Α.
3510 5325 3783 5380 Θερμασῐα

2329 5342 2649 5405 καχωρτγσει
2688 5342 2726 5377 ι)
2759 5342 2799 5381 u
2856 5342 2915 5380 ι’.
3007 5342 3028 5358 °
3064 5342 3329 5397 υερμαςει
3379 5342 3449 5386 A,
3510 5342 3784 5397 υερμασεᾳ

2329 5395 2370 5424 ¹⁰
2409 5398 2610 5447 ὑλικων
2664 5395 2725 5449 Β.
2825 5398 2866 5427 ¹¹
2912 5397 3005 5450 τοῦ
3070 5395 3318 5449 ἐνιαυτοῦ
3347 5393 3388 5450 C
3420 5396 3483 5450 P.
3563 5399 3606 5428 ¹⁸
3635 5398 3779 5449 δευτ.

2224 5464 2266 5494 ’⁸
2300 5463 2414 5545 τὴν,
2434 5465 2843 5545 μειρακιώρτγΒ
2871 5466 3028 5545 ΕΓΖ.
3094 5468 3137 5498 ³⁸
3164 5467 3262 5545 τὴν
3290 5467 3397 5545 τῶν

2456 5552 2649 5603 μετοπ.
2679 5538 2719 5589 (ἶ
2753 5539 2808 5591 P.

3563 5399 3606 5428 ¹⁸
3635 5398 3779 5449 δευτ.

3656 5467 3781 5519 ιτδὲ

2912 5538 2958 5609 ξθ
2984 5537 3041 5590 δὲ
3071 5551 3179 5609 on.
3353 5537 3397 5567 "
3433 5536 3624 5609 ρεὖσιν
3647 5537 3690 5592 C

2698 5678 2743 5708 "
2777 5678 2845 5729 δι’
2880 5675 3119 5748 ἱδρώτων
3161 5675 3571 5749 ἐκκενουμένων
3601 5677 3661 5742 Β,
3690 5693 3783 5730 κε-
