4054 6216
409 291 554 350 4095
1713 283 1986 339 MELETII
2022 283 2330 340 MONACHI
3536 279 3680 335 1690

409 414 695 480 procreata
725 420 846 461 esse
875 403 1216 459 manifestum
1269 401 1553 464 habeatur,
1607 414 1639 466 (ι
1668 413 1715 450 .o
1763 398 1988 451 alimen-

2092 399 2125 468 ἡ
2149 397 2258 450 τῶν
2290 395 2756 466 προσφερομένων
2784 395 2910 456 τοὺς
2933 392 3182 464 καρποὺς
3208 393 3444 464 διαμένῃ
3465 393 3633 461 φύσις
3659 409 3676 422 ·

412 511 615 566 torum,
648 513 767 568 qua:
789 512 884 550 ceu
911 494 1159 549 circulari
1190 493 1421 562 quadam
1439 489 1814 543 vicissitudine
1834 487 1988 540 exhi-

2091 490 2138 540 εἰ
2168 489 2265 540 καὶ
2297 487 2604 558 λεληθότως
2638 487 2910 557 ὁσημέραι
2945 487 3081 556 πρὸς
3112 487 3349 540 ἕκαστον
3383 486 3494 537 τῶν
3529 501 3679 538 στοι-

412 593 631 654 bentur,
657 602 955 657 eorumque
987 585 1131 640 unde
1153 585 1361 639 fructus
1381 590 1761 652 suppetuutur,
1792 591 1984 634 natura

2091 577 2250 647 κείων
2287 578 2356 630 τὰ
2390 578 2627 646 διάφορα
2657 579 2980 646 γεννήματα
3006 575 3248 646 χωροῦσι
3269 576 3338 628 ⁸⁸.
3645 580 3668 586 “

411 682 728 740 indelicicns
756 688 1128 751 permaneret;
1165 692 1475 749 quanquam
1518 674 1584 729 ad
1618 672 1895 744 quodlibet
1935 687 2002 726 ex
2035 669 2318 725 clementis
2359 669 2572 725 diversa
2625 685 2822 740 genera
2871 672 2925 723 in
2986 670 3102 725 dies
3131 668 3377 738 singulos
3403 666 3544 721 clam
3583 665 3690 720 de-

411 779 664 848 migrant.

468 867 713 928 Etenim,
768 860 1162 916 elementorum
1225 872 1346 927 qum
1415 855 1644 910 diversae
1707 851 1988 925 qualitatis

408 968 537 1017 sunt
593 954 896 1010 admvicem
955 959 1262 1014 conventu,
1317 947 1482 1016 ejus,
1540 954 1684 1016 quod
1748 945 1815 998 ad
1873 957 1992 997 cor-

406 1049 553 1123 poris
585 1047 751 1104 nostri
786 1045 1041 1099 fabricam
1073 1041 1286 1106 attinet,
1316 1055 1378 1093 ac
1427 1037 1670 1090 omnium
1724 1049 1986 1104 quorum-

405 1155 622 1211 cunque
666 1139 896 1192 aliorum
949 1149 1205 1204 generum
1263 1146 1381 1201 qum
1442 1130 1656 1182 diversa
1691 1127 1978 1188 habentur,

405 1230 721 1290 constitutio
780 1227 1106 1299 perﬁcitur:
1153 1239 1274 1294 qua:
1330 1238 1394 1276 ex
1458 1219 1705 1290 pluribus
1752 1215 1985 1271 diversis

405 1324 664 1382 concordi
725 1320 1024 1376 adinviccm
1056 1317 1244 1371 ordine
1296 1313 1588 1383 copulatis,
1640 1311 1742 1365 rite
1797 1308 1984 1363 consi-

405 1425 574 1472 stunt.
630 1414 766 1469 Cum
823 1427 950 1466 vero
1004 1416 1355 1471 conventum,
1429 1419 1539 1474 quo
1590 1403 1981 1456 elementorum

405 1505 690 1561 harmonia
710 1504 895 1574 juncta
915 1499 1258 1558 constiterat.
1285 1510 1528 1564 congruo
1541 1501 1792 1562 tempore
1813 1490 1985 1545 resol-

405 1599 456 1653 vi
495 1595 818 1666 contigerit,
847 1591 1212 1661 compositum
1249 1602 1450 1656 corpus
1475 1584 1533 1639 in
1571 1583 1862 1654 perniciem
1887 1597 1982 1636 ac-

2174 849 2237 904 'H
2297 850 2402 921 γᾶρ
2452 850 2562 902 τῶν
2614 849 2931 919 ὲτεροφυῶν
2977 847 3260 919 στοιχείων
3309 848 3677 919 προσάλληλα

2093 942 2368 1014 συνδρομὴ
2405 942 2547 996 κατὰ
2576 943 2674 1013 τὴν
2697 943 2790 996 τοῦ
2823 943 3079 1012 σώματος
3107 941 3266 1012 ἡμῶν
3297 947 3673 1015 κατασκευὴν,

2087 1035 2183 1089 καὶ
2214 1035 2321 1088 τῶν
2345 1033 2521 1088 ἄλλων
2558 1033 2813 1087 ἁπάντων
2843 1033 3119 1104 διαφόρων
3151 1033 3347 1100 γενῶν,
3417 1034 3674 1099 σύνθεσίς

2086 1128 2169 1190 τίς
2229 1128 2347 1178 ἐστι
2403 1127 2490 1179 διὰ
2554 1126 2819 1178 πλειόνων
2873 1125 3148 1195 ἀνομοίων
3172 1125 3212 1154 ⁶¹
3288 1125 3670 1196 ἁρμοζομένη.

2101 1214 2456 1284 Ἐκλυθείσης
2485 1215 2542 1268 δὲ
2571 1215 2648 1286 τῷ
2685 1214 3186 1286 καθήκοντικαιρῷ
3213 1216 3310 1284 τῆς
3340 1217 3674 1284 συνδεούσης

2085 1308 2187 1378 τὴν
2217 1307 2324 1360 τῶν
2370 1308 2650 1377 στοιχείων
2705 1307 3010 1377 συνδρομὴν
3055 1307 3342 1378 ἁρμονίας,
3395 1308 3559 1361 πάλιν
3608 1309 3671 1360 τὸ

2089 1401 2344 1454 σύνθετον
2381 1402 2461 1463 εἰς
2504 1401 2572 1454 τὰ
2620 1401 2678 1467 ἐξ
2711 1395 2850 1454 ὧν⁶²
2906 1401 3207 1471 συνέστηκε
3261 1400 3493 1470 φθαρὲν,
3534 1403 3668 1455 ἀνα-

2087 1491 2272 1544 λύεται
2331 1491 2400 1558 ⁶³,
2446 1490 2676 1543 ἑκάστου
2725 1491 2832 1542 τῶν
2898 1489 3282 1551 συνελθόντων,
3330 1487 3466 1558 πρὸς
3484 1489 3529 1519 ⁸⁸
3567 1487 3671 1558 τὴν

2089 1583 2298 1636 οἰκείαν
2331 1582 2516 1652 χώραν
2547 1581 2886 1642 ἐπανιόντος.
2932 1579 3104 1632 Τοῦτο
3153 1580 3211 1633 δὲ
3260 1573 3372 1632 οἷον
3407 1579 3668 1632 κυκλικόν

407 1700 544 1755 tum,
577 1688 630 1740 in
655 1701 718 1739 ea
745 1699 811 1738 ex
853 1682 1049 1752 quibus
1081 1677 1436 1734 constitutum
1474 1674 1653 1729 fuerat
1689 1673 1866 1727 denuo
1895 1686 1977 1726 rc-

2091 1677 2210 1728 ἑστι
2235 1676 2419 1745 σχῆμα
2452 1691 2465 1706 ·
2494 1674 2522 1726 ὃ
2551 1674 2645 1727 καὶ
2674 1673 2772 1739 τῆς
2802 1671 3018 1742 φύσεώς
3046 1674 3193 1726 ἐστιν
3216 1670 3531 1734 ἀκολουθία,
3559 1671 3661 1723 καὶ

408 1782 656 1843 solvitur,
689 1776 932 1847 quolibet
953 1787 1142 1828 eorum
1183 1785 1304 1840 quae
1327 1769 1379 1823 iu
1403 1782 1569 1821 unum
1597 1776 1983 1826 convenerant,

408 1873 473 1925 ad
526 1869 629 1924 sibi
662 1864 1036 1936 praeseriptum
1088 1861 1270 1914 locum
1319 1863 1644 1912 revertente.
1674 1851 1788 1906 Hoc
1831 1867 1981 1904 nam-

407 1979 514 2032 que
545 1975 642 2015 ceu
687 1954 972 2013 circularis
1021 1951 1264 2021 quaedam
1331 1948 1500 2017 figura
1559 1947 1805 2008 habetur,
1840 1943 1986 2012 quod

407 2031 464 2102 et
525 2059 734 2102 natura:
797 2043 1148 2098 continuatus
1223 2037 1394 2102 ordo,
1449 2046 1503 2091 et
1571 2035 1820 2104 corporis
1866 2031 1983 2086 uiii-

409 2141 575 2202 cinm,
611 2138 1114 2204 elementorumque
1149 2131 1339 2194 series,
1365 2142 1428 2181 ac
1469 2124 1728 2195 temporis
1783 2124 1987 2178 hebdo-

413 2230 608 2284 matica
661 2225 1020 2282 circulatione
1081 2219 1349 2275 dimensio
1406 2225 1490 2272 est
1541 2215 1732 2285 :quod
1768 2231 1832 2268 ex
1895 2229 1989 2268 eo-

410 2321 532 2375 dem
574 2317 838 2385 originem
876 2325 1098 2367 sumens
1151 2309 1213 2362 in
1277 2307 1417 2360 idem
1471 2304 1694 2358 desiuit.
1729 2302 1793 2356 Et
1825 2301 1988 2371 quale

411 2410 689 2482 quidpiam
749 2407 802 2458 in
854 2402 1186 2472 agricultura
1235 2398 1348 2451 fieri
1400 2397 1700 2457 cernimus,
1742 2409 1866 2448 cum
1920 2409 1984 2448 ex

413 2503 648 2558 nubibus
676 2496 976 2569 procedens
1017 2491 1210 2553 imber,
1259 2488 1374 2543 sive
1429 2502 1526 2556 per
1557 2501 1726 2554 aquae
1791 2486 1988 2538 ductus

411 2594 654 2652 defluens
691 2593 921 2652 humor,
951 2585 1257 2654 subjectum
1317 2581 1496 2635 locum
1559 2578 1833 2633 niadidum
1859 2577 1978 2629 red-

412 2689 507 2742 dit.
578 2684 781 2739 llortus
841 2679 1065 2750 quidam
1111 2673 1344 2742 exempli
1398 2671 1570 2742 gratia
1610 2679 1900 2732 sumatur,
1933 2667 1988 2721 in

411 2796 522 2852 quo
551 2780 852 2833 innumera:
887 2774 1228 2828 diversarum
1261 2769 1542 2829 arborum,
1580 2764 1840 2820 aerariae
1869 2777 1990 2831 spe-

411 2877 524 2931 cies
556 2884 749 2928 eorum
784 2883 904 2938 qua:
931 2876 1075 2920 terra
1098 2870 1368 2934 procreat,
1425 2859 1667 2922 aluntur,
1702 2857 1756 2910 in
1790 2856 1989 2924 quibus

412 2969 664 3041 singulis,
717 2975 831 3020 tum
877 2962 1069 3015 forma:
1121 2956 1402 3028 qualitate,
1450 2949 1816 3020 peculiar-ique
1863 2959 1988 3014 pro-

415 3039 642 3133 prietate
682 3057 928 3111 colorum
982 3050 1278 3120 plurimum
1311 3041 1644 3099 discriminis
1677 3039 1986 3107 inspicitur.

413 3129 550 3209 Cum
575 3152 738 3221 igitur
771 3160 878 3200 uno
906 3141 1128 3202 inloco,
1161 3146 1268 3190 tam
1314 3134 1480 3187 niulta
1517 3131 1586 3184 ab
1616 3144 1727 3184 uno
1761 3129 1991 3182 humore

417 3220 633 3302 alantur
667 3259 680 3293 :
711 3235 978 3306 siquidem
1015 3229 1245 3285 facultas
1270 3241 1392 3294 qua:
1422 3225 1617 3278 horum
1647 3221 1861 3292 singula
1889 3220 1994 3272 bi;-

419 3299 616 3390 mectat
649 3299 818 3385 unum
866 3323 1139 3394 quoddam
1191 3327 1384 3372 natura
1441 3313 1712 3368 habetur:
1769 3299 1886 3380 ιδ’
1937 3315 1993 3362 at

417 3439 605 3482 eorum
656 3435 776 3493 quae
809 3417 1030 3472 aluntur
1084 3408 1387 3482 proprietas
1441 3405 1672 3458 humore
1731 3409 1994 3456 eausante

417 3520 662 3576 diversas
703 3513 759 3567 in
809 3507 1102 3580 qualitates
1149 3503 1553 3562 commutatur;
1611 3509 1758 3558 nam,
1805 3493 1862 3547 in
1897 3493 1994 3546 ab-

419 3612 656 3678 sinthio,
723 3605 869 3677 quod
931 3602 1050 3672 ejus
1103 3595 1376 3668 peculiare
1421 3600 1504 3648 est
1555 3588 1883 3654 amarescit;
1937 3587 1989 3640 in

420 3703 638 3762 aconito
684 3706 864 3753 autem
900 3694 962 3747 in
1009 3703 1260 3760 saporem
1293 3685 1386 3756 qui
1430 3682 1725 3754 perniciem
1762 3679 1990 3743 inducit,

419 3808 838 3865 transmutatur,
870 3810 934 3850 ac
977 3793 1030 3847 in
1069 3791 1192 3845 aliis
1229 3788 1441 3843 diversa
1491 3784 1646 3839 fiunt.
1687 3781 1744 3835 ln
1802 3795 1987 3844 croco,

419 3897 682 3959 balsamo,
763 3904 828 3944 ac
880 3900 1168 3958 papavere,
1228 3893 1416 3934 eorum
1467 3874 1743 3945 quoddam
1793 3865 1995 3927 calefa-

420 3989 614 4050 ciendi,
667 3982 810 4038 aliud
857 3974 1240 4048 refrigerandi,
1292 3970 1569 4041 quoddam
1624 3981 1754 4022 vero
1812 3964 1992 4020 media

419 4078 681 4148 qualitate
717 4070 1004 4142 praaditum
1043 4074 1146 4120 est.
1187 4061 1329 4117 Idem
1353 4059 1420 4113 de
1441 4059 1624 4123 lauro,
1655 4070 1718 4110 ac
1742 4053 1990 4121 lentisco,

417 4146 471 4224 et
502 4170 588 4222 his
619 4163 892 4220 similibus
916 4157 1140 4214 dixeris.
1174 4155 1232 4208 ιιι
1272 4153 1374 4206 ficu
1406 4149 1647 4218 quidem,
1679 4161 1744 4201 ac
1770 4146 1991 4211 vitibus,

417 4255 648 4314 dulcedo
682 4255 770 4309 illa
816 4250 1007 4321 optimi
1038 4245 1250 4316 saporis
1291 4241 1614 4305 innascitur,
1661 4254 1729 4294 ex
1758 4252 1992 4308 quarum

2090 1766 2185 1820 τοῦ
2217 1767 2469 1836 σώματος
2490 1767 2652 1836 ἔργον
2677 1779 2692 1795 ·
2726 1764 2822 1817 καὶ
2850 1762 2959 1816 τῶν
2991 1762 3274 1832 στοιχείων
3314 1760 3506 1831 είρμός
3527 1776 3540 1789 ⁸
3570 1761 3670 1813 καὶ

2088 1861 2184 1912 τοῦ
2211 1861 2406 1930 χρόνου
2434 1861 2480 1891 ⁵³
2506 1859 2594 1911 διὰ
2624 1858 2728 1928 τῆς
2766 1855 3132 1926 ἑϐδομαδικῆς
3163 1854 3597 1924 ἀνακυκλήσεως
3623 1856 3672 1888 ⁸⁸

2091 1954 2296 2023 μέτρον
2321 1954 2488 2022 ’ὅπερ
2521 1950 2581 2016 ἐξ
2611 1952 2808 2004 ἑαυτοῦ
2845 1950 3093 2020 ἄρχεται,
3140 1947 3236 2000 καὶ
3280 1949 3361 2010 εἰς
3397 1947 3590 2001 ἑαυτὸν
3612 1948 3656 1978 ⁸⁷

2087 2043 2407 2114 καταλήγει.
2438 2039 2566 2096 υἷον
2588 2042 2652 2111 δή
2683 2059 2736 2094 τι
2763 2042 2806 2073 (ιδ
2846 2041 2987 2092 κατὰ
3016 2038 3294 2108 γεωργίαν
3344 2037 3496 2090 ἐστιν
3541 2037 3670 2090 ἰδεῖν

2085 2135 2183 2203 τῆς
2206 2137 2267 2187 ἐκ
2295 2151 2348 2185 νε
2361 2134 2473 2202 φῶν
2491 2132 2824 2203 ἐπομϐρίας,
2848 2131 2880 2202 ἢ
2911 2133 3010 2199 τῆς
3027 2129 3071 2160 ⁶⁹
3108 2128 3216 2180 τῶν
3242 2128 3448 2198 ὀχετῶν
3506 2131 3668 2199 ἐπιρ-

2089 2224 2218 2293 ῥοῆς
2243 2222 2531 2293 διάϐροχον
2553 2221 2819 2289 ποιούσης
2841 2219 2902 2272 τὸ
2931 2217 3322 2288 ὑποκείμενον.
3366 2217 3560 2287 Κῆπος
3613 2217 3673 2270 δέ

2085 2332 2170 2378 τις
2203 2313 2518 2368 ὑποκείσθω
2550 2311 2630 2382 τῷ
2673 2311 2818 2380 λόγῳ
2841 2325 2855 2339 ·
2897 2307 3099 2380 μυρίας
3128 2307 3364 2377 δένδρων
3403 2306 3673 2376 διαφορὰς

2088 2405 2442 2468 παντοδαπάς
2462 2422 2521 2456 τε
2544 2404 2653 2456 τῶν
2691 2405 2755 2456 ὲκ
2777 2403 2880 2470 γῆς
2901 2400 3186 2470 φυομένων
3220 2399 3364 2462 ἰδέας
3386 2400 3442 2452 έν
3483 2399 3674 2469 ἐαυτῷ

2087 2496 2300 2567 τρέφων
2323 2511 2335 2524 ·
2373 2491 2446 2547 ὧν
2471 2493 2567 2547 καὶ
2611 2493 2672 2546 τὸ
2708 2491 2894 2561 σχῆμα
2920 2489 3014 2542 καὶ
3039 2490 3073 2558 ἠ
3103 2487 3346 2557 ποιότης,
3379 2488 3468 2540 καὶ
3500 2488 3532 2556 ἡ
3564 2487 3673 2556 τῆς

2088 2587 2281 2658 χροίας
2317 2585 2519 2655 ἰδιότης
2549 2587 2606 2638 ὲν
2635 2583 2805 2654 πολλῇ
2841 2581 3078 2652 διαφορᾷ
3105 2581 3220 2642 τοῖς
3257 2577 3374 2632 καθ’
3425 2576 3668 2630 ἕκαστον

2089 2680 2456 2750 ὲνθεωρεῖται.
2497 2676 2780 2730 Τοσούτων
2801 2675 2847 2707 ⁷ο
2879 2674 3057 2727 τοίνυν
3106 2670 3250 2724 κατὰ
3285 2670 3376 2724 τὸν
3412 2669 3510 2722 ἕνα
3556 2668 3676 2740 χῶ-

2091 2788 2183 2844 ρον
2220 2771 2297 2840 τῷ
2321 2767 2475 2840 ὑγρῷ
2517 2767 2892 2840 τρεφομένων,
2949 2767 2983 2834 ὴ
3017 2764 3118 2834 μὲν
3149 2760 3547 2826 ὑπονοτίζουσα
3600 2760 3677 2814 τὰ

2089 2862 2459 2918 καθ’ἑκαστον
2478 2861 2726 2929 δύναμις,
2756 2858 2855 2929 μία
2872 2874 2954 2920 τις
2967 2857 3110 2910 κατὰ
3139 2857 3236 2927 τὴν
3277 2854 3443 2923 φύσιν
3475 2853 3630 2906 ἐστίν
3653 2868 3670 2882 ⁸

2092 2958 2124 3026 ἡ
2168 2955 2224 3008 δὲ
2253 2955 2294 2985 ⁷⁸
2329 2954 2440 3007 τῶν
2469 2951 2828 3024 τρεφομένων
2886 2948 3087 3016 ἰδιότης
3138 2947 3220 3008 είς
3267 2944 3566 3015 διαφόρους
3611 2942 3679 2996 τδ

2091 3047 2262 3117 ὑγρὸν
2289 3043 2618 3115 μεταϐάλλει
2643 3043 2686 3074 ⁷³
2718 3041 3012 3110 ποιότητας
3035 3056 3049 3070 ·
3076 3038 3137 3090 τὸ
3160 3037 3267 3108 γὰρ
3289 3036 3422 3090 αὐτὸ
3451 3035 3678 3106 πικραί-

2092 3157 2241 3194 νεται
2275 3139 2319 3168 ⁷⁸
2351 3139 2448 3208 μὲν
2477 3138 2534 3188 ὲν
2587 3137 2657 3205 τῇ
2693 3133 2902 3204 ἀψίνθῳ
2927 3149 2942 3163 ο
2975 3133 3056 3194 εἰς
3104 3128 3432 3200 φθοροποιὸν
3479 3128 3540 3180 δὲ
3573 3145 3679 3198 χυ-

2097 3231 2198 3301 μὸν
2226 3231 2283 3281 ὲν
2302 3229 2379 3296 τῷ
2411 3226 2623 3296 κωνείῳ
2655 3224 2974 3296 μεθίσταται
3007 3238 3020 3251 ·
3051 3222 3147 3275 καὶ
3169 3221 3345 3284 ἄλλως
3369 3221 3426 3273 ὲν
3456 3218 3603 3290 ἄλλῳ
3623 3218 3676 3250 ’⁸

2093 3321 2302 3388 γίνεται
2329 3337 2342 3350 ’
2373 3319 2431 3370 ὲν
2478 3317 2684 3387 κρόκῳ,
2736 3315 2794 3367 ὲν
2826 3315 3112 3384 βαλσάμῳ,
3175 3313 3233 3364 ὲν
3273 3311 3490 3382 μήκωνι
3522 3327 3536 3342 ·
3592 3309 3675 3380 τῷ

2097 3413 2196 3484 μὲν
2219 3413 2264 3444 ⁷⁵
2318 3409 2430 3479 γὰρ
2471 3405 2917 3478 ἐκθερμαίνεται,
2977 3403 3054 3474 τῷ
3097 3402 3156 3456 δὲ
3183 3402 3228 3432 ⁷⁵
3267 3401 3672 3472 καταψύχεται,

2093 3504 2172 3575 τῷ
2205 3503 2260 3555 δὲ
2295 3501 2467 3573 μέσην
2497 3500 2610 3570 ἔχει
2633 3498 2898 3568 ποιότητα
2927 3514 2940 3529 ·
2975 3495 3069 3548 καὶ
3087 3496 3150 3547 ὲν
3180 3494 3358 3566 δάφνῃ
3379 3493 3447 3557 ⁷⁷,
3488 3492 3584 3546 καὶ
3613 3495 3676 3545 ἐν

2099 3595 2319 3664 σχοίνῳ,
2355 3592 2454 3644 καὶ
2479 3593 2592 3653 τοῖς
2618 3588 2884 3650 τοιούτοις
2916 3585 3144 3639 εὖπνοόν
3163 3583 3209 3614 ⁷⁸
3235 3585 3353 3636 ἐστι
3381 3601 3396 3615 ο
3431 3583 3493 3635 ὲν
3528 3586 3673 3652 συκῇ

2095 3706 2156 3740 τε
2187 3686 2282 3739 καὶ
2308 3683 2544 3754 ἀμπέλῳ
2568 3678 2987 3749 κατεγλυκᾶνθη
3018 3695 3033 3710 ·
3058 3678 3156 3730 καὶ
3182 3679 3211 3730 ὁ
3236 3673 3443 3746 ταύτης
3475 3675 3676 3744 βότρυς

2094 3775 2235 3841 οἶνος
2267 3777 2538 3845 ἐγγίνεται
2565 3775 2627 3807 ’θ’
2654 3773 2748 3826 καὶ
2767 3773 2798 3824 ὀ
2823 3770 2918 3824 τοῦ
2977 3769 3149 3839 μήλου
3177 3767 3335 3838 χυλός
3358 3767 3404 3798 ⁸⁸
3435 3782 3450 3797 ⁸
3498 3767 3595 3818 καὶ
3611 3765 3675 3819 τὸ

2094 3871 2190 3925 τοῦ
2217 3870 2371 3941 ῥόδου
2401 3865 2693 3938 ὲρύθημα;
2716 3864 2813 3918 καὶ
2837 3863 2899 3916 τὸ
2921 3861 3016 3916 τοῦ
3045 3861 3232 3933 κρίνου
3262 3859 3521 3932 λαμπρόν
3539 3875 3552 3889 ·
3579 3858 3676 3911 καὶ

2095 3963 2156 4017 τὸ
2184 3960 2442 4024 κυανίζον
2481 3958 2576 4011 τοῦ
2600 3958 2680 4010 ίου
2710 3973 2725 3987 ο
2768 3956 2863 4010 καὶ
2889 3955 3066 4009 πάντα
3088 3953 3190 4007 ὅσα
3219 3951 3360 4005 κατὰ
3410 3949 3510 4021 τὴν
3567 3949 3675 4019 γῆν

2096 4053 2244 4105 ἔστιν
2284 4051 2434 4114 ἰδεῖν,
2459 4048 2525 4100 ὲκ
2567 4047 2696 4117 μιᾶς
2732 4043 2946 4112 καὶτῆς
2971 4040 3145 4110 αὐτῆς
3179 4039 3404 4110 ἰκμάδος
3433 4037 3674 4091 ἀναϐλα-

2099 4147 2362 4200 στάνοντα
2391 4158 2407 4175 ι
2443 4143 2522 4203 εἰς
2577 4136 2848 4198 τοσαύτας
2885 4135 2942 4187 δὲ
2979 4131 3245 4203 διαφορὰς
3300 4130 3444 4184 κατά
3485 4145 3548 4181 τε
3608 4127 3674 4181 τὸ

2099 4237 2308 4307 σχῆμα,
2342 4234 2436 4287 καὶ
2462 4231 2523 4284 τὸ
2553 4226 2714 4294 εἶδος,
2749 4229 2844 4281 καὶ
2871 4227 2970 4289 τὰς
2987 4225 3286 4294 ποιότητας
3309 4219 3684 4291 διακρίνεται,“

418 4350 650 4408 racemis
674 4347 858 4401 vinum
890 4342 976 4407 fit;
1010 4349 1124 4394 tum
1157 4337 1249 4406 qui
1270 4336 1323 4389 in
1341 4333 1519 4404 pomis
1535 4345 1730 4386 succus
1753 4329 1988 4395 exsistit,

2094 4330 2224 4392 ὅσας
2251 4326 2372 4380 οὐδὲ
2409 4323 2590 4395 ῥᾴδιον
2619 4324 2663 4353 δι
2694 4319 3032 4391 ἀριθμῆσαιη

417 4451 781 4508 rosarumque
836 4431 1065 4492 rubedo,
1118 4425 1327 4494 liliiquc
1387 4419 1704 4490 Splendidus
1773 4418 1997 4485 candor,
2041 4419 2304 4486 violaeque
2350 4411 2755 4469 caarulcseentis
2806 4409 2958 4464 color
2979 4416 3223 4478 apparet.
3243 4404 3464 4461 Necnon
3484 4401 3672 4458 omnia

417 4551 540 4608 qua
572 4534 589 4590 i

597 4549 630 4588 η
678 4539 825 4584 terra
867 4523 1154 4582 visuntur,
1186 4529 1252 4570 ex
1283 4526 1392 4567 uno
1435 4511 1734 4578 eodemque
1786 4509 2018 4565 humore
2086 4505 2480 4580 germinantia,
2542 4505 2595 4556 in
2644 4515 2754 4556 tam
2808 4513 3134 4555 numerosas
3175 4497 3532 4566 diversasque
3582 4509 3672 4550 se-

418 4587 658 4684 cundum
689 4619 916 4688 figuram
945 4607 1292 4683 speciemque
1316 4600 1606 4674 qualitates
1659 4599 2091 4668 distinguuntur,
2137 4606 2196 4652 ut
2227 4610 2420 4652 eorum
2470 4609 2730 4650 numeros
2787 4604 3108 4662 percensere
3166 4587 3668 4645 laboriosissimum

419 4719 706 4774 habeatur.

415 5100 602 5149 verm,
664 5079 913 5144 arteriae,
970 5063 1274 5141 cunetaque
1319 5083 1441 5136 quae
1488 5081 1661 5135 nuper
1702 5065 1988 5119 retulimus

417 5179 553 5232 ﬁunt
569 5193 584 5244 ;
601 5189 666 5230 ex
682 5171 884 5244 quibus
900 5168 1100 5228 denuo,
1121 5162 1288 5228 oeuli,
1307 5158 1584 5221 tunicula),
1603 5171 1785 5222 nares,
1805 5172 1986 5220 aures,

415 5270 625 5342 lingua,
685 5266 896 5330 dentes,
934 5257 1185 5331 gingivae,
1215 5251 1486 5324 gurgulio,
1536 5247 1814 5302 elavicula:
1867 5245 1990 5301 tho-

507 5425 716 5551 ᾖέἒέῖἶὲ
758 5413 1238 5551 μεσῖαξὲξίῗδὲῖιὲῗ
1262 5413 1321 5515 Pi

419 5499 465 5537 “
489 5499 570 5560 εἰς
588 5487 629 5551 C
653 5487 716 5549 Ρξ
758 5487 772 5495 ’
818 5494 861 5526 ⁸⁵
891 5487 1046 5562 ἱρόν,
1062 5487 1119 5542 δὲ
1143 5487 1206 5562 C_.

419 5547 629 5621 xuii":
655 5547 717 5598 γά
743 5566 842 5634 τῆς
873 5547 988 5634 (iiii.
1020 5547 1096 5634 ί)ζ
1173 5556 1226 5634 7:
1248 5547 1573 5634 τοπύτονξξ
1603 5551 1664 5632 P.
1703 5547 1710 5549 V
1735 5550 1780 5634 τί
1805 5549 1854 5599 εἰ
1883 5548 1939 5600 δὲ
1973 5547 2036 5600 C.

421 5618 558 5688 M8
585 5618 686 5689 μὲν
717 5634 758 5687 C
788 5618 846 5686 ὑί
934 5633 980 5665 ⁷⁸
1003 5627 1162 5683 τοῦτο
1183 5625 1238 5679 δὲ
1270 5624 1332 5689 C,
1362 5625 1423 5676 τὸ
1452 5623 1508 5676 δὲ
1538 5623 1622 5688 Ι).,
1655 5624 1718 5689 it.
1748 5618 1842 5671 lin.
1873 5632 1988 5689 seq.

421 5721 544 5760 νςτο
567 5691 607 5756 Β
639 5703 679 5758 C
704 5700 766 5754 P.
858 5701 902 5732 ⁸ο
936 5697 1186 5770 χιλὸς-(1.
1249 5695 1320 5770 3'
1351 5695 1414 5770 ού
1539 5691 1580 5770 ρ

419 5772 492 5843 ξ’*
517 5776 588 5828 τὰ
612 5765 984 5842 προειρήμενα
1015 5770 1056 5824 (2
1091 5765 1154 5819 P.

1430 5414 1471 5446 ⁶¹
1508 5407 1794 5484 ἁρμονιῶν⁵
1819 5406 1860 5459 Β
1881 5403 2165 5484 P_,_interl:

1303 5485 1348 5515 ⁶⁶
1379 5474 1752 5552 ἑϐδοματῖικῆςῌ
1764 5477 2126 5552 ἀνακλήσεως
2134 5474 2208 5552 ΑΒ.

2158 4781 2410 4838 Τοιοῦτόν
2431 4799 2483 4835 τι
2502 4780 2644 4836 κατὰ
2668 4780 2768 4848 τὴν
2792 4777 3035 4851 ἔμψυχον
3064 4777 3097 4848 ἠ
3107 4775 3226 4844 μῶν
3255 4775 3502 4844 ἄρουραν
3533 4772 3670 4826 θαυ-

2099 4877 2483 4948 ματοποιεῖται
2520 4873 2671 4944 παρὰ
2716 4874 2815 4942 τῆς
2867 4869 3108 4940 φύσεως,
3165 4865 3366 4936 μᾶλλον
3411 4865 3468 4918 δὲ
3521 4864 3672 4935 παρᾶ

2095 4964 2189 5018 τοῦ
2247 4965 2522 5018 Δεσπότου
2574 4964 2674 5032 τῆς
2715 4961 2928 5031 φύσεως
2969 4975 2983 4989 ·
3025 4959 3192 5012 ὀστέα
3227 4975 3288 5011 τε
3349 4957 3506 5012 καὶ¹³³
3544 4957 3671 5026 χόν-

2093 5058 2233 5127 δροι,
2292 5055 2486 5124 φλέϐες
2519 5054 2616 5108 καὶ
2669 5053 2953 5124 ἀρτηρίαι,
2988 5051 3082 5106 καὶ
3137 5050 3318 5104 πάντα
3362 5049 3432 5102 τὰ
3485 5047 3667 5119 μικρῷ

2095 5149 2406 5221 ἔμπροσθεν
2427 5149 2698 5220 εἰρημένα
2713 5148 2782 5183 ⁸³⁸
2805 5165 2822 5178 ·
2855 5145 2916 5212 ἐξ
2948 5139 3024 5204 ὧν
3053 5145 3217 5200 πάλιν
3266 5142 3541 5213 ὀφθαλμοὶ
3573 5141 3667 5194 καὶ

2097 5241 2346 5314 χιτῶνες,
2402 5243 2549 5314 ῥῖνες
2603 5241 2700 5294 καὶ
2717 5241 2764 5272 ⁸³
2797 5234 2911 5295 ὦτα
2942 5255 2958 5272 ο
3008 5236 3232 5308 γλῶσσα
3282 5235 3379 5289 καὶ
3406 5233 3618 5296 ὀδόντες
3651 5250 3666 5265 ·

2270 5403 2313 5436 ⁶¹
2341 5403 2420 5465 εἰς
2444 5403 2473 5456 δ
2501 5400 2562 5455 Β.
2671 5401 2716 5433 ⁸³
2736 5399 3016 5453 διαλύεται
3066 5394 3145 5465 BL
3160 5392 3366 5465 φθορᾲν
3384 5390 3572 5465 nava}.
3601 5386 3665 5444 Ρ.

2303 5475 2347 5506 ⁸⁷
2377 5456 2538 5526 ἑαυτὸ
2564 5470 2606 5524 Β
2633 5469 2674 5526 C
2707 5469 2767 5524 P.
2845 5470 2889 5501 “
2911 5467 2968 5520 δέ
3003 5483 3056 5518 τι
3087 5456 3198 5519 οἷόν
3221 5456 3278 5516 τί
3305 5462 3345 5516 Β
3373 5460 3436 5524 C,
3469 5456 3582 5513 οἷον
3613 5475 3667 5512 τι

2109 5527 2152 5576 θ’
2191 5527 2486 5614 μεταϐάλει
2727 5538 3012 5614 πικραίνει
3037 5535 3123 5614 C._
3176 5533 3220 5565 ⁷⁸
3248 5532 3426 5614 καὶῆέν
3447 5529 3565 5614 ἄλλΣ
3601 5527 3666 5614 ς.

2064 5615 2110 5646 ⁷⁷
2140 5598 2274 5668 κίὲν
2296 5615 2344 5667 δ.
2375 5628 2488 5668 om.
2517 5612 2580 5668 C.
2622 5612 2665 5644 ⁷⁸
2693 5598 2957 5679 ήδύτξνοον
2979 5607 3039 5672 Β,
3069 5603 3305 5658 εὔπνουν
3335 5601 3398 5679 (1..
3474 5600 3518 5631 τ’
3545 5598 3668 5679 ἐγέ-

1585 5666 1622 5746 .’
1703 5688 1750 5773 ξ’
1784 5703 1843 5773 τε
1863 5666 1970 5773 rei.

2091 5666 2325 5741 cati—ante
2350 5666 2552 5755 agni
2579 5666 2955 5752 εηιέχιτῶπς
2983 5666 3037 5736 et
3060 5685 3187 5735 ante
3216 5673 3432 5744 γαστήρ
3461 5683 3568 5727 om.
3593 5666 3657 5724 P-

1247 5765 1293 5798 ⁸⁸
1326 5764 1418 5817 καὶ
1451 5755 1511 5832 β.
1540 5761 1600 5826 Β,
1632 5760 1724 5814 καὶ
1749 5758 1818 5814 τὰ
1857 5755 1970 5814 ὦτα
1996 5755 2066 5843 Ρ..
