4054 6216
378 288 516 345 1097

1603 286 1690 340 DE
1728 285 2016 342 NATURA
2054 284 2366 344 IIOMINIS.

3516 300 3653 356 i008

374 404 509 462 οὖλα
538 407 634 461 καὶ
659 406 990 478 γαργαρεὼν
1017 424 1035 442 ο
1074 408 1221 473 κλείς
1254 427 1312 462 τε
1350 409 1446 463 καὶ
1473 409 1662 480 θώραξ
1694 428 1708 440 '
1763 411 1957 482 καρδία

2068 428 2189 478 rax,
2231 429 2348 478 cor,
2394 414 2602 485 pulmo,
2660 416 2940 482 intestina,
2981 430 3191 485 venter,
3238 430 3544 491 cunctaque
3574 424 3659 475 vi.

375 502 472 555 καὶ
514 499 775 571 πνεύμων
807 518 821 531 ·
886 500 1080 571 ἔντερα
1141 502 1234 555 καὶ
1294 503 1548 573 γαστήρ·
1603 504 1699 556 καὶ
1753 503 1966 572 ἔγκατα

376 594 557 647 πάντα
595 591 735 662 μετὰ
766 592 1003 662 σπληνὸς
1056 595 1153 646 καὶ
1198 594 1435 664 ἥπατος,
1482 594 1578 647 καὶ
1628 594 1736 648 τῶν
1788 595 1965 649 ἄλλων

376 686 600 740 πάντων
626 684 736 737 τῶν
767 683 971 738 ἔσωθεν
992 699 1005 713 °
1030 686 1166 756 πρὸς
1194 686 1408 749 τούτοις
1435 688 1619 756 χεῖρες
1646 687 1742 741 καὶ
1779 688 1962 754 πόδες,

375 782 472 833 καὶ
498 781 680 833 πάντα
714 779 782 832 τὰ
811 778 1080 849 ὀργανικὰ
1113 779 1278 849 μόρια
1334 780 1623 852 διαφόροις
1669 782 1963 852 ίδιώμασιν

375 874 472 926 ἀπ’
530 871 780 942 ἀλλήλων
835 872 1247 942 κεχωρισμένα,
1295 874 1393 943 μιᾷ
1455 876 1520 944 τῇ
1594 875 1696 944 τῆς
1751 876 1964 945 τροφῆς

377 963 700 1034 χυλῶσειθδ,
734 963 1091 1033 καταλλήλως
1128 967 1194 1035 τῇ
1230 965 1439 1018 ἑαυτῶν
1466 967 1727 1036 τρέφεται
1758 966 1918 1036 φύσει
1946 985 1958 998 ·

375 1055 453 1117 ὡς
485 1058 586 1125 τῆς
636 1055 867 1126 τροφῆς,
913 1051 957 1125 ᾧ
1018 1058 1086 1110 ἂν
1138 1059 1535 1132 προσπελάσῃς
1600 1060 1781 1131 μέρει,
1839 1063 1962 1115 κατ’

374 1146 989 1217 ἑκείνοάλλοιουμένης,
1029 1149 1240 1211 οἰκείας
1269 1144 1329 1201 τε
1389 1151 1487 1203 καὶ
1551 1151 1841 1222 συμφυοῦς
1895 1156 1960 1225 τῇ

374 1236 568 1291 τούτου
614 1239 913 1309 οἰκειότητι
954 1242 1251 1312 γινομένης
1283 1243 1350 1296 ⁸⁵.
1406 1244 1471 1296 Εἰ
1521 1243 1634 1314 γὰρ
1694 1244 1836 1298 κατὰ
1870 1246 1963 1299 τὸν

375 1332 658 1403 ὀφθαλμὸν
719 1334 1019 1404 γένοιτο⁸⁶,
1064 1335 1143 1407 τῷ
1204 1337 1448 1407 ὁρατικῷ
1490 1338 1665 1409 μορίῳ
1726 1356 1966 1407 συγκατ-

378 1424 590 1497 εκράθη
616 1425 683 1456 ⁸⁷·
713 1427 809 1478 καὶ
837 1427 947 1480 τῶν
977 1428 1104 1497 περὶ
1136 1428 1232 1481 τὸν
1258 1428 1538 1500 ὀφθαλμὸν
1562 1428 1810 1501 χιτώνων
1840 1435 1964 1494 ταῖς

378 1519 668 1591 διαφοραῖς
696 1520 917 1583 οἰκείως
956 1522 1036 1584 εἰς
1059 1521 1107 1553 ⁸⁸
1151 1522 1389 1576 ἕκαστον
1438 1524 1843 1596 κατεμερίσθη.
1897 1525 1961 1577 Et

377 1611 437 1664 δὲ
454 1614 568 1674 τοῖς
585 1610 729 1665 κατὰ
747 1612 849 1681 τὴν
872 1611 1046 1683 ἀκοὴν
1067 1613 1296 1684 μέρεσιν
1313 1616 1551 1687 ἐπιρρυῇ
1575 1615 1642 1679 ⁸⁸,
1670 1618 1737 1686 τῇ
1794 1616 1931 1669 ἀκου
1946 1647 1963 1659 -

386 1708 546 1775 στικῇ
576 1704 992 1775 καταμίγνυται
1018 1706 1202 1774 φύσειε
1234 1708 1326 1760 καὶ
1350 1710 1405 1759 ὲν
1435 1707 1611 1777 χείλει
1640 1709 1955 1778 γινόμενον,

2068 519 2223 559 scera
2272 521 2397 562 cum
2453 506 2595 562 liene
2652 508 3041 581 jecinoreque,
3103 527 3170 568 ac
3223 514 3346 569 aliis
3397 514 3656 570 omnibus

2068 612 2189 665 quae
2231 598 2378 655 intus
2421 600 2734 655 consistunt
2770 617 2784 653 :
2825 602 2894 656 ad
2925 604 3064 669 haec,
3105 621 3325 673 manus,
3358 606 3653 678 pedesque,

2066 697 2120 742 et
2145 703 2337 744 omnes
2364 699 2546 759 partes
2584 708 2708 762 quae
2761 694 3207 753 instrumentales
3243 698 3531 762 habentur,
3567 701 3654 754 di-

2069 780 2241 835 versis
2282 781 2423 836 iuter
2446 798 2505 838 se
2528 784 2719 840 olliciis
2749 795 2992 853 sccretzn,
3019 776 3129 842 una
3158 797 3371 842 tantum
3410 791 3656 846 alimenti

2068 869 2122 925 in
2173 886 2398 927 succum
2436 877 2755 937 mutatione,
2798 879 3019 947 propria
3066 879 3150 934 sui
3182 889 3378 936 natura
3426 882 3528 937 rite
3557 884 3658 937 ali-

2067 972 2313 1019 mentum
2369 968 2647 1034 sentiunt,
2701 978 2891 1039 utpote
2937 972 3031 1041 qui
3077 973 3337 1029 omnibus
3393 975 3657 1044 subjectis

2067 1057 2316 1125 partibus
2351 1059 2493 1114 idem
2521 1061 2808 1129 admovet;
2839 1079 2987 1131 nam,
3024 1064 3337 1135 cuicunque
3386 1068 3526 1136 parti
3559 1068 3657 1122 ad-

2067 1148 2303 1216 hibetur,
2374 1151 2427 1204 in
2480 1152 2597 1221 ipsa
2649 1166 2703 1209 et
2752 1155 3127 1211 alterationem
3187 1159 3370 1225 sentit,
3417 1175 3481 1214 ac
3528 1176 3653 1215 cum

2064 1251 2217 1311 parte
2247 1243 2334 1297 cui
2366 1243 2649 1299 adhibitus
2692 1246 2874 1309 fuerit.
2916 1249 3211 1317 peculiaris
3240 1265 3303 1305 ac
3338 1251 3654 1307 coalescens

2063 1333 2312 1388 eﬂicitur.
2342 1334 2399 1389 Si
2425 1336 2571 1390 enim
2593 1338 2661 1392 ad
2696 1338 2884 1394 oculos
2916 1343 3230 1406 secesserit,
3290 1357 3415 1396 cum
3449 1343 3653 1398 visibili

2065 1423 2257 1490 spiritu
2288 1424 2533 1493 ejusdem
2586 1431 2999 1497 temperamenti
3052 1430 3316 1499 ellicitur;
3354 1443 3467 1487 tum
3491 1434 3536 1487 si
3585 1435 3651 1491 ad

2064 1514 2209 1567 oculi
2246 1516 2462 1571 tunicas
2497 1519 2819 1586 perrexerit,
2859 1520 3090 1578 diversis
3135 1524 3382 1593 partibus
3426 1527 3650 1595 proprio

2058 1603 2184 1672 jure
2209 1604 2275 1659 ad
2309 1606 2554 1675 singulas
2582 1608 2860 1664 dividitur.
2891 1611 2945 1665 Si
2978 1628 3106 1666 vero
3147 1613 3214 1667 ad
3244 1630 3338 1668 eas
3385 1630 3506 1684 quae
3550 1632 3650 1670 au-

2063 1702 2212 1757 ditus
2254 1715 2385 1759 sunt
2418 1716 2600 1773 partes
2635 1708 2945 1773 deﬂuxerit,
2985 1712 3211 1766 audibili
3252 1722 3463 1768 natura:
3498 1730 3651 1769 com-

378 1798 557 1868 χεῖλος
612 1799 871 1868 ὲγένετο’
906 1798 1001 1853 καί⁸
1046 1801 1103 1852 ὲν
1156 1799 1330 1871 ὀστέῳ
1376 1801 1696 1870 πήγνυται·
1752 1803 1847 1855 καὶ
1901 1802 1957 1855 ὲν

2064 1794 2364 1850 miscetur:
2390 1812 2600 1853 necnon
2628 1799 2787 1855 labiis
2817 1801 3081 1868 adhibita,
3130 1804 3184 1857 in
3220 1804 3362 1859 labia
3407 1820 3650 1860 commu-

379 1891 565 1962 μυελῷ
591 1892 933 1947 άπαλύνεται
959 1909 971 1923 ·
1003 1895 1098 1947 καὶ
1124 1894 1380 1947 τονοῦται
1420 1894 1562 1965 μετὰ
1585 1895 1682 1948 τοῦ
1716 1895 1912 1966 νεύρου
1942 1912 1960 1931 ο

377 1981 474 2033 καὶ
501 1984 568 2051 τῇ
602 1981 900 2052 ἐπιφανείᾳ
929 1982 1439 2051 συμπαρατείνεται
1466 2000 1479 2013 ·
1514 1979 1624 2035 και
1649 1985 1732 2047 εἰς
1757 1984 1960 2054 ὄνυχας

374 2074 647 2128 διαϐαίνει
681 2091 694 2105 ’
743 2076 839 2127 καὶ
870 2076 950 2136 εἰς
984 2074 1191 2144 τριχῶν
1229 2074 1448 2142 γένεσιν
1479 2075 1959 2128 λεπτοποιείται⁹⁰

376 2165 490 2226 τοῖς
525 2162 891 2234 καταλλήλοις
920 2165 1114 2234 ἀτμοῖς
1136 2164 1179 2196 ⁹¹
1210 2179 1222 2191 ·
1258 2166 1306 2216 εί
1349 2165 1449 2233 μὲν
1475 2164 1567 2218 διὰ
1598 2164 1831 2218 σκολιῶν
1855 2183 1956 2218 πα-

377 2255 630 2326 ράγοιντο
658 2256 864 2325 πόρων,
898 2256 1198 2326 οὐλοτὲρας
1247 2258 1341 2309 καὶ
1376 2257 1888 2327 κατηγκυὶωμένας
1911 2260 1957 2291 ⁹¹

377 2349 479 2413 τὰς
512 2350 704 2421 τρίχας
735 2349 1071 2419 ἐκφαίνουσα
1098 2351 1145 2383 ⁸⁸
1176 2367 1191 2381 υ
1222 2351 1271 2403 εί
1313 2349 1371 2402 δὲ
1410 2350 1477 2403 δι’
1527 2349 1750 2414 εὐθείας
1791 2352 1827 2421 ἠ
1853 2350 1962 2405 τῶν

376 2440 707 2509 τριχοποιῶν
738 2440 931 2511 ἀτμῶν
971 2441 1186 2510 γένοιτο
1213 2440 1462 2511 πρόοδος,
1498 2442 1808 2511 τεταμένας
1840 2461 1897 2495 τε
1914 2444 1961 2476 ’δ

376 2530 472 2584 καὶ
504 2530 721 2595 εὐθείας
748 2531 1073 2602 προάγουσα
1097 2546 1112 2561 ο
1147 2531 1355 2596 αἵτινες
1390 2531 1580 2602 τρίχες
1602 2533 1697 2585 καὶ
1743 2533 1835 2585 διὰ
1860 2533 1960 2603 τὴν

376 2625 566 2695 λιγνύν
596 2629 641 2659 ⁸⁸
671 2627 774 2701 τὴν
798 2628 1280 2699 ἁναπεμπομένην
1330 2627 1423 2680 ἐπὶ
1482 2627 1585 2698 τὴν
1617 2628 1863 2699 κεφαλὴν
1896 2632 1960 2683 ὲκ

379 2720 678 2790 στομάχου,
740 2720 944 2789 λευκὴν
989 2720 1090 2791 μὲν
1151 2714 1320 2773 οὖσαν
1365 2719 1461 2773 καλ⁴
1507 2720 1962 2792 φλεγματικώτε-

381 2828 479 2881 ραν
508 2813 576 2877 ’⁸,
603 2812 819 2885 ταχέως
870 2812 1250 2866 λευκαίνονται
1284 2828 1298 2843 ·
1342 2811 1750 2883 χολωδεστέραν
1779 2814 1823 2845 ’⁷
1868 2814 1962 2866 καὶ

376 2905 698 2977 ξηροτέραν,
733 2904 1089 2977 βραδύτερον.
1131 2906 1294 2959 Ἷδιον
1324 2905 1383 2959 δὲ
1417 2905 1598 2958 καὶτὸ
1630 2904 1956 2959 πολιοῦσθαι

378 2999 540 3070 μόνον
594 2998 888 3069 ἀνθρώπου
919 3000 992 3067 ’⁸,
1028 2999 1222 3068 ὥσπερ
1295 2997 1393 3051 καὶ
1441 2997 1503 3049 τὺ
1547 2998 1713 3067 γελᾷν
1743 3015 1758 3031 ·
1797 2997 1959 3051 τοῦτο

378 3092 476 3161 μὲν
510 3090 621 3162 γὰρ
666 3091 831 3145 παντὶ
881 3092 979 3145 καὶ
1023 3092 1170 3162 μόνῳ
1228 3089 1505 3160 ἀνθρώπῳ
1550 3090 1820 3162 ἁρμόζει·
1856 3093 1958 3145 οὐκ

376 3185 464 3239 ἀεὶ
493 3185 551 3238 δέ
572 3201 585 3213 '
623 3184 738 3238 ἀλλ’
765 3186 823 3237 ὲν
856 3184 935 3254 τῷ
969 3185 1114 3255 γήρᾳ
1135 3183 1351 3250 γίνεται
1390 3181 1578 3251 μόνον.
1607 3183 1871 3236 Καλεῖται
1900 3183 1957 3236 δὲ

376 3275 556 3333 πολιὰ
577 3276 697 3347 ἦτοι
729 3276 883 3345 παρὰ
908 3274 970 3326 τὸ
1001 3272 1203 3344 λευκὴν
1227 3275 1272 3305 ⁹⁹
1307 3268 1448 3324 εἶναι
1484 3287 1498 3303 ο
1538 3272 1598 3325 τὸ
1631 3271 1740 3343 γὰρ
1771 3274 1787 3305 ⁸
1833 3274 1956 3327 λευ-

375 3367 470 3420 κὸν
499 3366 684 3421 πολιόν
719 3384 731 3397 ο
765 3361 938 3437 ἣοῖον
974 3365 1183 3419 παλαιά
1208 3382 1220 3396 ’
1255 3365 1313 3417 ὲν
1346 3365 1495 3436 γήρᾳ
1531 3364 1638 3435 γὰρ
1678 3365 1950 3430 γίνεταιί.

2062 1893 2229 1942 tatur.
2267 1887 2374 1943 Sed
2420 1898 2475 1944 et
2525 1892 2578 1945 in
2628 1893 2849 1948 ossibus
2879 1897 3207 1962 concrescit,
3242 1905 3296 1950 et
3325 1897 3377 1951 in
3409 1899 3647 1954 medulla

2062 1980 2348 2037 mollitiem
2395 1983 2582 2047 sentit,
2644 2001 2857 2040 necnon
2893 2003 3018 2042 cum
3080 2004 3246 2045 nervo
3276 1993 3647 2058 contenditur,

2062 2089 2127 2129 ae
2164 2076 2327 2130 simul
2376 2092 2500 2131 cum
2556 2079 2846 2147 superticie
2876 2081 3209 2135 extenditur.
3257 2081 3434 2136 Simili
3483 2085 3649 2138 inodo

2064 2167 2119 2221 in
2157 2183 2369 2238 ungues
2416 2170 2680 2239 procedit,
2737 2172 2842 2241 16
2889 2172 3055 2241 inque
3106 2174 3342 2243 pilorum
3383 2177 3651 2231 constitu-

2061 2258 2264 2313 tionem
2300 2263 2559 2331 congruis
2596 2264 2895 2332 vaporibus
2932 2265 3246 2333 gracilatur.
3283 2265 3340 2321 Si
3372 2281 3500 2323 vero
3549 2284 3650 2323 va-

2064 2351 2288 2421 poribus
2335 2354 2469 2422 ipsis
2507 2370 2603 2424 per
2636 2363 2913 2412 tortuosos
2945 2367 3158 2413 meatus
3190 2361 3441 2429 progredi
3475 2361 3651 2416 conti-

2064 2442 2230 2511 gerit,
2257 2442 2553 2512 crispiores
2592 2446 3060 2517 tortuosioresque
3082 2449 3182 2529 pili
3214 2451 3649 2507 constituuntur.

2063 2534 2132 2587 At
2165 2533 2209 2587 si
2252 2549 2502 2604 vapores,
2553 2550 2581 2589 a
2636 2536 2836 2605 quibus
2880 2538 3117 2607 pilorum
3160 2551 3316 2595 ortus
3345 2541 3398 2594 in
3437 2551 3648 2597 rectum

2062 2626 2515 2695 pregredientur,
2567 2638 2854 2696 porrectos
2894 2630 3273 2700 distentosque
3332 2633 3484 2703 ipsos
3530 2634 3648 2687 ﬁeri

2063 2716 2292 2771 accidet.
2336 2717 2441 2783 Qui
2476 2718 2622 2772 enim
2652 2734 2683 2773 a
2728 2718 2946 2775 fumosa
2977 2722 3275 2777 emissione
3307 2740 3430 2794 qua:
3472 2740 3503 2777 a
3536 2733 3650 2780 sto-

2065 2809 2261 2863 macho
2305 2810 2373 2865 ad
2420 2819 2585 2879 caput
2631 2810 2806 2866 fertur
2838 2813 2934 2881 pili
2986 2813 3274 2879 oriuntur,
3321 2817 3367 2871 si
3410 2831 3473 2870 ea
3526 2817 3648 2871 alba

2063 2902 2346 2972 magisque
2396 2903 2656 2973 pituitosa
2697 2903 2880 2969 fuerit,
2921 2906 3078 2959 ocius
3128 2906 3443 2975 albescunt;
3488 2923 3516 2961 a
3563 2908 3650 2963 bi-

2063 2994 2265 3049 losiore
2310 3008 2462 3060 vero,
2520 2996 2804 3066 magisque
2854 2997 3021 3062 sicca,
3067 2998 3299 3053 tardius.
3360 3000 3644 3069 Siquidem

2061 3101 2373 3151 canescere,
2438 3088 2759 3157 ridereque,
2825 3089 3063 3144 hominis
3112 3098 3322 3144 tantum
3373 3092 3647 3161 peculiare

2065 3179 2334 3244 habetur;
2386 3180 2479 3234 sed
2525 3180 2753 3235 canities
2805 3181 2921 3249 ipsa
2977 3196 3085 3235 non
3146 3182 3296 3235 omni
3364 3191 3643 3253 tempore,

2067 3272 2160 3327 sed
2184 3288 2308 3327 cum
2341 3273 2494 3327 senio
2527 3275 2908 3328 tantummodo
2940 3276 3206 3344 provenit.
3246 3274 3377 3330 Haec
3406 3290 3648 3346 namque

2068 3381 2096 3419 a
2133 3364 2338 3421 Grarcis
2379 3364 2541 3419 πολιὰ
2581 3376 2945 3437 nuncupatur,
2983 3367 3099 3423 sive
3124 3368 3270 3437 quod
3304 3368 3518 3434 λευκὸν,
3547 3387 3647 3425 πο-

373 3459 486 3512 λιὸν
510 3459 716 3523 dicunt,
740 3458 883 3529 quod
915 3455 1201 3511 candidum
1247 3456 1480 3521 diceres,
1540 3457 1654 3512 sive
1693 3458 1850 3526 quasi
1924 3457 2149 3523 παλαιά,
2196 3458 2339 3527 quod
2400 3468 2661 3511 vetustam
2730 3459 3049 3530 cxplicares,
3101 3460 3230 3533 quia
3260 3472 3471 3520 vetusta
3520 3478 3644 3520 cum

376 3551 715 3605 senescimus
746 3553 821 3605 lit.

454 3645 696 3716 Χρηστοῢ
723 3640 814 3699 οὖν
842 3647 862 3677 ³
900 3645 1051 3709 δντος
1081 3644 1175 3698 τοῦ
1202 3644 1494 3715 τρέφοντος
1524 3644 1669 3698 ἆπαν
1698 3647 1759 3698 r'o
1794 3646 1955 3716 σῶμα

376 3736 542 3807 χυλοῦ
569 3736 609 3799 ⁸,
639 3737 735 3790 καὶ
763 3738 1002 3809 εὐχύμου
1022 3754 1035 3767 ο
1080 3738 1175 3790 καί.
1226 3737 1508 3806 εὐκράτως
1531 3739 1552 3769 ⁸
1588 3734 1681 3789 τοῦ
1721 3737 1954 3801 ζωτικοῦ

376 3830 730 3901 πνεύμωνοςσ
777 3831 1058 3901 διάγοντός
1094 3848 1153 3884 τε
1198 3831 1294 3884 καὶ
1333 3831 1711 3901 διαμένοντος,
1756 3831 1957 3903 εὐχροα

375 3926 467 3978 καὶ
499 3924 758 3995 εὐκίνητοι
784 3925 852 3979 τὰ
884 3924 1113 3995 σώματα
1141 3924 1421 3978 δείκνυται
1459 3924 1499 3977 ⁷.
1535 3924 1869 3993 Συνεργοῦσι
1898 3924 1956 3978 δὲ

373 4021 512 4091 πρὸς
541 4020 699 4074 τοῦτο
728 4020 824 4073 καὶ
858 4019 1066 4090 καιρῶν
1096 4018 1387 4089 μεταϐολαὶ
1415 4017 1768 4088 καταλλήλως
1801 4018 1957 4086 γενό-

375 4130 536 4183 μεναι
556 4131 569 4145 ο
601 4115 696 4168 καὶ
726 4113 943 4184 ἀνέμων
973 4111 1359 4176 καταστάσεις·
1393 4111 1489 4164 καὶ
1537 4109 1718 4182 ἀέρων
1749 4111 1954 4183 εὐκρα-

375 4205 509 4258 σίαι·
539 4206 634 4258 καὶ
664 4204 877 4276 τροφῶν
906 4203 1363 4274 ἐπιτηδειότητες.
1388 4202 1546 4257 Κατά
1565 4219 1619 4255 τι
1640 4200 1748 4274 γὰρ
1782 4200 1954 4271 σφαλ-

372 4297 608 4369 λομένης
636 4299 657 4329 ⁸
680 4299 744 4351 ὲκ
770 4296 996 4362 τούτων,
1033 4296 1066 4367 ἢ
1100 4296 1249 4365 παρὰ
1278 4296 1379 4367 τῆς
1406 4295 1625 4364 φύσεως
1650 4293 1710 4347 rb
1738 4295 1951 4348 ἀνάπα-

375 4384 459 4438 λιν
496 4384 727 4454 γίνεταιο
760 4384 1057 4452 διεισδύνον
1102 4384 1210 4456 γὰρ
1246 4385 1308 4437 τὸ
1339 4384 1547 4455 ψυχρὸν
1580 4384 1638 4437 ὲν
1668 4384 1744 4454 τῷ
1775 4384 1952 4454 βάθει,

2138 3647 2274 3702 Cum
2308 3661 2506 3701 succus
2568 3646 2731 3716 igitur
2765 3645 2906 3700 unde
2960 3655 3131 3701 totum
3167 3662 3366 3715 corpus
3395 3657 3644 3707 nostrum

2064 3738 2377 3793 alimentum
2398 3736 2856 3806 sumit,0ptimus,
2881 3752 3150 3808 acsapore
3174 3749 3438 3808 prtestans
3461 3741 3643 3808 fuerit,

2063 3829 2352 3898 vitalisque
2389 3828 2610 3898 spiritus
2641 3829 2766 3882 boni
2812 3829 3225 3899 temperamenti
3268 3832 3487 3885 exsistit
3522 3848 3644 3903 per-

2066 3928 2378 3988 manetque,
2404 3932 2634 3988 corpora
2664 3919 2941 3988 praestanti
2965 3920 3146 3975 colore
3167 3928 3498 3990 actuosaque
3520 3921 3645 3976 red-

2066 4012 2291 4067 duntur.
2317 4010 2398 4066 Ad
2421 4011 2555 4078 haec,
2591 4019 2895 4081 opportuna
2912 4010 3040 4065 anni
3065 4021 3370 4081 temporum
3391 4015 3641 4077 mutatio,

2061 4115 2456 4175 ventorumque
2507 4104 2943 4169 constitutiones,
3001 4119 3065 4160 ac
3125 4106 3268 4159 aeris
3324 4107 3639 4175 temperies,

2062 4212 2275 4257 necnon
2308 4196 2750 4253 accommodatus
2771 4196 3158 4251 alimentorum
3208 4211 3343 4252 usus
3370 4197 3645 4253 obsecun-

2061 4289 2212 4343 dant.
2244 4288 2378 4343 Cum
2435 4290 2582 4343 enim
2610 4288 2809 4342 horum
2863 4289 3156 4360 quodpiam
3195 4288 3376 4358 aliqua
3401 4303 3466 4343 ex
3491 4299 3646 4358 parte

2059 4379 2316 4436 frustrari
2370 4382 2679 4452 contigerit,
2711 4389 2921 4436 naturae
2949 4382 3084 4437 ordo
3115 4382 3458 4451 praevertitur
3484 4399 3495 4434 :
3529 4392 3641 4433 tum

379 4474 682 4545 καταψυχεῖ
704 4475 801 4528 ’rb
829 4474 1069 4546 ἔμφυτον
1100 4475 1325 4546 θερμὸν,
1349 4475 1445 4528 καὶ
1470 4469 1582 4528 οἷον
1612 4474 1955 4547 μαρασμώδη

2064 4472 2105 4527 si
2136 4471 2307 4543 frigus
2336 4473 2402 4526 ad
2426 4473 2615 4527 intima
2645 4473 2963 4542 penetrarit,
3006 4473 3201 4527 insitus
3248 4471 3341 4539 qui
3372 4471 3424 4523 in
3481 4470 3639 4525 nobis

376 4569 615 4619 ποιεῖται
661 4565 904 4620 διάθεσιν
928 4581 942 4596 ⁸
986 4568 1071 4637 ἐφ’
1106 4564 1201 4641 ᾕ¹⁰
1232 4567 1533 4620 ἀπόλλυται
1574 4566 1636 4619 rb
1672 4567 1834 4632 ἄνθος
1866 4566 1959 4621 τοῦ

320 4700 321 4705 η
380 4656 655 4728 σώματος,
691 4658 861 4729 ἡγουν
890 4657 949 4712 rb
980 4658 1208 4730 ἐρυθρὸν
1253 4657 1420 4712 αὐτοῦ
1456 4656 1675 4729 χρῶμα.

464 4836 685 4911 Ἐπειδὴ
710 4839 752 4870 ¹¹
789 4839 883 4892 καὶ
906 4839 948 4870 ¹⁹
974 4838 1206 4910 ψύχεται
1244 4839 1404 4910 ἡμῶν
1450 4839 1511 4892 rb
1548 4839 1705 4911 σῶμα
1748 4841 1805 4893 ὲν
1838 4841 1955 4903 ταῖς

450 5042 497 5075 ⁸⁸
530 5041 880 5113 χυλορτοιήσεᾼι
907 5041 947 5097 C
990 5040 1054 5097 P.

2061 4564 2210 4619 calor
2238 4573 2322 4619 est
2368 4564 2634 4635 frigescit,
2680 4580 2744 4619 ac
2776 4566 2933 4635 quasi
2964 4564 3211 4632 quaedam
3262 4561 3475 4614 tabilica
3516 4560 3640 4614 εσυ.

2061 4657 2169 4711 ctio
2204 4657 2578 4725 subsequitur,
2617 4671 2722 4724 qua
2743 4655 2988 4724 corporis
3014 4654 3136 4719 llos,
3168 4654 3465 4707 rubescens
3492 4652 3642 4706 vide-

2063 4746 2189 4802 licet
2220 4747 2338 4815 cjus
2371 4748 2541 4813 color,
2581 4748 2915 4815 deperditur.

2135 4839 2403 4905 Quoniam
2445 4855 2573 4893 vero
2640 4854 2837 4909 corpus
2878 4847 3126 4895 nostrum
3159 4849 3467 4911 temporum
3518 4860 3640 4899 mu-

1153 5041 1198 5071 ⁸⁵
1246 5041 1319 5103 ὡς
1361 5040 1579 5110 ἑκάστῳ
1639 5041 1748 5094 τῶν
1794 5037 2176 5114 ὑποκειμένων
2208 5038 2306 5114 τὴν
2353 5038 2562 5114 τροφὴν
2618 5038 3280 5114 προσεγγίσασανηὸπερ
3344 5042 3412 5114 av
3470 5061 3639 5114 προσ-

382 5106 598 5185 πελάσῃ
626 5106 798 5183 (ᾧπερ
839 5111 1319 5185 ἂνρπροσπελάσῃς
1353 5106 1679 5185 (ΣΛΡρ-’κριτξ
1724 5111 1899 5185 ἐκεῖνο
1955 5106 2051 5185 καὶ
2096 5106 2744 5185 ἀλλοιούσθαιηοίκείαν·
2769 5106 2880 5185 {at
2912 5112 3134 5185 συμφυῆ
3298 5113 3392 5165 τοῦ
3440 5106 3640 5185 μέρους

381 5168 677 5247 οἰκειότῆτί
734 5168 997 5252 γίνομένή
1042 5168 1358 5252 (γινομένῄ
1403 5181 1442 5233 C
1478 5168 1551 5249 Ρ)
1595 5180 1715 5252 ΒΡ.

380 5252 682 5333 κατεκρίθη
722 5251 1288 5333 Β,“συχκατειργάσθῃ
1320 5251 1385 5333 Ρ,
1408 5264 1523 5303 ora.

1835 5181 1880 5213 ⁸⁸
1923 5181 2149 5252 γένηται
2195 5180 2236 5234 C
2296 5179 2355 5243 Ρ,

1617 5250 1662 5281 ⁸⁸
1698 5251 1778 5314 είς
1799 5266 1908 5305 om.
1943 5250 2005 5307 Β.

379 5325 524 5377 ποιεῖ
551 5319 682 5390 τοὺς
704 5323 840 5394 πρὸς
862 5319 1158 5394 ἄλληλαβ.
1232 5321 1446 5394 νέους
1466 5320 1835 5394 καταλλήλους
1868 5322 2079 5394 άτμούς
2111 5319 2323 5394 Β,τοῦς
2356 5320 2492 5394 πρδς
2526 5319 2776 5394 sumpt;
2816 5321 3025 5394 άτμούς

2408 5180 2496 5251 qui
2539 5180 2675 5251 rei»;
2723 5178 3045 5251 Mosi-pob:
3094 5178 3332 5251 exhibet.
3430 5178 3472 5222 ετ
3511 5178 3643 5251 ὰυγ.

2102 5251 2147 5283 ⁸⁸
2173 5249 2512 5322 ὲπιρρύειᾲυ,
2539 5249 2795 5322 λεπερρύη
2827 5249 2888 5322 C,
2921 5251 3190 5322 ἐπεισρυῆ
3214 5249 3277 5305 Ρ.
3367 5255 3413 5286 9'
3438 5249 3641 5307 λωστο-

3058 5320 3119 5386 Ρ,
3148 5320 3266 5378 ora.
3354 5326 3401 5357 "
3431 5324 3545 5377 οὐλ.
3577 5342 3641 5377 τε

379 5395 474 5464 καὶ
511 5412 637 5449 κατ.
672 5389 823 5449 BQC.
899 5391 944 5425 ⁸³
978 5389 1318 5464 ἐκφύουσαβ
1340 5390 1380 5445 C
1537 5393 1596 5464 _9‘
1624 5389 1952 5464 16:0mrB.‘
2017 5393 2063 5424 ³³
2094 5393 2198 5445 ὐπὸ
2224 5389 2413 5460 λίγνην
2443 5389 2504 5455 Β,
2530 5390 2649 5464 -ὑπὸ
2678 5390 2934 5464 -λιγνύος-
2962 5392 3061 5464 τῆς
3107 5392 3571 5464 άναπεμπομένης
3600 5396 3642 5448 (Σ

379 5462 443 5527 Ρ,
468 5466 559 5531 qui
594 5467 750 5519 omit.
774 5465 868 5518 καί
898 5472 1023 5518 ante
1042 5463 1150 5515 διά.
1224 5462 1270 5494 ’⁸
1299 5460 1494 5531 λευκῆς
1528 5461 1650 5530 (μέν
1688 5462 1770 5532 Ρ,)
1794 5463 1957 5534 οὔσης

385 5548 486 5585 οας
516 5532 573 5585 δὲ
607 5535 700 5585 καὶ
732 5534 1030 5585 Εηοοτέοας
1054 5533 1095 5585 C
1125 5530 1187 5585 P.
1263 5531 1308 5565 ⁸⁸
1344 5530 1422 5585 τῶ
1460 5530 1733 5585 ἀνθρώπω
1773 5535 1813 5585 C
1844 5533 1905 5585 P.

2064 5466 2091 5516 ,ἱ
2122 5459 2647 5532 φλεγματικώτερας
2669 5459 2709 5513 C
2738 5460 2796 5513 Ρ.
2892 5462 2934 5491 ’⁷

2065 5536 2185 5585 ἦτοι
2211 5548 2319 5585 οιιι.
2352 5530 2412 5585 Ρ.
2450 5529 2615 5585 λευκὴ
2662 5530 2702 5585 C
2729 5529 2787 5585 P.
2887 5530 2934 5564 ³·

659 5536 700 5585 ιι
732 5536 1030 5606 ξηροτέρας
1054 5536 1095 5587 C
1126 5536 1187 5585 P.
1263 5536 1308 5565 "
1344 5536 1422 5601 τῷ
1460 5536 1733 5621 ἀνθρώπῳ
1773 5536 1813 5589 C
1844 5536 1905 5589 P.
1997 5536 2041 5565 9°
2065 5536 2185 5602 ἢτοι
2211 5548 2319 5611 om.
2352 5536 2412 5595 Ρ,
2450 5536 2617 5601 λευκὴ
2662 5536 2702 5585 υ
2729 5536 2787 5585 Ρ.
2887 5536 2902 5561 ³
2928 5536 2989 5583 τὸ
3021 5536 3076 5584 δὲ
3102 5536 3162 5593 Β,
3197 5536 3291 5586 καὶ
3324 5536 3506 5587 πολιόν
3546 5552 3639 5602 φα-

659 5606 679 5635 ¹
703 5607 760 5657 ὲν
791 5622 921 5673 γηρ.
956 5607 990 5673 ἡ
1015 5604 1076 5667 Ρ,
1106 5602 1232 5673 θρὶξ
1263 5620 1370 5671 γιν.
1399 5603 1439 5655 C
1464 5600 1522 5654 Ρ.
1600 5603 1619 5633 ³
1654 5620 1746 5657 ουν
1780 5620 1887 5657 mn.
1922 5604 1982 5655 Β.
2076 5605 2097 5634 ⁸
2130 5618 2308 5671 χυμου
2337 5600 2400 5654 C.
2489 5603 2509 5633 ⁸
2535 5601 2803 5671 εὐκράτου
2836 5600 2877 5656 C
2902 5601 2959 5654 Ρ.
3040 5602 3060 5632 ⁸
3091 5602 3400 5673 πνεύματος
3430 5603 3473 5657 Β
3504 5604 3545 5658 C
3575 5603 3639 5666 P,

666 5675 761 5726 xui.
786 5675 1056 5726 εὐκράτου
1086 5674 1253 5726 αὐτοῦ
1282 5682 1337 5726 et
1364 5670 1458 5723 καὶ
1489 5687 1585 5726 oro
1613 5690 1672 5725 τε
1703 5675 1943 5726 exhibet.
2032 5674 2051 5703 ’⁷
2081 5672 2448 5725 διαδείκνυται
2479 5670 2519 5724 Β
2544 5671 2603 5726 C.
2708 5672 2727 5701 ⁸
2757 5671 3129 5726 σφαλλομένου
3176 5674 3233 5726 Β.
3262 5675 3467 5726 τούτων
3499 5692 3639 5726 σφας

2114 5689 2226 5724 ιαοε
2238 5689 2448 5723 ικνυται
2480 5689 2519 5724 ι)
2544 5689 2603 5724 La.

385 5530 573 5606 ραςίςὲ
607 5535 700 5587 καὶ
732 5530 1187 5606 ξηροτέραςΩᾲΡ.
1208 5602 1229 5606 _
1263 5531 1308 5565 ⁸⁸
1344 5530 1813 5606 ’τῷ-ανθρώπῳΌ
1844 5533 1905 5589 Ρ.

386 5600 489 5672 μεν
522 5600 574 5657 Ρ,
659 5606 679 5635 ¹
703 5607 760 5657 ὲν
784 5600 990 5673 ’γηρίὴ
1015 5604 1076 5667 Ρ,
1106 5602 1232 5673 θρὶξ
1263 5620 1370 5671 γιν.
1398 5600 1439 5655 C
1464 5600 1522 5654 Ρ.
1568 5600 1619 5633 ⁷³
1654 5600 1746 5657 οὖν
1780 5620 1887 5657 οιιι.
1922 5604 1943 5655 Ι

381 5672 477 5744 qui
508 5672 633 5744 add.
666 5675 761 5744 καὶ
786 5675 1056 5744 εὐκράτου
1086 5674 1337 5744 αὐτοῦγει
1364 5670 1468 5744 καὶΔ
1489 5687 1597 5744 pr0_
1613 5690 1672 5725 τε
1703 5675 1943 5744 exhibet.

2965 5461 3079 5534 χολ.
3103 5462 3174 5534 δὲ
3210 5461 3643 5534 Β,’χολωδεστέπ

2887 5530 2915 5602 ’γ
2928 5532 2989 5583 τὸ
3021 5530 3076 5584 δὲ
3102 5530 3162 5593 Β,
3197 5535 3291 5586 καὶ
3315 5530 3506 5587 ⁷’πολιόν
3546 5552 3646 5602 φαο

2708 5672 2727 5701 ⁸
2757 5671 3129 5741 σφαλλομένου
3176 5671 3243 5740 Β,
3262 5675 3467 5729 τούτων
3499 5692 3642 5743 σφαν

384 5736 630 5814 λομάνων
657 5742 698 5800 C
724 5744 783 5799 Ρ.
859 5736 1208 5814 ²“καταψύχει
1232 5743 1293 5798 C.
1374 5742 1418 5773 ¹⁰
1449 5736 1538 5808 ὑφ’
1566 5736 1632 5813 ἦς
1659 5746 1757 5801 ἀπ.
1785 5743 1879 5798 τοῦ
1911 5744 1993 5813 (τὸ
2019 5742 2105 5814 Ρ,)
2139 5742 2296 5821 ἄνθος
2480 5821 2505 5827 η
2540 5744 2587 5835 ῆ¹ι¹
2621 5736 2939 5829 ἡγουνόω,
2960 5736 3029 5837 :P,
3050 5743 3155 5835 ,ὐπ’
3187 5736 3254 5803 ἂν
3281 5744 3342 5803 C.
3423 5746 3464 5779 η
3485 5736 3559 5806 δὲ’
3579 5746 3640 5806 Β.
