4066 6214
331 319 351 373 Ι
372 317 468 374 109

1533 312 1620 365 DE
1661 311 1951 368 NATUBA
1993 311 2295 369 HOMINIS.

3464 313 3598 370 Ηιο

327 424 453 478 ἄλλο
474 422 520 454 ⁷⁸
548 421 666 474 ἐστὶ
701 418 973 490 σφυγμὸς,
1005 419 1038 491 ἦ
1073 420 1288 492 κίνησις
1335 422 1567 492 καρδίας
1598 423 1643 453 ⁷⁵
1675 424 1770 476 καὶ
1805 425 1904 492 ἀρ-

2011 426 2450 493 arteriarumque
2492 422 2662 477 motio
2723 419 2850 492 est),
2908 420 3001 492 qui
3047 434 3079 474 a
3122 418 3270 474 vitali
3316 419 3597 490 facultate,

322 514 534 585 τηριῶν
576 511 683 564 ὑπὸ
719 511 960 582 ζωτικῆς
1004 513 1288 584 δυνάμεως
1320 513 1568 582 φυσικῶς
1617 515 1907 585 γινομένη,

324 608 469 662 κατά
490 604 780 675 διαστολὴν
805 605 900 657 καὶ
929 606 1196 676 συστολὴν
1224 605 1317 660 τοῦ
1342 605 1643 678 πνεύμονος
1679 609 1746 672 ⁷⁸,
1774 609 1911 678 πρὸς

322 701 626 770 ὲκφόρησιν
666 697 778 750 τῶν
817 697 1132 766 λιγνυωδῶν
1163 701 1620 770 περιττωμάτων,
1656 701 1751 756 καὶ
1781 703 1908 755 ἀντ·-

321 791 636 860 εισαγωγὴν
666 787 762 842 τοῦ
829 789 1080 860 καθαροῦ
1111 790 1297 861 ἀέρος,
1329 791 1466 862 πρὸς
1497 793 1560 845 τὸ
1592 793 1908 863 ριπίζεσθαι

322 884 417 937 καὶ
441 883 826 949 ἀναζωπυρεῖν
860 881 951 934 τὸν
991 882 1220 946 ζωτικδν
1250 883 1424 951 τόνον,
1448 885 1476 938 ὃ
1505 888 1622 939 ἐστι
1643 888 1705 940 τὸ
1728 889 1907 958 ἔμφυ-

318 993 411 1029 τον
452 975 656 1045 θερμὸν
682 974 744 1025 τὸ
772 974 818 1004 ⁷⁵
842 973 900 1025 ὲν
934 977 1002 1044 τῇ
1034 974 1256 1046 καρδίᾳ.

405 1067 495 1130 Ἐξ
511 1067 723 1137 ἥπατος
745 1068 802 1120 δὲ
831 1065 888 1119 αί
919 1067 1151 1136 φυσικαὶ
1173 1065 1437 1137 δυνάμεις
1468 1067 1783 1139 ὁρμῶνται·
1813 1071 1908 1124 καὶ

321 1159 432 1227 γὰρ
482 1156 572 1210 διὰ
629 1157 729 1224 τῆς
785 1156 1051 1226 ἐργασίας
1082 1157 1124 1186 ⁷⁷
1192 1156 1360 1210 αὐτοῦ
1423 1157 1688 1229 τρέφεται
1749 1158 1907 1228 ἡμῶν

321 1249 542 1304 ἂπαν⁷³
592 1247 654 1301 τὸ
703 1249 886 1317 σῶμα,
938 1251 1034 1302 καὶ
1086 1247 1477 1321 αὑξανόμεθα·
1514 1252 1610 1304 καὶ
1659 1251 1828 1304 πάλιν
1857 1251 1902 1282 τ’

318 1343 530 1414 τροφῆς
562 1343 867 1414 ὀρεγόμεθα
894 1359 907 1372 ·
960 1342 1145 1410 πέψει,
1198 1344 1296 1396 καὶ
1331 1345 1601 1408 ἀναδόσει.
1636 1345 1729 1399 καὶ
1755 1345 1904 1410 ἐξαι-

327 1435 594 1506 ματώσει,
628 1435 726 1489 καὶ
760 1435 1081 1506 προσθέσει,
1106 1438 1202 1490 καὶ
1221 1438 1520 1508 διακρίσει,
1546 1439 1642 1492 καὶ
1671 1439 1905 1507 ἀποκρί-

325 1543 430 1578 σει.
467 1527 531 1578 Ai
561 1524 668 1597 γάρ
693 1529 844 1597 τρεῖς
875 1518 1038 1580 αὗται
1059 1527 1323 1598 δυνάμεις
1353 1545 1369 1562 ·
1412 1531 1445 1599 ἡ
1467 1530 1532 1582 ὲκ
1565 1529 1796 1600 καρδίας
1821 1546 1834 1560 ·
1868 1531 1901 1599 ἡ

322 1615 384 1680 ἐξ
408 1616 617 1685 ἥπατος
646 1628 660 1642 °
689 1615 786 1667 καὶ
816 1615 850 1684 ἡ
887 1613 946 1679 ἐξ
991 1616 1322 1685 ἐγκεφάλου,
1355 1619 1540 1672 πᾶσαν
1576 1617 1734 1689 ἡμῶν
1764 1617 1902 1672 διοι-

322 1706 482 1760 κοῦσι
522 1706 666 1776 ζωήν
697 1722 712 1736 ·
749 1707 830 1760 διὸ
878 1707 972 1760 καὶ
1014 1707 1115 1777 τῆς
1143 1707 1326 1780 ψυχῆς
1364 1709 1505 1781 μέρη
1534 1709 1682 1773 τινὲς
1730 1709 1904 1765 ταῦτα

321 1799 595 1870 ὡρίσαντο
625 1795 764 1852 εἶναι
797 1800 842 1831 ⁸ο
870 1815 882 1828 ·
918 1799 980 1853 τὸ
1012 1799 1120 1872 γὰρ
1156 1819 1174 1852 ι
1213 1801 1478 1873 τριμερὲς
1505 1802 1604 1872 τῆς
1636 1801 1814 1872 ψυχῆς
1845 1803 1903 1855 ὲν

321 1890 592 1954 ἀπαθείας
621 1892 666 1922 ⁸³
699 1890 848 1962 βυθῷ
885 1910 902 1942 ι
959 1892 1068 1944 τῶν
1101 1893 1281 1959 σοφῶν
1333 1909 1416 1956 τις
1457 1912 1474 1944 ι
1511 1893 1904 1958 καταποντίζε-

324 1984 448 2037 σθαι
494 2004 513 2035 ι
564 1983 810 2055 εὔχεται.
861 1985 972 2037 Καὶ
1021 1983 1342 2054 θαυμαστὸν
1396 1986 1514 2049 πῶς
1563 1985 1899 2057 τριμερὴςὴ

320 2074 636 2146 ἀσώματος.
691 2074 840 2146 Πλὴν
889 2074 1168 2146 ἐνέργειαι
1243 2076 1390 2139 τινές
1440 2078 1600 2142 εἰσιν,
1643 2078 1823 2132 εἴτουν
1849 2079 1897 2110 θ’

318 2166 602 2236 δυνάμεις,
635 2166 696 2218 τὸ
726 2165 978 2235 θυμικὸν,
1029 2165 1093 2218 τὸ
1132 2165 1554 2238 ὲπιθυμητικὶν,
1599 2169 1694 2221 καὶ
1721 2168 1782 2222 τὸ
1812 2169 1900 2222 λο-

316 2259 586 2326 γιστικόν.
643 2257 954 2329 ὐρμῶνται
976 2255 1054 2322 δὲ,
1079 2259 1142 2311 τὸ
1168 2257 1400 2330 θυμικὸν
1423 2261 1526 2330 μὲν
1549 2261 1612 2314 ὲκ
1634 2263 1862 2333 καρδίας
1884 2299 1898 2322 ,

315 2349 380 2401 τὸ
412 2349 470 2403 δὲ
501 2349 896 2420 ἐπιθυμητικὸν
952 2348 1010 2414 ἐξ
1038 2350 1281 2418 ἦπατος’
1311 2349 1372 2414 ἐξ
1404 2351 1712 2421 ἐγκεφάλου
1758 2352 1815 2405 δὲ
1841 2352 1902 2404 τὸ

317 2439 654 2508 λογιστικόν.
691 2441 799 2494 Καὶ
833 2443 895 2494 ἐκ
929 2443 1030 2511 μὲν
1062 2441 1158 2494 τοῦ
1181 2440 1416 2512 θυμικοῦ
1440 2444 1468 2494 6
1495 2442 1668 2512 θυμὸς
1701 2447 1896 2512 γεννᾶ-

317 2549 408 2586 ται
439 2547 453 2561 ο
481 2533 598 2585 ἐστι
629 2531 686 2584 δὲ
717 2532 902 2600 θυμὸς
933 2532 1084 2596 ζέσις
1109 2532 1205 2585 τοῦ
1258 2533 1616 2604 περικαρδίου
1647 2536 1692 2567 ⁸³
1725 2537 1897 2604 αἵμα-

317 2640 412 2686 τος
455 2623 589 2695 πρὸς
640 2623 821 2692 ὄρεξιν
865 2623 1279 2694 ἀντιλυπήσεως
1330 2625 1438 2677 τῶν
1473 2627 1898 2696 παροξυνάντων

313 2712 657 2780 κινούμενος.
686 2712 1004 2782 Παράγεται
1031 2711 1078 2744 "
1124 2713 1181 2765 δὲ
1219 2712 1368 2783 παρά
1401 2711 1461 2764 τὸ
1489 2712 1601 2766 θύω
1619 2713 1679 2764 τὸ
1705 2715 1860 2784 ὀρμῶ
1882 2731 1894 2744 ·

309 2805 344 2875 ἢ
400 2804 552 2876 παρὰ
589 2805 648 2858 τὸ
703 2803 854 2857 θύειν
911 2800 1048 2875 αἷμα
1082 2805 1159 2838 ⁸⁵·
1203 2805 1437 2875 θύαιμός
1482 2823 1565 2869 τις
1619 2803 1692 2858 ὢν
1726 2821 1739 2836 ο
1787 2807 1820 2875 ἢ
1871 2808 1898 2858 6

317 2895 491 2962 θύειν,
522 2898 690 2967 ἤγουν
722 2899 901 2968 ὁρμᾷν
930 2895 1068 2966 αἷμα
1091 2895 1432 2966 κινούμενος,
1452 2898 1546 2950 καὶ
1568 2897 1614 2929 ⁸⁸
1636 2895 1896 2968 ὁρμῶμε-

317 3003 407 3048 νος
463 2986 568 3039 ύπὸ
631 2985 886 3054 αἵματος.
949 2987 1042 3038 Ἐκ
1100 2985 1157 3037 δὲ
1212 2985 1308 3037 τοῦ
1381 2983 1787 3054 ἐπιθυμητικοῦ
1865 2987 1897 3056 ἡ

317 3079 593 3149 ἐπιθυμία
647 3081 919 3132 κινεῖται·
979 3078 1097 3131 ἔστι
1155 3077 1213 3130 δὲ
1267 3079 1300 3148 ἡ
1354 3077 1625 3147 ἐπιθυμία
1695 3079 1896 3141 παντὸς

316 3171 565 3242 ἐμψύχου
589 3170 736 3240 ὁρμὴ
762 3171 956 3240 πρώτη
972 3171 1016 3199 ⁸⁸⁷
1042 3169 1179 3239 πρός
1211 3185 1264 3222 τι
1289 3168 1393 3221 τῶν
1423 3167 1766 3237 φιλουμένων
1788 3183 1798 3196 ·
1834 3169 1898 3220 ἐκ

313 3263 410 3317 τοῦ
445 3263 754 3332 λογιστικοῦ
786 3262 842 3314 δὲ
873 3264 901 3315 6
930 3261 1220 3332 λογισμὸς
1251 3261 1562 3331 ἐφορμᾶται
1591 3276 1605 3290 ·
1637 3259 1898 3328 λογισμὸς

313 3354 374 3408 δέ
404 3356 520 3408 ἐστι
564 3355 625 3409 τὸ
653 3353 868 3422 πρῶτον
885 3354 942 3407 ὲν
971 3352 1052 3406 νοῒ
1085 3352 1309 3406 ἀνελθὸν
1330 3352 1376 3384 ⁸⁸
1407 3352 1586 3422 νόημα
1616 3367 1630 3382 ⁸
1660 3351 1692 3421 ἢ
1728 3351 1897 3421 ἀόρα-

312 3465 406 3512 τος
445 3448 664 3519 κίνησις
715 3447 814 3501 καὶ
853 3448 1070 3519 ταραχὴ
1115 3447 1458 3518 πραγμάτων
1491 3463 1505 3479 ⁸
1540 3446 1572 3516 ἢ
1621 3446 1896 3516 αἰσθητῶν

315 3540 664 3610 πραγμάτων
702 3541 1076 3609 συνισταμένη
1133 3539 1274 3592 κατά
1322 3539 1563 3592 διάνοιαν
1583 3539 1628 3570 ⁸⁷
1682 3538 1846 3592 εἰκῶν
1878 3555 1893 3569 ·

317 3631 440 3701 μεθ’
468 3625 539 3702 ἦς
576 3633 605 3683 ὁ
637 3630 762 3694 νοῦς
796 3631 1116 3700 κινούμενος
1152 3631 1375 3698 λέγειτι
1407 3629 1440 3701 ἢ
1475 3631 1710 3700 πράττει
1734 3647 1897 3698 φανε-

315 3721 478 3793 ρῶςῆ
499 3721 759 3793 κρυπτῶς
791 3721 927 3792 πρὸς
959 3721 1028 3773 τὰ
1057 3719 1416 3790 μορφούμενα
1447 3721 1538 3772 ὑπ’
1562 3719 1751 3774 αὐτοῦ.
1787 3720 1898 3772 Καὶ

313 3811 410 3867 τοῦ
461 3811 562 3882 μὲν
598 3811 836 3880 θυμικοῦ
898 3815 1038 3863 είσιν
1112 3809 1326 3880 ἀρεταὶ,
1391 3807 1661 3878 ὑπομονὴ,
1721 3807 1818 3860 καὶ
1849 3809 1894 3840 ³ο

313 3906 615 3976 ἐγκράτεια
645 3905 745 3957 καὶ
787 3904 1014 3974 ἀνδρεία
1039 3917 1052 3930 ·
1088 3903 1278 3955 κακίαι
1301 3902 1342 3933 ’⁸
1377 3900 1454 3967 δὲ,
1487 3900 1626 3973 ὀργὴ
1661 3901 1756 3953 καὶ
1791 3917 1896 3970 μα-

313 4001 424 4062 νία,
463 3999 560 4052 καὶ
583 3997 754 4052 δειλία
783 3997 851 4061 θ’,
882 3997 976 4050 καὶ
1012 3995 1294 4066 ἀνανδρία.
1347 3994 1457 4048 Τοῦ
1485 3994 1534 4027 θ’
1568 3994 1896 4064 ἐπιθυμητι-

313 4092 412 4145 κοῦ
443 4091 644 4163 ἀρεταὶ
699 4093 821 4163 μὲν,
867 4089 1220 4162 σωφροσύνη,
1267 4090 1362 4143 καὶ
1392 4089 1574 4159 ὄρεξις
1606 4087 1717 4144 τῶν
1761 4087 1896 4142 ἀθα-

311 4185 489 4239 νάτων
528 4183 749 4252 ἀγαθῶν
778 4225 792 4249 ,
827 4185 924 4237 καὶ
971 4183 1168 4251 ἀγάπη
1220 4180 1382 4246 Θεοῦ,
1419 4181 1648 4236 καὶτῶν
1674 4181 1721 4215 ³⁸
1760 4182 1895 4251 πλη-

313 4279 449 4332 σίον.
479 4278 686 4332 Κακίαι
725 4277 805 4344 δὲ,
834 4277 1118 4344 ἀσέλγεια,
1148 4278 1241 4329 καὶ
1299 4275 1589 4344 ἀκολασία,
1637 4277 1728 4330 καὶ
1781 4277 1891 4330 τῶν

310 4372 518 4441 γηΐνων
540 4371 587 4404 ³⁵
624 4369 846 4438 ἀγαθῶν
881 4368 1168 4438 ἐπιθυμία.
1203 4367 1311 4420 Ἱόῦ
1341 4365 1652 4434 λογιστικοῦ
1681 4368 1738 4421 δὲ
1761 4369 1892 4437 ἀρε-

2020 515 2279 584 pulmone
2319 513 2693 569 dilatationem
2724 511 3265 580 contractioncmque
3307 513 3595 579 sentiente,

2014 615 2224 661 natura:
2245 605 2436 660 ordine
2476 613 2742 670 movetur,
2773 605 2875 658 hoc
2929 603 3005 669 fit,
3041 617 3151 673 quo
3175 603 3386 659 fumosa
3409 619 3596 661 excre-

2015 709 2195 752 menta
2255 696 2322 751 ad
2372 697 2644 752 exteriora
2679 693 3020 759 deferamur,
3071 710 3134 749 ac
3199 695 3446 750 sincerus
3501 711 3597 750 aer

2010 788 2252 844 vicissim
2271 789 2608 854 admittatur,
2636 797 2802 857 utque
2835 787 3015 841 vitalis
3064 794 3237 853 tenor,
3287 787 3484 842 insitus
3511 789 3592 842 vi-

2013 881 2205 938 delicet
2228 882 2410 938 cordis
2435 881 2605 949 calor,
2634 879 2954 936 iucitaretur
2976 875 3534 948 inﬂammareturque.

2081 1059 2388 1130 Ajecinore
2410 1064 2593 1113 autem
2618 1055 2897 1110 naturales
2945 1053 3226 1109 facultates
3270 1062 3587 1115 moventur;

2010 1166 2134 1205 nam
2170 1158 2340 1204 totum
2363 1162 2562 1218 corpus
2593 1156 2839 1202 nostrum
2864 1144 3034 1214 ipsius
3060 1142 3242 1198 officio
3271 1143 3586 1196 alimentum

2008 1243 2212 1309 sumit;
2267 1241 2456 1296 abillo
2490 1241 2887 1295 incrementum
2930 1235 3283 1305 suscipimus,
3323 1250 3387 1289 ac
3408 1235 3588 1289 denuo

2008 1337 2166 1392 nobis
2192 1335 2437 1391 alimenti
2469 1333 2740 1404 appetitus
2771 1331 3104 1384 innascitur:
3139 1328 3185 1382 is
3208 1341 3336 1382 vero
3361 1329 3428 1380 ob
3455 1341 3587 1381 con-

2012 1429 2344 1495 coctionem,
2385 1427 2866 1497 partitioncmque,
2893 1437 2956 1476 ac
2996 1419 3278 1490 sanguinis
3335 1431 3586 1487 procrea-

2008 1523 2234 1585 tionem,
2264 1529 2427 1589 atque
2453 1518 2904 1575 additamentum,
2929 1523 2981 1568 et
3010 1511 3459 1582 segregationem,
3485 1525 3585 1563 nec

2007 1631 2114 1670 non
2147 1613 2516 1669 cxcretionem
2573 1611 2838 1682 provenit.
2878 1607 3011 1661 Tres
3040 1619 3278 1674 namque
3311 1605 3392 1657 hac
3419 1601 3587 1656 facul-

2009 1719 2169 1774 tates,
2201 1725 2322 1779 qua:
2359 1723 2386 1760 a
2435 1706 2619 1768 corde,
2656 1703 2920 1774 jecinore,
2945 1715 3006 1754 ac
3046 1700 3270 1754 cerebro
3301 1697 3580 1757 oriuntur,

2005 1805 2173 1858 tOIius
2198 1801 2320 1855 vitae
2359 1809 2560 1854 nostra:
2596 1797 2834 1866 regimen
2881 1793 3126 1848 obtinent
3159 1809 3171 1845 :
3229 1788 3583 1859 quamobrem

2005 1897 2140 1950 istas
2168 1895 2366 1948 animae
2399 1901 2581 1960 partes
2613 1903 2733 1942 esse
2762 1885 3009 1941 nonnulli
3051 1890 3359 1939 statuerunt
3393 1897 3407 1934 :
3454 1894 3581 1933 nam

2003 1987 2224 2058 quidam
2252 2001 2314 2040 ex
2361 1983 2444 2039 his
2476 1982 2570 2052 qui
2599 1979 2919 2049 sapientiam
2939 1977 3282 2047 profitentur,
3318 1971 3582 2041 triplicem

2004 2081 2200 2136 anima:
2227 2078 2531 2148 portionem
2561 2073 2792 2130 subimo
2839 2067 3291 2141 impassihilitatis
3328 2063 3585 2119 barathro

2002 2173 2308 2228 demersam
2387 2171 2576 2239 jactat.
2627 2165 2811 2236 Atqui,
2855 2164 2974 2234 ejus
3012 2178 3133 2232 quae
3165 2174 3393 2230 corpore
3431 2166 3586 2211 vacat

2003 2275 2063 2320 ut
2133 2262 2398 2333 triplicem
2452 2260 2758 2330 portionem
2815 2256 2967 2310 dicas
3019 2253 3268 2308 mirabile
3330 2250 3580 2304 habetur.

2003 2355 2484 2411 Verumenimvero
2504 2394 2517 2417 ,
2572 2348 2841 2404 irascendi
2869 2387 2884 2414 ,
2930 2346 3241 2417 appetendi,
3271 2343 3584 2398 rationalis-

2001 2463 2103 2517 que
2147 2446 2248 2508 vis,
2301 2453 2456 2498 actus
2505 2443 2725 2509 quidam
2777 2441 2974 2493 anima:
3046 2437 3263 2508 potius,
3297 2435 3582 2489 facultates

2004 2537 2254 2592 videlicet
2308 2543 2453 2589 sunt.
2513 2531 2793 2600 Siquidem
2869 2527 3138 2582 irascendi
3178 2527 3340 2590 vis,a
3397 2524 3580 2587 corde.

2005 2626 2312 2696 appetendi,
2364 2641 2392 2677 a
2439 2621 2706 2692 jecinore,
2773 2619 3073 2682 rationalis,
3125 2633 3154 2670 a
3203 2617 3425 2670 cerebro
3461 2631 3584 2684 pro-

2002 2721 2324 2774 ficiscuntur
2366 2736 2379 2769 ;
2413 2727 2466 2768 ct
2527 2713 2595 2766 ab
2627 2727 2690 2765 ea
2744 2711 2964 2780 quidem
3012 2725 3134 2777 (pm:
3172 2707 3441 2760 irascendi
3476 2714 3579 2770 est,

2003 2814 2082 2866 ira
2133 2808 2389 2880 gignitur.
2446 2805 2528 2858 Ira
2561 2817 2710 2866 vero,
2762 2817 2884 2871 qua:
2923 2801 3110 2854 Graece
3158 2797 3328 2868 θυμὸς
3366 2812 3582 2851 nuncu-

2003 2914 2180 2974 patur,
2234 2897 2517 2968 sanguinis
2551 2894 2644 2965 qui
2677 2895 2820 2947 circa
2861 2908 2956 2947 cor
2985 2891 3196 2945 exsistit
3237 2888 3416 2943 fervor
3465 2897 3579 2948 est;

1999 2997 2091 3067 qui
2129 2993 2206 3048 uti
2233 2989 2464 3047 tristitiae
2498 2986 2927 3044 vicissitudinem
2965 2984 3172 3050 reddat,
3205 2981 3346 3036 unde
3379 2981 3585 3038 scilicet

1924 3115 1966 3172 ο
2002 3089 2338 3145 irritamenta
2385 3089 2715 3152 sumpserat,
2744 3077 2985 3149 appetitu
3017 3085 3295 3140 movetur,
3339 3089 3368 3127 a
3395 3073 3583 3128 Grreco

2001 3185 2168 3246 θύειν,
2227 3177 2373 3250 quod
2439 3177 2642 3246 impetu
2687 3172 2817 3227 ferri
2859 3170 3090 3233 diceres,
3137 3165 3293 3239 quasi
3349 3168 3584 3236 impetus

2001 3275 2220 3346 quidam
2277 3272 2394 3326 sit:
2439 3267 2522 3324 Vel
2558 3263 2702 3337 quod
2757 3277 2866 3335 prae
2912 3265 2994 3318 sui
3036 3273 3188 3316 motu
3238 3277 3267 3314 a
3319 3259 3584 3330 sanguine

2003 3365 2333 3435 impellatur.
2382 3361 2464 3416 Ab
2516 3358 2803 3429 appetendi
2850 3371 2982 3411 vero
3046 3351 3098 3407 vi
3151 3352 3424 3422 appetitus
3469 3367 3584 3405 mo-

2003 3468 2188 3526 vetur;
2246 3455 2516 3526 siquidem
2585 3449 2855 3521 appetitus
2915 3445 3208 3515 cujuslibet
3264 3445 3341 3499 rei
3396 3445 3578 3497 anima

2001 3525 2238 3620 praedita:
2280 3525 2333 3601 in
2385 3559 2497 3599 rem
2563 3543 2803 3609 aliquam
2858 3553 3020 3608 quam
3057 3535 3342 3590 affectione
3394 3548 3584 3604 prose-

2000 3640 2186 3709 quitur
2217 3637 2426 3706 primus
2463 3635 2698 3701 impetus
2741 3639 2843 3684 est.
2925 3628 2969 3679 A
3003 3627 3057 3679 vi
3093 3635 3275 3679 autem
3329 3624 3579 3678 rationali

2001 3729 2368 3786 consideratio
2397 3725 2789 3796 proficiscitur;
2826 3718 3195 3774 coasideratio
3226 3732 3460 3786 namque
3499 3725 3581 3768 est

2001 3823 2175 3894 prima
2208 3821 2295 3874 illa
2325 3835 2445 3888 quae
2477 3819 2529 3872 iu
2561 3828 2795 3870 mentem
2823 3814 3125 3885 ingreditur
3147 3810 3427 3881 cogitatio,
3467 3809 3581 3863 sive

2001 3923 2182 3969 motus
2229 3927 2409 3966 rerum
2450 3908 2916 3980 perturbatioque,
2972 3921 3094 3976 quae
3149 3903 3298 3957 cerni
3358 3901 3578 3970 nequit;

2000 4005 2116 4060 sive
2141 4003 2322 4072 imago
2355 4015 2560 4065 rerum,
2591 4017 2713 4071 quae
2743 4000 2809 4054 ad
2851 4015 3071 4054 sensum
3109 3995 3439 4066 cogitatione
3463 4007 3579 4046 me-

1999 4096 2088 4151 dia
2138 4094 2343 4150 cadunt
2395 4091 2504 4164 24
2547 4091 2878 4158 constituta;
2927 4105 3051 4145 cum
3104 4103 3211 4158 qua
3261 4103 3415 4141 mens
3464 4086 3578 4156 ipsa

2001 4200 2169 4252 mota,
2205 4186 2272 4242 ad
2311 4200 2374 4240 ea
2418 4200 2535 4254 quae
2587 4199 2772 4239 secum
2823 4181 3154 4238 formaverat
3199 4182 3339 4237 clam
3375 4177 3578 4249 aliquid

1998 4281 2259 4352 loquitur,
2310 4287 2404 4333 aut
2429 4275 2656 4349 peragit.
2693 4275 2757 4330 Et
2790 4276 3021 4331 virtutes
3047 4274 3266 4345 quidem
3309 4289 3430 4342 epis
3461 4289 3581 4342 qmc

1999 4373 2268 4431 irascendi
2303 4373 2387 4429 vis
2435 4382 2537 4438 est,
2571 4371 2880 4438 tolerantia,
2909 4369 3268 4430 continentia,
3306 4381 3370 4420 ac
3425 4363 3580 4417 forti-

307 4462 402 4516 ταὶ
437 4461 559 4530 μὲν,
589 4459 829 4523 σύνεσις,
859 4459 956 4512 καὶ
970 4460 1015 4492 ³⁸
1043 4459 1318 4524 εὐσέϐεια,
1355 4459 1451 4512 καὶ
1494 4458 1662 4528 φόϐος
1705 4459 1842 4512 Θεοῦ
1874 4475 1887 4487 ⁸

2003 4467 2131 4522 ludo
2153 4465 2446 4520 habentur.
2471 4462 2609 4519 Vitia
2625 4479 2778 4529 vero,
2799 4461 3101 4523 iracundia,
3123 4457 3367 4521 infamia,
3390 4468 3577 4524 pavor,

310 4555 505 4608 κακίαι
533 4553 612 4619 δὲ,
631 4551 941 4622 πανουργία
974 4551 1072 4604 καὶ
1091 4552 1354 4625 δολιότης,
1383 4553 1475 4606 καὶ
1503 4553 1706 4624 ἀφοὸία
1729 4555 1886 4609 Θεοῦ.

2000 4559 2214 4631 ignavia
2253 4575 2266 4611 :
2303 4557 2612 4626 appetibilis
2668 4565 2848 4611 autem
2910 4554 3141 4606 virtutes
3170 4590 3185 4614 ,
3245 4548 3576 4608 castitatem,

315 4645 812 4715 immortaliumque
849 4646 1114 4699 bonorum
1143 4645 1496 4712 desiderium,
1533 4664 1632 4704 nec
1657 4665 1765 4705 non
1799 4651 1895 4707 Dei
1937 4667 2000 4708 ac
2027 4650 2260 4722 proximi
2314 4650 2656 4706 dilectionem
2715 4647 2973 4703 dicimus.
2995 4643 3138 4699 Vitia
3167 4659 3293 4698 vero
3313 4643 3453 4712 ejus,
3489 4656 3580 4709 ρος

313 4737 566 4801 tulantia,
614 4737 1053 4808 intemperantia,
1118 4739 1566 4810 terrestriumque
1620 4742 1888 4799 desideria
1924 4746 2264 4815 voluptatum
2329 4743 2618 4798 habentur.
2647 4743 2716 4794 At
2772 4743 3002 4794 virtutes
3072 4735 3356 4792 rationalis
3388 4735 3578 4804 partis,

310 4831 623 4899 prudentia,
679 4830 857 4901 pietas
925 4843 990 4884 ac
1038 4827 1132 4884 Dei
1161 4829 1361 4896 timor;
1394 4833 1542 4898 vitia,
1594 4833 1884 4904 calliditas,
1924 4839 2107 4902 dolus,
2163 4837 2344 4892 nullus
2397 4851 2524 4905 erga
2589 4835 2756 4891 Deum
2805 4835 2985 4890 timor.

392 4924 665 4993 Ὀπηνίκα
690 4923 800 4994 γὰρ
819 4925 848 4977 6
879 4922 1014 4986 Θεὸς
1035 4923 1128 4977 τὸν
1162 4923 1449 4994 ἄνθρωπον
1488 4927 1889 4994 κατεσκεύαζε,

307 5018 378 5070 τά
401 5017 554 5086 πάθη
584 5015 735 5086 αὐτῷ
755 5017 849 5070 καὶ
874 5018 945 5069 τά
975 5016 1082 5088 ἤθη
1123 5017 1522 5088 περιεφύτευσε
1546 5033 1558 5048 ·
1599 5021 1800 5090 μᾶλλον
1834 5021 1891 5075 δὲ

307 5108 564 5162 δεκτικὸν
588 5107 753 5161 αὐτὸν
783 5107 953 5162 τῶν⁹⁷
1001 5107 1331 5180 ἀμφοτέρων
1378 5110 1627 5180 ἐποίησε,
1666 5113 1759 5166 καὶ
1801 5113 1891 5166 διὰ

306 5197 419 5252 τῶν
451 5197 826 5268 αἰσθητηρίων
876 5197 1183 5270 ἐνεθρόνισε
1205 5199 1250 5230 ⁸⁸
1283 5198 1376 5252 τὸν
1420 5201 1664 5272 ἡγεμόνα
1716 5201 1842 5256 νοῦν
1871 5219 1885 5232 ·

377 5333 428 5368 ⁷³
458 5337 587 5412 ἀλλο
604 5351 721 5412 om.
833 5335 876 5390 Β
906 5337 965 5393 C.
1030 5338 1083 5412 1‘
1117 5339 1364 5412 summa.
1389 5341 1450 5395 C.
1514 5341 1560 5412 ’ξ
1587 5341 1906 5412 πνεύμωνος

2054 5343 2099 5374 τι
2126 5343 2188 5396 τὸ
2216 5357 2326 5398 om.
2359 5341 2426 5396 C.
2502 5343 2546 5375 ⁷⁷
2581 5341 2882 5412 θερμασίας
2925 5341 2967 5395 C
2999 5341 3037 5395 P
3069 5352 3269 5412 textus.

305 5407 552 5483 01n._C._
603 5408 648 5439 ⁷⁵
684 5408 847 5483 πάλιν
877 5425 986 5483 om.
1156 5409 1202 5483 δέ
1229 5393 1369 5483 εἶναι
1396 5393 1507 5483 oin.
1545 5393 1822 5466 13.3928

2003 5393 2491 5483 τριμξ-τῑᾳῖρίςι.
2528 5393 2866 5467 aratri};

2075 4931 2382 4992 Enimvero,
2415 4943 2538 4982 cum
2565 4929 2708 4985 Deus
2768 4929 3042 4985 hominem
3088 4927 3364 4991 formavit,
3399 4940 3610 5000 mores,

2001 5020 2126 5090 ipsi,
2153 5019 2575 5088 affectionesque
2605 5019 2872 5087 adhibuit,
2893 5019 2974 5074 vel
3000 5019 3066 5074 ad
3095 5018 3210 5074 haec
3229 5026 3459 5088 utraque
3481 5030 3578 5086 po-

1999 5115 2105 5166 tius
2128 5110 2476 5180 percipienda
2504 5110 2735 5165 reddidit
2756 5111 3031 5175 idoneum,
3057 5121 3109 5165 et
3133 5120 3352 5180 pr0pter
3385 5123 3576 5163 senso-

1998 5205 2078 5259 ria
2102 5203 2239 5273 ipsa,
2283 5210 2518 5258 mentem
2542 5219 2641 5258 ceu
2669 5205 2855 5274 regina
2880 5221 2906 5255 η
2937 5203 2990 5257 in
3035 5205 3232 5259 throno
3255 5200 3575 5265 constituit;

3363 5340 3404 5370 ⁷⁸
3430 5337 3578 5391 ἅπαν

2961 5413 3006 5444 ⁸³
3045 5413 3167 5483 ἦτοι
3200 5409 3264 5472 C,
3291 5409 3434 5483 τινες
3457 5407 3576 5483 ἢτοι

304 5469 690 5563 ῼξῖνλδυνίιμεις
754 5479 864 5563 τῆξ
919 5478 1101 5563 ψιζχοῆς
1158 5482 1267 5563 είτσι
1298 5480 1359 5535 Ρ.
1427 5480 1489 5563 ⁸³.
1510 5486 1636 5554 περὶ
1671 5469 1907 5563 καρδίαῇΔ
2088 5469 2098 5483 ’
2135 5485 2180 5518 θ’*
2211 5469 2573 5563 παραγίνεται
2743 5486 2841 5554 ⁸δῆ
2872 5469 3078 5563 δθύιειν
3106 5469 3338 5563 αξιιαἈξ
3360 5469 3580 5563 ,ᾕρηταρά

303 5545 367 5618 εδ
401 5546 456 5604 θ.
495 5544 636 5618 αἷμα
667 5563 778 5603 om.

303 5613 351 5648 "
374 5613 724 5674 καταδίάνοια
755 5618 817 5673 C.

303 5702 359 5764 γ’.
383 5687 599 5764 ⁵ἡδονῶν
626 5689 689 5753 Β,
715 5689 758 5764 [³
786 5691 877 5759 qui
915 5690 1046 5762 legit
1071 5692 1378 5764 ἐπιθυμίαι.

307 5757 351 5788 ⁸⁸
377 5758 672 5834 ἐνεθρόησε
705 5759 770 5816 C.

827 5549 949 5623 8,6
979 5548 1129 5623 θύειν
1163 5548 1304 5623 αἷμα
1341 5548 1661 5623 κινούμενος
1695 5548 1755 5610 (ἐξ

1862 5556 1909 5586 ⁸⁸
1949 5556 2043 5607 καὶ
2115 5571 2222 5609 out.

897 5621 943 5694 '_°
980 5621 1207 5694 uatium.
1240 5622 1298 5694 Β.
1375 5624 1416 5655 ³⁸
1449 5621 1615 5677 κακία
1645 5624 1705 5678 C.
1775 5628 1820 5658 ”
1845 5625 2016 5680 δειλία
2049 5628 2139 5678 καὶ
2174 5623 2340 5694 μανία
2374 5623 2435 5677 Λ.

1480 5696 1526 5728 ⁸⁸
1562 5695 1656 5752 καὶ
1685 5713 1793 5751 orn.
1836 5696 1872 5747 li
1911 5695 1966 5748 ι’.

2450 5554 2494 5586 ετ
2525 5555 2716 5625 πρώτη
2769 5548 2915 5624 em
2965 5553 3025 5606 Β.
3217 5548 3465 5625 ,ἀνελθὼν
3510 5551 3574 5625 ελ-

2517 5619 2776 5679 ’³’τού
2801 5619 2872 5678 'n‘.
2905 5619 2914 5623 '
2949 5626 2994 5656 ει
3021 5624 3116 5677 τοῦ
3145 5623 3185 5678 c
3212 5623 3268 5676 ι).
3337 5621 3381 5653 ἐ
3410 5623 3442 5690 ή
3468 5619 3579 5690 τῶν

2084 5698 2126 5727 9⁷
2155 5688 2243 5748 τὸν
2272 5696 2337 5754 Λ,
2368 5696 2546 5751 αὐτῶν
2592 5713 2649 5750 τε
2685 5698 2780 5750 καὶ
2849 5695 2957 5751 τῶν
3004 5693 3265 5751 ἐναντίων
3293 5696 3383 5750 ἐπ.
3422 5688 3462 5748 C
3509 5688 3576 5744 Ρ.
