4054 6216
460 322 591 376 illi

1766 301 2043 361 MELETII
2086 297 2399 358 MONACHI

3588 284 3727 343 liii

465 448 630 509 atque
650 436 777 492 huic
795 435 978 489 libera:
995 432 1288 487 voluntatis
1310 434 1488 500 legem
1508 427 1734 499 largitus
1751 436 1863 492 est;
1890 424 2046 492 cujus

2159 420 2243 473 καὶ
2271 418 2447 489 τούτῳ
2478 419 2641 491 νόμον
2668 417 2867 472 δέδωκε
2899 414 3246 484 αὐτεξούσιον
3272 422 3339 479 ’³,
3381 413 3509 468 καθ’
3537 415 3598 466 ὃν
3630 432 3724 466 πο-

470 528 723 598 imperio,
753 526 798 581 si
835 522 1138 594 potioribus
1170 520 1481 583 adlizeserit,
1513 519 1566 572 in
1603 534 1768 587 regno
1793 517 2039 586 justitiaz,

472 618 864 688 temperantiae,
916 613 1273 678 fortitudinis,
1316 621 1369 667 ct
1415 610 1734 680 prudentiae,
1770 624 1867 663 ceu
1901 607 2043 663 Deus

470 712 565 781 qui
606 709 849 763 omnium
892 720 1072 759 rerum
1108 704 1318 759 semina
1368 703 1598 773 largitus
1649 710 1754 765 est,
1809 699 2043 754 beatitu-

471 803 598 857 dine
634 800 907 854 frueretur
935 817 947 852 :
980 806 1036 853 et
1068 798 1169 851 hoc
1202 797 1436 851 maxime
1459 794 1740 865 sapientia:
1760 807 2047 861 argumen-

471 900 587 945 tum
621 899 733 955 est;
792 904 939 950 nam,
987 903 1081 956 per
1112 887 1388 951 virtutem,
1429 896 1482 941 et
1525 886 1707 940 liberae
1752 883 2047 938 voluntatis

475 978 783 1044 arbitrium,
814 985 870 1031 et
901 977 992 1031 Dei
1034 978 1297 1045 sapientia
1356 976 1408 1029 in
1441 975 1596 1029 nobis
1637 973 1913 1028 elucescit.
1950 971 2048 1025 Sa-

476 1070 695 1141 pientiae
727 1078 906 1122 autem
944 1077 1181 1137 quatuor
1216 1066 1427 1136 species
1462 1074 1611 1130 sunt,
1652 1079 1788 1134 quas
1818 1064 2047 1117 virtutes

478 1160 760 1232 generales
802 1159 1046 1212 nonnulli
1080 1159 1437 1227 appellarunt.
1466 1155 1598 1222 Quze.
1623 1155 1870 1225 justitire,
1908 1162 2040 1208 tem-

478 1252 759 1323 perantiae,
802 1250 1155 1312 fortitudinis,
1212 1264 1276 1303 ac
1335 1249 1635 1318 prudentia:
1667 1248 1885 1301 nomine
1922 1262 2051 1301 cen-

478 1343 895 1400 sentur.llarum
918 1352 1097 1398 autem
1120 1340 1402 1410 prudentia
1432 1339 1772 1409 praestantior
1801 1338 2048 1402 habetur,

479 1437 640 1506 cujus
693 1437 862 1505 gratia
899 1433 1265 1488 consideratio
1298 1432 1678 1486 affectionibus
1715 1430 2050 1485 dominatur.

484 1523 762 1594 Sapientia
797 1523 980 1591 igitur,
1024 1522 1332 1576 divinarum
1362 1521 1839 1587 humanarumque
1867 1533 2051 1571 rerum

480 1617 722 1686 cognitio
761 1624 862 1668 est.
912 1616 981 1668 At
1020 1613 1429 1682 temperantiam
1469 1613 1664 1681 ipsam,
1711 1611 2051 1679 passionum,

481 1717 534 1761 et
558 1707 910 1775 cupiditatum
940 1704 1327 1759 continentiam
1359 1702 1582 1757 dixeris.
1613 1702 1708 1756 Vel
1745 1703 1848 1755 hoc
1875 1710 2051 1770 pacto,

2144 511 2533 581 λιτευσάμενος
2586 511 2899 580 βασιλεύσει
2941 510 3222 579 βασιλείαν
3247 506 3510 579 σώφρονά
3551 525 3614 560 τι
3637 506 3730 560 καὶ

2145 602 2377 667 δικαίαν,
2412 604 2506 655 καὶ
2534 603 2744 674 ἀγαθὴν
2768 603 2862 656 καὶ
2898 601 3153 671 ἀνδρείαν
3180 602 3195 632 ί
3220 616 3235 632 ο
3269 601 3349 652 εἶ’
3376 598 3438 651 τὸ
3471 600 3730 668 κρεῖττον

2146 694 2336 763 ἕληται
2360 711 2373 723 ·
2420 694 2484 747 ἶν’
2514 690 2570 766 ᾗ,
2614 695 2751 764 φησὶ⁵
2780 693 2823 759 ³,
2873 694 2933 746 τὸ
2972 692 3179 761 ἀγαθὸν
3217 693 3317 761 οὐχ
3348 685 3517 762 ἦττον
3564 688 3599 758 ἢ
3638 688 3730 741 τοῦ

2148 789 2525 857 παρασχόντος
2562 787 2698 840 Θεοῦ
2726 787 2794 841 τὰ
2838 785 3188 857 σπέρματαδ,
3238 785 3434 854 σοφίας
3474 781 3733 853 μείζονος

2147 877 2435 948 γνώρισμα
2451 880 2492 909 ⁸·
2519 879 2575 931 ἐν
2599 879 2706 948 γὰρ
2735 881 2803 949 τῇ
2824 879 3015 950 ἀρετῇ,
3036 878 3130 931 καὶ
3153 877 3213 930 τὸ
3244 876 3328 944 ἐφ’
3360 877 3494 946 ἡμῖν
3516 877 3538 905 ⁸
3557 875 3731 943 ἀνεμ-

2151 971 2397 1023 πόδιστον
2421 972 2461 1036 ⁷,
2500 972 2594 1024 καὶ
2650 973 2684 1042 ἡ
2726 971 2893 1039 σοφία
2940 970 3036 1024 τοῦ
3081 969 3218 1023 Θεοῦ
3277 968 3604 1036 καταφανὴς
3631 967 3658 997 ⁸
3702 967 3733 1035 ἡ

2150 1062 2427 1116 ἐντεθεῖσα
2482 1065 2611 1134 ἡμῖν
2651 1066 2790 1117 ἐστι.
2835 1064 2949 1133 Τῆς
2978 1061 3034 1115 δὲ
3070 1061 3265 1130 σοφίας
3290 1060 3407 1128 εἴδη
3439 1059 3736 1128 τέσσαρα·

2152 1152 2330 1225 ἇσπερ
2348 1153 2368 1183 ⁹
2387 1153 2481 1206 καὶ
2503 1153 2724 1222 γενικὰς
2746 1154 2947 1224 ἀρετάς
2967 1169 3112 1215 τινες
3132 1150 3461 1221 ὀνομάζουσι
3483 1168 3494 1180 ·
3523 1151 3737 1219 φρόνη-

2153 1263 2257 1309 σις,
2277 1244 2618 1312 δικαιοσύνη,
2652 1244 2978 1315 σωφροσύνη
3009 1244 3109 1297 καὶ
3140 1242 3366 1312 ἀνδρεία
3391 1242 3458 1295 ιθ.
3496 1244 3733 1313 Κυριωο

2152 1338 2289 1406 τάτη
2331 1338 2389 1391 δέ
2432 1337 2688 1407 πασῶνή
2741 1337 3039 1405 φρόνησις*
3077 1335 3137 1399 ἐξ
3188 1331 3257 1406 ἧς
3295 1334 3404 1386 τῶν
3458 1332 3653 1386 παθῶν
3713 1334 3743 1385 ὁ

2153 1430 2414 1500 λογισμὸς
2446 1432 2757 1501 ἐπικρατεῖ.
2780 1430 2951 1498 Σοφία
2976 1428 3157 1481 τοίνυν
3193 1428 3311 1480 ἐστὶ
3341 1426 3542 1494 γνῶσις
3574 1425 3745 1477 θείων

2154 1522 2250 1575 καὶ
2281 1522 2641 1592 ἀνθρωπίνων
2661 1521 3025 1591 πραγμάτων.
3048 1519 3382 1590 Σωφροσύνη
3409 1518 3467 1571 δέ
3496 1516 3741 1587 ἐπικράο

2154 1633 2276 1668 τεια
2306 1616 2416 1669 τῶν
2445 1615 2751 1684 ἐπιθυμιῶν
2777 1615 2817 1646 “
2850 1632 2864 1647 ·
2910 1614 2943 1684 ἢ
2976 1612 3147 1676 οὕτως
3202 1610 3526 1681 σωφροσύνη
3587 1608 3745 1662 ἐστὶν

2159 1706 2327 1779 ἀρετὴ
2372 1707 2468 1760 τοῦ
2518 1706 2939 1776 ἐπιθυμητικοῦ,
2988 1704 3108 1759 καθ’
3143 1704 3211 1775 ἢν
3236 1703 3596 1773 κατέχουσι¹¹
3642 1701 3743 1754 τοῦ

482 1764 860 1868 temperantia,
904 1797 1209 1866 appetibilis
1235 1795 1404 1865 partis
1428 1795 1603 1848 virtus
1639 1804 1742 1859 est,
1762 1808 1890 1861 qua,
1922 1808 2053 1847 con-

2160 1764 2422 1869 λογισμοῦ
2485 1801 2584 1870 τὴν
2668 1764 2965 1869 ἐπίθυμίαν
3034 1764 3297 1867 ὁρμῶσαν
3370 1764 3467 1848 ἐπὶ
3526 1793 3744 1863 φαύλας

482 1890 826 1946 siderationis
858 1890 1118 1959 appetitu,
1156 1889 1356 1958 impetu
1395 1887 1630 1957 quodam
1662 1887 1730 1941 ad
1760 1897 1942 1955 turpes
1965 1902 2058 1941 vo-

483 1980 716 2049 luptates
740 1978 1046 2033 tendentem
1066 1978 1429 2032 continemus.

550 2071 714 2125 Alteri
762 2070 1031 2139 appetitus
1088 2069 1303 2134 animae,
1338 2070 1489 2123 alteri
1526 2084 1652 2121 vero
1686 2067 1930 2136 corporis
1955 2067 2057 2120 lia-

485 2164 699 2225 bcntur,
755 2176 988 2229 quorum
1066 2160 1311 2228 utrisque
1365 2157 1726 2213 consideratio
1790 2158 2058 2212 dominari

481 2254 696 2309 videtur
754 2268 767 2302 :
829 2250 1096 2321 siquidem
1171 2248 1537 2304 consideratio
1591 2248 1881 2302 virtutibus
1959 2264 2057 2318 pro

482 2343 643 2407 duce,
692 2342 1072 2397 affectionibus
1112 2356 1207 2410 pro
1256 2341 1583 2409 imperatore
1627 2340 1885 2406 habetur;
1948 2354 2057 2393 non

482 2433 626 2503 quod
690 2433 834 2502 ipsas
902 2433 1116 2501 penitus
1161 2432 1380 2485 tollendi
1422 2431 1531 2483 vim
1576 2430 1791 2495 habeat,
1836 2431 1928 2484 sed
1990 2445 2058 2485 ne

483 2525 615 2594 ipsis
654 2524 868 2593 penitus
902 2523 1276 2592 subjiciamur,
1313 2520 1495 2585 efficit,
1519 2523 1674 2591 quasi
1695 2521 1933 2577 diceres:
1957 2522 2058 2577 Ne-

483 2631 575 2670 mo
601 2624 702 2676 est,
732 2616 821 2685 qui
846 2616 1115 2684 appetitus
1145 2623 1363 2669 nostros
1404 2615 1722 2669 abscindere
1737 2615 1929 2679 valeat,
1966 2615 2058 2670 sed

484 2708 846 2764 consideratio
893 2708 1009 2778 ipsa
1060 2722 1126 2761 ne
1170 2707 1419 2761 servituti
1478 2709 1717 2777 ipsorum
1772 2707 2054 2774 dedamur,

484 2798 590 2869 25
616 2798 922 2854 facultatem
948 2800 1107 2854 nobis
1149 2799 1330 2870 largiri
1382 2808 1577 2869 potest.
1604 2799 1734 2854 item
1762 2799 2054 2865 :Quisnam

486 2893 573 2947 ille
631 2901 715 2948 est
766 2893 860 2963 qui
908 2892 1177 2948 irascendi
1229 2892 1337 2945 vim
1396 2892 1717 2947 abscindere
1759 2892 1828 2946 ab
1874 2892 2054 2945 anima

485 2983 825 3054 possitlsed
878 2999 945 3038 ne
975 2985 1043 3038 ab
1088 2986 1203 3052 ipsa
1253 2984 1472 3039 servitio
1512 2998 1846 3053 premamur,
1876 2985 2056 3038 consi-

2161 1890 2337 1961 ὁρμάς
2369 1890 2433 1944 υ.

2238 2075 2359 2128 Τῶν
2388 2074 2443 2128 δὲ
2493 2072 2827 2144 ἐπιθυμιῶν,
2881 2073 2936 2126 al
2988 2071 3086 2143 μέν
3129 2072 3239 2124 είσι
3291 2070 3561 2140 ψυχικαὶ,
3599 2070 3657 2123 al
3684 2070 3743 2123 δέ

2168 2164 2476 2234 σωματικαί
2500 2180 2511 2193 ·
2544 2165 2639 2217 καὶ
2658 2161 2986 2234 ἀμφοτέρων
3009 2162 3052 2193 ίδ
3080 2163 3402 2232 ἐπικρατεῖν
3428 2162 3458 2213 ὁ
3476 2159 3743 2231 λογισμὸς

2165 2257 2435 2325 φαίνεται.
2484 2256 2543 2311 '0
2582 2256 2691 2326 γὰρ
2720 2256 2986 2325 λογισμὸς
3027 2252 3137 2307 τῶν
3182 2253 3399 2325 ἀρετῶν
3454 2253 3558 2323 μέν
3590 2255 3745 2307 ἐστιν

2164 2348 2410 2421 ἡγεμὼν,
2434 2349 2545 2403 τῶν
2568 2348 2624 2401 δὲ
2653 2348 2841 2402 παθῶν
2877 2346 3236 2417 αὐτοκράτωρ
3258 2362 3273 2378 ο
3306 2345 3407 2414 οὐχ
3430 2344 3569 2398 ὥστε
3600 2345 3747 2399 αὐτὰ

2168 2436 2472 2491 καταλῦσαι
2499 2438 2563 2503 ¹⁵,
2618 2436 2735 2491 ἀλλ’
2790 2436 2934 2489 ὥστε
2963 2436 3154 2498 αὐτοῖς
3184 2434 3251 2465 ¹⁸⁶
3282 2435 3357 2504 μὴ
3380 2430 3541 2498 εἶξαι.
3584 2431 3744 2495 Οίον,

2167 2528 2466 2599 ἐπιθυμίαν
2496 2545 2580 2592 τις
2609 2529 2667 2581 ού
2724 2527 2947 2581 δύναται
2998 2525 3227 2595 ἐκκόψαι
3273 2526 3425 2596 ἡμῶν
3447 2544 3460 2557 ·
3502 2526 3643 2579 ἀλλὰ
3676 2526 3747 2578 τὸ

2172 2619 2245 2691 μὴ
2280 2619 2613 2690 δουλωθῆναι
2667 2622 2735 2690 τῇ
2790 2618 3059 2689 ἐπιθυμίᾳ
3077 2619 3119 2649 ¹⁸
3165 2617 3392 2670 δύναται
3419 2617 3447 2668 ὁ
3474 2617 3747 2687 λογισμὸς

2170 2712 2569 2783 παρασχέσθαι.
2627 2712 2862 2783 Ὁμοίως
2889 2711 3063 2781 θυμόν
3110 2728 3194 2774 τις
3226 2710 3459 2779 ἐκκόψαι
3486 2710 3548 2762 οῦ
3578 2710 3744 2765 δύναο

2167 2820 2291 2857 ται·
2325 2805 2462 2858 ἀλλὰ
2516 2804 2579 2857 τὸ
2641 2804 2715 2875 μὴ
2771 2803 3103 2872 δουλωθῆναι
3132 2802 3211 2872 τῷ
3245 2802 3402 2872 θυμῷ
3447 2802 3677 2856 δύναται
3701 2802 3749 2833 ¹⁷

2167 2892 2243 2963 τῷ
2303 2893 2551 2965 λογισμῷ
2601 2894 2882 2965 βοηθῆσαι.
2937 2895 3011 2947 Οὐ
3060 2894 3169 2966 γὰρ
3225 2893 3587 2965 ἐκριζωτὴςη
3636 2895 3746 2947 τῶν

2170 2985 2358 3040 παθῶν
2388 2988 2416 3040 ὁ
2440 2985 2700 3056 λογισμός
2729 2987 2896 3049 ἐστιν,
2929 2985 3029 3039 ἀλλ
3075 2985 3509 3055 ἀνταγωνιστής.
3547 2985 3747 3038 Παθῶν

485 3076 692 3129 deratio
721 3074 999 3144 suppetias
1026 3075 1217 3130 adesse
1245 3081 1438 3143 potest.
1466 3073 1582 3127 Non
1619 3075 1781 3145 igitur
1812 3075 2054 3129 conside-

2164 3080 2218 3133 δὲ
2237 3079 2427 3150 φύσεις
2444 3080 2579 3133 εἰσὶν
2596 3081 2653 3133 αἱ
2673 3077 3170 3150 περιεκτικώταται
3186 3078 3280 3132 δύο
3297 3079 3363 3145 ’⁸,
3386 3079 3549 3148 ἡδονὴ
3570 3096 3631 3131 τε
3654 3079 3749 3132 καὶ

489 3166 631 3221 ratio
688 3166 804 3235 ipsa
858 3164 1174 3219 affectiones
1206 3165 1260 3218 in
1289 3164 1448 3219 nobis
1494 3164 1757 3219 radicitus
1795 3164 2058 3218 evellendi

488 3257 801 3312 facultatem
830 3258 1058 3323 obtinet;
1101 3258 1193 3313 sed
1218 3273 1342 3312 cum
1382 3258 1512 3325 ipsis
1542 3274 1639 3313 ceu
1677 3260 1729 3312 in
1766 3260 2062 3314 certamine

488 3346 857 3416 congreditur.
887 3345 1132 3401 Gemina:
1156 3362 1284 3402 vero
1318 3347 1665 3401 affectionum
1704 3360 1931 3414 naturae,
1960 3366 2057 3404 vu-

489 3440 669 3508 luptas
692 3436 959 3503 videlicet,
981 3444 1036 3490 ct
1057 3437 1314 3505 dolentia,
1341 3438 1576 3493 maxime
1598 3441 2061 3508 comprcliensiva:

490 3539 655 3593 sunt;
714 3544 838 3584 nam
894 3530 1090 3583 barum
1130 3531 1405 3599 quaelibet,
1438 3541 1551 3585 tum
1588 3532 1639 3585 in
1669 3548 1912 3602 corpore,
1948 3544 2059 3588 tum

492 3623 548 3677 in
594 3624 775 3678 anima
805 3637 927 3678 esse
959 3630 1151 3692 suapte
1182 3633 1377 3677 natura
1418 3621 1612 3677 idonea
1642 3632 1755 3680 est:
1787 3624 1907 3679 aliae
1934 3642 2062 3679 vero

490 3716 674 3785 plures
699 3715 1013 3770 affectiones
1040 3724 1327 3785 utramque
1348 3725 1643 3771 sectantur.
1672 3716 1953 3787 Appetitus
1973 3718 2064 3789 igi-

494 3823 584 3868 tur
632 3814 959 3883 voluptatem
998 3815 1167 3884 ipsam
1198 3831 1225 3868 a
1260 3831 1369 3884 qua
1400 3824 1646 3870 movetur
1691 3819 1887 3883 anteit;
1921 3828 1974 3873 ct
1996 3822 2064 3874 ab

490 3908 609 3976 ipsa
649 3908 921 3977 voluptate
946 3908 1127 3977 gaudii
1164 3907 1248 3961 vel
1279 3907 1513 3962 tristitiae
1549 3909 1863 3964 constitutio
1889 3910 1965 3964 fit.
2005 3910 2060 3965 Si

490 3998 637 4052 enim
673 3998 967 4068 voluptatis
998 4007 1223 4053 eventus
1254 3999 1406 4067 probi
1435 3998 1656 4062 fuerint,
1693 4001 1945 4067 gaudium
1971 4018 1985 4066 ;
2018 4002 2063 4054 si

490 4103 619 4141 vero
641 4097 848 4158 turpes,
870 4089 1091 4143 tristitia
1111 4089 1492 4159 subsequitur:
1517 4090 1806 4160 siquidem,
1831 4102 1956 4147 ante
1970 4093 2066 4147 do-

448 4250 456 4263 ι
491 4176 714 4231 lcntiam
734 4180 1053 4247 timor,post
1081 4180 1371 4235 dolentiam
1395 4181 1609 4235 tristitia
1628 4183 1883 4251 subsequi
1906 4186 2061 4241 solet.

450 4272 451 4295 ξ
492 4270 575 4324 Ira
597 4279 778 4324 autem
816 4274 1126 4327 communis
1167 4273 1380 4328 affectio
1406 4275 1697 4344 voluptatis
1726 4288 1779 4330 et
1811 4278 2063 4335 dolentize

488 4372 591 4419 est.
630 4362 786 4430 Quod
825 4374 1004 4418 autem
1056 4365 1353 4433 voluptatis
1395 4366 1517 4421 finis
1556 4376 1871 4437 utrumque,
1932 4386 2066 4439 gau-

2164 3173 2325 3235 πόνος
2344 3189 2357 3202 ·
2389 3172 2596 3225 τούτων
2630 3172 2687 3224 δὲ
2723 3172 2987 3241 ἑκάτερον
3018 3172 3064 3202 ³ο
3086 3172 3182 3224 καὶ
3212 3171 3342 3240 περὶ
3363 3171 3424 3222 τὸ
3458 3171 3621 3241 σῶμα
3650 3171 3746 3226 καὶ⁵

2162 3263 2292 3333 περὶ
2313 3263 2411 3331 τὴν
2433 3263 2613 3333 ψυχὴν
2647 3262 2892 3331 πέφυκεν
2913 3280 2924 3293 ·
2954 3263 3272 3316 ἁκολουθίαι
3298 3264 3356 3317 δὲ
3388 3266 3582 3318 παθῶν
3604 3267 3741 3318 πολ-

2162 3355 2252 3409 λαὶ
2272 3357 2316 3386 ²¹
2342 3356 2554 3425 περὶτὰ
2571 3356 2878 3424 ἀμφότερα.
2904 3356 3016 3425 Πρὸ
3035 3357 3132 3425 μὲν
3147 3352 3238 3409 οὖν
3250 3358 3349 3426 τῆς
3370 3358 3567 3427 ἡδονῆς
3584 3352 3745 3412 ἐστιν

2164 3443 2430 3513 ἐπιθυμία
2460 3444 2524 3496 ἐκ
2567 3446 2664 3513 τῆς
2696 3443 2893 3513 ἡδονῆς
2919 3445 2963 3475 ³³
2994 3446 3319 3515 κινουμένη·
3355 3448 3496 3514 μετὰ
3540 3447 3596 3501 δέ
3646 3449 3803 3518 τὴνςκ

2164 3536 2359 3607 ἡδονὴν
2380 3537 2526 3613 χαρὰ.
2556 3536 2588 3606 ἢ
2621 3535 2767 3605 λύπη
2801 3535 3117 3590 συνίσταται
3138 3554 3150 3567 ·
3187 3538 3237 3589 εἰ
3272 3537 3371 3606 μὲν
3409 3538 3522 3608 γὰρ
3556 3540 3744 3607 ἀγαθὰ

2165 3627 2233 3682 τὰ
2260 3630 2356 3698 τῆς
2378 3628 2574 3697 ἡδονῆς
2600 3628 2750 3698 τέλη,
2770 3627 2913 3699 χαρά
2938 3645 2950 3657 ·
2975 3630 3023 3681 εἰ
3045 3628 3098 3681 δὲ
3121 3628 3322 3698 φαῦλα,
3347 3628 3495 3700 λύπη
3516 3646 3531 3659 ⁸
3558 3632 3666 3701 πρὸ
3688 3631 3746 3684 δὲ

2166 3719 2259 3774 τοῦ
2285 3720 2471 3785 πόνου,
2499 3720 2663 3788 φόϐος
2686 3736 2700 3750 ⁸
2725 3720 2862 3790 μετὰ
2885 3719 2940 3773 δὲ
2961 3720 3053 3773 τὸν
3079 3720 3262 3785 πόνον,
3287 3719 3431 3790 λύπη
3457 3722 3654 3774 ἕπεται
3680 3735 3694 3749 ⁸
3717 3722 3746 3774 ὁ

2166 3810 2224 3862 δὲ
2255 3810 2427 3880 θυμὸς
2456 3809 2634 3863 κοινὸν
2672 3809 2842 3871 πάθος
2871 3809 3022 3862 ἐστὶν
3052 3810 3248 3880 ἡδονῆς
3272 3812 3363 3864 καὶ
3394 3812 3581 3864 πόνου.
3622 3813 3746 3865 Ὅτι

2166 3904 2222 3956 δὲ
2253 3904 2319 3957 τὰ
2359 3904 2485 3973 τέλη
2524 3904 2621 3972 τῆς
2669 3902 2865 3973 ἡδονῆς
2898 3902 3189 3973 ἀμφότερα
3236 3905 3462 3974 συνιστᾷ
3508 3906 3657 3973 χαρά
3688 3921 3747 3956 τε

2167 3995 2262 4049 καὶ
2292 3995 2434 4058 λύπη
2459 3996 2522 4060 ³³,
2551 3993 2659 4046 οὐδ’
2687 3995 2715 4046 ὁ
2749 3992 2926 4063 τυχῶν
2950 3995 3135 4061 ἀγνοεῖ
3158 4008 3170 4021 '
3212 3992 3306 4045 καὶ
3332 3993 3440 4062 γὰρ
3471 3994 3542 4045 τὰ
3570 3992 3744 4063 βρέφη

2171 4086 2447 4158 μασθοῦ⁹δ
2504 4084 2775 4155 μητρικοῦ
2836 4083 3256 4155 ἐπιθυμήσαντα
3298 4085 3448 4156 ᾄττει
3485 4102 3544 4136 τε
3572 4085 3620 4116 ’⁸
3656 4085 3748 4136 καὶ

2171 4178 2310 4250 μετὰ
2339 4176 2698 4249 περιχαρείας
2729 4175 3038 4240 ἀσπάζεται
3076 4177 3267 4230 τοῦτον
3326 4177 3506 4230 ἰδόντα
3535 4178 3581 4207 ³⁸
3601 4195 3614 4207 ο
3654 4177 3749 4230 καὶ

2169 4272 2505 4342 στερηθέντα
2560 4270 2616 4323 δέ
2662 4287 2714 4323 τι
2764 4269 2875 4323 τῶν
2919 4269 3110 4340 ἡδονῆς
3131 4271 3175 4300 ’⁷
3233 4269 3613 4340 ἐμποιούντων
3654 4270 3747 4323 λυ-

2169 4368 2395 4423 ποῦνται
2408 4365 2474 4418 ’⁸.

489 4451 640 4511 dium
678 4456 928 4512 videlicet
984 4457 1371 4528 tristitiamque
1404 4460 1717 4526 constituat,
1776 4464 1907 4516 nulli
1937 4480 2043 4519 non
2086 4469 2434 4536 perspectum
2480 4458 2733 4512 habetur.
2768 4455 3069 4525 Siquidem,
3117 4457 3247 4511 dum
3312 4466 3556 4511 materna
3581 4458 3746 4511 ubera

490 4548 743 4602 affectant
792 4548 1048 4613 infantes,
1081 4565 1143 4603 ea
1190 4552 1391 4620 adepti,
1436 4566 1560 4605 cum
1616 4554 1893 4624 voluptate
1946 4556 2082 4627 ipsis
2145 4555 2522 4627 applicantur;
2557 4552 2624 4606 ab
2666 4551 2753 4606 bis
2802 4567 2930 4606 vero
2993 4567 3115 4622 qua:
3143 4551 3297 4606 lusus
3325 4552 3459 4621 ipsis
3513 4553 3748 4606 afferunt

490 4640 773 4703 abstracti,
799 4642 1075 4695 tristitiam
1098 4658 1207 4710 prae
1240 4659 1300 4698 se
1341 4643 1544 4699 ferunt.

547 4732 731 4801 Atqui,
788 4748 851 4785 ex
904 4734 1271 4801 voluptatibus
1326 4735 1480 4805 ipsis,
1532 4736 1651 4790 aliae
1684 4737 1897 4802 animm.
1943 4737 2054 4793 alia!

2236 4735 2357 4788 Τῶν
2385 4734 2441 4787 δὲ
2469 4731 2692 4803 ἡδονῶν,
2721 4733 2776 4786 αἱ
2811 4730 2911 4802 μὲν
2955 4731 3061 4783 εἰσὶ
3099 4730 3353 4801 ψυχικαὶ,
3387 4732 3444 4784 αί
3474 4732 3533 4785 δέ
3563 4751 3747 4803 σωμα-

488 4840 619 4879 vero
662 4826 906 4894 corporis
934 4837 1090 4893 sunt;
1133 4828 1224 4882 scd
1255 4830 1468 4895 animae,
1507 4845 1627 4899 qua:
1671 4828 1723 4882 in
1765 4828 2067 4899 disciplinis

488 4914 1060 4986 spccnlationibusque
1136 4926 1455 4981 versantur.
1530 4936 1773 4975 seorsum
1855 4936 1949 4989 per
2004 4936 2064 4975 se

487 5006 788 5075 peculiares
828 5006 1116 5062 habentur.
1174 5009 1243 5062 At
1274 5025 1394 5079 quae
1446 5011 1693 5081 corporis
1735 5022 1895 5078 sunt,
1944 5028 2064 5082 qua:

563 5182 608 5212 θ’
654 5179 929 5257 τδΑαύτεξλ.
1004 5182 1299 5257 ξάνδρίαν,
1350 5200 1473 5257 mox
1531 5187 1625 5257 καὶ
1670 5185 1791 5257 ,τοῦ
1826 5188 2135 5257 κρείττονος
2192 5187 2252 5241 Β.

492 5268 592 5302 σπε

492 5267 845 5319 σπερμΛένεου
886 5267 942 5304 υ.
1004 5267 1024 5282 υ
1050 5270 1205 5305 τουτο
1244 5273 1252 5286 ί

492 5321 536 5352 ¹⁰
572 5322 762 5393 ἀνδρία
805 5338 883 5393 Ax.
951 5338 1127 5393 cwcpp.
1194 5323 1252 5378 Β.

490 5389 712 5459 κατέχει
745 5394 772 5444 ό
804 5389 1164 5460 λογισμδςνϐ.
1279 5397 1323 5428 ¹⁸
1353 5395 1548 5460 ἡδονὰς
1579 5395 1619 5448 Β
1654 5396 1712 5449 Ρ.

491 5459 536 5489 ⁸⁸
567 5464 633 5529 τῇ
666 5460 930 5533 ἐπιθυμίᾳ

491 5531 959 5601 περιεκτικώτερα
990 5533 1051 5587 C.
1166 5536 1211 5566 ¹⁰
1241 5536 1473 5590 ἕκαστον
1523 5536 1562 5589 Β
1602 5537 1662 5599 Ρ,
1690 5531 1937 5592 ἑκάστων
1952 5531 2020 5590 ’0.

1013 5621 1119 5675 πην
1153 5604 1193 5659 Δ
1232 5608 1274 5676 C
1298 5606 1360 5661 Ρ.
1472 5606 1515 5638 ’⁵
1556 5607 1759 5676 μαστοῦ
1791 5608 1828 5660 Β
1860 5608 1899 5661 C
1939 5608 1995 5662 Ρ.

944 5674 986 5705 ²⁷
1019 5674 1235 5730 παιδιὰν
1263 5675 1324 5746 Β,
1351 5676 1495 5740 τινος
1523 5674 1630 5732 τῶν
1654 5678 1822 5748 ἡδέων
1854 5678 1915 5734 C-

490 5599 537 5664 _‘_’
568 5600 739 5664 χαράν
765 5618 825 5653 τε
859 5599 912 5652 κ.
943 5603 1006 5656 λύ

482 5660 527 5690 ’⁸
568 5660 743 5720 εἰδότα
782 5670 840 5721 Β.

484 5729 524 5760 ³¹
581 5737 679 5805 τὴν
710 5752 819 5792 om.
854 5741 914 5795 Β.

638 5251 845 5327 μ.Θεοῦ
886 5243 942 5304 Β.
1004 5251 1024 5282 ⁸
1050 5243 1498 5327 τοῦτολτογνώρζ
1520 5254 1582 5310 C.
1659 5256 1679 5286 ⁸
1707 5256 1796 5323 ὑφ’
1830 5243 1930 5327 ήξι.
1970 5259 2031 5310 Α.
2093 5243 2619 5325 τ’ἀνεμποδίστωςϐ.
2686 5255 2718 5327 ,⁸
2751 5243 2957 5327 καταρξ
2993 5243 3223 5327 ὲστινᾼίξ
3249 5252 3308 5307 Ρ.
3385 5256 3575 5327 ’-ἅπερ

1366 5328 1403 5357 ¹¹
1434 5325 1541 5378 τῶν
1576 5327 1790 5379 παθῶν
1852 5325 1959 5380 ⁷καὶ
2026 5327 2171 5383 ἐπιθ.
2227 5328 2267 5382 C
2318 5327 2377 5382 Ρ.

1821 5398 1864 5429 ’⁸
1897 5396 2102 5449 τούτων
2134 5399 2189 5449 δὲ
2226 5400 2367 5465 ἀμφ.
2397 5397 2436 5451 C
2467 5396 2527 5451 P.

1032 5472 1208 5517 textus
1300 5467 1340 5498 "
1374 5463 1596 5520 δυνατὸν
1624 5466 1664 5522 C
1696 5466 1753 5520 Ρ.
1793 5466 2054 5537 βοηθῆσαι

1038 5574 1051 5585 .
1166 5536 1211 5566 ¹⁰
1241 5536 1473 5590 ἕκαστον
1523 5536 1562 5589 Β
1602 5537 1662 5590 Ρ.
1690 5538 1937 5590 ἑκάστων
1960 5539 2020 5590 C.

2166 5484 2219 5521 ιι.
2245 5463 2285 5519 Ρ
2317 5463 2511 5520 textus.
2586 5465 2627 5498 ⁸⁸
2661 5465 2964 5536 ἑκριζωτὴς
3005 5463 3044 5515 Β
3074 5464 3114 5517 C
3158 5463 3214 5516 Ρ.

2159 5540 2171 5569 ¹
2209 5536 2399 5589 πολλαὶ
2430 5552 2539 5590 om.
2585 5535 2625 5589 C
2665 5536 2723 5590 Ρ.
2836 5535 2881 5565 ’³
2912 5536 3027 5587 ἐστ.
3071 5532 3214 5588 ὲπιθ.

2209 5552 2399 5589 πολιαι
2430 5552 2539 5592 Olli.
2585 5552 2625 5589 la
2665 5552 2723 5590 l'.

2096 5609 2141 5640 ’⁵
2175 5607 2295 5661 ἆτει
2347 5604 2406 5666 Β.
2447 5606 2699 5660 ἆττονται
2739 5606 2833 5658 καὶ
2874 5604 2915 5657 Ρ
2952 5615 3150 5667 textus,
3192 5606 3458 5658 ἅπτονται
3488 5603 3605 5667 καί,
3630 5619 3744 5655 ora.

2035 5678 2082 5711 ³⁸
2112 5677 2352 5748 λυπῆται
2386 5675 2448 5743 Β,
2484 5676 2733 5731 λυπεῖται
2756 5675 2797 5731 C
2821 5676 2877 5731 Ρ.

2163 4824 2351 4878 sint"
2402 4821 2635 4892 ψυχικαὶ
2695 4821 2813 4891 μὲν,
2871 4821 2998 4872 ai"
3032 4820 3130 4889 τῆς
3171 4819 3354 4889 ψυχῆς
3393 4821 3567 4888 αὐτῆς
3626 4819 3745 4874 καθ’

2164 4918 2368 4988 ἑαυτήν
2391 4934 2403 4946 ο
2433 4915 2509 4979 ῶς
2540 4915 2597 4968 αἱ
2617 4914 2660 4945 ³⁰
2693 4914 2823 4983 περὶ
2852 4912 2922 4965 τὰ
2955 4912 3259 4982 μαθήματα
3289 4914 3383 4967 καὶ
3410 4913 3508 4983 τὴν
3540 4913 3580 4944 ³⁸
3615 4914 3745 4965 θεω-

2164 5011 2285 5081 ρίαν
2310 5027 2324 5040 ο
2364 5006 2678 5078 σωματικαὶ
2702 5006 2781 5069 δὲ,
2802 5005 2858 5058 αἱ
2894 5003 3035 5074 μετὰ
3060 5004 3351 5068 κοινωνίας
3370 5004 3466 5057 τοῦ
3497 5002 3743 5075 σώματος

2347 5191 2366 5219 ³
2395 5188 2460 5240 ἂν
2515 5186 2555 5241 C
2611 5186 2669 5240 P.
2768 5184 2788 5215 ³
2822 5185 2888 5237 ἵν’
2916 5182 2948 5241 ἦ
2981 5183 3075 5237 τοῦ
3117 5183 3373 5241 ἑλομένου
3401 5182 3442 5238 C
3476 5184 3533 5237 Ρ.
3633 5183 3652 5213 ⁸
3680 5182 3745 5235 τὰ

2483 5256 2619 5319 υςΟ.
2697 5255 2718 5287 ⁸
2751 5253 2955 5322 xum-9".
2993 5257 3141 5307 ἐστιν
3179 5253 3216 5305 Β
3249 5253 3308 5307 Ρ.
3385 5256 3406 5283 ⁹
3431 5256 3575 5323 ειπερ
3621 5253 3659 5305 Β
3685 5253 3739 5307 Ρ.

2483 5327 2525 5359 ¹¹
2565 5326 2871 5396 κατέχουσα
2927 5324 3337 5396 Βηκατέχομεν
3410 5324 3591 5396 l’_src.
3628 5339 3742 5396 ing,

2768 5184 2788 5215 ³
2822 5185 2888 5237 ἶν’
2981 5183 3075 5237 τοῦ
3117 5182 3442 5257 ἑλομένου
3476 5184 3533 5237 Ρ.

3280 5393 3344 5423 ¹⁸⁴
3375 5393 3587 5453 τούτοις
3614 5394 3654 5447 C
3686 5393 3742 5446 Ρ.

3308 5463 3349 5495 ³³
3378 5465 3508 5517 παθ.
3551 5462 3608 5517 δὲ
3642 5462 3746 5515 εἰσὶ

2836 5535 2881 5565 ’³
2912 5532 3027 5587 ἐστ.
3071 5532 3218 5588 ὲπιθ.
3251 5534 3314 5585 ἐκ
3345 5551 3397 5587 τ.
3426 5533 3510 5602 ἡδ.
3549 5550 3657 5589 om.
3690 5533 3744 5585 Β.

2629 5397 2672 5428 ’⁸
2702 5393 2881 5449 ’καταλ
2958 5394 3096 5448 αὖτὰ
3144 5393 3204 5447 Β.

2965 5676 3009 5706 ¹⁹
3038 5674 3114 5737 ὡς
3141 5676 3194 5729 αἱ
3230 5675 3295 5730 Λ.
3386 5674 3429 5708 ³⁸
3464 5674 3591 5729 ὅσαι
3613 5674 3652 5728 C
3684 5672 3742 5727 Ρ.
