4054 6216
461 314 595 369 IIIS

1768 310 2045 366 MELETII
2089 311 2273 366 ΜΟΝΛ
2286 312 2394 366 CIII

3587 310 3726 367 1116

460 440 623 494 sunt;
687 443 811 484 nam
877 430 979 494 lue,
1025 441 1147 482 cum
1213 425 1536 496 cognitionis
1590 426 1835 482 aufertur
1868 429 2069 495 actio“

2159 430 2345 483 ταῦτα·
2385 429 2905 499 ἐπαναλαμϐάνεται
2938 430 2994 482 δὲ
3029 429 3196 483 πάλιν
3237 429 3327 483 διὰ
3369 428 3593 499 μνήμης
3637 433 3727 484 καὶ

462 521 722 590 subsequi
771 518 963 575 solent.

535 614 699 683 Atqui
730 611 990 666 memoria
1020 626 1114 681 per
1158 611 1617 665 reminiscentiain
1669 613 1847 667 denuo
1888 629 2042 668 resu-

465 706 631 758 mitur
662 723 673 758 :
704 703 967 773 siquidem
998 704 1261 757 memoria
1309 704 1392 772 (ut
1416 703 1736 760 Aristoteles
1779 706 1884 775 27
1927 707 2043 775 Opi-

465 805 644 857 natur,
666 794 979 864 imaginatio
1002 803 1104 858 est,
1132 809 1253 863 quae
1279 795 1348 849 ab
1370 793 1452 848 his
1478 809 1600 863 quae
1625 809 1820 850 sensus
1852 795 2044 866 depre-

465 883 724 937 henderat
741 891 1003 938 remanet.
1024 882 1265 937 Platonis
1279 891 1456 936 autem
1474 884 1762 947 sententia,
1781 884 2042 938 memoria

463 986 547 1028 est
566 990 762 1030 sensus
786 984 841 1029 et
878 975 1185 1029 intellectus
1215 973 1596 1038 incolumitas;
1647 975 1829 1028 anima
1871 976 2041 1043 enim,

464 1082 587 1135 quae
604 1067 705 1121 sub
729 1082 947 1121 sensum
974 1067 1199 1132 cadunt,
1218 1083 1477 1122 sensuum
1503 1068 1677 1122 olIicio
1701 1068 2042 1136 adipiscitur,

467 1157 609 1211 unde
638 1157 913 1226 opinionis
963 1157 1115 1227 origo
1151 1165 1233 1212 est
1264 1176 1276 1210 :
1310 1157 1404 1213 sed
1445 1172 1539 1226 per
1590 1167 1822 1211 mentem
1867 1157 2041 1226 ipsam

467 1250 849 1304 intellectualia
898 1249 1280 1303 animadvertit
1325 1257 1379 1303 et
1426 1249 1775 1319 intelligentia
1802 1250 1879 1303 ﬁt.
1906 1250 2041 1303 Cum

468 1342 633 1410 igitur
686 1343 803 1411 ipsa
853 1342 1036 1395 anima
1101 1340 1367 1395 formulas
1416 1356 1607 1394 eorum
1661 1356 1782 1409 quae
1829 1341 2044 1410 opinata

468 1432 648 1488 fuerat
709 1433 1199 1501 intellexeratque,
1272 1431 1611 1494 servaverit,
1675 1430 1933 1484 memoria
1991 1430 2044 1484 id

469 1533 651 1580 tenere
704 1524 922 1578 dicitur.
970 1522 1039 1577 At
1086 1523 1366 1575 memoriae
1419 1520 1635 1574 amissae
1680 1521 2041 1585 instauratio,

469 1616 879 1672 reminiscentia
937 1624 1059 1679 est;
1125 1613 1326 1667 oblivio
1380 1613 1524 1667 enim
1586 1612 1759 1683 ipsam
1822 1612 2047 1667 reddere

468 1709 662 1762 exilem
702 1708 859 1762 solet.
892 1705 1105 1761 Oblivio
1138 1714 1319 1758 autem
1358 1705 1637 1758 memoria:
1668 1704 1893 1758 amissio
1923 1713 2044 1770 est;

470 1815 702 1870 quarum
748 1799 915 1852 altera
956 1805 1235 1867 perpetua,
1274 1797 1441 1850 altera
1488 1811 1616 1850 vero
1698 1805 2047 1865 temporanea
2082 1814 2122 1868 Β

470 1901 575 1955 est,
627 1893 683 1944 in
736 1906 842 1959 qua
889 1890 1108 1958 quidem
1162 1888 1566 1942 reminiscentia
1624 1888 1754 1956 agit.

541 1981 797 2037 Omnium
823 1981 967 2036 enim
987 1980 1332 2035 aﬂ‘eetionum
1352 1995 1489 2049 quas
1513 1993 1544 2032 a
1568 1978 1843 2048 voluptate
1862 1980 2051 2032 dolen~

473 2076 682 2144 tiaque,
712 2082 766 2128 et
788 2073 1083 2127 virtutibus
1111 2087 1232 2141 quae
1255 2071 1339 2125 his
1369 2072 1610 2125 adversa:
1635 2081 1760 2125 sunt
1787 2071 2051 2139 proficisci

473 2166 842 2228 asscruimus,
883 2164 951 2218 ab
999 2162 1193 2232 triplici
1243 2161 1439 2215 anima:
1476 2161 1550 2226 vi,
1586 2176 1651 2214 ac
1692 2161 1884 2223 libera,
1932 2176 2053 2230 quze

472 2256 528 2310 in
573 2255 732 2310 nobis
770 2263 852 2309 est
907 2254 1186 2307 voluntate
1217 2261 1372 2306 ortus
1418 2251 1477 2305 fit
1511 2270 1523 2305 :
1574 2251 1626 2304 in
1660 2250 1746 2305 his
1784 2251 1925 2304 enim
1959 2266 2052 2322 ge-

474 2348 745 2403 neralium
801 2348 1061 2401 virtutum
1115 2343 1313 2399 divisio
1350 2342 1658 2413 inspicitur.
1730 2342 1936 2411 Atqui,
1998 2344 2051 2397 in

476 2440 678 2494 animae
708 2438 758 2491 vi
787 2436 1062 2501 rationali,
1114 2435 1414 2505 prudentia:
1462 2436 1612 2489 locus
1652 2444 1767 2499 est;
1801 2434 1853 2487 in
1887 2450 2053 2504 appe-

474 2533 615 2589 tibili
664 2530 1024 2601 temperantia
1101 2529 1461 2594 continetur,
1523 2526 1576 2581 in
1632 2527 1892 2581 irascibili
1953 2544 2052 2581 au—

476 2636 583 2682 tem
628 2622 890 2678 fortitudo
924 2622 1197 2679 consistit.
1249 2618 1469 2674 Justitia
1507 2630 1712 2683 autem,
1747 2635 1842 2688 per
1872 2620 2055 2675 liberte

476 2732 599 2787 quae
650 2716 704 2770 in
754 2714 912 2769 nobis
964 2723 1048 2769 est
1102 2712 1399 2767 voluntatis
1448 2712 1749 2775 actionem,
1809 2714 1875 2767 ad
1939 2723 2049 2767 tres

476 2807 848 2871 distribuitur;
898 2806 1000 2860 nisi
1057 2804 1201 2859 enim
1240 2805 1511 2874 quispiam
1556 2806 1782 2874 justitite
1866 2806 2049 2859 locum

477 2914 697 2955 scrvare
729 2897 1092 2967 proposuerit,
1125 2912 1231 2950 non
1265 2904 1409 2950 recte
1440 2896 1492 2949 in
1517 2895 1894 2952 affectionibus
1925 2907 2054 2952 tem-

478 2992 736 3063 perantiae
765 3031 780 3056 ,
830 2988 1168 3044 fortitudinis
1212 3003 1277 3043 ac
1331 2988 1602 3057 appetitus
1643 2989 1903 3042 rationem
1954 2989 2053 3043 hac

478 3086 666 3139 buisse
699 3081 1153 3151 deprehendetur.
1187 3078 1346 3142 Nam,
1400 3095 1497 3149 pro
1529 3080 1873 3136 affectionuxn
1909 3081 2055 3135 arbio

2145 522 2521 591 ἀναμνήσεως.

2218 615 2373 666 Ἐστι
2411 613 2465 666 δὲ
2492 615 2717 683 μνήμη,
2748 614 2824 676 ῶς
2860 617 2959 684 μὲν
3006 612 3411 685 Ἀριστοτέλης,
3450 618 3728 684 φαντασία

2143 707 2691 777 ἐγκαταλελειμμένη
2748 708 2858 760 ἀπό
2896 726 3044 772 τινος
3093 707 3404 779 αἰσθήσεως
3442 709 3546 777 τῆς
3606 710 3729 761 κατ’

2144 799 2425 868 ἐνεργείας
2439 799 2774 869 φαινομένης
2795 802 2839 831 ⁸⁷
2862 816 2875 830 ·
2898 800 2972 863 ὼς
2995 800 3052 853 δὲ
3076 801 3303 853 Πλάτων
3320 802 3382 864 ⁸⁸,
3409 801 3665 871 σωτηρία
3687 802 3730 833 ⁸⁸

2146 890 2451 959 αἰσθήσεώς
2486 904 2546 944 τε
2577 891 2674 943 καὶ
2704 894 2971 962 νοήσεως.
3012 892 3077 944 Ἢ
3111 894 3222 962 γὰρ
3254 893 3429 964 ψυχὴ,
3467 893 3580 945 τῶν
3636 892 3734 961 μὲν

2146 982 2419 1051 αίσθητῶν
2471 983 2559 1036 διὰ
2617 984 2728 1036 τῶν
2779 983 3155 1054 αἰσθητηρίων
3211 982 3686 1054 ἀντιλαμϐάνεται
3718 1025 3731 1045 ,

2147 1077 2243 1129 καὶ
2277 1076 2488 1143 γίνεται
2527 1073 2655 1139 δόξα
2680 1093 2693 1106 ο
2719 1077 2829 1129 τῶν
2858 1077 2916 1129 δὲ
2948 1076 3157 1145 νοητῶν
3204 1076 3293 1130 διὰ
3339 1076 3436 1129 τοῦ
3472 1076 3589 1138 νοῦ,
3638 1076 3735 1129 καὶ

2145 1168 2359 1235 γίνεται
2394 1168 2608 1236 νόησις⁸
2640 1169 2771 1221 ὅταν
2810 1163 2904 1221 οῦν
2947 1169 3075 1229 τοὺς
3109 1168 3351 1231 τύπους,
3400 1162 3476 1221 ὧν
3508 1185 3568 1220 τε
3614 1168 3734 1221 ἐδό-

2148 1260 2328 1324 ξασεν,
2353 1253 2429 1314 ὧν
2452 1277 2510 1312 τε
2541 1262 2729 1331 ἐνόησε
2757 1259 3018 1324 διασώζει
3045 1262 3091 1293 ⁶⁰
3118 1262 3210 1314 κα)⁵
3235 1263 3394 1332 τηρεῖ
3417 1263 3486 1324 εί,
3510 1278 3619 1330 μνη
3631 1277 3735 1330 μο-

2147 1354 2322 1407 νεύειν
2343 1353 2585 1422 λέγεται.
2627 1354 2961 1425 ’Λνάμνησις
2986 1353 3042 1406 δέ
3072 1355 3189 1407 ἐστι
3219 1354 3409 1423 φήμης
3474 1350 3735 1421 ἐξιτήλου

2148 1446 2449 1517 γενομένης
2480 1446 2785 1516 ἀνάκτησις
2815 1447 2859 1478 ⁸¹
2884 1464 2898 1478 ·
2925 1448 3135 1515 γίνεται
3161 1447 3217 1500 δὲ
3247 1446 3493 1515 ἐξίτηλος
3520 1445 3590 1510 ⁸³,
3623 1444 3738 1497 ὑπὸ

2148 1540 2249 1608 τῆς
2277 1539 2469 1611 λήθης.
2502 1539 2657 1610 Λήθη
2702 1539 2759 1592 δέ
2794 1541 2911 1593 ὲστι
2943 1541 3169 1609 μνήμης
3205 1538 3451 1607 ἀποϐολή
3487 1555 3500 1567 ο
3541 1538 3664 1591 ἀλλ’
3698 1538 3733 1606 ἡ

2153 1631 2252 1700 μὲν
2284 1631 2562 1700 διηνεκὴς,
2583 1633 2616 1701 ή
2650 1631 2706 1684 δὲ
2731 1630 2824 1683 ἐπὶ
2850 1630 3015 1684 ποσόν
3037 1647 3051 1662 ο
3083 1625 3150 1701 ἧς
3188 1633 3338 1683 ἐστιν
3360 1631 3393 1699 ἡ
3420 1629 3739 1699 ἀνάμνησις

2151 1722 2330 1795 ἔργον.

2231 1979 2452 2033 Πάντων
2481 1979 2536 2032 δὲ
2568 1980 2786 2047 γένεσις
2819 1980 2931 2032 τῶν
2954 1981 3372 2051 προειρημένων
3407 1981 3602 2035 παθῶν
3629 1982 3746 2035 τῶν

2157 2073 2219 2123 ὲκ
2244 2071 2346 2139 τῆς
2382 2073 2574 2141 ἡδονῆς
2605 2072 2699 2124 καὶ
2729 2071 2824 2125 τοῦ
2856 2073 3023 2124 πόνου
3048 2090 3061 2102 ·
3112 2074 3207 2124 καὶ
3252 2073 3439 2142 μέντοι
3493 2075 3590 2127 καὶ
3625 2074 3746 2126 τῶν

2156 2164 2340 2225 αὐτοῖς
2371 2163 2415 2194 ⁸⁵
2440 2164 2723 2227 ἐναντίων,
2760 2164 3008 2217 τουτέστι
3034 2165 3142 2217 τῶν
3165 2165 3376 2234 ἀρετῶν
3406 2169 3470 2218 ἐκ
3497 2165 3595 2218 τοῦ
3624 2183 3744 2238 τρι⁸

2159 2254 2360 2324 μεροῦς
2409 2255 2507 2324 τῆς
2559 2255 2739 2325 ψυχῆς
2772 2256 2868 2309 καὶ
2897 2257 3006 2308 τῶν
3054 2258 3098 2290 ⁵⁸
3138 2259 3225 2325 ἐφ’
3257 2259 3419 2326 ἡμῖν·
3464 2261 3596 2328 ’περὶ⁵
3630 2259 3747 2328 γὰρ

2154 2346 2326 2398 ταῦτα
2377 2347 2470 2399 καὶ
2515 2348 2571 2399 αἱ
2604 2349 2820 2415 γενικαὶ
2846 2348 3042 2417 ἀρεταὶ
3090 2349 3456 2418 διανέμονται.
3522 2349 3616 2401 Ἑν
3662 2349 3745 2419 τῷ

2155 2438 2451 2507 λογιστικῷ
2481 2439 2589 2509 γάρ
2623 2440 2771 2491 ἐστιν
2817 2440 2851 2509 ἡ
2882 2440 3151 2510 φρόνησις
3180 2456 3192 2469 °
3226 2442 3283 2492 ὲν
3326 2439 3404 2509 τῷ
3453 2439 3743 2507 ἐπιθυμη-

2157 2530 2293 2599 τικῷ
2318 2570 2332 2591 ,
2369 2532 2400 2600 ή
2449 2531 2775 2602 σωφροσύνη
2799 2545 2811 2560 ·
2846 2532 2903 2583 ὲν
2933 2532 3011 2601 τῷ
3042 2530 3259 2601 θυμικῷ
3288 2574 3303 2597 ,
3332 2533 3362 2601 ἡ
3401 2530 3627 2601 ἀνδρεία
3659 2532 3737 2587 ⁸⁸.

2166 2624 2231 2675 'II
2261 2623 2319 2674 δὲ
2348 2623 2690 2693 δικαιοσύνη,
2727 2625 2783 2676 ὲν
2817 2627 2932 2688 τοῖς
2960 2626 3112 2695 τρισὶ
3139 2625 3480 2693 διανέμεται,
3511 2623 3610 2675 τοῦ
3646 2624 3739 2690 ἐφ’

2159 2716 2289 2784 ἡμῖν
2322 2713 2705 2782 ἐνεργοῦντος·
2743 2715 2791 2766 εί
2826 2715 2901 2785 μὴ
2931 2716 3040 2784 γὰρ
3072 2714 3164 2768 τὸν
3192 2714 3285 2767 τοῦ
3313 2714 3525 2767 δικαίου
3568 2715 3742 2766 τόπον

2160 2806 2395 2874 φυλάξαι
2445 2824 2530 2869 τις
2574 2809 2971 2878 προαιρήσεται
3018 2808 3095 2872 ⁸⁷,
3130 2809 3190 2861 οὺ
3245 2810 3546 2877 σωφρονεῖν
3578 2845 3593 2870 ,
3635 2808 3740 2861 οὐκ

2158 2898 2529 2967 ἀνδρίζεσθαι,
2564 2897 2708 2949 κατά
2744 2899 2856 2950 τῶν
2888 2898 3101 2962 παθῶν,
3136 2898 3197 2951 ού
3227 2896 3411 2959 καλῶς
3446 2896 3739 2967 ἐπιθυμεῖν

2160 2990 2401 3059 θελήσει.
2441 2989 2515 3041 Τὸ
2573 2990 2628 3042 δὲ
2668 2991 3058 3062 προαιρεῖσθαι
3106 2990 3140 3061 ἢ
3192 2989 3373 3042 θέλειν
3418 2989 3515 3041 τοῦ
3568 2989 3615 3021 ⁸⁸
3652 2988 3736 3057 ἐφ’

2159 3082 2292 3150 ἡμῖν
2327 3082 2508 3133 ἐστιν’
2558 3083 2642 3150 ἐφ’
2689 3084 2823 3151 ἡμῖν
2854 3081 2964 3152 γάρ
2996 3084 3115 3135 ὲστι
3143 3082 3187 3115 ⁸⁸
3221 3083 3283 3135 τὸ
3316 3083 3568 3145 δικαίους
3598 3078 3739 3136 εἶναι

478 3177 585 3231 trio
640 3174 838 3243 eligere
887 3182 980 3226 aut
1028 3172 1162 3226 velle
1205 3171 1500 3239 quidpiam,
1538 3171 1591 3225 id
1630 3182 1829 3226 nostrm
1862 3174 2053 3226 volun-

2159 3173 2189 3241 ἢ
2222 3173 2459 3237 ἀδίκους,
2493 3174 2872 3243 σπουδαίουςῆ
2908 3174 3162 3242 ἀμαθεῖς,
3201 3176 3463 3238 συνετοὺς
3487 3176 3521 3244 ἢ
3563 3175 3739 3244 ἀφρο-

479 3265 608 3318 tatis
644 3272 759 3325 est;
808 3262 862 3314 in
901 3261 1059 3315 nobis
1104 3260 1250 3313 enim
1283 3270 1403 3326 est,
1449 3270 1507 3315 ut
1539 3261 1672 3329 justi
1716 3264 1796 3317 vel
1831 3264 2052 3331 iujusti,

479 3350 712 3407 studiosi
755 3348 838 3402 vel
882 3362 912 3400 a
950 3347 1146 3401 studiis
1207 3347 1391 3411 alieni,
1448 3348 1738 3417 prudentes
1783 3357 1876 3403 aut
1922 3348 2057 3403 insi-

479 3443 693 3512 pientes
729 3439 1042 3495 reddamur.
1087 3436 1367 3507 Siquidem
1415 3439 1656 3494 studium
1690 3442 1741 3493 in
1778 3457 1834 3495 re
1873 3442 2053 3511 aliqua

481 3532 763 3594 adhibere,
811 3545 873 3586 ac
914 3530 969 3584 in
1018 3544 1081 3586 eo
1124 3532 1388 3598 exerceri,
1437 3531 1613 3586 nostri
1650 3532 1860 3587 arbitrii
1914 3549 2052 3595 esse,

482 3624 618 3679 nulli
668 3639 775 3680 non
828 3629 1172 3693 perspectum
1220 3624 1483 3692 habetur;
1538 3640 1647 3679 non
1690 3626 1836 3695 quod
1879 3626 2059 3681 studia

483 3727 602 3797 ipsa
637 3725 859 3782 habitus
888 3727 1021 3790 sint,
1058 3724 1150 3781 sed
1178 3723 1323 3795 quod
1364 3724 1497 3794 ipsis
1520 3724 1905 3789 dominantur;
1932 3740 2057 3779 nam

485 3818 668 3874 studia
730 3817 1008 3873 habilibus
1061 3817 1330 3872 dominari
1395 3815 1743 3873 manifestum
1807 3818 2055 3873 habetur.

483 3912 836 3967 Consuetudo
879 3925 1009 3965 vero
1044 3908 1344 3965 adventitia
1395 3919 1588 3964 natura
1618 3900 1720 3965 est.
1777 3908 1834 3963 Si
1880 3919 2060 3965 autem

384 4024 395 4031 -
487 4005 725 4060 studium
782 4004 992 4059 habitui
1046 4002 1381 4067 dominatur,
1439 4003 1583 4072 quod
1630 4002 1804 4058 nostri
1849 4002 2062 4057 arbitrii

486 4106 590 4164 est,
637 4108 691 4151 et
742 4098 965 4152 habitus
1024 4098 1200 4152 nostri
1258 4096 1469 4151 arbitrii
1539 4106 1687 4151 sunt.
1770 4094 2061 4150 Enimvero

488 4203 721 4257 quarum
750 4203 927 4239 rerum
956 4198 1144 4242 nostro
1163 4188 1215 4240 in
1242 4188 1469 4241 arbitrio
1494 4187 1708 4240 habitus
1726 4196 1827 4247 est,
1848 4202 2063 4239 earum—

487 4280 610 4333 dem
639 4286 689 4332 et
728 4278 970 4331 actiones
1014 4295 1135 4347 qua:
1169 4280 1237 4331 ab
1282 4278 1467 4331 habitu
1516 4278 1839 4346 proveniunt
1874 4286 2063 4330 nostro

490 4371 545 4425 in
592 4370 818 4425 arbitrio
862 4378 990 4424 sunt
1036 4387 1048 4423 :
1108 4369 1379 4437 siquidem
1436 4369 1680 4423 actiones
1730 4368 1796 4421 ad
1846 4368 2064 4422 habitus

491 4472 636 4517 recte
696 4462 1200 4516 accommodautur.
1251 4458 1352 4525 Qui
1413 4460 1560 4513 enim
1596 4459 1822 4528 justitia'.
1873 4458 2060 4511 habitu

2164 3282 2281 3327 νας.
2324 3265 2397 3317 Τὸ
2445 3265 2555 3336 γὰρ
2605 3265 2897 3337 μελετᾷνῆ
2955 3267 3428 3337 ἐπιγυμνὰζεσθαι
3488 3268 3536 3298 ⁷⁰
3592 3266 3739 3335 παρά

2165 3358 2332 3409 πᾶσιν
2366 3355 2716 3426 ὡμολόγηται
2750 3358 2830 3410 ὅτι
2864 3358 2949 3427 ἐφ’
2979 3360 3115 3427 ἡμῖν
3143 3376 3154 3388 ·
3188 3359 3285 3428 οὐχ
3314 3360 3392 3421 ὡς
3417 3358 3587 3423 ἔξεις,
3627 3358 3739 3411 ἀλλ’

2166 3448 2240 3510 ὡς
2294 3448 2486 3517 κύριαι
2515 3447 2624 3501 τῶν
2651 3448 2854 3513 ἕξεωνο
2907 3451 2962 3501 αί
2995 3449 3093 3517 μὲν
3123 3449 3232 3519 γὰρ
3271 3449 3499 3519 μελέται
3552 3449 3739 3519 κύριαι

2165 3541 2273 3593 τῶν
2301 3540 2467 3606 ἕξεων
2496 3542 2559 3594 ⁷¹.
2593 3541 2666 3594 Τὸ
2692 3541 2750 3594 δὲ
2780 3541 2922 3606 ἔθος,
2956 3542 3122 3611 φύσις
3155 3543 3472 3613 ἐπίκτητος.
3519 3543 3587 3595 Ἠ
3610 3542 3667 3595 δὲ
3699 3545 3740 3576 τ’

2167 3631 2335 3701 κυρία
2366 3632 2466 3701 τῆς
2504 3631 2671 3697 ἓξεὼς
2698 3634 2847 3687 ἐστιν
2868 3635 2914 3704 σή
2968 3634 3168 3705 μελέτη
3200 3635 3244 3666 τε
3272 3648 3284 3662 .
3328 3635 3414 3701 ὲφς
3460 3634 3594 3704 ἡμῖν
3626 3634 3682 3686 δὲ
3710 3637 3741 3704 ἡ

2170 3723 2394 3793 μελέτη,
2446 3724 2531 3794 ἐφ’
2564 3726 2696 3795 ἡμῖν
2744 3725 2788 3758 ⁷⁸
2820 3726 2915 3779 καὶ
2944 3728 2976 3794 ἡ
3010 3726 3124 3792 ἕξις
3150 3744 3162 3756 ·
3200 3720 3275 3781 ὧν
3305 3728 3361 3781 δὲ
3395 3728 3481 3796 ἐφ’
3519 3730 3654 3798 ἡμῖν
3686 3727 3741 3780 αἱ

2166 3814 2331 3880 ἕξεις,
2361 3817 2567 3869 τούτων
2599 3816 2685 3886 ἐφ’
2715 3820 2847 3888 ἡμῖν
2884 3819 2980 3871 καὶ
3010 3820 3067 3872 αἱ
3096 3818 3350 3889 πράξεις,
3379 3821 3434 3872 αἱ
3471 3820 3616 3873 κατά
3645 3819 3745 3881 τὰς

2167 3904 2310 3970 ἕξεις
2335 3922 2349 3935 θ
2381 3909 2502 3970 ταῖς
2546 3909 2657 3977 γὰρ
2686 3908 2832 3971 ’ἐξεσι
2872 3910 2917 3939 ⁷⁸
2948 3910 3005 3961 αἱ
3047 3908 3275 3979 πράξεις
3323 3909 3647 3981 πρόσφοροι.
3686 3906 3747 3960 ὐ

2169 3995 2277 4065 ἄρα
2306 3995 2524 4051 δικαίαν
2569 3998 2682 4065 ἕξιν
2722 3999 2862 4069 ἔχων
2896 4001 2940 4032 ⁷⁸
2968 4001 3151 4054 δίκαια
3191 4000 3390 4071 πράξει
3412 4015 3426 4030 °
3459 4000 3665 4069 ὁμοίως
3697 4000 3743 4030 τ’

2170 4090 2265 4141 κα)⁸
2298 4088 2326 4140 ό
2355 4088 2543 4143 ἄδικον
2572 4092 2634 4143 τὸ
2664 4092 2931 4146 ἀνάπαλιν
2958 4108 2971 4121 ·
3012 4093 3123 4146 τῶν
3154 4093 3263 4163 γὰρ
3299 4093 3498 4163 ἐπίσης
3532 4091 3746 4161 ἐνδεχο-

2174 4183 2374 4251 μένων,
2402 4185 2563 4253 ἡμεῖς
2589 4183 2770 4256 κύριοι
2801 4186 2879 4255 τῷ
2907 4187 2951 4217 ⁷⁸
2979 4188 3224 4257 ἐνεργεῖν
3253 4203 3266 4217 ⁸
3293 4186 3493 4253 ἐπίσης
3515 4182 3575 4237 δέ
3599 4186 3748 4237 ἐστιν

2171 4274 2522 4344 ἐνδεχόμενον
2568 4276 2597 4328 δ
2645 4277 2777 4329 αὑτό
2818 4294 2878 4330 τε
2926 4278 3204 4346 δυνάμεθα
3252 4279 3294 4311 ⁷⁹
3320 4280 3513 4339 ποιεῖν,
3562 4276 3659 4328 καὶ
3688 4275 3751 4329 τὸ

2171 4366 2554 4435 ἀντικείμενον
2593 4368 2743 4439 αὐτῷ
2774 4368 2821 4401 ⁸⁰
2844 4386 2857 4400 ·
2895 4372 3131 4422 ποιεῖται
3164 4370 3208 4399 ⁸¹
3243 4368 3298 4421 δὲ
3330 4367 3538 4421 τούτων
3568 4368 3615 4399 ⁸⁸
3651 4369 3750 4438 τὴν

2173 4456 2387 4527 αἵρεσιν
2426 4459 2454 4511 ὁ
2489 4459 2611 4523 νοῦς
2648 4462 2675 4514 ὁ
2706 4461 2973 4531 ἡμέτερος
3000 4475 3014 4489 ⁸
3068 4455 3224 4523 οὗτος
3279 4460 3388 4530 γάρ
3416 4464 3565 4513 ἐστιν
3604 4460 3749 4531 ἀρχὴ
3808 4490 3811 4495 ν

491 4555 748 4625 praeditus
785 4555 895 4625 28
923 4563 1028 4619 est,
1063 4552 1211 4623 justa
1236 4560 1525 4622 operatur;
1566 4561 1618 4605 et
1644 4551 1834 4605 eodem
1869 4550 2056 4614 modo,

2166 4551 2421 4621 πράξεων
2446 4569 2461 4583 °
2496 4555 2647 4625 καὶὴ
2682 4554 2844 4626 βουλὴ
2877 4530 2924 4587 έ³
2958 4554 3068 4608 τῶν
3098 4554 3185 4624 ἐφ’
3209 4556 3346 4624 ἡμῖν
3377 4554 3527 4606 ἐστιν
3559 4554 3751 4624 ὥσπερ

490 4648 583 4715 qui
618 4646 918 4716 injustitize,
958 4645 1172 4700 diversa
1224 4644 1335 4714 agit
1371 4661 1383 4697 :
1441 4642 1707 4712 siquidem
1753 4658 1874 4711 qua:
1918 4642 2064 4711 justa

494 4737 700 4791 ratione
724 4738 1038 4808 contingere
1057 4746 1309 4807 possunt,
1335 4736 1592 4803 perficere
1612 4745 1808 4789 nostra:
1838 4734 2067 4788 faculta-

492 4829 561 4882 tis
581 4838 662 4883 est
685 4848 697 4881 :
718 4845 928 4892 verum,
949 4829 1092 4897 quod
1109 4828 1253 4898 justa
1288 4827 1500 4883 ratione
1521 4826 1835 4895 contingere
1865 4834 2063 4895 potest,

2168 4647 2259 4696 καὶ
2310 4645 2342 4713 ή
2397 4645 2751 4715 προαίρεσιςο
2789 4646 3067 4716 ὁρίζονται
3127 4644 3235 4713 γὰρ
3267 4646 3367 4714 τὴν
3424 4644 3751 4714 προαίρεσιν

2166 4734 2346 4806 ὄρεξιν
2383 4738 2735 4809 βουλευτικὴν
2764 4738 2813 4770 ⁸⁸
2841 4738 2949 4791 τῶν
2976 4738 3060 4807 ἐφ’
3095 4740 3227 4807 ἡμῖν
3251 4753 3265 4767 ⁶
3316 4738 3411 4788 καὶ
3436 4736 3612 4790 ταῦτα
3650 4738 3751 4803 μὲν

2167 4830 2295 4897 περὶ
2318 4830 2411 4883 τοῦ
2443 4831 2741 4901 τριμεροῦς
2770 4831 2838 4896 ⁸⁸,
2873 4832 2997 4883 ὅσον
3030 4830 3226 4901 μαθεῖν
3259 4829 3318 4896 ἐξ
3346 4830 3532 4897 ὀλίγου
3570 4829 3740 4880 πόθεν

493 4921 624 4975 illud
643 4923 786 4992 quod
814 4938 913 4977 nos
933 4922 1147 4977 efficere
1164 4937 1457 4991 possumus
1476 4932 1577 4989 est;
1600 4936 1705 4975 non
1730 4934 1907 4975 autem
1923 4921 2069 4991 quod

2177 4918 2211 4990 ή
2243 4922 2453 4975 τούτων
2489 4922 2656 4992 ὁρμή.

491 5013 1074 5085 huioeontrapositum
1106 5015 1368 5070 habetur:
1403 5022 1457 5067 et
1512 5013 1732 5082 quidem
1785 5030 1941 5069 mens
1992 5021 2177 5068 nostra
2251 5013 2532 5068 voluntate
2581 5014 2817 5082 primum
2845 5013 3053 5077 utitur;
3116 5028 3242 5068 nam
3295 5014 3409 5068 haec
3466 5012 3743 5067 actionum

494 5108 818 5177 principium
874 5120 956 5165 est
994 5128 1006 5164 :
1040 5119 1092 5164 et
1130 5107 1586 5179 quemadmodum
1629 5107 1879 5162 voluntas
1926 5108 2062 5176 ipsa,
2102 5105 2291 5161 eodem
2327 5115 2486 5176 pacto
2548 5116 2601 5160 et
2633 5107 2923 5162 consilium
2953 5106 3123 5161 nostri
3185 5105 3398 5159 arbitrii
3458 5104 3689 5158 habetur
3726 5121 3742 5166 ;

496 5218 620 5256 nam
658 5205 984 5258 voluntatem
1024 5205 1219 5273 ipsam,
1253 5220 1430 5257 rerqu
1495 5219 1615 5271 qua)
1649 5203 1815 5255 nostri
1873 5201 2084 5255 arbitrii
2146 5214 2273 5255 sunt
2333 5202 2649 5270 appetitum,
2700 5201 2940 5264 quicum
2979 5201 3209 5255 consilio
3235 5201 3313 5265 fit,
3344 5213 3469 5255 esse
3500 5194 3748 5252 nonnulli

568 5363 612 5396 ⁵⁷
646 5362 786 5414 κατὰ
825 5361 921 5426 μὲν
962 5360 1348 5433 Ἀριστοτέλην
1390 5369 1659 5432 φαντασία
1708 5366 1828 5420 κατ’
1869 5363 2152 5429 ἐνέργειαν
2184 5363 2483 5432 φαινομένη
2520 5362 2560 5414 Β
2590 5359 2630 5414 C
2662 5358 2719 5425 P,
2753 5360 3248 5429 ἐγκαταλελειμένη
3292 5355 3355 5410 C.

579 5435 756 5469 Ᾰιηιηυη
791 5431 828 5469 η
918 5433 994 5469 ,ἵν-
1053 5435 1108 5469 RE
1170 5437 1236 5469 rn
1300 5439 1430 5469 ,ητιρῖ
1498 5439 1538 5469 ι’
1600 5438 1637 5469 D
1750 5438 1795 5469 89
1865 5434 2008 5469 ηἳφῖη
2066 5444 2243 5469 Itu-Inu
2321 5453 2390 5469 mm
2467 5433 2692 5469 κάλλαια
2746 5429 2784 5469 1)
2912 5431 2957 5462 ⁸ο
3009 5430 3247 5469 ΣυνταξιΓῆ
3308 5428 3347 5469 R

1172 5444 1264 5490 ΙΙλ.
1300 5444 1435 5508 φησὶ
1498 5444 1539 5491 U
1601 5444 1658 5492 I‘.
1750 5444 1795 5469 δ’
1864 5444 2012 5488 αἰτία
2066 5444 2265 5493 textus.
2321 5453 2410 5502 γρ.
2467 5444 2695 5507 σύρροια

1172 5508 1216 5578 ξ’
1243 5525 1332 5578 μν.
1374 5506 1955 5578 νὲπιλελησμένηςιείο.
1998 5505 2034 5556 1⁵
2061 5504 2287 5578 textus].
2317 5505 2603 5578 ἀνακτισις

1838 5577 1881 5608 ⁸⁷
1924 5575 2329 5644 προαιρὴσηται
2359 5574 2420 5627 C.

1387 5648 1484 5718 μὲν
1514 5632 1622 5702 ὸιη.
1655 5651 1695 5701 Α
1739 5648 1775 5701 n
1803 5647 1866 5701 ι).
1926 5632 1979 5676 η’
2005 5632 2234 5718 sese:
2286 5644 2342 5718 13
2381 5644 2564 5718 hys}.
2602 5643 2657 5718 es
2686 5641 2852 5718 κυρία
2882 5642 2980 5718 τῆς
3004 5632 3179 5718 “ego.
3232 5632 3423 5718 ﬁnge"
3449 5639 3588 5718 milia
3615 5632 3746 5718 ξιξ.

1468 5718 1510 5750 ⁷⁷
1543 5720 1745 5787 ὁμοίως
1798 5734 1908 5771 om.
1966 5718 2007 5769 Α
2047 5716 2083 5766 Ii

498 5435 759 5489 Πλάτωνα
791 5431 851 5493 Ii,
918 5433 994 5496 ὼς
1031 5431 1109 5488 δὲ

495 5505 656 5573 τηρεῖ
686 5519 795 5557 om.
849 5502 890 5555 Β
926 5504 968 5558 C
1019 5504 1077 5560 Ρ.

498 5577 611 5646 τοῖς
802 5574 846 5605 ⁸⁵
879 5575 984 5646 τοῦ
1009 5576 1048 5629 Β
1083 5578 1122 5627 (ἰ
1155 5576 1214 5630 1).
1245 5574 1256 5578 ’
1340 5577 1385 5609 ⁸⁸
1416 5574 1610 5646 ἀνδρία
1646 5578 1707 5631 Β.

499 5643 545 5674 ὀ
575 5642 665 5714 ἐπί
700 5660 751 5694 τι
783 5645 1161 5714 γυμνάζεσθαι
1194 5648 1252 5701 C.
1305 5650 1347 5680 ”

501 5714 547 5745 ⁷⁸
574 5710 715 5777 ἕξεις
750 5710 814 5786 ᾼ.
860 5710 870 5714 ’
932 5718 978 5747 ⁷⁸
1017 5718 1155 5786 ἔχων
1180 5718 1293 5781 ἕξιν
1316 5719 1374 5773 Β.

504 5786 546 5816 ⁸¹
586 5788 730 5837 ποιεῖ
755 5782 815 5835 Β.
896 5786 941 5817 ⁸¹
974 5782 1163 5840 τούτου
1195 5790 1234 5843 ι)
1268 5790 1326 5844 Ρ.
1404 5791 1448 5822 ⁸³
1478 5782 1643 5861 βουλὴ
1670 5790 1725 5843 δὲ
1748 5789 1787 5843 Β
1814 5788 1873 5844 I‘.

1170 5437 1264 5490 Πλ.
1300 5439 1435 5508 φησὶ
1498 5439 1539 5491 1]
1600 5438 1658 5492 Ρ.

3450 5355 3498 5389 ⁸⁸
3527 5350 3669 5406 κατὰ
3693 5351 3751 5404 δὲ

2399 5474 2410 5487 .
2467 5421 2715 5503 σύρροια
2746 5421 2813 5503 Ρνξί
2860 5501 2867 5503 _
2912 5431 2959 5503 δέ
3009 5421 3250 5503 διασῶζῂ
3304 5425 3466 5503 βῌΡ.
3500 5494 3534 5503 Δ,
3566 5425 3608 5503 ξί
3657 5421 3752 5503 καὶ

2321 5453 2410 5502 γρ.
2467 5453 2695 5517 σύρροια
2746 5453 2805 5483 ι’.
2914 5453 2956 5462 ’ν
3009 5453 3250 5499 οιασωςῃ
3309 5453 3347 5513 ξ)
3408 5453 3466 5479 r.
3498 5453 3604 5527 “ﬂ
3658 5453 3752 5509 κιειι

2321 5505 2603 5565 ἀνάκτισις
2636 5504 2696 5554 1,.
2774 5502 2819 5532 ⁸³
2856 5500 3255 5569 ἐπιλελησμένη
3295 5495 3421 5569 ((1).
3548 5495 3753 5569 μὲνΔαυο

2751 5571 2814 5625 c.
2891 5573 2934 5604 συ
2959 5560 3204 5640 ama
3231 5560 3287 5621 δὲ
3318 5566 3508 5640 ἄρχειν
3534 5560 3660 5640 ἐσῖὲ
3684 5562 3748 5640 βο

2286 5715 2330 5745 τε
2365 5699 2457 5767 τις
2507 5714 2546 5767 c
2600 5713 2656 5768 ι».
2763 5699 2970 5764 haec);
3002 5699 3181 5763 δ⁷δυν.
3226 5710 3266 5763 c
3316 5699 3386 5763 [ιζ
3453 5699 3502 5741 αῖ
3528 5703 3659 5762 αὐτὸ
3684 5699 3744 5754 Β.

1958 5788 2002 5820 ⁸³
2034 5785 2212 5857 ὄρεξις
2241 5784 2554 5855 βουλευτική
2589 5785 2654 5841 Δ.
2732 5784 2774 5815 ⁸⁵
2806 5782 2866 5836 τὸ
2901 5781 3161 5853 τριμερὲς
3193 5781 3235 5834 Α
3263 5779 3303 5836 C
3338 5778 3398 5833 Ρ.
