4066 6214
310 299 451 355 ΗΠ

1522 300 1608 354 DE
1646 298 1933 355 NATURA
1975 300 2280 360 IIOMINIS.

3432 323 3567 384 IIIS

302 421 633 469 statuerunt:
660 422 714 467 et
743 413 859 468 haec
888 414 1106 482 quidem
1152 412 1405 483 atriplici
1464 412 1659 466 animae
1686 413 1733 465 vi
1787 413 2229 481 proficiscuntur,
2280 431 2400 484 qure
2464 418 2736 477 unilenam
2796 424 3140 495 proveniant,
3183 442 3288 482 non
3336 432 3568 491 multum

304 523 426 584 post
458 518 805 581 perspectum
841 509 1117 564 reddetur.

372 607 438 659 Ai
466 605 523 659 δέ
556 603 788 673 φυσικαὶ
813 602 860 634 ⁸⁸
885 602 1145 673 δυνάμεις
1192 603 1285 657 καὶ
1326 600 1555 666 ζωτικαὶ
1593 600 1687 653 καὶ
1716 600 1858 669 ψυχι

2058 599 2347 661 Naturales
2370 612 2572 670 autem,
2600 607 2791 664 vitales
2810 617 2864 664 et
2886 610 3150 668 animales
3174 613 3481 685 facultates,
3500 621 3570 676 ab

299 701 394 754 καί
423 699 469 729 ³⁷
514 699 580 750 ἐκ
623 694 833 749 τούτων
859 695 970 749 τῶν
1000 696 1167 766 τριῶν
1208 695 1254 726 ⁸⁸
1284 693 1635 764 ἐφορμῶνται
1665 709 1678 724 ·
1717 694 1775 745 ἐν
1811 695 1877 763 τῇ

300 791 498 862 καρδίᾳ
534 790 641 858 γάρ
686 791 804 842 ἐστι
833 789 895 841 τὸ
925 788 1169 858 ἔμφυτον
1214 787 1449 858 θερμόνο
1490 789 1548 839 ἐν
1588 786 1667 857 τῷ
1705 788 1878 857 ἥπατι

298 884 353 938 δέ
384 884 429 915 ⁸⁸
453 884 716 950 γεννᾶται
742 881 802 934 τὸ
832 875 971 950 αἷμα
996 897 1010 910 ·
1042 881 1135 933 καὶ
1177 880 1237 944 ἐξ
1276 879 1583 949 ἐγκεφάλου
1619 880 1650 949 ή
1680 896 1877 949 προαι-

299 974 492 1044 ρετικὴ
514 973 732 1043 κίνησις
756 975 802 1006 ⁹⁰
825 974 1139 1043 ἐνεργεῖται
1159 989 1170 1001 ·
1195 972 1317 1026 ὅθεν
1339 974 1370 1042 ἡ
1401 972 1498 1042 μὲν
1515 971 1802 1024 διαθάλπει
1829 972 1873 1003 9‘

292 1068 357 1119 τὸ
374 1068 483 1120 πᾶν
510 1069 578 1137 τῇ
611 1065 942 1137 θερμότητι·
968 1066 1000 1136 ἡ
1029 1065 1087 1117 δὲ
1106 1064 1167 1117 τὸ
1196 1064 1491 1136 θερμαῖνον
1517 1065 1563 1097 ³³
1585 1067 1650 1135 τῇ
1689 1064 1873 1133 ίκμάδι

296 1156 607 1220 ὑπονοτίζει
632 1173 646 1189 ’
692 1157 767 1219 ὼς
795 1155 863 1209 ἂν
903 1158 970 1226 τῇ
1023 1156 1308 1226 ἰσοκρατίᾳ
1333 1156 1434 1224 τῆς
1467 1156 1577 1209 τῶν
1613 1155 1874 1209 ἐναντίων

294 1249 583 1319 ποιότητος
617 1247 710 1300 ἐπὶ
745 1247 841 1300 τοῦ
876 1247 1045 1318 μέσου
1092 1249 1139 1279 ’³
1184 1249 1502 1320 συντηροῖτο
1530 1248 1576 1279 9⁸
1606 1248 1665 1300 τὸ
1698 1247 1869 1311 ζῶον·

297 1343 437 1411 μήτε
466 1341 558 1393 τοῦ
610 1339 778 1410 ὑγροῦ
814 1340 1309 1410 καταφρυγομένου
1355 1342 1400 1372 9”
1431 1340 1507 1408 τῷ
1546 1340 1872 1411 πλεονασμῷ

289 1434 391 1504 τῆς
425 1433 764 1503 θερμότητος
787 1472 802 1497 ,
848 1433 985 1502 μήτε
1016 1432 1110 1485 τοῦ
1157 1432 1363 1504 θερμοῦ
1412 1434 1777 1504 σϐεννυμένου
1804 1437 1869 1503 τῇ

291 1526 655 1596 ἐπικρατήσει
692 1524 788 1577 τοῦ
820 1524 1302 1594 κναθυγραίνοντος.
1350 1526 1410 1579 Ἡ
1444 1527 1497 1579 δὲ
1525 1528 1685 1599 τρίτη
1710 1527 1869 1580 δύνα-

294 1636 391 1688 μις
426 1619 635 1689 συνέχει
667 1618 732 1671 δι’
768 1618 939 1688 αὐτῆς
967 1620 1010 1651 ³⁵
1039 1620 1183 1672 κατά
1215 1638 1338 1674 τινα
1371 1622 1648 1692 συμϐολήν
1686 1640 1745 1675 τε
1774 1624 1868 1679 καὶ

289 1710 562 1779 ἁρμονίαν
590 1710 656 1763 τὰ
675 1710 1075 1782 διακεκριμένα
1108 1714 1155 1743 ⁸⁷
1177 1712 1285 1766 τῶν
1324 1713 1566 1784 ἄρθρων,
1595 1718 1710 1777 τοῖς
1736 1717 1866 1786 παρ’

288 1803 493 1871 ἑαυτῆς
532 1803 856 1873 συνδέσμοις
889 1804 933 1834 ’³
969 1803 1286 1874 ἁρμόζουσα
1308 1823 1319 1833 ·
1352 1807 1445 1858 καὶ
1473 1808 1640 1859 πᾶσιν
1668 1810 1711 1839 ⁹⁹
1743 1810 1863 1859 ἐπι-

287 1892 582 1960 πέμπουσα
609 1895 706 1964 τὴν
741 1896 1099 1965 αὐτοκίνητον
1130 1898 1222 1949 καὶ
1263 1898 1659 1970 προαιρετικὴν
1701 1900 1863 1953 δύναη

290 2003 383 2053 μιν
404 2000 417 2011 ’
447 1980 515 2056 ἧς
539 1987 936 2057 ἐπιλειπούσης
972 1990 983 2018 ⁸
1013 1990 1251 2059 πάρετον
1286 1991 1495 2056 γίνεται
1532 1993 1627 2044 καὶ
1656 1994 1867 2063 νεκρῶ-

284 2078 374 2141 δες
403 2077 463 2129 τὸ
496 2079 683 2149 σῶμα,
715 2079 811 2132 τοῦ
850 2081 1237 2151 προαιρετικοῦ
1279 2084 1593 2153 πνεύματος
1627 2088 1865 2157 ἀμοιρῆ-

286 2185 409 2222 σαν.
455 2170 566 2224 Καὶ
598 2170 706 2243 γὰρ
740 2172 1086 2243 ἀναισθήτων
1122 2174 1294 2226 ὄντων
1326 2174 1487 2242 φύσει
1527 2177 1638 2230 τῶν
1667 2180 1864 2244 ὀστῶν,

284 2261 627 2332 αίσθητικοῖς
669 2264 811 2318 αὐτὰ
854 2266 1071 2334 νεύροις
1122 2267 1153 2336 ὴ
1200 2268 1365 2335 φύσις
1406 2271 1764 2342 προσήρμοσέ
1807 2289 1864 2326 τε

283 2354 381 2407 καὶ
408 2354 588 2424 ἥνωσε
612 2371 625 2383 ⁸
670 2356 866 2425 μᾶλλον
907 2357 964 2411 δέ
993 2360 1020 2410 ὀ
1065 2358 1335 2429 δεσπότης
1374 2362 1474 2431 τῆς
1520 2362 1737 2432 φύσεως
1770 2365 1864 2417 καὶ

281 2446 648 2517 Δημιουργός.
680 2449 788 2502 Καὶ
816 2448 907 2503 διὰ
928 2451 1025 2519 τῆς
1056 2452 1373 2523 προσφυοῦς
1403 2453 1652 2517 ἐνώσεώς
1682 2474 1742 2510 τε
1770 2458 1863 2510 καὶ

280 2536 551 2607 ἁρμονίας
575 2538 671 2602 τὰς
707 2540 983 2610 συμϐολὰς
1014 2544 1199 2598 αὐτῶν
1227 2545 1557 2614 ἐπισφίγξας
1579 2549 1620 2609 ³,
1644 2548 1733 2601 διὰ
1754 2549 1862 2602 τῶν

284 2629 598 2701 συνδέσμων
628 2632 727 2703 τὴν
756 2633 1015 2705 δεκτικὴν
1052 2637 1162 2691 τῶν
1195 2637 1508 2709 αἰσθήσεων
1534 2640 1719 2702 αὐτοῖς
1759 2658 1859 2694 πε-

281 2721 608 2792 ριεφύτευσε
639 2723 662 2754 ³
696 2726 878 2796 σάρκα
901 2743 915 2756 ’
961 2727 1135 2797 ἄλλην
1166 2746 1225 2782 τε
1271 2730 1721 2797 δυσπαθεστέραν
1766 2735 1860 2787 καὶ

279 2815 651 2887 εὐτονωτέραν
687 2817 709 2849 ⁸⁵
754 2817 879 2889 δίχα
938 2820 959 2851 ⁸
1012 2821 1185 2890 μυῶν,
1238 2822 1269 2893 ἦ
1308 2824 1406 2875 σὺν
1456 2824 1642 2886 αὐτοῖς
1691 2825 1711 2855 θ
1754 2824 1859 2891 πρὸ

278 2908 378 2978 τῆς
413 2909 737 2979 ἐπιφανείας
779 2911 1058 2984 ἐνείλησεν
1088 2915 1136 2945 ⁷·
1185 2909 1307 2968 εἶτα
1364 2917 1485 2984 μετ’
1536 2916 1755 2987 ἐκείνην
1799 2917 1859 2971 τὸ

277 3001 480 3075 δέρμα.

346 3169 533 3243 Ταύτῃ
561 3170 742 3224 τοίνυν
774 3173 840 3241 τῇ
895 3172 1101 3241 στεῤῥᾷ
1132 3169 1238 3223 τῶν
1271 3170 1474 3223 ὀστέων
1523 3171 1706 3239 φύσει,
1742 3167 1853 3224 οἷον

277 3261 491 3325 στύλοις
531 3262 672 3315 τισὶν
718 3261 1049 3333 ἀχθοφόροις
1094 3262 1212 3314 ὅλον
1251 3260 1272 3292 ⁸
1304 3262 1398 3315 τόῦ
1445 3262 1699 3334 σώματος
1733 3265 1851 3316 ἐπι·

1989 692 2076 748 his
2111 694 2287 750 tribus
2330 698 2695 766 proveniunt;
2729 716 2854 755 nam
2887 703 3037 759 calor
3069 706 3266 763 insitus
3320 711 3373 764 in
3404 715 3570 769 corde

1986 785 2271 853 consistit;
2302 789 2584 857 sanguinis
2619 800 2800 847 autem
2830 792 2885 847 in
2942 794 3185 864 jecinore
3220 799 3279 852 lit
3302 803 3568 857 constitu-

1987 878 2080 932 tio.
2127 877 2477 935 Voluntarius
2526 897 2656 937 vero
2707 895 2886 940 motus
2926 902 2957 941 ει
2991 890 3214 945 cerebro
3258 894 3397 962 agit;
3431 912 3565 965 qna-

1985 980 2224 1040 propter,
2253 988 2283 1026 a
2318 974 2484 1028 corde
2530 975 2649 1044 ipso
2688 985 2861 1032 totum
2902 994 3101 1051 corpus
3147 992 3396 1039 nostrum
3429 989 3565 1042 eali-

1983 1061 2111 1116 dum
2160 1062 2435 1132 redditur;
2474 1065 2543 1119 ab
2580 1067 2806 1123 humido
2834 1085 2966 1125 vero
2999 1074 3225 1139 cerebri,
3247 1075 3377 1130 illud
3419 1080 3563 1147 quod

1982 1155 2215 1210 calorem
2232 1158 2432 1213 emittit
2460 1160 2836 1229 humectatur;
2871 1163 2996 1219 inde
3026 1166 3084 1219 fit
3126 1176 3204 1233 ut,
3240 1168 3293 1221 in
3319 1172 3562 1239 compari

1982 1247 2046 1301 ad
2073 1248 2302 1302 invicem
2324 1250 2665 1306 diversarum
2704 1255 3027 1323 qualitatum
3054 1268 3336 1327 potestate,
3357 1272 3563 1317 utrum-

1980 1354 2084 1407 que
2114 1339 2384 1395 incolume
2419 1352 2688 1409 servetur,
2714 1344 2843 1399 dum
2874 1361 2982 1400 non
3008 1364 3104 1417 per
3135 1352 3336 1406 caloris
3374 1368 3561 1409 exces-

1978 1444 2122 1494 sum,
2160 1432 2304 1501 quod
2362 1433 2648 1490 humidum
2703 1445 2787 1492 est
2839 1440 3071 1507 arescit;
3114 1444 3371 1513 quodque
3422 1447 3557 1502 cali-

1978 1522 2106 1574 dum
2147 1533 2267 1586 est,
2319 1526 2550 1582 humore
2606 1540 2969 1599 exsuperante
3013 1546 3122 1585 non
3167 1536 3555 1606 exstinguitur.

1976 1612 2108 1678 Quae
2141 1631 2269 1670 vero
2318 1618 2476 1673 tertia
2529 1620 2724 1675 harum
2770 1622 3091 1678 facultatum
3143 1635 3260 1690 est,
3302 1628 3556 1685 distincta

1977 1707 2217 1760 membra
2272 1724 2370 1764 sua
2412 1712 2671 1780 peculiari
2700 1714 2774 1777 vi,
2805 1730 3101 1788 congressu
3148 1721 3387 1788 quodam
3425 1724 3553 1778 bar-

1977 1799 2267 1869 moniaque
2307 1802 2586 1868 continet;
2623 1822 2747 1863 eum
2784 1807 2900 1877 ipsa
2933 1811 3167 1879 propriis
3208 1811 3403 1868 officiis
3434 1830 3553 1881 usa,

1975 1892 2089 1945 suis
2118 1908 2180 1947 ea
2206 1894 2384 1948 modis
2406 1896 2648 1965 adaptat,
2688 1914 2787 1954 nee
2816 1915 2923 1955 non
2948 1904 3233 1969 spontanei
3267 1919 3331 1959 ac
3360 1906 3554 1959 volun-

1907 1972 1945 2026 Β
1974 1984 2095 2038 tarii
2130 1994 2315 2040 motus
2346 1986 2657 2045 facultatem
2680 1991 3288 2062 omnibusimpartitur,
3324 2011 3430 2064 qua
3461 2001 3553 2051 de-

1968 2073 2201 2142 ﬁciente,
2233 2092 2431 2146 corpus
2472 2080 2782 2137 voluntario
2841 2084 3034 2151 spiritu
3083 2086 3422 2151 destitutum,
3459 2103 3550 2142 re-

1966 2166 2193 2223 missum
2243 2169 2409 2224 simul
2464 2172 2921 2242 mortiferumque
2974 2175 3230 2233 efficitur.
3298 2176 3547 2243 Etenim.

1964 2271 2089 2310 eum
2119 2272 2246 2312 ossa
2285 2274 2480 2316 sensus
2508 2264 2754 2332 expertia
2782 2272 2976 2321 natura
3009 2266 3335 2337 habeantur,
3359 2270 3547 2325 eadem

1964 2357 2157 2402 natura
2184 2351 2322 2419 ipsa,
2355 2352 2438 2406 vel
2491 2354 2672 2422 potius
2705 2357 2798 2425 qui
2863 2357 2965 2426 ipsi
3021 2358 3356 2426 dominatur,
3397 2378 3549 2418 eamv

1962 2455 2071 2510 que
2131 2443 2359 2508 crearit,
2420 2448 2767 2503 sensualibus
2823 2451 3005 2507 nervis
3059 2452 3331 2521 coaptavit
3382 2463 3548 2525 atque

1963 2535 2266 2602 conjunxit.
2310 2536 2377 2592 Et
2413 2553 2539 2593 cum
2578 2542 2985 2599 accommodata
3026 2544 3385 2612 connexioue,
3414 2562 3547 2601 con—

1962 2624 2219 2692 cordique
2244 2625 2471 2683 invicem
2517 2628 2802 2687 harmonia
2837 2632 3308 2703 eonstringantur,
3365 2645 3421 2689 et
3452 2651 3545 2692 co-

1961 2715 2237 2771 haerentia:
2271 2732 2458 2773 eorum
2498 2719 2807 2789 ligamentis
2855 2735 3113 2777 connexa:
3173 2724 3302 2790 sint,
3352 2741 3540 2793 carne,

1962 2822 2086 2876 quae
2131 2823 2352 2862 sensum
2394 2811 2676 2878 percipere
2734 2811 2925 2867 idonea
2970 2823 3074 2876 est,
3111 2814 3225 2883 ipsa
3303 2817 3543 2873 circum—

1960 2898 2146 2969 sepsit,
2173 2898 2444 2968 aliamque
2484 2900 2849 2955 robustiorem
2886 2910 2939 2956 et
2964 2901 3243 2960 fortiorem
3295 2921 3390 2975 per
3416 2924 3540 2964 mu-

1957 2988 2138 3043 sculos
2166 2997 2220 3041 et
2254 2989 2543 3059 ligamenta
2574 2992 2677 3045 sub
2703 2992 2819 3060 ipsa
2856 2994 3146 3061 superficie
3178 2996 3493 3066 complicuit
3516 3038 3533 3065 ,

1956 3088 2010 3132 et
2034 3079 2116 3133 liis
2138 3091 2410 3148 postremo
2437 3092 2614 3137 cutem
2647 3085 3048 3152 superinduxit.

2026 3171 2162 3225 (Iunt
2196 3172 2359 3245 igitur
2385 3186 2591 3228 natura:
2614 3175 2785 3245 ipsius
2808 3179 3082 3247 princeps,
3118 3178 3205 3234 liis
3232 3180 3421 3236 solidis
3453 3197 3538 3238 os-

1957 3260 2108 3315 sibus
2134 3277 2230 3316 ceu
2254 3263 2523 3319 columnis
2549 3265 2873 3335 quibusdam
2903 3268 3013 3339 29
3041 3270 3279 3339 pondera
3314 3281 3534 3342 gestan-

276 3355 391 3417 θεὶς
422 3357 443 3389 ⁵
472 3355 533 3407 τὸ
558 3331 871 3425 βάρος,οὐκ
910 3331 1217 3424 ἀδιαίρετον
1248 3354 1481 3423 ἐνέφυσε
1610 3357 1771 3409 παντὶ
1810 3357 1852 3388 ¹⁰

1962 3353 2101 3409 tibus
2124 3355 2291 3409 totius
2325 3356 2647 3411 acciinasset
2668 3360 2912 3428 corporis
2947 3361 3166 3427 molem,
3200 3377 3307 3417 non
3336 3363 3535 3419 indivi-

274 3448 334 3499 τὸ
363 3446 579 3499 ὀστέον·
611 3448 868 3515 ἀκίνητος
899 3446 1009 3516 γὰρ
1061 3446 1127 3500 ἂν
1159 3450 1253 3499 καὶ
1296 3448 1598 3519 ἀνέργητος
1635 3449 1675 3481 ¹¹
1708 3449 1851 3520 ἐμει-

273 3557 386 3606 νεν,
416 3542 463 3593 εί
501 3539 644 3593 οὕτω
672 3539 1021 3609 κατασκευῆς
1043 3541 1087 3572 ²²
1113 3540 1403 3610 ἄνθρωπος
1432 3537 1567 3611 εἶχε,
1598 3543 1851 3614 καθάπερ

270 3648 323 3684 τι
360 3631 581 3701 δένδρον
625 3632 708 3701 ἐφ’
739 3634 859 3695 ἐνὸς
888 3633 1058 3685 τόπου
1106 3632 1283 3701 μένων
1320 3632 1363 3663 ¹³
1385 3647 1399 3662 ⁶
1434 3634 1571 3703 μήτε
1602 3633 1699 3703 τῆς
1740 3634 1850 3686 τῶν

272 3720 489 3773 σκελῶν
521 3720 774 3792 διαδοχῆς
823 3721 868 3754 ⁸⁸
902 3722 995 3775 ἐπὶ
1026 3722 1087 3774 τὸ
1122 3723 1166 3755 ³⁸
1200 3724 1387 3790 πρόσω
1425 3724 1778 3795 προαγούσης
1809 3724 1850 3756 ⁸⁸

268 3811 370 3883 τὴν
399 3813 651 3883 κίνησιν·
690 3815 830 3885 μήτε
860 3814 959 3885 τῆς
1002 3814 1110 3867 τῶν
1140 3813 1341 3884 χειρῶν
1376 3813 1681 3885 ὑπουργίας
1714 3832 1848 3886 χρη-

272 3907 444 3976 σίμης
483 3906 651 3978 οὔσης
680 3909 722 3939 ¹⁷
761 3907 839 3978 τῷ
882 3908 1011 3979 βίῳ,
1045 3908 1164 3961 ἀλλ’
1201 3909 1282 3970 εἰς
1322 3908 1517 3979 μηρὸν,
1560 3906 1653 3963 καὶ
1676 3909 1803 3976 γόνυ
1830 3947 1844 3972 ,

269 3997 365 4049 καὶ
392 3998 742 4066 ἐπιγονατίδα
773 3999 838 4065 ³⁸,
872 3999 966 4052 καὶ
993 3997 1205 4061 σκέλος,
1232 3998 1325 4051 καὶ
1361 3997 1725 4069 ἀστράγαλον,
1755 3998 1847 4049 καὶ

266 4090 591 4156 δακτύλους,
619 4092 711 4144 τὸν
735 4091 872 4144 πόδα
904 4092 1284 4162 καταμερίσας
1316 4092 1379 4155 ‘9,
1417 4092 1511 4145 καὶ
1541 4091 1631 4143 διὰ
1656 4090 1764 4145 τῶν
1788 4090 1848 4155 ἐξ

264 4182 445 4235 ὀστῶν
502 4184 818 4257 συνδέσμων
865 4184 1028 4238 πάλιν
1073 4185 1342 4255 τεχνικῶς
1410 4185 1688 4256 συνδήσας
1750 4185 1847 4238 καὶ

264 4276 603 4345 ἐναρμόσας,
640 4278 1005 4347 μεταϐατικὸν
1039 4274 1292 4333 εἶναικαὶ
1327 4277 1634 4347 πρακτικὸν
1656 4277 1716 4331 τὸ
1750 4278 1841 4348 δρα

264 4384 434 4435 γανον
461 4370 560 4439 τῆς
590 4368 773 4440 ψυχῆς
804 4369 892 4423 διὰ
913 4369 1013 4439 τῆς
1041 4370 1286 4432 ἐπινοίας
1318 4368 1523 4439 ταύτης
1555 4370 1845 4441 ἐμηχανή-

266 4476 425 4513 σατο.
448 4459 622 4513 Τοῦτο
640 4462 737 4514 καὶ
764 4463 855 4514 ἐπὶ
872 4461 980 4515 τῶν
1025 4460 1249 4532 χειρῶν,
1290 4461 1382 4514 καὶ
1412 4459 1639 4530 αὐχένος
1670 4464 1714 4492 ²⁰
1753 4462 1845 4517 καὶ

265 4551 515 4621 στέρνου,
556 4553 652 4607 καὶ
683 4553 932 4624 ῥάχεως,
967 4554 1061 4607 καὶ
1097 4554 1188 4607 ἐπὶ
1214 4552 1435 4607 πάντων
1470 4552 1579 4605 τῶν
1601 4552 1695 4605 τοῦ
1737 4552 1840 4607 σῶ-

1954 3446 2097 3500 sibili
2144 3462 2267 3501 osse
2310 3432 2549 3518 undique
2592 3449 2724 3505 illud
2772 3450 3049 3520 formavit,
3099 3469 3166 3508 ne
3205 3456 3307 3510 sibi
3353 3465 3537 3513 motus

1953 3539 2338 3609 actionumquc
2375 3540 2606 3595 facultas
2642 3542 3077 3611 interciperetur,
3107 3554 3221 3610 aut,
3247 3549 3415 3602 veluti
3447 3565 3535 3602 ar-

1952 3630 2053 3685 bor
2075 3649 2181 3685 uno
2200 3633 2251 3685 iu
2275 3634 2395 3687 loco
2417 3634 2706 3696 exsistens,
2730 3635 2908 3688 omnis
2936 3637 3169 3690 actionis
3201 3653 3395 3707 expers
3416 3638 3535 3693 em-

1953 3735 2184 3790 cerctur,
2205 3735 2263 3779 ut
2285 3740 2456 3793 neque
2480 3725 2678 3795 pedum
2702 3725 3003 3781 ministerio
3034 3729 3099 3781 ad
3136 3728 3392 3783 ulteriora
3418 3746 3534 3785 mo-

1953 3822 2064 3867 tum
2097 3814 2468 3883 promovendo
2499 3815 2571 3869 uti
2614 3825 2796 3884 queat,
2823 3832 2994 3887 neque
3024 3833 3284 3871 manuum
3333 3820 3401 3873 ad
3467 3835 3532 3876 ea

1951 3922 2073 3976 qua:
2094 3907 2215 3960 vitae
2244 3907 2553 3962 conducant
2581 3907 2821 3963 officium
2853 3917 3179 3980 suppeteret.
3216 3908 3319 3964 Sed
3340 3912 3527 3980 pedem

1950 3996 2125 4065 ipsum
2158 3995 2211 4049 in
2232 3995 2430 4060 femur,
2457 4012 2615 4066 genu,
2648 3998 2920 4067 patellam,
2944 3999 3127 4053 tibiam
3153 3999 3450 4072 talumque,
3477 4013 3531 4058 et

1949 4089 2148 4159 digitos
2182 4090 2413 4160 partitus
2437 4099 2554 4157 est;
2588 4091 2681 4162 qui
2723 4091 2914 4161 Optimi
2939 4091 3162 4147 artificis
3186 4092 3368 4148 officio
3406 4094 3528 4150 fun«

1949 4192 2091 4244 ctus,
2118 4184 2324 4237 ossium
2359 4184 2539 4239 denuo
2562 4184 2867 4255 ligamentis
2902 4186 3237 4241 conserendo
3267 4187 3531 4257 adaptan-

1950 4274 2151 4345 doque,
2186 4275 2431 4330 mutandi
2465 4276 2593 4341 loci,
2644 4275 3017 4347 elficiendique
3055 4278 3237 4348 operis
3272 4279 3527 4335 idoneum

1949 4368 2144 4421 animze
2176 4368 2595 4422 instrumentum
2624 4377 2894 4423 structura
2912 4369 3013 4423 hac
3029 4369 3249 4425 molitus
3271 4380 3370 4425 est.
3398 4368 3529 4425 Tale

1949 4457 2111 4512 etiam
2142 4458 2193 4511 in
2221 4459 2473 4513 manibus
2493 4500 2507 4523 ,
2530 4460 2759 4525 cervice,
2790 4469 3028 4531 pectore,
3062 4460 3349 4529 spinaque,
3374 4468 3427 4515 et
3453 4461 3527 4516 si-

1949 4548 2061 4602 mul
2094 4550 2351 4605 omnibus
2390 4552 2637 4621 corporis
2672 4553 2915 4621 partibus
2946 4552 3077 4621 egit,
3118 4551 3283 4619 quod,
3324 4551 3392 4605 ob
3426 4568 3525 4606 na-

265 4658 441 4709 ματος
470 4643 673 4714 μορίων
707 4645 1034 4715 εἰργάσατο·
1068 4645 1144 4715 τῷ
1174 4643 1546 4716 προαιρετικῷ
1572 4643 1839 4713 πνεύματι

1962 4657 2084 4695 ,ιιιίε
2113 4643 2351 4697 studium
2376 4645 2667 4715 quodpiam
2696 4642 2985 4697 voluntarii
3012 4642 3235 4711 spiritus
3258 4642 3434 4698 ofﬁcio
3466 4644 3520 4698 in

261 4735 412 4790 κατά
438 4754 563 4791 τινα
594 4737 809 4807 φύσεως
852 4736 1169 4808 οἰκονομίαν
1211 4738 1271 4789 ἐν
1314 4738 1425 4798 τοῖς
1457 4736 1579 4788 καθ’
1612 4735 1843 4792 ἕκαστον

260 4828 371 4881 τῶν
399 4830 672 4900 ἁρμονιῶν
694 4829 1095 4900 ἐνεργουμένην
1117 4829 1184 4881 ¹¹.

334 4922 449 4976 Καὶ
488 4922 586 4975 θέα
631 4940 721 4992 μοι
761 4924 806 4953 ¹¹
848 4923 1045 4994 τέχνην
1092 4919 1343 4990 ἐντέχνου
1373 4920 1419 4951 ’³
1454 4918 1833 4990 Δημιουργοῦο

258 5010 329 5065 τὰ
361 5010 411 5044 ³⁸
442 5013 539 5082 μὲν
567 5012 676 5083 γὰρ
704 5012 809 5066 τῶν
852 5013 1026 5065 ὀστῶν
1053 5012 1299 5065 ἐκοίλανε
1324 5052 1338 5075 ,
1370 5011 1441 5064 τὰ
1466 5012 1511 5042 ³⁸
1539 5010 1595 5063 δέ
1621 5010 1681 5062 οὗ
1705 5025 1718 5039 ’
1746 5011 1838 5062 καὶ

257 5106 329 5159 τὰ
363 5108 464 5177 μὲν
499 5108 745 5178 μεγάλα,
786 5106 855 5160 τά
883 5107 940 5160 δὲ
972 5105 1183 5176 σμικρὰ
1226 5106 1451 5177 ἐποίησε
1489 5102 1553 5158 ²⁸.
1587 5105 1695 5158 Καὶ
1726 5107 1837 5167 τοῖς

583 5306 596 5319 .
628 5266 682 5319 δέ
712 5266 769 5319 Β.
862 5265 907 5295 ⁸⁷
936 5264 1029 5317 καὶ
1052 5263 1182 5319 Quor.
1226 5278 1334 5317 om.
1359 5265 1398 5318 A
1440 5265 1481 5316 Β
1510 5263 1568 5317 C.

334 5268 383 5300 ³⁸
417 5266 511 5319 καὶ¹
539 5284 596 5332 φ.
628 5266 682 5319 δὲ
712 5266 769 5319 Β.
862 5265 907 5295 ⁸⁷
936 5264 1029 5317 καὶ
1052 5263 1182 5332 ψυχ.

1657 5263 1703 5294 ⁸⁸
1737 5262 1832 5314 καὶ
1860 5263 1925 5315 ἐκ
1957 5278 2006 5315 τ.
2046 5261 2152 5314 τῶν
2184 5261 2371 5314 αἰτίων
2397 5260 2455 5314 Β.

1950 4736 2189 4807 qualibet
2226 4746 2379 4807 parte
2408 4735 2663 4792 concordi
2694 4749 2835 4789 nexu
2883 4732 3156 4803 copulata,
3186 4734 3517 4807 exsequitur.

2016 4921 2127 4992 Age
2149 4920 2261 4989 jam
2287 4921 2501 4989 insigne
2523 4920 2794 4976 Creatoris
2822 4919 2956 4976 artis
2982 4934 3118 4990 opus
3144 4919 3515 4990 inspiciamus.

1944 5010 2078 5065 Nam
2096 5011 2339 5080 quaedam
2356 5026 2477 5065 ossa
2492 5013 2855 5075 concava,aiia
2873 5026 3002 5065 vero
3020 5010 3241 5065 minime
3254 5024 3513 5073 concava,

1942 5114 1996 5159 et
2044 5102 2291 5173 quaedam
2331 5102 2575 5174 grandia,
2612 5101 2716 5156 alia
2746 5110 2925 5158 autem
2966 5116 3132 5172 parva
3188 5099 3510 5170 procreavit.

2559 5261 2603 5291 ⁸⁸
2630 5260 2685 5313 δὲ
2713 5275 2821 5315 om.
2853 5261 2893 5311 B
2920 5259 2979 5313 P.
3071 5260 3115 5292 °°
3145 5258 3372 5329 δύναμις
3398 5257 3513 5329 (ΣΡ

260 5347 397 5393 text.
460 5336 503 5367 "
544 5328 741 5390 θάλπει
774 5334 833 5405 C.
889 5335 933 5365 "
970 5328 1483 5405 τὸᾼθερμαινόμενον
1517 5332 1577 5405 C.
1630 5333 1702 5405 ξοδ
1731 5332 1858 5405 erat

1967 5347 2052 5383 nm
2080 5332 2224 5405 ltiatu
2256 5331 2318 5385 C.
2394 5330 2736 5405 "_ouv1:ppo§
2771 5331 2915 5405 B._"
2946 5329 3427 5405 καταφλεγομένου

256 5410 307 5440 ⁸⁸
336 5409 408 5462 δι’
465 5406 667 5475 ἑαυτῆς
716 5407 757 5461 C
812 5404 871 5458 P.
970 5405 1014 5435 ⁸⁷
1044 5403 1511 5475 διακεκρυμμέναῄ
1544 5403 1679 5475 Δρ.

253 5549 326 5619 ἢν
355 5547 455 5602 σύν
477 5546 600 5602 αὐτ.
630 5545 705 5619 (3.Δ
798 5541 1166 5619 ἐνείληφενμῧ.

2283 5469 2635 5541 εὐτονοτέραν
2658 5469 2729 5525 ΒῘ
2782 5472 2803 5503 ⁵
2832 5471 2921 5524 διὰ
2945 5470 2992 5523 A
3015 5469 3055 5523 C
3088 5470 3147 5523 P.
3210 5469 3230 5499 ⁸
3264 5469 3294 5539 ἢ
3328 5469 3419 5521 καὶ
3448 5469 3508 5531 Β,

2281 5543 2322 5572 ²⁰
2351 5541 2442 5595 τοῦ
2476 5542 2673 5603 παντὸς
2704 5541 2743 5594 C
2768 5540 2829 5594 P.
2908 5541 2949 5610 ί]
2982 5540 3338 5610 ἁνενέργητος

1779 5402 1824 5432 ⁸⁸
1873 5420 1922 5455 τ.
1974 5402 2107 5470 παρ’
2161 5403 2373 5463 ἑαυτοῖς
2438 5397 2666 5470 δεσμοῖς
2710 5400 2880 5472 [συνδ.
2953 5400 2991 5451 P
3037 5397 3148 5454 see.
3191 5398 3314 5539 HLA.
3365 5399 3405 5452 C
3450 5397 3507 5453 Ρ.

1779 5473 2075 5539 περιέφυσε
2115 5471 2175 5526 C.
2233 5473 2253 5502 ⁸
2283 5471 2719 5539 εὐτονοτέρανΒ.
2782 5472 2803 5503 ⁵
2832 5468 3055 5524 διὰΑΟ
3088 5470 3147 5523 Ρ.
3210 5469 3230 5499 ⁸
3328 5469 3419 5521 καὶ
3445 5469 3507 5539 β,

256 5479 307 5511 ⁸⁸
336 5480 522 5532 πᾶσαν
548 5468 635 5530 (3.⁷
689 5477 705 5505 ⁸
736 5475 1098 5544 ἐπιλιπούσης
1114 5474 1176 5529 C.
1240 5468 1273 5506 ”²
1294 5468 1584 5543 ἐπισφίξας
1607 5474 1666 5544 Β.
1728 5472 1747 5503 ³
1779 5468 2175 5544 περιέφυσέν
2233 5473 2253 5502 ⁸
2283 5468 2635 5544 εὐτονοτέραν
2658 5468 2739 5544 8.:
2768 5472 2803 5544 ξ
2832 5468 3055 5544 διᾲνΑᾲΟ
3088 5470 3147 5544 Ρ..
3210 5469 3230 5499 ⁸

1266 5544 1286 5575 ⁸
1308 5542 1443 5599 ὅλον
1471 5559 1580 5597 om.
1617 5543 1677 5596 Β.
1742 5544 1761 5574 °
1795 5542 2042 5597 ἐπιθεῖσα
2074 5542 2112 5593 Β
2142 5542 2201 5593 P.

328 5616 799 5698 κατασκευασθεὶς
821 5631 941 5698 [13οέ
965 5608 1005 5666 ὀ
1164 5613 1225 5687 Ρ]
1265 5613 1435 5698 ἄνθρι
1474 5610 1620 5698 εἶχεν
1773 5613 1815 5644 ¹³
1843 5631 1858 5681 ι

1962 5630 2003 5663 ιν
2048 5611 2087 5663 Β
2118 5611 2177 5698 Ρ;
2259 5613 2301 5698 3‘
2324 5610 2601 5698 διαγωιῆς
2625 5610 2721 5698 υς..
2747 5615 2795 5698 ’.ἶ
2818 5610 2888 5698 ti"
2918 5608 2977 5664 θ·
3004 5608 3505 5698 ﬂuerecf:

253 5689 303 5721 "
334 5686 783 5811 χρησὶμευούσης
819 5685 858 5735 Β
901 5683 961 5738 C.

253 5759 383 5811 αΰγ.
415 5756 457 5811 C
536 5795 549 5809 .
626 5758 669 5786 "
706 5756 961 5811 ἐνεργουμ

249 5756 383 5827 «ex.
415 5756 457 5813 ο
486 5756 549 5811 Ρ.

1059 5685 1102 5715 ¹⁸
1132 5679 1473 5751 ἐπίγονοτίδα
1515 5679 1573 5735 Β.
1654 5684 1697 5714 ³⁸
1724 5679 1928 5751 καταμ.
1980 5698 2031 5752 τ.
2078 5682 2204 5752 7:06.
2260 5681 2411 5752 [τοὺς
2443 5682 2611 5752 πεί-δας
2650 5679 2722 5751 Ρ]
2757 5679 2797 5734 C

626 5758 669 5786 ἰ
706 5750 1107 5825 ἐνεργουμένης
1140 5754 1180 5808 C
1210 5750 1269 5807 Ρ.
1346 5756 1390 5785 ’⁸
1420 5753 1640 5823 θέμενοι
1674 5752 1733 5807 Β.
1811 5754 1858 5783 ’⁸
1876 5750 2141 5819 ἐντέχνως
2176 5750 2235 5804 Β.
2262 5750 2324 5782 ³⁵
2350 5753 2461 5814 τοῖς
2500 5750 2561 5804 Β.

3004 5682 3047 5712 ²⁹
3082 5680 3175 5733 καὶ
3218 5678 3382 5731 αὑτοῦ
3412 5678 3507 5731 τοῦ

2637 5753 2681 5783 25
2708 5747 2821 5813 ῖτοῖς
2849 5749 2910 5804 Β.
2988 5752 3036 5783 ⁸⁸
3064 5748 3330 5819 πεποίηκε
3367 5747 3409 5803 C
3441 5747 3503 5802 P.
