4066 6214
511 292 649 351 1119

1808 271 2088 328 liELETll
2128 267 2435 327 MONACIII

3636 262 3771 316 “20

510 410 573 463 Et
593 407 710 463 aliis
736 403 952 474 quidem
986 399 1277 455 medullam
1304 396 1545 459 inclusit,
1580 393 1686 446 alia
1716 399 1896 445 autem
1926 390 2078 444 dura:
2108 451 2114 465 ⁴

2217 386 2285 440 ,ὲν
2319 384 2517 456 μυελὸν
2550 383 2826 436 ἐνέκλεισε
2852 421 2866 446 ,
2907 383 3021 445 τοῖς
3048 380 3107 434 δὲ
3154 380 3395 453 σκληρὰν
3424 396 3485 432 τε
3520 379 3618 431 καὶ
3653 397 3773 432 στεο

510 500 803 566 εοΙίὼιιιιυο
849 504 1078 555 naturze,
1108 492 1211 545 alia
1259 491 1395 544 laxae
1436 504 1499 543 ac
1545 486 1829 540 imbecillis
1876 481 2082 537 consti-

513 590 636 643 tuit.
687 585 957 639 Nonnulla
1009 598 1138 637 vero
1200 582 1397 635 adnata
1457 577 1772 647 appendicc,
1818 575 1920 627 alia
1973 587 2084 626 cer-

513 684 627 734 vice
666 676 887 747 praedita
916 674 1240 745 procreavit,
1277 672 1596 741 etquaadam
1632 669 1803 730 unita,
1830 667 1932 719 alia
1960 679 2086 718 vero

513 767 862 836 composita:
913 774 967 819 et
1020 763 1281 817 nonnulla
1333 760 1784 821 coarticulantnr,
1837 758 2083 825 quamam

513 874 641 912 vero
709 854 1184 910 articulationibns
1247 852 1631 921 copulantur:
1684 849 1787 901 alia
1856 846 2086 900 invicem

515 958 786 1017 coaptata,
839 947 944 999 alia
1002 942 1305 1012 composita
1371 951 1519 1004 sunt,
1566 941 1813 1009 quaedam
1859 936 2088 997 suturis,

515 1040 757 1109 quaedam
777 1038 1059 1091 harmonia
1082 1037 1375 1089 cohaerent.
1393 1034 1507 1085 Alia
1533 1043 1711 1085 autem
1731 1031 1795 1083 ad
1816 1031 1950 1084 clavi
1978 1044 2094 1082 mo-

517 1130 644 1184 dum
667 1131 826 1183 inﬁxa
857 1139 1002 1190 sunt,
1045 1129 1301 1182 nonnulla
1334 1143 1461 1180 vero
1498 1126 1723 1178 invicem
1759 1122 2096 1177 concludun-

518 1232 626 1276 tur.
655 1220 760 1274 Sed
792 1228 844 1274 et
866 1219 1186 1288 cartilagine
1200 1218 1467 1286 quaedam,
1486 1216 1592 1269 alia
1617 1214 1819 1280 nervis,
1841 1214 1944 1267 alia
1972 1228 2093 1267 car-

522 1314 765 1368 nulentia
812 1311 1136 1381 complicata
1191 1319 1338 1363 sunt.

595 1425 895 1495 Siquidem,
934 1434 1044 1479 tota
1075 1425 1283 1483 ossium
1315 1423 1638 1492 compositio
1664 1420 1932 1483 σκελετὸς,
1955 1420 2098 1489 quod

521 1520 734 1572 aridum
782 1519 1014 1580 diceres,
1066 1526 1430 1585 nuncupatur.
1478 1514 1611 1568 Nam
1659 1513 1911 1575 σκελετὸς
1946 1513 2101 1565 locus

523 1611 827 1663 siccescens
850 1607 1070 1669 dicitur,
1096 1607 1239 1675 quod
1269 1605 1408 1673 apud
1436 1602 1728 1657 Homerum
1758 1611 1862 1665 est,
1890 1601 1983 1671 qui
2005 1601 2101 1665 ait,

2187 478 2318 546 ρεάν
2347 476 2510 546 φύσιν
2550 475 2719 547 ἔθηκε
2746 515 2760 539 ,
2794 477 2909 537 τοῖς
2944 474 3000 527 δὲ
3034 472 3240 543 χαύνην
3280 473 3376 525 καὶ
3405 471 3632 542 ἀσθενῆ.
3664 473 3775 525 Καὶ⁵

2186 569 2254 621 τά
2288 568 2387 637 μὲν
2430 567 2720 636 ἐπιφύσεις
2752 569 2795 598 ’⁷
2831 566 2973 619 κατὰ
3002 566 3062 618 τὸ
3090 565 3267 631 πέρας
3307 562 3512 633 ἔχουσι,
3544 563 3616 616 τὰ
3643 564 3705 617 δὲ
3731 564 3774 595 ⁸⁸

2188 661 2426 730 αὐχένας
2450 678 2464 692 ·
2496 660 2592 711 καὶ
2614 660 2680 712 τὰ
2709 658 2808 727 μὲν
2841 660 3066 728 ἥνωται,
3087 658 3153 710 τὰ
3181 657 3238 709 δὲ
3274 656 3593 725 σύγκειται·
3625 657 3700 709 τὰ
3724 658 3778 711 δὲ

2193 750 2605 821 συνήρθρωται,
2634 750 2703 802 τὰ
2730 750 2784 803 δὲ
2819 750 3154 820 διήρθρωται
3184 750 3227 780 ²⁹
3253 765 3267 779 ⁸
3296 749 3366 801 τὰ
3401 747 3457 800 δὲ
3494 749 3780 817 συνήρμοο

2194 861 2337 911 σται,
2370 844 2438 897 τὰ
2477 843 2534 895 δὲ
2603 842 2959 896 συντέθειται.
2990 841 3098 894 Καὶ
3141 840 3211 892 τά
3252 840 3353 909 μὲν
3395 840 3535 893 κατά
3575 840 3777 911 ῥαφὴν,

2192 937 2263 990 τὰ
2285 938 2342 989 ὀὲ
2377 936 2520 989 κατά
2552 935 2838 1007 ἁρμονίαν,
2879 934 2945 987 τὰ
2980 933 3035 986 δὲ
3085 931 3231 985 κατά
3256 933 3567 1002 γόμφωσιν.
3622 934 3694 984 τὰ
3727 932 3784 984 δὲ

2196 1030 2337 1083 κατά
2364 1027 2715 1098 γυγγλυσμόν
2746 1026 2811 1058 ³ου
2845 1029 2941 1079 κα⁸ι
2964 1027 3030 1078 τά
3059 1025 3156 1095 μὲν
3173 1024 3317 1078 κατὰ
3349 1025 3782 1094 συγχόνόρωσιν,

2196 1122 2263 1175 τὰ
2291 1122 2347 1174 δὲ
2376 1120 2520 1175 κατά
2549 1120 2938 1190 συννεύρωσιν,
2974 1119 3042 1173 τὰ
3066 1118 3124 1172 δὲ
3140 1116 3281 1171 κατὰ
3313 1117 3700 1188 συσσάρκωσιν
3716 1117 3787 1171 ⁸¹.

2284 1418 2348 1471 Ἦ
2393 1418 2493 1489 μὲν
2521 1414 2616 1470 οὖν
2646 1418 2744 1488 ὂλη
2780 1415 3030 1480 σύνταξις
3068 1414 3176 1469 τῶν
3223 1414 3421 1477 ὀστῶν,
3450 1413 3793 1482 ὀνομάζεται

2206 1514 2488 1575 σκελετός·
2525 1513 2819 1577 σκελετὸς
2847 1513 2903 1566 δὲ
2924 1512 3145 1579 λέγεται
3173 1513 3216 1541 ³⁸
3246 1512 3274 1563 6
3304 1510 3730 1580 ἀπεξηραμένος
3752 1511 3795 1542 ³³

2206 1604 2373 1667 τόπος
2394 1621 2407 1635 ’
2434 1602 2617 1666 καθὼς
2658 1604 2907 1672 Ὅμηρος
2928 1601 2996 1665 ³⁸,
3053 1601 3246 1664 Ῥὐπῳ
3277 1601 3343 1654 δὲ
3372 1603 3425 1653 οι
3453 1600 3719 1666 αὐαλέος
3751 1600 3796 1632 ⁸⁵

527 1700 682 1771 ῥύπῳ
707 1699 769 1751 δὲ
790 1700 837 1750 οἱ
872 1697 1097 1759 αὐαλέος
1129 1694 1273 1766 χρὼς
1304 1694 1581 1765 ἐσκλήκει.
1606 1693 1756 1759 Quod
1793 1702 1897 1755 cst,
1934 1693 2107 1745 sordi-
2139 1672 2178 1725 Β
2207 1695 2364 1763 χρὼς
2390 1694 2698 1760 ἐσκλήκει.
2729 1694 2793 1745 Τί
2821 1693 2877 1745 δὲ
2894 1693 3100 1748 τούτων
3117 1691 3349 1744 ἕκαστόν
3375 1693 3490 1744 ἐστι
3526 1692 3634 1743 τῶν
3664 1710 3796 1744 συνο

527 1791 619 1846 ὺαε
657 1791 775 1843 huic
794 1806 980 1855 corpus
1004 1791 1198 1841 siccum
1227 1788 1391 1840 aruit.
1426 1785 1528 1839 Sed
1554 1800 1803 1853 quamam
1832 1784 2100 1853 composi-

529 1883 692 1935 tionis
727 1879 1301 1945 dearticulationisque
1345 1877 1552 1930 ossium
1594 1876 1813 1929 nomina
1865 1875 2107 1928 habean-

526 1981 638 2038 tur,
682 1988 712 2027 a
751 1972 976 2027 medicis
1008 1972 1140 2040 ipsis
1178 1969 1532 2040 quaerendum
1578 1978 1679 2023 est.
1730 1968 2109 2022 Verumenim-

530 2080 680 2127 vero,
728 2079 796 2118 ne
848 2063 1151 2133 legentibus
1190 2060 1593 2130 quamplurima
1650 2060 1883 2115 obscure
1934 2057 2109 2127 posita

528 2158 804 2228 negotium
838 2155 1130 2218 lacessant,
1163 2155 1443 2208 sciendum
1476 2161 1558 2207 est
1581 2152 1724 2222 quod
1754 2168 1835 2217 os,
1869 2151 2010 2221 quod
2040 2150 2107 2205 ad

528 2245 667 2301 clavi
696 2245 915 2299 modum
951 2245 1062 2298 ossi
1095 2244 1322 2297 inﬁxum
1352 2251 1453 2307 est,
1476 2242 1619 2312 quod
1654 2242 2004 2311 ὲγγόμφωσις
2035 2242 2110 2295 di-

530 2338 693 2401 citur,
724 2337 776 2389 in
799 2336 1054 2390 dentibus
1078 2350 1301 2389 cernere
1324 2343 1424 2388 est.
1455 2333 1562 2402 30
1585 2330 1785 2386 Sutura
1812 2347 1962 2399 vero,
1989 2348 2109 2402 quae

536 2427 683 2498 ραφὴ
715 2434 1081 2495 nuncupatur,
1113 2426 1166 2479 iri
1200 2424 1394 2494 capitis
1420 2425 1638 2479 ossibus
1660 2423 2111 2491 visitur.Atyu~{-

534 2518 795 2587 γλυσμὸς,
825 2518 1150 2571 cohaerentia
1180 2526 1284 2580 est,
1316 2532 1423 2586 qua
1453 2531 1579 2570 ossa
1611 2515 1839 2569 invicem
1878 2530 2109 2585 congre-

535 2611 738 2667 dientia
765 2611 1192 2681 conjunguntur,
1223 2617 1283 2662 ut
1314 2610 1366 2662 in
1420 2609 1591 2678 spinae
1622 2608 1909 2670 vertebris,
1933 2624 1997 2662 ac
2019 2609 2113 2662 de-

535 2704 914 2759 articulatione.
977 2717 1098 2771 qua:
1143 2716 1174 2755 a
1227 2701 1411 2756 cubito
1465 2700 1532 2753 ad
1592 2701 1874 2754 brachium
1944 2701 2115 2754 tendit

535 2798 889 2867 conspicitur.
954 2794 1231 2849 Articulus
1289 2793 1507 2864 quidem
1569 2792 1778 2846 ossium
1849 2792 2116 2846 naturalis

2210 1787 2411 1841 θέσεων
2442 1788 2487 1819 ⁸⁸
2517 1788 2550 1856 ἢ
2583 1785 2993 1857 διαρθρώσεων,
3026 1786 3059 1855 ἢ
3095 1785 3137 1817 ³⁷
3165 1784 3465 1855 ὀνομάτων,
3496 1785 3650 1853 παρά
3688 1785 3798 1838 τῶν

2214 1880 2414 1950 ίατρῶν
2442 1879 2655 1949 μάθοις·
2688 1878 2826 1948 πλὴν
2849 1879 2937 1930 ἵνα
2958 1878 3033 1948 μὴ
3054 1877 3237 1947 ἀσαφῆ
3258 1894 3339 1930 σοι
3358 1877 3703 1948 καταλειφθῇ
3730 1880 3801 1930 τὶ

2212 1975 2403 2038 πολλὰ,
2432 1974 2540 2027 ίσθι
2584 1974 2666 2026 ὅτι
2702 1976 2736 2042 ἡ
2778 1972 2876 2043 μὲν
2920 1973 3277 2043 ὲγγόμφωσις
3318 1973 3364 2004 ³⁸
3410 1973 3803 2044 συνάρθρωσίς

2210 2084 2295 2129 τις
2322 2068 2366 2099 ³³
2392 2067 2533 2119 κατά
2573 2065 2850 2135 σύμπηξιν
2872 2106 2887 2129 ,
2914 2066 3011 2118 καὶ
3035 2065 3080 2095 ⁸ο
3106 2067 3199 2118 ὲπί
3220 2064 3330 2117 τῶν
3369 2065 3615 2117 ὀδόντων.
3647 2065 3715 2117 Ἠ
3743 2065 3801 2117 δὲ

2219 2158 2366 2230 ραῳὴ
2396 2159 2437 2190 ⁸¹
2475 2158 2727 2221 σύνθεσις
2749 2158 2825 2220 ὡς
2861 2157 2955 2211 ἐπὶ
2984 2157 3093 2210 τῶν
3117 2160 3219 2228 τῆς
3257 2156 3507 2227 κεφαλῆς
3531 2158 3708 2209 ὀστῶν
3738 2173 3753 2185 °
3777 2158 3803 2209 6

2179 2294 2186 2300 .
2216 2252 2273 2304 δὲ
2305 2250 2655 2321 γυγγλυσμός
2682 2250 2749 2315 ⁸³,
2781 2248 3029 2313 σύνθεσις
3070 2248 3144 2311 ὡς
3174 2249 3267 2301 ἐπὶ
3302 2248 3411 2301 τῶν
3450 2251 3553 2318 τῆς
3585 2247 3805 2317 ῥάχεως

2218 2343 2551 2409 σπονδύλων,
2578 2343 2675 2395 καὶ
2695 2342 2793 2411 τῆς
2820 2341 2913 2394 τοῦ
2944 2342 3163 2410 πήχεως
3187 2340 3231 2370 ⁵⁸
3258 2343 3397 2409 πρὸς
3417 2339 3509 2393 τὸν
3538 2338 3808 2410 βραχίονα

2202 2433 2637 2504 διαρθρώσεως·
2702 2436 2799 2486 καὶ
2842 2432 2905 2484 τὸ
2954 2433 3053 2501 μὲν
3103 2430 3325 2502 ἄρθρον,
3376 2431 3629 2494 σύνταξίς
3682 2433 3811 2483 ἐστι

2218 2527 2428 2595 φυσική
2457 2540 2469 2553 ·
2507 2526 2541 2595 η
2567 2523 2625 2576 δὲ
2666 2522 2967 2592 σύμφυσις,
3001 2521 3202 2582 ἓνωσις
3230 2519 3397 2573 ὀστῶν
3445 2518 3705 2587 φυσικῶν
3739 2519 3811 2574 ⁵⁸.

2220 2616 2330 2669 Καὶ
2351 2617 2384 2684 ἠ
2422 2615 2520 2683 μὲν
2546 2616 2824 2683 ὲπίφυσις,
2850 2613 3045 2674 ἓνωσίς
3074 2614 3225 2665 ἐστιν
3250 2613 3434 2682 ἑτέρου
3464 2610 3627 2663 ὀστοῦ
3659 2612 3814 2664 κατὰ

2219 2704 2411 2775 ἕτερον
2438 2722 2452 2734 ·
2482 2706 2515 2774 ἡ
2540 2704 2596 2757 δὲ
2626 2704 2901 2772 ἀπόφυσις
2922 2743 2935 2768 ,
2975 2700 3068 2755 τοῦ
3094 2701 3409 2772 σύμπαντος
3440 2700 3600 2753 ὀστοῦ
3639 2701 3815 2771 μέρος

2221 2794 2483 2863 ὑπάρχει.

536 2894 863 2963 compositio
891 2901 992 2956 est,
1058 2905 1183 2943 nam
1224 2889 1312 2943 hic
1376 2887 1577 2959 ἄρθρον
1638 2887 1855 2941 dicitur.
1899 2886 1969 2941 At
2028 2888 2303 2957 σύμφυσις
2356 2898 2459 2954 est,
2499 2903 2621 2943 cum
2681 2888 2949 2942 naturalia
2997 2902 3125 2943 ossa
3190 2888 3354 2942 simul
3426 2889 3712 2950 uniuntur,
3763 2896 3815 2940 et

537 2986 645 3040 hoc
697 2985 1013 3039 coalescere
1066 2982 1310 3048 diceres;
1374 2981 1630 3049 ὲπίφυσις
1673 2994 1823 3045 vero,
1901 2981 2114 3034 alterius

2217 2983 2347 3037 assis
2381 2984 2446 3037 ad
2476 2983 2702 3037 alterum
2752 2983 3029 3053 adjunctio
3061 2992 3166 3039 est.
3192 2983 3261 3037 At
3308 2982 3603 3052 ἀπόφυσις,
3662 2980 3812 3051 quod

538 3079 899 3144 eminentiam,
946 3077 1060 3132 sive
1114 3090 1413 3144 processum
1468 3072 1705 3138 dixeris,
1743 3072 1797 3125 in
1844 3073 2086 3142 quolibet
2115 3088 2238 3130 osse
2268 3078 2530 3130 cernitur.

610 3192 685 3247 Os
739 3202 921 3245 autem
970 3204 1170 3258 corpus
1205 3187 1461 3249 dicimus,
1491 3185 1635 3254 quod
1666 3185 1958 3254 plurimum
1987 3186 2039 3238 in
2070 3201 2128 3239 se
2154 3198 2196 3255 ο

542 3295 769 3339 terrena:
792 3280 1059 3351 portionis
1080 3278 1340 3339 continet,
1363 3277 1507 3346 quod
1525 3286 1575 3330 et
1602 3291 1764 3330 sensu
1786 3286 1952 3341 caret,
1974 3278 2117 3330 relu-

544 3384 783 3443 ctatquc,
832 3387 895 3425 ac
925 3372 1121 3425 durum
1164 3380 1267 3435 est,
1306 3369 1639 3439 reliquisque
1679 3369 1923 3438 corporis
1957 3370 2121 3439 parti-

542 3469 646 3523 bus
680 3482 777 3521 ccu
805 3465 1204 3519 ﬁrmamentum
1236 3463 1485 3517 habetur.
1518 3460 1825 3526 Enimvero,
1859 3463 1974 3517 haec
1998 3464 2122 3516 nni-

546 3574 702 3614 versa
744 3572 772 3611 a
805 3556 1067 3611 musculis
1096 3555 1386 3623 nervisque
1416 3561 1722 3618 moventur,
1758 3553 1957 3622 quibus
1995 3554 2120 3607 item

546 3652 830 3709 cerebrum
861 3649 1118 3703 motivam
1152 3648 1458 3717 inipertitur
1486 3645 1820 3700 facultatem.
1863 3644 1998 3700 Nam
2033 3662 2125 3701 vc-

548 3745 692 3800 nulis
720 3744 896 3798 obsita
924 3740 1239 3795 membrana
1265 3753 1383 3809 qua:
1410 3739 1691 3793 cerebrum
1716 3738 1904 3804 ambit,
1929 3739 2124 3794 borum

548 3846 729 3892 motus
770 3835 919 3889 radix
946 3832 1378 3903 principiumque
1411 3831 1659 3884 habetur.
1692 3828 2000 3883 Membrana
2026 3847 2125 3883 au—

553 3941 681 3991 tem.
713 3945 833 3999 quae
872 3928 1055 3982 Graece
1098 3925 1262 3996 ὑμὴν,
1292 3925 1419 3993 quia
1464 3925 1807 3980 subtilissimi
1850 3923 2126 3991 panniculi

552 4023 723 4077 vicem
755 4036 864 4091 pra:
889 4036 946 4074 se
977 4021 1133 4082 lerat,
1162 4032 1358 4071 nomen
1384 4016 1572 4087 adepta
1603 4026 1704 4071 est.
1743 4015 1868 4070 Haec
1895 4031 2129 4083 namque

556 4128 679 4166 cum
724 4120 868 4164 recte
898 4108 1171 4173 consistit,
1201 4107 1368 4161 totius
1401 4107 1648 4175 corporis
1672 4114 1853 4159 motus
1881 4104 1997 4159 suis
2030 4120 2131 4159 nu-

558 4202 722 4258 meris
763 4201 1201 4255 absolutissimus
1238 4199 1505 4252 redditur.
1542 4196 1775 4261 Etenim,
1804 4197 1849 4251 si
1869 4196 2018 4266 pedis
2049 4196 2132 4251 di—

558 4296 655 4367 giti
688 4293 1008 4365 particulam
1040 4292 1244 4346 moveri
1269 4290 1575 4361 contigerit,
1610 4290 1678 4343 ab
1698 4304 1760 4345 ea
1785 4299 1987 4343 motam
2010 4304 2132 4344 esse

560 4388 744 4461 procul
772 4386 936 4441 dubio
968 4384 1128 4439 scias.
1166 4382 1223 4437 Si
1249 4398 1377 4437 vero
1399 4383 1768 4437 membranam
1791 4381 1935 4436 illam
1963 4398 2134 4452 quan-

560 4479 737 4547 doque
759 4475 931 4547 quati,
952 4475 1034 4528 vel
1065 4473 1238 4528 scindi
1261 4474 1447 4543 aliquo
1481 4473 1692 4537 morbo,
1726 4473 1840 4528 sive
1868 4474 1976 4528 ictu
2011 4489 2136 4528 cau-

2306 3190 2463 3241 Ἔστι
2489 3189 2545 3241 δὲ
2576 3189 2769 3242 ὀστοῦν
2801 3190 2960 3259 σῶμα
3001 3188 3370 3258 γεωδέστερον
3394 3190 3488 3243 καὶ
3514 3191 3810 3246 ἀντίτυπον

2227 3280 2561 3351 ἀναίσθητόν
2609 3298 2669 3333 τε
2703 3281 2798 3334 καὶ
2835 3280 3107 3351 σκληρόν·
3140 3282 3237 3334 καὶ
3272 3275 3387 3334 οἷον
3431 3284 3813 3352 ὲπιστήριγμα

2227 3371 2337 3424 τῶν
2357 3371 2563 3425 λοιπῶν
2593 3370 2771 3441 μελῶν
2799 3371 2890 3425 τοῦ
2919 3371 3169 3441 σώματος
3189 3372 3254 3426 ⁵⁵³.
3289 3372 3605 3425 Κινεῖταιδὲ
3639 3374 3813 3428 ταῦτα

2231 3465 2407 3519 πάντα
2428 3464 2472 3495 ⁸⁸
2500 3463 2604 3517 ὑπὸ
2627 3464 2779 3534 μυῶν
2797 3464 2893 3517 καὶ
2924 3463 3128 3535 νεύρων
3148 3476 3161 3490 '
3180 3464 3242 3527 ἐξ
3271 3466 3575 3533 ἐγκεφάλου
3606 3467 3813 3536 ταύτην

2229 3557 2328 3627 τὴν
2352 3557 2638 3628 κινητικὴν
2665 3557 2892 3628 δύναμιν
2917 3558 3202 3612 καὶταῦτα
3223 3558 3516 3628 δεχόμενα⁸
3551 3559 3679 3629 ῥίζα
3705 3561 3813 3631 γὰρ

2232 3649 2329 3702 καὶ
2377 3649 2521 3719 ἀρχὴ
2569 3649 2673 3718 τῆς
2717 3650 2923 3702 τούτων
2974 3652 3242 3719 κινήσεως
3290 3653 3318 3703 6
3365 3651 3457 3703 τὸν
3507 3652 3811 3719 ἐγκέφαλον

2234 3740 2507 3809 περιέχων
2532 3741 2682 3792 ἐστὶν
2708 3741 2852 3811 ὑμήν
2874 3741 2940 3794 ⁸⁷.
2967 3740 3268 3811 Εἴρηταιδὲ
3286 3742 3448 3811 ὑμὴν
3480 3744 3633 3814 παρὰ
3659 3746 3719 3796 τό
3740 3745 3813 3806 ὡς

2236 3830 2466 3901 ὕφασμα
2488 3826 2629 3884 εἶναι
2656 3831 2870 3884 λεπτόν.
2898 3826 3119 3894 Οὖτινος
3151 3832 3500 3902 διακειμένου
3521 3834 3708 3897 καλῶς
3748 3834 3812 3897 ⁸⁸,

2236 3922 2393 3973 πᾶσα
2434 3922 2467 3990 ἡ
2511 3919 2606 3972 τοῦ
2648 3920 2901 3990 σώματος
2937 3921 3153 3990 κίνησις
3187 3921 3599 3991 ἀνεμποδίστως
3631 3926 3815 3977 ἐπιτεο

2236 4010 2435 4075 λεῖται,
2463 4010 2561 4063 καὶ
2581 4009 2626 4040 ’δ’
2656 4012 2800 4064 κατὰ
2825 4013 3007 4079 λόγον.
3032 4013 3141 4064 Καὶ
3160 4012 3270 4084 γὰρ
3293 4016 3341 4066 εἰ
3365 4014 3456 4067 καὶ
3480 4016 3740 4078 axe-mli;
3764 4016 3811 4046 ⁸⁸

2237 4102 2500 4155 δακτύλου
2538 4102 2580 4134 ⁵¹
2622 4103 2678 4155 ἐν
2707 4102 2827 4155 ποδὶ
2854 4106 3055 4156 κινοῖτο
3094 4104 3162 4168 ⁸³,
3196 4106 3349 4175 παρά
3368 4105 3415 4137 ⁸⁸
3444 4106 3633 4159 τούτου
3666 4107 3817 4159 κεκι-

2238 4211 2416 4263 νηται.
2451 4194 2513 4247 El
2536 4194 2593 4247 δὲ
2622 4193 2825 4266 τρῶσιν
2851 4194 2893 4225 ⁸⁸
2916 4194 2947 4264 ἢ
2979 4193 3133 4265 ῥῆξιν
3158 4195 3321 4248 πάθοι
3351 4195 3397 4227 ⁸³
3419 4197 3483 4248 ἑκ
3504 4197 3819 4266 νοσήματός

2240 4303 2384 4349 τινος
2417 4286 2583 4357 τυχόν
2607 4286 2651 4317 ⁸⁸
2693 4286 2726 4357 ἢ
2773 4287 2866 4341 καὶ
2895 4287 3143 4358 πλήξεως
3163 4327 3177 4352 ,
3206 4288 3371 4351 εὐθὺς
3405 4288 3817 4359 ἐπηκολούθησε

2241 4378 2319 4449 τῷ
2359 4378 2523 4433 πάθει
2560 4381 2589 4432 6
2620 4379 2879 4442 θάνατος⁹
2918 4379 3039 4432 οὐδὲ
3088 4380 3225 4450 πρὸς
3257 4380 3432 4451 βραχὺ
3471 4381 3571 4450 τῆς
3599 4381 3820 4449 φύσεως

2242 4471 2639 4542 ἀντισχούσης’
2674 4471 2789 4524 ἀλλ’
2824 4471 3013 4542 ῶσπερ
3052 4471 3309 4541 θεμελίου
3363 4473 3512 4535 τινὸς
3565 4474 3819 4526 ὑποσπα-

561 4581 716 4625 sante
746 4568 1025 4631 acciderit,
1046 4566 1298 4621 interitus
1328 4564 1531 4619 allatim
1552 4566 1619 4619 ab
1644 4566 1760 4643 ipsa
1780 4567 2048 4635 passione,
2071 4581 2114 4619 Ill

2244 4562 2486 4624 σθέντος,
2517 4562 2639 4614 ὅλον
2655 4561 2715 4613 τὸ
2747 4561 3088 4632 οἰκοδόμημα
3122 4563 3585 4633 συγκατεσπᾶσθη
3610 4563 3689 4634 τῷ
3719 4563 3817 4633 μέ-

562 4662 831 4715 tantillum
887 4668 1081 4712 natura
1119 4664 1474 4730 repugnante,
1508 4655 1879 4725 subsequitur,
1912 4670 2019 4709 non
2050 4669 2136 4709 se-

563 4771 659 4808 cus
688 4770 752 4808 ac
775 4755 841 4820 si,
896 4752 1252 4806 fundamento
1275 4750 1458 4817 aliquo
1493 4749 1775 4813 convulso,
1809 4756 1975 4801 totam
2002 4745 2134 4800 ιεᾶί-

564 4845 833 4899 ﬁcationis
888 4844 1083 4897 molem
1129 4856 1253 4896 cum
1308 4850 1461 4909 parte
1499 4855 1753 4894 corruere
1814 4839 2133 4909 contingat;

2246 4669 2356 4723 ρει,
2391 4652 2565 4715 οὕτως
2588 4651 2696 4705 τῶν
2725 4670 2791 4705 πε
2803 4652 2857 4723 ρὶ
2884 4652 2994 4705 τῶν
3020 4653 3066 4685 ⁸⁷
3096 4653 3336 4724 κρανίων
3369 4656 3652 4724 μηνίγγων
3679 4671 3818 4723 τρω-

2243 4743 2468 4807 θέντων,
2509 4745 2567 4797 ὲν
2610 4738 2692 4806 οἷς
2730 4744 2758 4795 ὀ
2808 4744 3097 4814 εἰρημένος
3133 4745 3280 4814 ὑμὴν
3316 4745 3646 4816 ὑφήπλωται
3678 4745 3744 4809 ⁸⁸,
3784 4745 3815 4812 ἡ

2241 4836 2392 4907 ψυχὴ
2415 4835 2510 4889 τοῦ
2540 4836 2794 4905 σώματος
2815 4837 3196 4892 ἀπανίσταται.
3858 4844 3861 4855 “

565 4930 866 5005 ita,etquae
888 4936 988 4989 sub
1006 4934 1158 4987 calva
1181 4932 1516 4987 membranis
1535 4933 1883 4987 coiitincntur
1923 4931 2162 4998 oblaesis,
2203 4931 2404 5001 quibus
2431 4930 2495 4985 de
2522 4946 2629 5001 qua
2669 4931 3008 4987 asseruimus
3054 4931 3373 4988 membrana
3442 4932 3810 5003 praetenditur,

567 5032 815 5101 corporis
850 5028 994 5082 illius
1029 5029 1209 5081 anima
1238 5026 1442 5083 deﬁcit.

639 5188 682 5219 ”
711 5185 805 5237 καὶ
828 5185 949 5245 ταῖς
986 5183 1081 5253 μὲν
1109 5182 1162 5253 αἱ
1189 5182 1377 5250 φύσεις
1410 5180 1481 5253 Β.
1528 5183 1573 5214 "
1604 5185 1723 5253 ταῖς
1753 5181 1915 5253 ὁὲᾼΒ.
1964 5181 2015 5253 ί¹ξ
2047 5181 2117 5253 τά
2145 5179 2200 5230 δὲ
2225 5178 2532 5253 διήρβοοιῃλ.
2563 5179 2601 5231 Α

1262 5254 1306 5284 ³⁸
1346 5251 1777 5323 ἀποξηραμένοςΔ
1802 5250 1873 5323 Β,
1899 5252 1927 5302 6
1956 5250 2294 5323 ὲξηράμενος

2195 5321 2251 5375 C.
2317 5320 2359 5390 θ’
2384 5318 2643 5390 συνάρθρ.
2682 5322 2798 5390 ἐστι
2828 5320 2886 5373 Β.

1652 5390 1697 5422 ⁸⁵
1729 5389 1935 5460 φυσικὴ
1987 5389 2026 5460 [ἰ
2079 5390 2119 5446 C
2161 5390 2220 5443 P.

569 5255 612 5288 ³¹
651 5257 786 5324 ὅπερ
847 5252 1064 5324 λέγεται
1112 5252 1169 5305 Β.

568 5327 705 5389 λέως
730 5322 789 5379 Β.
834 5326 877 5356 ³⁸
898 5323 1165 5376 συνθέτων
1189 5322 1253 5375 C.
1330 5323 1370 5353 ³⁷
1400 5322 1433 5390 ἢ

1464 5320 1573 5376 om.
1604 5320 1663 5373 Β.
1739 5320 1782 5351 ³⁸
1812 5321 2099 5391 γόμφωσις

570 5398 617 5428 ⁸⁸
668 5394 980 5462 γυγλυσμὸς
1008 5392 1069 5446 C.

1171 5391 1216 5423 ⁸³
1254 5393 1455 5461 πήχεος
1485 5393 1543 5445 Β.

575 5460 763 5536 ρώδης
789 5466 937 5517 ἐστὶν
965 5464 1110 5533 ὑμήν
1141 5462 1182 5515 Β
1210 5460 1250 5516 C
1298 5460 1459 5536 l’ﬂqui
1498 5463 1791 5536 Ec:iv_t)_ttt_.

575 5530 831 5601 posl'ha‘c
866 5530 1014 5587 deest
1052 5530 1214 5586 unum
1252 5544 1341 5584 aut
1373 5530 1599 5586 alterum
1646 5531 1737 5586 fol.
1774 5533 1825 5584 in
1865 5530 1997 5585 Cod.
2028 5532 2085 5585 Β.

574 5604 776 5675 τρῶσιν
802 5604 841 5657 C
860 5604 929 5675 Vl);
980 5604 1050 5675 A7”
1131 5620 1194 5654 πε
1208 5603 1453 5675 ρἰᾼαὺτδν
1495 5603 1636 5675 ὑμὴν
1686 5602 1849 5660 πάθοι
1877 5601 1917 5657 C
1948 5602 2007 5658 Ρ.

576 5672 821 5741 ήπλωται
848 5674 911 5739 C,
943 5672 1035 5742 ὲξή
1045 5674 1250 5726 πλωται
1274 5672 1332 5727 Ρ.

1891 5455 1935 5493 ’⁸⁸
1964 5455 2025 5513 οὗ
2058 5461 2182 5514 καλ.
2234 5461 2383 5514 διακ.
2419 5459 2459 5513 C
2485 5455 2554 5513 Ῥ.

1891 5531 1997 5581 Ind.
2028 5532 2085 5581 Β.
2192 5534 2235 5565 ⁵³
2265 5528 2527 5581 δάκτυλος
2551 5530 2588 5581 (1

2192 5534 2235 5565 ⁵³
2265 5531 2527 5592 δάκτυλος
2551 5531 2609 5585 C.
2715 5531 2759 5562 δ’
2794 5533 2952 5584 κινεῖτ

2108 5602 2153 5634 ⁸⁸
2184 5599 2344 5671 τυχὸν
2372 5614 2478 5655 om.
2508 5602 2570 5668 C,
2601 5601 2778 5657 interi.
2816 5603 2866 5656 in
2894 5601 2952 5657 P.

2483 5194 2532 5279 2;
2554 5179 2601 5279 ἒ
2629 5178 2699 5279 ἐζ.
2778 5180 2822 5279 3‘:
2844 5178 3160 5279 133»:pr
3181 5180 3242 5235 C.
3275 5181 3347 5279 ﬂ”
3382 5182 3730 5279 cu‘v‘fippm‘ctv

2554 5249 2679 5301 καθ.
2736 5250 2827 5303 καὶ
2860 5252 2927 5301 Ὀ
2981 5288 2994 5302 .
3024 5251 3064 5301 Β
3120 5250 3178 5303 Ρ.
3275 5251 3318 5283 ³⁸
3348 5249 3575 5313 αίολέως
3624 5250 3690 5310 Α.
3722 5249 3815 5300 σύν

2557 5318 2643 5372 On.
2682 5322 2798 5372 ἐστι
2828 5320 2886 5372 Β.
3032 5318 3078 5351 ⁸ο
3100 5321 3175 5372 ὡς
3198 5321 3238 5372 Β
3261 5320 3300 5372 C
3330 5321 3389 5372 Ρ.
3448 5321 3491 5351 ⁸¹
3528 5320 3708 5372 γραφὴ
3741 5318 3813 5369 Δ.

2882 5359 2886 5371 .
2920 5318 2982 5375 Ρ.
3032 5318 3078 5351 ⁸ο
3100 5321 3175 5383 ὡς
3198 5321 3238 5373 Β
3261 5320 3300 5376 C
3330 5321 3389 5374 P.
3448 5321 3491 5351 ⁸¹
3528 5320 3709 5392 γραφὴ
3741 5318 3813 5369 Δ.

2882 5391 2928 5424 ⁸⁸
2965 5391 3141 5444 πάντα
3163 5406 3272 5445 om.
3308 5392 3353 5445 Α
3380 5389 3505 5446 BC.
3607 5390 3647 5422 "
3694 5404 3818 5439 νευ-

2660 5460 2705 5496 η
2731 5460 2825 5514 καὶ
2865 5476 2972 5515 οιη.
3005 5460 3064 5515 Β.
3166 5461 3213 5492 ⁸⁸
3253 5462 3418 5563 μέρος
3464 5478 3519 5514 τι
3545 5460 3716 5525 ὀλίγον
3744 5455 3813 5514 Β.

2715 5531 2759 5562 οι
2794 5533 2995 5563 ...μετα-λ
3033 5534 3058 5563 Α
3102 5532 3139 5563 ι)
3279 5533 3443 5563 ιηρρλ
3483 5532 3522 5563 ι’
3621 5528 3663 5561 ιδ
3693 5526 3813 5563 τινὰ

2715 5531 2759 5562 δ’
2794 5533 2995 5584 κινεῖτο
3025 5534 3067 5585 Α
3101 5532 3159 5586 Ρ.
3253 5526 3299 5563 ³³
3320 5526 3448 5601 περὶ
3483 5532 3547 5586 C.
3621 5526 3817 5601 terra

3049 5603 3093 5636 "
3127 5601 3235 5657 τῶν
3265 5618 3373 5659 om.
3396 5596 3443 5659 tl
3476 5601 3535 5658 Ρ.
3645 5597 3690 5634 ⁸³
3719 5596 3818 5663 ιφ·

2321 5389 2367 5420 ⁸⁵
2398 5389 2541 5457 σώμ.
2570 5389 2691 5443 ὅλου
2720 5389 2780 5443 Β.
