4054 6216
268 260 403 316 “2|

1485 258 1572 312 DE
1613 257 1899 314 NA’I'URA
1941 256 2243 315 IIOMIMS.

3396 269 3536 323 “9.2

337 370 583 435 Ταύταις
610 372 706 425 οῦν
740 374 865 437 ταῖς
890 373 1041 444 τρισὶ
1079 371 1376 442 δυνάμεσιν
1427 370 1628 434 ἔξωθεν
1665 372 1853 424 ἐπεισ-

2029 372 2226 427 Tribus
2256 372 2340 427 his
2360 373 2521 443 igitur
2549 387 2685 443 quas
2710 378 3134 435 memoravimus
3158 378 3531 447 facultatibus,

266 468 465 534 άγεται
484 464 545 516 τὸ
564 466 906 536 κατάλληλον
925 466 1023 536 τῆς
1050 465 1357 534 δυνάμεως.
1373 464 1470 517 Διά
1492 464 1593 533 μὲν
1616 464 1724 534 γὰρ
1755 465 1852 533 τῆς

264 556 500 626 τροφῆς,
549 556 607 608 αἱ
639 555 735 608 τοῦ
791 557 1025 624 αἵματος
1059 557 1236 624 πηγαὶ
1268 555 1326 621 ἐξ
1348 557 1560 626 ἥπατος
1594 555 1815 626 βρύουσι
1837 572 1850 587 ·

264 648 327 701 τὸ
359 648 419 701 δέ
458 647 756 718 ἐγκάρδιον
791 647 1011 717 πνεῦμα
1039 648 1127 701 διὰ
1154 647 1247 701 τοῦ
1285 648 1528 714 γείτονος
1559 649 1852 715 ἐπεισάγε-

265 755 356 792 ται
384 740 703 807 σπλάγχνου
727 754 740 768 ·
770 738 798 790 ὃ
826 740 872 771 δ’
897 739 1146 791 καλεῖται
1182 737 1281 808 μὲν
1331 737 1614 807 πνεύμων,
1646 738 1761 791 ἔστι
1796 737 1853 789 δὲ

264 830 361 883 ¹τοῦ
391 832 438 863 ⁸ο
470 832 635 901 ἀέρος
666 830 876 899 δοχεῖον
905 829 995 882 διά
1025 829 1125 899 τῆς
1151 830 1482 898 ἐγκειμένης
1508 830 1654 899 αὐτῷ
1688 831 1855 901 ἀρτηο

269 922 414 991 ρίας,
450 923 551 988 τῆς
597 922 691 974 ἐπὶ
718 921 779 972 τὸ
811 920 990 988 στόμα
1020 917 1284 989 ἀγούσης,
1317 918 1374 970 τὺ
1405 917 1604 981 ἔξωθεν
1638 918 1855 987 πνεῦμα

262 1011 328 1063 τὸ
362 1012 422 1063 ἐν
457 1012 578 1072 ταῖς
611 1010 909 1070 ἀναπνοαῖς
959 1006 1349 1077 ἐφελκόμενον.
1384 1006 1544 1060 Κατά
1573 1007 1632 1062 τὸ
1687 1008 1852 1078 μέσον

264 1103 320 1156 δέ
352 1101 535 1154 αὐτῶν
580 1103 622 1132 ⁸⁸
663 1102 695 1169 ἡ
742 1098 942 1169 καρδία
977 1099 1372 1169 ἐνειλημμένη,
1426 1098 1571 1150 κατὰ
1622 1098 1854 1167 μίμησιν

265 1195 366 1264 τῆς
415 1193 511 1246 τοῦ
578 1193 892 1264 ἀεικινήτου
944 1192 1116 1262 πυρὸς
1156 1191 1439 1261 ἐνεργείας
1494 1189 1855 1251 ἀδιαλείπτως

266 1288 362 1340 καὶ
391 1285 534 1355 αὑτὴ
564 1285 888 1355 κινουμένη,
923 1284 1073 1338 ἕλκει
1109 1284 1244 1356 πρὸς
1278 1284 1478 1352 ἑαυτὴν
1515 1285 1578 1336 ὲκ
1617 1282 1711 1335 τοῦ
1749 1299 1856 1334 πα-

265 1378 595 1451 ρακειμένου
640 1376 721 1447 τῷ
751 1377 1019 1447 πνεύμονι
1051 1378 1095 1409 θ’
1148 1377 1366 1446 πνεῦμα
1418 1374 1764 1445 πληροῦσθαι
1808 1373 1855 1406 ⁸³

264 1474 331 1541 τῇ
368 1469 625 1539 διαστολῇ
673 1469 773 1532 τὰς
807 1469 1164 1540 κοιλότητας*
1212 1470 1305 1521 καὶ
1353 1468 1414 1519 τὸ
1465 1466 1713 1533 πυρῶδες
1755 1466 1856 1519 αύ-

265 1564 366 1632 τῆς
420 1560 467 1592 ⁸⁵
537 1561 935 1630 ἐκριπίζουσα,
1012 1564 1135 1623 ταῖς
1212 1560 1501 1629 ἐχομέναις
1560 1559 1855 1630 ἀρτηρίαις

264 1656 486 1724 ἐμπνεῖ,
536 1657 631 1708 καὶ
682 1653 842 1707 τοῦτο
880 1653 1112 1706 ποιοῦσα
1164 1654 1224 1705 ού
1280 1652 1583 1705 διαλείπειο
1636 1652 1697 1704 τὺ
1753 1652 1852 1721 μὲν

1956 464 2101 531 quod
2134 466 2331 531 cuique
2371 475 2656 534 congruat,
2688 466 3033 521 extrinsecus
3059 468 3528 525 subministratur.

1958 555 2257 624 Siquidem,
2294 557 2534 612 alimenti
2568 560 2762 629 gratia,
2815 575 2915 613 ceu
2961 559 3203 613 forrtieuli
3252 565 3533 631 sanguinis

1956 662 1984 699 a
2030 648 2271 715 jecinore
2298 658 2538 715 seatent;
2575 667 2671 704 cor
2718 662 2897 704 autem
2926 651 2992 703 ah
3031 662 3174 716 exto,
3209 654 3296 706 cui
3334 671 3533 710 nomen

1955 738 2160 804 pulmo,
2190 737 2260 790 oh
2294 738 2413 807 ejus
2450 740 2702 793 viciniam
2749 741 3002 809 spiritum
3042 752 3344 798 mutuatur.
3395 743 3531 799 Nam

1954 827 2162 896 pulmo,
2221 830 2432 881 arteriae
2483 845 2604 898 quae
2656 830 2761 884 sibi
2800 831 3100 884 acclinatur
3141 831 3338 897 oﬂicio,
3393 835 3536 887 aeris

1966 917 2369 984 receptaculum
2428 929 2535 984 est,
2569 920 2661 988 qui
2728 921 2999 988 spiritum,
3033 922 3122 990 qui
3179 925 3536 991 respiratione

1956 1008 2022 1059 al:
2045 1007 2407 1061 exterioribus
2441 1010 2749 1072 attrahitur,
2780 1009 2847 1063 ad
2872 1026 2935 1064 os
2959 1012 3223 1078 perducit.
3258 1014 3359 1082 31
3394 1016 3531 1067 Cum

1957 1098 2009 1148 in
2047 1097 2225 1149 medio
2258 1096 2376 1165 ejus
2420 1112 2513 1150 cor
2550 1098 2813 1152 insertum
2864 1100 3149 1166 consistat,
3179 1104 3323 1170 quod
3361 1104 3533 1157 instar

1956 1197 2217 1255 perpetuo
2247 1188 2515 1241 moventis
2570 1188 2711 1257 ignis
2743 1204 3023 1257 nunquam
3064 1191 3344 1245 desinente
3381 1204 3530 1247 motu

1956 1288 2210 1355 agitatur,
2244 1286 2372 1340 dum
2400 1286 2519 1355 ejus
2549 1302 2678 1339 cava
2710 1302 2820 1355 pra:
2867 1288 2951 1340 sui
2993 1291 3308 1343 extensione
3337 1291 3533 1359 spiritu

1956 1380 2256 1447 replentur,
2293 1394 2454 1447 quem
2494 1378 2559 1431 ad
2593 1393 2652 1433 se
2689 1378 2760 1432 ab
2792 1378 2894 1433 sibi
2926 1379 3236 1433 adlnerente
3275 1381 3533 1449 pulmone

1955 1470 2197 1534 attrahit,
2248 1470 2398 1535 illud,
2432 1470 2655 1539 quodin
2707 1471 2823 1539 ipso
2884 1471 3097 1540 igneum
3147 1480 3230 1525 est
3278 1472 3531 1536 cillando,

1956 1564 2174 1616 arteriis
2231 1578 2351 1631 qua:
2403 1562 2477 1615 illi
2536 1562 2798 1631 proxima!
2857 1572 2985 1616 sunt
3030 1564 3277 1633 inspirat,
3335 1573 3387 1618 et
3432 1565 3536 1619 hoc

1955 1655 2171 1723 quidem
2216 1669 2415 1708 munus
2474 1669 2754 1722 nunquam
2801 1654 3067 1709 destituit.
3116 1653 3393 1722 Siquidem
3442 1669 3539 1707 cor

266 1744 469 1806 ἔξωθεν
505 1743 596 1797 διὰ
626 1743 725 1813 τῆς
766 1742 1057 1811 διαστολῆς
1100 1744 1179 1803 είς
1209 1742 1310 1804 τὰς
1345 1741 1482 1804 ίδίας
1529 1741 1849 1812 κοιλότητας

1961 1762 2114 1808 cava,
2150 1762 2271 1814 qua:
2317 1747 2370 1799 in
2414 1747 2532 1815 ipso
2566 1755 2713 1809 sunt,
2762 1746 2815 1799 iu
2857 1747 2940 1801 sui
2984 1747 3304 1801 extensione
3338 1747 3536 1815 spiritu

266 1833 525 1897 ἕλκουσα,
556 1832 618 1886 τὸ
649 1832 705 1884 δὲ
738 1831 872 1899 παρ’
901 1831 1104 1900 ἐαυτῆς
1128 1830 1172 1865 ⁵³
1195 1829 1282 1882 διὰ
1315 1829 1413 1898 τῆς
1445 1828 1711 1897 συστολῆς
1733 1830 1853 1890 ταῖς

268 1924 563 1994 ἀρτηρίαις
628 1921 955 1994 ἐκκρίνουσα
995 1922 1073 1952 ⁸⁸·
1107 1921 1134 1973 ὅ
1168 1936 1258 1990 μοι
1299 1921 1447 1973 δοκεῖ
1496 1921 1589 1972 καὶ
1629 1919 1729 1989 τῆς
1764 1921 1855 1973 αῦ-

268 2018 506 2086 τομὰτου
536 2014 711 2085 αὐτῆς
758 2014 803 2046 ⁵⁷
854 2012 1354 2081 ἀναπνοῆςαίτιον
1404 2013 1537 2082 ἡμῖν
1580 2012 1850 2079 γίνεσθαι.

270 2109 542 2171 Πολλάκις
571 2108 682 2178 γὰρ
723 2108 752 2159 ὁ
788 2107 886 2177 μὲν
926 2106 1053 2169 νοῦς
1081 2105 1308 2175 ἄσχολός
1341 2107 1457 2156 ἐστι
1499 2105 1543 2135 ⁸⁸
1573 2105 1709 2175 πρὸς
1740 2103 1855 2156 ἐτέ-

274 2219 403 2273 ρους
447 2200 581 2271 ⁸⁹,ἣ
627 2199 725 2254 καὶ
777 2199 1127 2254 παντάπασιν
1170 2199 1371 2267 ἠρεμεῖ
1400 2197 1468 2259 ⁷ο,
1513 2196 1768 2258 λυθέντος
1798 2197 1856 2247 ἐν

270 2293 351 2364 τῷ
388 2292 544 2363 ὕπνῳ
583 2291 679 2346 τοῦ
714 2292 758 2325 ⁷⁸
810 2289 1065 2361 σώματος
1088 2303 1103 2317 ⁸
1138 2290 1171 2360 ἡ
1206 2289 1262 2341 δὲ
1296 2288 1542 2359 ἀναπνοὴ
1567 2287 1661 2341 τοῦ
1695 2288 1858 2359 ἀέρος

272 2387 334 2441 οὐ
361 2387 630 2439 διαλείπει
675 2385 795 2457 μηδ’
824 2383 1003 2437 ὁτιοῦν
1033 2384 1103 2445 ⁷⁸,
1151 2382 1523 2450 συνεργούσης
1573 2382 1653 2441 είς
1698 2379 1857 2433 τοῦτο

270 2478 374 2547 τῆς
402 2476 794 2546 προαιρέσεως.
837 2472 1054 2544 Ἀραιός
1085 2474 1129 2505 ⁷³
1159 2488 1245 2534 τις
1277 2471 1352 2524 ὢν
1398 2473 1426 2524 ὁ
1460 2470 1725 2540 πνεύμων
1759 2471 1856 2523 καὶ

274 2567 577 2639 πολύπορος
617 2570 683 2632 ⁷⁸,
735 2568 830 2620 καὶ
865 2567 1045 2628 πάσας
1084 2563 1184 2627 τὰς
1239 2565 1296 2618 ἐν
1344 2563 1495 2633 αὐτῷ
1526 2562 1857 2633 κοιλότητας

275 2659 415 2731 πρὸς
442 2659 535 2711 τὸν
563 2657 812 2727 πυθμένα
841 2659 941 2727 τῆς
964 2655 1228 2727 τραχείας
1260 2654 1532 2724 ἀρτηρίας
1556 2654 1860 2723 ἀνισταμέ-

275 2769 374 2815 νας
398 2752 443 2783 ⁷⁸
472 2751 616 2821 ἔχει·
647 2748 1039 2819 περιείληπται
1073 2748 1130 2800 δὲ
1161 2748 1195 2817 ἡ
1226 2747 1423 2818 καρδία
1456 2745 1607 2815 αὐτῷ
1648 2745 1715 2808 ⁷⁸,
1766 2745 1860 2797 καὶ

274 2842 638 2914 προσπέφυκε
672 2840 815 2894 κατά
841 2839 1091 2893 ὀπίσοιον
1125 2839 1169 2869 ⁷⁷
1206 2837 1374 2908 μέρος
1405 2837 1598 2907 αὐτῆς.
1627 2837 1860 2889 Συστελ-

275 2937 505 3007 λόμενος
527 2937 574 2968 ⁷⁸
611 2938 711 3007 μὲν
738 2938 784 2968 ⁷³
810 2939 904 2989 καὶ
937 2936 1295 3006 συμπίπτων,
1326 2935 1389 2988 τὸ
1410 2935 1859 3006 ἐναποκρατηθέν

1958 1837 2147 1904 replet.
2180 1835 2347 1902 ldem,
2378 1851 2487 1905 pra:
2519 1836 2602 1889 sui
2629 1837 3024 1901 contractione,
3051 1838 3101 1889 in
3127 1837 3354 1890 arterias
3377 1851 3535 1890 eum-

1954 1929 2075 1981 dem
2104 1926 2364 1988 excernit,
2396 1936 2449 1980 et
2479 1927 2595 1981 haec
2622 1935 2935 1995 spontanerc
2966 1928 3191 1992 spiritus
3223 1930 3534 1996 reciproca-

1956 2018 2124 2071 tionis
2168 2032 2332 2071 causa
2388 2032 2509 2071 esse
2563 2018 2616 2070 in
2677 2017 2831 2071 nobis
2886 2017 3234 2072 manifestum
3283 2019 3532 2073 habetur.

1955 2108 2107 2164 Mens
2138 2118 2342 2173 autem,
2374 2110 2587 2163 tametsi
2638 2124 3014 2178 smpenumero
3058 2111 3205 2163 circa
3237 2110 3340 2163 alia
3388 2118 3533 2179 agat,

1955 2216 2076 2271 qua:
2125 2200 2349 2253 omnino
2398 2200 2703 2267 quiescunt,
2738 2209 2999 2259 attamen.
3033 2216 3154 2254 cum
3200 2215 3400 2269 corpus
3435 2215 3536 2254 no-

1956 2304 2131 2349 strum
2162 2293 2214 2345 in
2258 2308 2509 2347 somnum
2544 2293 2851 2357 resolvitur,
2910 2294 3055 2347 aeris
3085 2292 3372 2361 respiratio
3424 2308 3535 2347 non

1956 2385 2172 2439 desistit
2193 2423 2205 2447 ,
2255 2383 2371 2453 ipsa
2404 2384 2684 2437 voluntate
2720 2400 2785 2437 ne
2811 2384 3081 2437 tantillum
3104 2384 3322 2453 quidem
3353 2384 3405 2437 in
3434 2385 3539 2438 hoc

1956 2489 2303 2547 cooperante.
2330 2476 2463 2530 Cum
2496 2486 2676 2531 autem
2709 2477 2894 2545 pulmo
2945 2492 3068 2530 rara
3100 2476 3333 2545 quadam
3361 2483 3537 2529 mate—

1958 2571 2035 2624 ria
2061 2576 2273 2623 constet
2297 2607 2311 2631 ,
2342 2579 2396 2620 et
2426 2568 2842 2637 quamplurimis
2865 2569 3132 2621 meatibus
3160 2567 3418 2636 praeditus
3442 2567 3535 2632 sit,

1958 2679 2011 2723 et
2037 2683 2158 2722 cum
2192 2681 2422 2736 qumque
2476 2668 2595 2735 ejus
2628 2681 2762 2719 cava
2803 2665 3006 2719 hiantia
3040 2666 3106 2718 ad
3163 2680 3369 2733 aspera:
3397 2673 3539 2717 arte—

1959 2760 2054 2814 riae
2081 2758 2309 2812 fundum
2335 2759 2628 2821 contineat,
2653 2773 2768 2822 cor,
2793 2757 3094 2826 posteriore
3110 2756 3193 2809 sui
3216 2766 3369 2824 parte
3391 2761 3535 2808 arte-

1958 2854 2053 2907 riae
2083 2852 2386 2914 adhaerens,
2418 2858 2472 2903 et
2500 2848 2746 2917 pulmoni
2794 2848 3179 2917 complicatum
3230 2846 3359 2899 dmn
3395 2859 3535 2898 con-

1965 2943 2220 3006 trahitur,
2246 2958 2308 2995 ae
2336 2941 2595 3005 concidit,
2619 2955 2729 3005 prae.
2753 2940 2836 2993 sui
2867 2937 3236 2991 contractione
3260 2937 3537 3005 spiritum,

274 3030 441 3085 αὐτοῦ
474 3030 521 3062 ⁸⁸
558 3032 679 3091 ταῖς
732 3029 1010 3097 κοιλότησι
1044 3027 1264 3097 πνεῦμα
1294 3028 1566 3090 ἐκπιέζων
1592 3028 1635 3059 ⁸³
1671 3028 1856 3097 προτε-

390 3135 398 3137 s
439 3121 501 3137 σν
638 3120 694 3137 κ-
784 3119 830 3137 θὶ
914 3120 954 3137 με
1006 3119 1043 3137 3,
1076 3136 1085 3137 κ
1124 3119 1180 3137 με)
1242 3136 1249 3137 κ
1344 3136 1349 3137 ,
1415 3119 1429 3137 1
1522 3120 1711 3137 ,AS__,A
1770 3117 1851 3137 0-2,

1961 3050 2121 3103 quem
2176 3035 2231 3085 ir.
2287 3033 2435 3086 cavis
2481 3032 2596 3087 suis
2653 3031 2903 3097 partibus
2961 3030 3336 3093 continuerat,
3386 3037 3539 3081 extra

274 3135 402 3175 ται*
432 3120 737 3190 ὑποχωρῶν
780 3119 840 3171 δέ
870 3120 964 3171 καὶ
997 3119 1373 3188 ἀνοιγόμενος,
1412 3119 1718 3171 ἐπισπᾶται
1765 3117 1853 3170 διὰ

271 3211 373 3282 τῆς
398 3211 562 3282 ὁλκῆς
592 3212 685 3264 τὸν
704 3212 861 3281 ἀέρα·
886 3212 982 3264 καὶ
1006 3210 1146 3279 αὕτη
1180 3212 1347 3274 ἐστὶν,
1374 3210 1447 3273 ὡς
1478 3210 1721 3279 εἴρηται,
1752 3208 1855 3277 τῆς

276 3304 645 3376 ἀπροαιρέτου
679 3303 1018 3373 ἀναπνοῆςὴ
1052 3303 1222 3357 αἰτία.
1254 3303 1347 3356 Διὸ
1378 3303 1472 3355 καὶ
1496 3301 1648 3371 παρὰ
1693 3299 1856 3369 φύσιν

276 3397 629 3461 ἐπιταθέντος
661 3397 795 3450 ποτὲ
828 3396 874 3428 ⁸⁸
902 3394 998 3448 τοῦ
1041 3395 1142 3465 τῆς
1173 3395 1402 3465 καρδίας
1454 3395 1739 3465 πυρώδους
1786 3391 1854 3459 ⁸⁸,

279 3492 347 3545 ἐκ
383 3488 693 3559 φλεγμονῆς
743 3486 932 3556 τυχὸν,
962 3486 996 3557 ἦ
1029 3502 1175 3548 τινος
1216 3486 1404 3549 πόνου,
1440 3485 1501 3537 τὺ
1534 3482 1719 3553 ἆσθμα
1746 3482 1856 3535 τῶν

276 3578 594 3648 ἀλγούντων
619 3576 1012 3644 συνεχέστερον
1031 3572 1265 3641 γίνεται,
1287 3572 1380 3626 καὶ
1398 3572 1492 3625 τοῦ
1524 3572 1664 3625 κατά
1694 3571 1854 3640 φύσιν

282 3670 616 3741 μικρότερον
646 3667 741 3719 καὶ
770 3667 1102 3736 πυκνότερον
1132 3666 1177 3697 ⁸⁵
1196 3680 1209 3695 °
1240 3665 1335 3717 καὶ
1370 3665 1698 3735 μικρότερον
1733 3663 1853 3732 μὲν,

280 3765 371 3817 ἵνα
400 3762 475 3834 μὴ
510 3760 869 3830 σφοδρότερον
893 3758 1105 3829 πλήττῃ
1128 3776 1181 3810 τι
1212 3759 1306 3810 καὶ
1338 3758 1620 3810 ὀδυνᾶται’
1654 3757 1856 3808 πυκνό-

281 3869 441 3925 τερον
484 3851 563 3915 δέ,
593 3850 681 3902 ἴνα
730 3849 790 3901 τὸ
823 3848 1010 3917 λεῖψαν
1038 3847 1178 3900 κατά
1232 3846 1465 3917 μέγεθος
1500 3848 1533 3917 ἡ
1583 3847 1859 3914 πυκνότης

282 3940 693 4012 ἀναπληρώσῃ·
732 3940 921 4010 ὥσπερ
956 3940 1317 4009 ἐπειγομένης
1365 3939 1465 4008 τῆς
1496 3937 1723 4007 καρδίας
1766 3936 1857 3989 τὸν

284 4034 598 4104 ἐμπεσόντα
656 4033 797 4101 αὐτῇ
852 4030 1096 4100 φλογμὸν
1131 4029 1210 4099 τῷ
1246 4029 1573 4101 νεαρωτέρῳ
1608 4028 1703 4081 καὶ
1747 4028 1851 4098 ψυ-

284 4128 529 4199 χροτέρῳ
550 4128 596 4159 ⁸⁸
622 4123 898 4193 πνεύματι
929 4122 1290 4177 κατασϐέσαι.

286 4227 396 4273 tur.
433 4215 831 4272 Concitationis
851 4227 980 4268 vero
1011 4212 1124 4266 haec
1152 4228 1317 4268 causa
1349 4214 1598 4277 habetur,
1633 4221 1691 4266 ut
1720 4210 1862 4280 quod
1903 4209 1969 4263 de
2026 4211 2398 4281 magnitudine
2445 4210 2769 4273 detrahitur,

1960 3124 2203 3178 emittit:
2250 3124 2377 3177 dum
2413 3138 2544 3175 vero
2593 3120 2955 3181 distenditur,
2996 3126 3385 3187 reseraturque
3430 3132 3542 3185 pra:

1962 3216 2046 3271 sui
2095 3222 2293 3276 tractu,
2345 3229 2525 3266 aerem
2561 3212 2761 3276 sumit;
2806 3219 2859 3264 et
2899 3211 3036 3273 hme,
3079 3221 3138 3263 ut
3179 3209 3539 3270 asseruimus,

1962 3318 2278 3377 spontaneze
2320 3307 2543 3375 spiritus
2599 3303 3048 3373 reciprocationis
3090 3316 3257 3356 causa
3291 3301 3540 3355 habetur.

1962 3398 2365 3467 Quamobrem,
2419 3399 2463 3453 si
2522 3397 2740 3467 quando
2797 3396 2981 3449 cordis
3054 3394 3289 3448 calorem
3352 3400 3565 3461 prazter.

1960 3491 2259 3561 legitimum
2292 3499 2500 3544 natura!
2530 3490 2799 3551 ordinem,
2836 3496 3050 3541 tumore
3108 3485 3188 3537 vel
3224 3484 3413 3537 dolore
3442 3482 3544 3537 ali-

1962 3597 2071 3651 quo
2098 3589 2361 3635 causante
2383 3577 2841 3631 vehementiorem
2877 3588 2998 3627 esse
3021 3570 3333 3640 contigerit,
3377 3569 3430 3622 in
3455 3569 3543 3623 his

1963 3675 2052 3742 qui
2097 3681 2380 3741 aegrotant,
2418 3672 2588 3736 magis
2619 3668 2897 3731 assiduus,
2934 3665 3261 3730 breviorque
3312 3678 3375 3717 ac
3408 3677 3542 3716 con—

1963 3761 2177 3815 citatior
2212 3777 2373 3828 quam
2408 3768 2621 3813 naturae
2652 3758 2834 3825 exigat
2872 3756 3032 3819 ordo,
3062 3754 3335 3808 anhelitus
3366 3752 3545 3806 cerni-

1967 3862 2073 3903 tur.
2106 3849 2171 3902 Et
2204 3851 2303 3903 hac
2329 3849 2549 3916 quidem
2576 3848 2642 3901 de
2676 3861 2862 3913 causa,
2903 3856 3098 3899 natura
3152 3843 3268 3912 ipsa
3310 3842 3364 3895 in
3409 3842 3544 3895 ail‘e-

1962 3938 2065 3993 ctis
2121 3940 2421 3993 breviorem
2470 3953 2535 3991 ac
2564 3936 2976 3990 concitatiorem
3033 3934 3331 3987 anhelitum
3359 3932 3542 3996 eﬂicit,

1963 4045 2049 4092 ne,
2079 4032 2123 4084 si
2182 4030 2474 4083 vehemens
2534 4028 2819 4097 ingruerit,
2855 4026 3291 4080 vehementiores
3346 4023 3547 4079 inferat

1963 4119 2124 4183 ictus,
2144 4129 2196 4172 et
2222 4119 2395 4173 atl‘ecti
2417 4118 2755 4187 gravioribus
2777 4117 3058 4172 doloribus
3071 4116 3292 4169 obnoxii
3310 4116 3550 4170 reddan-

2844 4209 3141 4263 concitatio
3188 4208 3302 4278 ipsa
3358 4220 3551 4261 corro-

284 4318 394 4381 get,
415 4323 523 4379 quo
543 4304 849 4363 festinantis
873 4303 1055 4360 cordis
1084 4302 1459 4371 inﬂammatio,
1493 4320 1615 4375 qua:
1641 4304 1695 4357 in
1748 4306 1924 4374 ipsum
1964 4303 2192 4370 incidit,
2241 4303 2559 4359 recentioris
2610 4301 3012 4373 irigidiorisque
3044 4300 3204 4354 ﬂatus
3258 4300 3308 4353 vi
3358 4298 3551 4354 redda-

287 4413 376 4458 tur
406 4403 694 4458 exstincta.

362 4564 521 4628 Τινὲς
554 4563 613 4617 δέ
643 4563 878 4634 φυσικὴν
910 4562 1070 4633 μόνον
1093 4560 1355 4631 ἐνόμισαν
1388 4558 1433 4590 ⁸⁸
1455 4536 1562 4629 τὴν
1590 4555 1867 4624 ἀναπνοὴν
1902 4569 1944 4622 D

290 4651 433 4709 εἶναι
456 4670 470 4685 '
523 4656 623 4708 οὐκ
663 4654 780 4707 ἔστι
812 4654 902 4706 δέ·
936 4652 1074 4706 ἀλλὰ
1109 4653 1202 4705 καὶ
1238 4650 1446 4720 ψυχικὴ
1492 4648 1585 4702 καὶ
1622 4646 1861 4717 φυσική·

292 4748 611 4817 συνεπλάκη
640 4747 750 4817 γὰρ
772 4746 851 4816 τῷ
881 4745 1100 4816 ψυχικῷ
1128 4744 1188 4797 τὸ
1226 4742 1475 4812 φυσικόν.
1523 4742 1589 4793 ἸΙ
1625 4741 1721 4810 μὲν
1764 4739 1871 4809 γὰρ

290 4838 523 4893 κινοῦσα
552 4840 622 4892 τὰ
655 4839 863 4908 ὄργανα
893 4839 1144 4907 δύναμις,
1190 4834 1428 4905 ψυχική·
1461 4835 1492 4902 ἡ
1523 4832 1581 4885 δὲ
1610 4831 1869 4903 ἀρτηρία,

288 4930 358 4983 δι’
392 4926 461 5001 ἦς
506 4928 828 5000 ἠένέργεια
872 4928 1129 4992 τελεῖται,
1176 4925 1406 4995 ὄργανόν
1452 4925 1568 4976 ἐστι
1622 4921 1867 4991 φυσικὸν,

292 5022 389 5074 καὶ
429 5022 474 5054 ⁸⁷
510 5020 599 5075 del.
631 5021 979 5091 κινούμενον.
1014 5020 1200 5072 Πάντα
1235 5019 1291 5072 δέ
1325 5016 1391 5070 τὰ
1418 5016 1686 5089 ὀργανικὰ
1713 5015 1867 5081 λεγό-

362 5242 410 5275 ⁸⁹
444 5244 472 5295 ὁ
497 5257 606 5296 om.
643 5241 706 5295 (Ζ.

287 5315 390 5384 τῆς
418 5314 481 5384 C.
557 5312 601 5384 ‘i’
633 5314 773 5384 παρ’.
791 5313 1003 5384 ἑαυτοῖς

294 5376 388 5455 μέῖ
410 5383 478 5437 Α.
572 5383 615 5415 ⁷⁸
646 5376 796 5452 τῷΑ
906 5382 951 5412 ⁷²
988 5376 1201 5432 ούτιοῦν
1229 5378 1296 5430 Α.

292 5523 341 5591 νο
382 5522 665 5591 agt-(pom,
707 5520 769 5575 (ζ,
846 5521 891 5553 ⁷⁷
912 5520 1126 5591 κεφαλὴ
1158 5518 1218 5572 τὸ
1244 5519 1335 5572 όπ.
1460 5519 1514 5572 Ρ.

783 5242 827 5273 ⁶⁰
858 5240 954 5294 τοῦ
986 5253 1096 5294 om.
1125 5237 1165 5293 C
1195 5236 1252 5290 P.
1330 5238 1371 5267 ⁶¹
1408 5234 1497 5290 Sic
1538 5235 1601 5299 C,
1631 5234 1793 5289 αὐτὸν
1824 5233 1888 5287 Α.

1167 5309 1213 5339 ³⁸
1239 5306 1590 5376 είσκρίνουσα
1610 5307 1679 5376 (ἐς
1734 5306 1776 5335 ⁸⁷
1812 5303 2081 5376 ταύτηςλῦ

1387 5377 1435 5407 ⁷³
1467 5376 1627 5445 ἁρεὸς
1652 5375 1713 5440 C,
1757 5374 1947 5445 ἀραιὸς
1974 5366 2090 5443 ’γὰρ
2121 5371 2178 5425 Ρ.
2255 5369 2303 5400 ⁷⁸
2332 5366 2663 5430 πολύπειρος
2700 5366 2761 5420 C.

1604 5518 1650 5549 ⁷⁸
1684 5514 2086 5586 συστελλομένη

2049 4557 2295 4620 Interea,
2353 4555 2583 4625 spiritus
2621 4551 3104 4621 reciprocationem
3162 4547 3411 4601 nonnulli
3450 4561 3551 4603 na-

1978 4656 2109 4699 tura;
2155 4656 2363 4699 tantum
2415 4646 2589 4700 oilieio
2647 4642 2933 4713 provenire
2980 4654 3086 4692 non
3139 4649 3281 4692 recte
3329 4638 3547 4707 quidem

1974 4738 2073 4791 rati
2094 4749 2239 4799 sunt,
2271 4739 2473 4806 quippe
2495 4744 2742 4803 qualum
2763 4742 2988 4795 naturae,
3009 4740 3118 4783 tum
3151 4730 3345 4783 anima:
3372 4728 3548 4783 oilieio

1975 4827 2277 4896 provenit:
2342 4826 2448 4893 32
2498 4823 2775 4877 enimvero
2834 4820 3079 4874 naturale
3133 4835 3256 4874 cum
3326 4819 3549 4873 animali

1976 4925 2284 4972 consertum
2310 4915 2524 4969 exsistit
2582 4912 2671 4967 Vis
2714 4927 2947 4980 namque
2985 4926 3015 4964 a
3056 4926 3161 4980 qua
3188 4912 3549 4965 instrumenta

1976 5019 2263 5067 moventur
2306 5007 2502 5061 anima:
2544 5015 2665 5073 est;
2720 5005 2921 5060 arteria
2968 5018 3134 5068 vero,
3178 5017 3283 5072 qua
3342 5010 3552 5055 natura

1965 5233 2009 5263 θ’
2042 5246 2248 5305 παρακ.
2288 5226 2588 5305 πνεύμονος
2614 5225 2743 5305 (ξιξ.
2821 5219 3275 5305 δξπληροῦσῒαῆϐ.
3317 5219 3553 5305 Μ⁶⁸⁵νέαυσι

2245 5299 2289 5330 ⁸⁸
2313 5290 2625 5367 ἀσχόλεῖται
2648 5295 2688 5350 C
2712 5295 2771 5348 Ρ.
2849 5294 2892 5324 ⁸⁸
2923 5290 3086 5362 ἕτερα
3117 5290 3158 5343 C
3178 5290 3239 5343 P.
3317 5290 3361 5321 7°
3389 5290 3556 5413 ἠρερ·

2255 5369 2303 5400 ⁷⁸
2332 5366 2663 5430 πολύπειοος
2700 5366 2761 5420 C.
2845 5365 2889 5395 ⁷⁵
2920 5360 3379 5432 ἀνεστομωμένας
3412 5362 3452 5414 (λ
3534 5398 3551 5414 .

2286 5510 2333 5541 ⁷⁹
2369 5508 2425 5561 δέ
2456 5507 2501 5561 Α
2528 5506 2567 5559 Β
2599 5506 2659 5561 C.
2726 5505 2770 5535 ⁸⁸
2800 5502 2947 5573 αὐτῷ
2983 5502 3042 5557 C.
3113 5502 3157 5535 ³¹
3200 5447 3459 5573 ἐκπιέζιέζ
3490 5502 3555 5554 Α.

290 5589 340 5663 ξ’
373 5571 536 5663 ποτὸῖ
654 5571 1004 5663 ήῗίπυρώδηξ
1027 5571 1093 5647 VC.
1114 5571 1126 5591 ⁸
1180 5571 1226 5622 έδ
1264 5571 1485 5642 πυκνός.
1515 5606 1569 5641 κ.
1608 5589 1824 5659 μικρός.
1867 5571 1963 5640 Α.’
2007 5586 2052 5616 ⁸⁵
2076 5571 2142 5633 ’τὸ
2166 5580 2505 5652 νεαρώτερον
2539 5595 2594 5630 κ.
2629 5571 2960 5647 ψυχρότερον
2988 5576 3052 5627 A.
3126 5574 3171 5605 ⁸⁸
3195 5571 3456 5641 ὲννόησαν
3489 5573 3563 5636 Α»

292 5661 340 5694 ⁸⁷
369 5661 460 5714 καὶ
493 5675 600 5714 om.
638 5660 701 5714 Ω.
