4066 6214
540 276 681 331 “93

1854 262 2134 316 MEH‘LTII
2181 262 2489 316 MUNACHI

3684 269 3809 323 ll?!

536 394 679 449 actio
728 388 1045 462 perﬁcitur,
1094 393 1306 439 natura:
1367 388 1790 439 tnstrumenium
1822 419 1836 443 ,
1895 389 1949 433 et
2007 396 2115 449 pcr-

2232 396 2369 449 μενα
2402 380 2590 450 μόρια,
2631 380 2724 433 καὶ
2753 382 2850 434 ὅσα
2878 382 2965 434 διὰ
2996 387 3206 457 νεύρων
3235 383 3328 435 καὶ
3364 384 3516 452 μυῶν
3554 388 3805 449 κινεῖται,

538 485 681 556 petiti
719 491 903 536 motus
956 486 1038 532 est
1075 476 1386 546 :siquidem
1427 474 1696 528 universae
1751 480 1952 542 partes,
1996 486 2119 541 qua:

536 572 980 632 instrnmentales
1010 574 1475 639 nuncupantur,et
1496 581 1617 635 quae
1640 580 1929 619 nervorum
1968 580 2119 618 mus-

537 669 893 733 culorumque
926 660 1109 715 ofﬁcio
1151 668 1360 714 motum
1408 667 1695 727 peragunt,
1755 666 1809 711 et
1856 657 2120 710 animales

533 767 683 819 sunt,
703 765 755 811 et
776 755 841 809 ad
870 753 1154 808 arbitrium
1183 760 1432 806 nostrum
1448 749 1823 818 perﬁciuntur,
1843 748 1957 802 sola
1980 748 2120 800 dun-

536 858 684 904 taxat
716 847 944 918 spiritus
974 843 1405 913 reciprocatione
1425 849 1672 909 excepta,
1699 854 1840 909 quae,
1874 847 1934 893 ut
1967 853 2118 893 asse-

536 942 768 1005 ruimus,
797 954 920 995 eum
957 938 1244 1005 utriusque
1278 935 1547 1003 particeps
1564 934 1640 998 tit,
1674 933 1843 986 invito
1897 931 2117 984 animali

535 1033 833 1103 perﬁcitur.
875 1020 980 1085 Sed
1014 1039 1067 1083 et
1116 1028 1366 1096 corporis
1399 1025 1705 1089 facultates,
1737 1034 1849 1077 tum
1879 1024 2116 1085 auctiva,

2224 471 2431 542 ψυχικά
2461 474 2520 526 τέ
2575 474 2693 526 ἐστι
2740 473 2833 525 καὶ
2884 475 3027 527 κατὰ
3056 476 3382 546 προαίρεσιν
3430 476 3803 531 ἀποτελεῖται·

2225 566 2366 635 πλὴν
2395 569 2495 637 τῆς
2549 568 2855 637 ἀναπνοῆς·
2891 567 3030 638 αὕτη
3066 569 3175 639 γὰρ
3218 570 3384 640 μικτή
3417 569 3477 622 τέ
3530 573 3706 633 ἐστιν,
3742 573 3808 635 ὡς

2225 660 2510 729 ἐδείξαμεν
2526 661 2594 725 ⁸⁸,
2624 664 2720 715 καὶ
2749 663 3134 733 ἀπροαιρέτως
3166 664 3513 718 ἀποτελεῖται
3536 664 3609 697 ’θ’
3639 666 3813 735 impo-

2226 752 2462 821 αιρέτως
2485 754 2542 806 δὲ
2569 754 2665 807 καὶ
2693 759 2725 825 ἡ
2759 755 3030 825 αὐξητικὴ
3073 754 3170 808 καὶ
3200 756 3232 825 ἡ
3264 755 3534 827 θρεπτικὴ
3570 756 3668 809 τοῦ
3712 757 3814 810 σιτι-

2232 858 2400 910 ματος
2454 841 2686 913 δύναμις
2730 845 2801 909 ³ο,
2849 845 3079 912 φυσικαὶ
3132 841 3327 899 οὖσαιο
3385 845 3521 900 ἀλλὰ
3547 848 3593 879 ’⁸
3636 849 3734 901 καὶ
3781 852 3814 919 ἡ

2228 933 2539 1004 σφυγμικὴ,
2579 934 2784 1006 ζωτικὴ
2829 932 2984 990 οὖσα.
3036 937 3101 991 Ἦ
3127 938 3185 991 δὲ
3213 936 3339 991 καθ’
3368 939 3548 1009 ὁρμὴν
3595 940 3815 1009 κίνησις

2227 1024 2324 1075 καὶ
2346 1026 2378 1091 η
2409 1025 2687 1095 αἴσθησις,
2720 1026 2970 1096 ψυχικαί.

536 1142 647 1183 mm
702 1125 981 1196 vegetalis,
1026 1137 1148 1193 qua:
1207 1122 1487 1176 naturales
1545 1129 1695 1183 sunt,
1745 1127 1796 1173 et
1851 1118 2119 1187 pulsatilis
2158 1117 2320 1172 etiam
2354 1133 2477 1188 qua:
2532 1120 2735 1183 vitalis,
2797 1120 2949 1176 nullo
3012 1124 3187 1176 nostri
3238 1122 3450 1179 ardltrii
3500 1123 3816 1179 ministerio

527 1220 796 1289 indigent.
836 1216 1011 1270 Motus
1040 1230 1188 1295 vero,
1233 1213 1325 1283 qui
1365 1229 1488 1269 cum
1527 1214 1760 1282 impetus
1791 1211 1868 1274 ﬁt,
1901 1221 1956 1266 et
1984 1226 2179 1266 sensus
2210 1211 2323 1280 ipse
2369 1211 2437 1266 ad
2470 1212 2707 1267 animam
2736 1213 2990 1268 refertur.

602 1309 748 1378 Quot
809 1325 1044 1380 namque
1108 1309 1473 1362 instrumenta
1531 1307 1755 1375 spiritus
1809 1304 2114 1373 reciproca-

532 1404 665 1458 tioni
718 1401 1038 1462 inserviant,
1091 1409 1145 1453 et
1198 1408 1334 1469 quot
1380 1397 1500 1463 ejus
1534 1410 1713 1450 cattsre
1767 1395 2112 1449 discrimina-

530 1510 639 1565 que
669 1493 991 1552 !tabcautur,
1050 1491 1104 1545 in
1152 1489 1442 1560 praesentia
1484 1488 1651 1542 missa
1687 1486 1972 1541 faciemus.
2016 1484 2109 1540 Vc-

532 1604 676 1649 rnm,
711 1602 835 1640 cum
873 1600 968 1638 cor
1018 1585 1196 1652 ipsum
1243 1582 1555 1652 pulmonem
1606 1588 1727 1649 post
1776 1594 1833 1633 se
1878 1578 2110 1647 positum

531 1678 747 1741 habeat,
798 1676 950 1730 illum
997 1690 1063 1728 eo
1112 1682 1270 1743 pacto
1313 1687 1424 1741 quo
1455 1686 1625 1739 nuper
1671 1670 2007 1725 asseruimus
2047 1669 2114 1723 ad

533 1778 743 1823 motum
786 1767 991 1836 dirigit.
1024 1764 1160 1821 Cum
1212 1773 1393 1819 autem
1433 1764 1610 1831 ipsum
1659 1778 1723 1817 ex
1775 1764 2006 1816 adverso
2040 1762 2117 1816 si-

531 1876 637 1915 nus
685 1858 989 1928 superioris
1044 1857 1252 1912 ventris
1301 1854 1606 1919 consistat,
1665 1854 1901 1908 calidum
1963 1853 2114 1907 illum

530 1962 696 2022 atque
722 1950 791 2006 ad
825 1965 1044 2020 propria
1071 1948 1256 2003 munia
1287 1946 1591 2016 peragenda
1615 1946 1868 1999 mobilem
1898 1945 2071 2000 reddit
2100 1965 2111 1999 :

530 2061 638 2099 non
673 2045 816 2112 quod
873 2044 1051 2112 ipsum
1100 2038 1567 2111 quemadmodum
1622 2049 1675 2092 et
1710 2038 2022 2107 pulmonem
2047 2037 2115 2091 ad

530 2137 779 2208 Spiritum
799 2134 1204 2201 attrahendum,
1226 2132 1319 2189 sed
1345 2146 1455 2201 quo
1477 2145 1775 2201 congruum
1798 2130 2114 2185 alimentum

529 2230 842 2284 desumeret
875 2226 1102 2282 excitat.

605 2319 724 2374 lluc
759 2319 898 2372 adde
949 2318 1097 2388 quod
1134 2332 1263 2372 cum
1289 2330 1384 2371 eor
1410 2316 1587 2385 ipsum
1632 2314 1775 2369 inter
1804 2314 2113 2384 pulmonem

530 2420 889 2477 ventremque
935 2408 1178 2463 medium
1224 2409 1509 2472 consistat,
1561 2407 1715 2461 alteri
1772 2406 1998 2476 spiritus
2026 2421 2116 2462 rc-

530 2503 943 2572 ciprocationis,
1000 2503 1179 2568 alteri,
1239 2516 1363 2571 qua:
1393 2501 1460 2555 ad
1500 2500 1817 2554 alimentum
1859 2500 2111 2564 attinent,

531 2596 818 2651 facultates
884 2596 1213 2666 impertitur.
1270 2593 1478 2649 Meatus
1517 2602 1697 2647 autem
1762 2603 2116 2663 utrorumque

529 2704 593 2742 ex
619 2688 737 2758 pari
764 2689 830 2743 ad
861 2702 923 2743 os
952 2688 1143 2743 directi
1172 2688 1442 2743 visuntur.
1481 2686 1645 2755 Atqui
1670 2686 1947 2756 pulmonis
1971 2701 2117 2740 mea-

531 2789 620 2835 tus
639 2795 742 2843 esu
761 2795 952 2849 aspera
978 2780 1198 2843 arteria,
1223 2781 1365 2834 alter
1381 2793 1509 2835 vero
1525 2778 1730 2835 ventris
1755 2777 1881 2847 gula
1905 2792 2117 2832 nuneu-

531 2884 710 2941 patur.
741 2872 1016 2938 Quoniam
1074 2888 1202 2926 vero
1257 2881 1445 2928 venter
1496 2870 1868 2926 concoctionis
1920 2871 2117 2924 instru-

532 2977 775 3021 mentum
824 2976 908 3020 est
954 2966 971 3035 (
1007 2966 1059 3019 in
1092 2965 1210 3034 ipso
1240 2965 1385 3019 enim
1441 2980 1563 3033 quae
1599 2978 1729 3019 esus
1770 2962 2011 3017 absumit
2060 2962 2112 3016 in

532 3071 758 3111 sucmtm
776 3055 1109 3125 vertuntur),
1137 3054 1409 3122 exemplo,
1437 3069 1559 3121 qum
1582 3053 1635 3106 in
1659 3054 1777 3121 ipso
1795 3052 1911 3106 ﬁeri
1937 3052 2117 3107 solent

532 3149 855 3219 planissime
903 3146 1426 3201 demonstrabimus.
1466 3142 1937 3208 Quemadmodum
1969 3143 2114 3197 enim

531 3259 595 3297 ex
645 3242 826 3294 tritico
865 3254 987 3293 cum
1023 3238 1179 3291 molae
1221 3236 1509 3290 adhibetur
1562 3233 1738 3288 farina
1792 3233 1874 3297 ﬁt,
1920 3233 2118 3289 dehinc

534 3334 651 3401 ipsa
683 3346 840 3400 aqua:
878 3329 1207 3384 admistione
1237 3328 1293 3381 in
1340 3341 1577 3381 massam
1610 3325 1892 3395 redigitur,
1928 3325 2114 3395 quain

534 3423 754 3477 fornace
784 3422 1031 3484 decocta,
1081 3428 1137 3475 et
1169 3435 1269 3475 nos
1291 3418 1583 3482 vescimur,
1609 3428 1662 3472 et
1701 3417 1824 3472 aliis
1873 3417 2119 3486 imperti-

534 3531 690 3570 mur:
720 3513 886 3585 hujus
925 3511 1144 3581 quidem
1202 3510 1446 3564 muneris
1474 3517 1663 3563 nostro
1695 3508 1747 3562 in
1775 3522 2006 3577 corpore
2038 3507 2115 3562 si-

535 3610 663 3664 mile
682 3607 957 3678 quoddam
981 3603 1246 3660 cernitur.
1283 3602 1563 3673 Siquidem
1584 3601 1769 3657 cibum
1790 3600 1967 3671 ipsum
1990 3600 2117 3654 den-

532 3701 668 3755 tium
687 3698 1009 3755 conﬁcimus
1024 3694 1221 3761 ofﬁcio,
1245 3695 1339 3764 qui
1368 3705 1490 3766 potu
1528 3693 1765 3751 admisto
1791 3693 1844 3747 iu
1870 3700 2113 3747 ventrem

532 3792 852 3848 demittitur.

598 3884 704 3940 Sed
734 3881 996 3954 quoniam
1031 3880 1148 3951 ipse
1170 3878 1298 3949 33,
1317 3878 1467 3933 utita
1491 3878 1693 3944 dicam,
1727 3877 1971 3932 fornacis
1999 3875 2117 3931 vice

536 3979 590 4032 in
619 3977 1014 4046 concoquendo
1035 3988 1197 4043 pane,
1236 3972 1303 4026 ad
1330 3987 1517 4026 eorum
1551 3971 1959 4026 concoctionem
1994 3969 2115 4041 plu-

536 4071 679 4124 rimo
705 4069 890 4123 calore
924 4066 1151 4135 indiget,
1186 4079 1301 4129 cor,
1352 4064 1422 4118 ab
1451 4064 1592 4133 ipso,
1630 4077 1739 4131 quo
1774 4063 2118 4119 asseruimus

536 4160 720 4223 modo,
771 4172 1028 4227 superne,
1084 4172 1151 4212 ex
1198 4156 1433 4210 adverso
1497 4154 1661 4209 situm
1715 4154 1990 4219 obtinens,
2026 4169 2117 4209 ca-

537 4254 704 4306 lorem
770 4250 872 4304 sibi
923 4249 1133 4318 justum
1180 4246 1512 4317 suppeditat.
1575 4245 1738 4313 Atqui
1803 4255 1857 4300 et
1913 4245 2068 4314 jecur
2100 4287 2115 4313 ,

2294 1304 2443 1357 Πόσα
2457 1307 2503 1338 θ’
2530 1306 2588 1359 δὲ
2608 1305 2819 1376 ὄργανα
2840 1310 2941 1379 τῆς
2957 1309 3255 1377 ἀναπνοῆς,
3282 1309 3376 1361 καὶ
3393 1309 3537 1363 πόσα
3563 1310 3715 1365 αἴτια
3738 1314 3805 1375 ’³,

2223 1397 2316 1448 καὶ
2370 1399 2535 1451 πόσαι
2569 1398 2777 1470 ταύτης
2832 1401 3130 1472 διαφοραὶ,
3179 1403 3239 1455 οὐ
3291 1402 3387 1455 νῦν
3419 1403 3534 1457 ἔστι
3587 1406 3810 1474 λέγειν’

2223 1488 2365 1559 πλὴν
2401 1489 2516 1542 ἀλλ’
2546 1491 2578 1561 ἡ
2613 1491 2810 1561 καρδία
2844 1494 3077 1546 κατόπιν
3117 1492 3211 1546 τὸν
3256 1495 3533 1565 πνεύμονα
3582 1497 3808 1567 ἔχουσα,

2222 1579 2397 1645 οὕτως
2427 1582 2514 1635 ἀεὶ
2548 1582 2814 1637 κινεῖσθαι
2866 1585 3301 1655 παρασκευάζει,
3333 1587 3410 1650 ὡς
3460 1590 3645 1659 μικρῷ
3677 1594 3814 1661 πρό-

2224 1672 2351 1725 σθεν
2389 1674 2629 1743 εῖρηται.
2671 1675 3024 1746 Ἐμπροσθεν
3046 1676 3100 1729 δὲ
3133 1676 3304 1745 αὐτῆς
3333 1676 3380 1709 ³⁸
3414 1677 3491 1747 τῷ
3518 1681 3813 1750 λωρίσμα-

2219 1781 2273 1817 τι
2309 1766 2356 1799 ⁸⁸
2385 1766 2486 1834 τῆς
2518 1767 2631 1819 ἄνω
2658 1766 2898 1838 γαστρὸς
2936 1769 3208 1835 ὲμιρυεῖσα
3230 1769 3296 1832 ³⁸,
3324 1768 3590 1839 ἔνθερμον
3617 1772 3809 1841 αὐτὴν,

2222 1856 2314 1908 καὶ
2345 1855 2483 1926 πρὸς
2513 1857 2613 1920 τὰς
2639 1858 2776 1921 ἰδίας
2798 1858 3083 1929 ἐνεργείας
3113 1860 3448 1932 κινουμένην
3488 1865 3677 1914 ποιεῖ’
3708 1865 3814 1915 οὐκ

2220 1949 2300 2008 είς
2336 1947 2650 2018 πνεύματος
2689 1950 2857 2023 ὁλκὴν
2890 1952 2989 2021 τὴν
3016 1952 3260 2022 γαστέρα
3286 1951 3361 2016 ὡς
3391 1955 3488 2006 τὸν
3523 1955 3812 2024 πνεύμονα

2219 2038 2584 2110 διεγείρουσα,
2658 2042 2774 2095 ἀλλ’
2836 2044 2918 2105 εἰς
2967 2045 3233 2116 ὑποδοχὴν
3312 2046 3412 2116 τῆς
3465 2048 3809 2119 καταλλήλου

2219 2146 2449 2199 τροφης.

2291 2307 2448 2378 Μέση
2478 2308 2587 2379 γὰρ
2612 2312 2644 2379 ἡ
2674 2309 2874 2381 καρδία
2897 2313 2993 2367 τοῦ
3013 2310 3318 2381 πνεύμονος
3333 2313 3548 2384 καὶτῆς
3568 2316 3812 2387 γαστρὸς

2218 2400 2543 2471 ἐγκειμένη,
2580 2400 2660 2471 τῷ
2715 2401 2815 2472 μὲν
2866 2402 3002 2473 πρὸς
3036 2402 3134 2473 τὴν
3172 2404 3466 2475 ἀναπνοὴν,
3518 2408 3587 2476 τῇ
3651 2408 3699 2439 θ’
3756 2409 3813 2461 δὲ

2220 2493 2359 2564 πρὸς
2398 2493 2500 2564 τὴν
2531 2494 2741 2565 τροφὴν
2784 2494 2885 2557 τὰς
2917 2493 3176 2564 δυνάμεις
3208 2496 3253 2527 ’⁸
3285 2497 3541 2567 ἐντίθησι.
3595 2498 3729 2553 τῶν
3757 2500 3815 2552 δὲ

2220 2587 2551 2657 ἀμφοτέρων
2590 2587 2640 2639 οἱ
2664 2588 2844 2657 πόροι,
2873 2587 3061 2658 ὲξίσης
3085 2589 3130 2621 ⁸⁸
3156 2591 3297 2642 κατὰ
3324 2590 3384 2642 τὸ
3411 2591 3590 2661 στόμα
3616 2593 3633 2622 ¹
3676 2609 3812 2645 συν-

2216 2678 2640 2749 απαρτίζονται.
2664 2679 2957 2749 Καλοῦμεν
2979 2679 3035 2732 δὲ
3061 2680 3154 2734 τὸν
3177 2682 3279 2751 μὲν
3328 2681 3424 2734 τοῦ
3450 2682 3774 2753 πνεύματος
3791 2686 3813 2715 ⁸

2221 2770 2410 2840 πόρον,
2465 2773 2733 2840 τραχεῖαν
2780 2771 3089 2841 ἀρτηρίανο
3141 2774 3235 2826 τὸν
3279 2774 3337 2826 δὲ
3384 2774 3486 2844 τῆς
3542 2777 3810 2847 γαστρὸς,

2220 2862 2520 2930 οἰσοφάγον
2540 2863 2579 2915 ³.
2620 2863 2839 2934 Ἐπειδὴ
2863 2867 2894 2935 ἡ
2926 2866 3145 2937 γαστὴρ
3164 2866 3399 2936 ὄργανόν
3416 2868 3536 2920 ἔστι
3562 2869 3809 2938 πέψεως·

2220 2953 2279 3004 ὲν
2309 2952 2447 3023 αὐτῇ
2480 2952 2591 3023 γὰρ
2640 2954 3012 3023 χυλοποιεῖται
3044 2957 3113 3008 τὰ
3148 2956 3438 3027 ἐσθιόμενα
3458 2974 3473 2988 ο
3520 2960 3728 3030 μᾶλλον
3753 2961 3809 3014 δὲ

2219 3042 2311 3096 διὰ
2367 3044 2820 3114 παραδείγματος
2848 3045 2910 3098 τὸ
2940 3047 3001 3099 ὲν
3033 3047 3171 3118 αὐτῇ
3202 3049 3489 3119 γινόμενον
3531 3052 3806 3119 εἴπωμεν.

2222 3134 2345 3187 Ὅτι
2382 3135 2574 3205 ὥσπερ
2604 3136 2696 3189 τὸν
2732 3140 2879 3191 σῖτον
2908 3138 3296 3208 ,λαμϐάνοντες
3348 3143 3406 3194 ἐν
3435 3144 3560 3206 ταῖς
3611 3144 3808 3213 μύλαις

2221 3226 2674 3298 καταλεαίνομεν,
2729 3230 3013 3294 ποιοῦντες
3046 3232 3313 3305 ἄλευρον·
3350 3232 3471 3287 εἶτα
3515 3236 3806 3305 μιγνύντες

2220 3317 2374 3372 ὕδατι
2414 3321 2436 3352 ⁸
2465 3321 2767 3391 φυροῦμεν,
2811 3324 2905 3376 καὶ
2940 3328 3386 3397 παραπέμπομεν
3418 3332 3439 3363 ⁸
3474 3333 3539 3400 τῇ
3588 3330 3808 3400 καμίνῳ

2218 3413 2301 3475 εἰς
2353 3413 2619 3482 ὄπτησιν*
2682 3416 2822 3484 μετᾶ
2869 3417 2927 3470 δὲ
2960 3418 3063 3488 τὴν
3109 3420 3345 3488 ὄπτησιν
3393 3422 3660 3492 χρώμεθα
3710 3426 3810 3476 καὶ

2220 3505 2405 3575 ἡμεῖς,
2437 3506 2533 3559 καὶ
2569 3506 2745 3576 ἑτέρῳ
2774 3508 2793 3538 ⁸
2826 3510 3185 3580 μεταδίδομεν
3218 3512 3259 3543 τ’
3303 3511 3479 3576 οὕτως
3512 3514 3605 3566 καὶ
3639 3516 3697 3566 ὲν
3728 3513 3808 3583 τῷ

2219 3598 2477 3669 ἡμετέρῳ
2519 3596 2734 3669 σώματι
2770 3599 2920 3653 ἔστιν
2957 3602 3107 3655 ἰδεῖν.
3140 3603 3255 3674 Τὴν
3277 3603 3388 3675 γὰρ
3414 3606 3625 3675 τροφὴν
3656 3622 3805 3674 μασ-

2220 3690 2428 3760 σὸμεθα
2460 3691 2481 3723 ⁸
2513 3692 2607 3745 καὶ
2650 3692 3078 3765 καταλεαίνομεν
3106 3695 3195 3748 διὰ
3239 3696 3350 3748 τῶν
3389 3696 3652 3750 ὀδόντων·
3682 3692 3806 3749 εἶτα

2220 3784 2427 3855 πόματι
2454 3785 2737 3855 μίξαντες,
2771 3788 3219 3859 παραπέμπομεν
3243 3790 3267 3822 ⁹
3299 3791 3365 3860 τῇ
3393 3788 3611 3858 γαστρί.

2303 3876 2521 3947 Ἐπειδὴ
2555 3878 2597 3909 ¹⁰
2629 3878 2810 3931 δέεται
2853 3880 2993 3950 αὕτη
3034 3882 3076 3912 ¹¹
3109 3880 3416 3951 θερμασίας
3451 3882 3703 3945 πλείονος
3724 3882 3805 3944 είς

2223 3967 2283 4019 τὸ
2313 3968 2489 4022 ταῦτα
2516 3968 2741 4038 ἑψῆσαι,
2777 3970 2969 4042 ὥσπερ
3008 3972 3099 4025 τὸν
3128 3973 3295 4043 ἄρτον
3320 3975 3347 4027 ὁ
3376 3973 3657 4037 κλίϐανος,
3686 3976 3805 4043 ἔχει

2217 4058 2317 4129 τὴν
2352 4060 2449 4130 μὲν
2478 4061 2705 4131 καρδίαν
2731 4064 3138 4134 ὑπερκειμένην
3170 4065 3307 4135 αὐτῇ
3350 4066 3473 4119 καθ’
3500 4065 3557 4117 ὃν
3584 4066 3806 4137 εἴρηται

2219 4150 2456 4221 τρόπον·
2508 4150 2653 4205 ὥστε
2705 4154 2940 4223 ἄφθονον
2974 4156 3112 4227 αὐτῇ
3158 4155 3257 4226 τὴν
3302 4155 3608 4228 θερμασίαν
3658 4174 3807 4227 παρ-

2219 4243 2440 4313 έχεσθαι
2477 4247 2541 4299 ’⁸.
2581 4247 2735 4317 Ἔχει
2768 4248 2825 4300 δὲ
2858 4248 2917 4301 τὸ
2946 4244 3099 4321 ἧπαρ
3124 4249 3438 4320 διάθερμον,
3468 4250 3542 4313 ὡς
3564 4250 3809 4320 αἵματος

534 4344 681 4413 quod
716 4343 899 4397 calore
948 4341 1235 4411 praeditum
1281 4349 1400 4403 est,
1434 4347 1488 4392 et
1525 4353 1554 4391 a
1582 4354 1691 4407 quo
1736 4353 1832 4393 ceu
1869 4337 2115 4395 fonticuli

2224 4337 2411 4407 πηγὰς
2449 4339 2757 4411 ἁναΰρὺονο
2794 4340 2904 4412 ἔχει
2948 4342 3004 4395 δὲ
3036 4342 3129 4396 καὶ
3158 4342 3251 4395 τὸν
3293 4342 3525 4412 σπλῆνα,
3573 4342 3676 4412 οὐχ
3726 4341 3807 4404 ὡς

535 4436 821 4507 sanguinis
866 4441 1112 4499 scatent,
1152 4433 1307 4487 alvus
1361 4434 1412 4484 in
1476 4446 1536 4486 se
1579 4431 1840 4485 continet.
1901 4431 2005 4487 Sed
2062 4442 2116 4487 et

535 4531 679 4596 lien,
719 4544 826 4583 non
859 4527 1018 4597 quasi
1070 4527 1251 4579 calore
1295 4524 1366 4579 sit
1404 4524 1662 4593 przeditus
1693 4524 1880 4595 (hujus
1932 4535 2113 4579 autem

537 4623 644 4676 cxti
696 4631 886 4675 natura
935 4618 1125 4690 frigida
1182 4616 1468 4686 habetur),
1524 4616 1626 4686 ipsi
1662 4617 1943 4683 proximus
1992 4632 2118 4672 con-

536 4715 698 4769 sistit.
757 4711 958 4768 Verum
1026 4711 1156 4781 quia
1217 4710 1322 4764 lien
1381 4709 1594 4764 venulis
1643 4709 1968 4779 arteriisque
2028 4725 2115 4765 re-

536 4804 708 4858 fertus
742 4812 862 4865 est,
917 4801 984 4856 ab
1036 4803 1153 4871 ipso
1205 4809 1393 4855 venter
1435 4799 1605 4853 nihilo
1643 4800 1965 4855 deteriorem
2018 4816 2115 4856 ca-

538 4895 669 4950 loris
722 4894 1025 4964 portionem
1069 4908 1231 4961 quant
1284 4892 1351 4945 ab
1398 4891 1519 4945 aliis
1566 4893 1937 4961 consequitur.
1976 4891 2116 4949 Prie-

541 4998 727 5052 terea,
787 4997 1064 5041 omentum
1136 4986 1299 5040 etiam
1367 4984 1537 5040 Grmci
1604 4984 1905 5049 ἐπίπλοον,
1968 4987 2113 5056 quod

539 5079 758 5152 pinguis
821 5077 1065 5132 tunicula
1122 5085 1239 5139 est,
1305 5076 1428 5131 alvo
1478 5077 1714 5146 undique
1770 5078 2112 5143 obvolvitur,

544 5186 613 5226 ne
657 5168 854 5224 insitus
902 5168 1052 5223 calor
1102 5168 1195 5236 qui
1247 5167 1299 5221 in
1361 5168 1532 5237 ipsam
1575 5168 1810 5222 demissa
1861 5168 2115 5223 alimenta

625 5371 671 5404 ⁸⁸
698 5370 1059 5439 ἀπεδείξαμεν
1091 5368 1155 5423 Α.

539 5443 721 5497 tnterl.
760 5444 809 5496 in
835 5440 893 5495 Ρ.
971 5441 1016 5473 θ’
1042 5442 1137 5493 και)⁸
1182 5439 1324 5492 πόσα
1356 5439 1417 5491 (3.

542 5514 582 5544 ’⁷
616 5513 698 5582 τῷ
725 5511 788 5566 C.
893 5512 938 5544 ⁸⁸
970 5512 1150 5573 δύσεις
1184 5512 1244 5564 (3.
1349 5508 1399 5582 ξ’
1423 5508 1617 5582 ἐπίσης
1658 5510 1698 5563 C
1728 5507 1789 5582 Ρ,

1248 5369 1292 5400 ⁸9
1320 5368 1479 5423 verba
1508 5368 1645 5436 πλὴν
1675 5384 1725 5418 τ.
1759 5367 1953 5419 ἁναπν.
1989 5382 2115 5435 usqu

2222 5368 2248 5421 d
2285 5367 2631 5422 ἀποτελεῖται
2654 5384 2763 5423 om.
2807 5369 2868 5425 C.
2946 5370 2991 5401 ⁹⁰
3018 5368 3170 5429 δύσις
3195 5365 3257 5421 C.

1514 5438 1557 5469 9’
1593 5438 1760 5490 πόσαι
1790 5437 1959 5490 αἰτίαι
1994 5437 2034 5491 C
2060 5438 2118 5492 Ρ.
2196 5438 2241 5470 9⁵
2270 5440 2449 5492 αὐτῶν
2473 5440 2534 5494 C.

1904 5512 1918 5539 ³
1944 5508 2105 5563 σῶμα
2132 5509 2192 5563 C.

2224 4428 2438 4499 θερμὸν
2487 4431 2715 4503 (ψυχρὸν
2751 4433 2859 4503 γὰρ
2915 4434 3075 4486 τοῦτο
3105 4434 3266 4502 φύσει
3314 4434 3374 4487 τὺ
3428 4432 3801 4502 σπλάγχνον),

2223 4522 2361 4575 ἀλλὰ
2391 4523 2479 4577 διὰ
2506 4524 2613 4577 τῶν
2643 4525 2701 4577 ὲν
2729 4525 2879 4596 αὑτῷ
2910 4524 3124 4595 φλεϐῶν
3155 4543 3213 4578 τε
3246 4526 3342 4579 καὶ
3374 4524 3680 4598 ἀρτηριῶν,
3707 4526 3803 4576 οὖς

2223 4616 2308 4669 δὲν
2360 4612 2523 4688 ἧττον
2553 4618 2662 4671 τῶν
2696 4617 2873 4672 ἄλλων
2904 4619 2998 4671 καὶ
3041 4618 3100 4683 ἐξ
3147 4618 3359 4671 ἐκείνου
3417 4615 3801 4687 παραπολαύει

2224 4707 2589 4777 θερμότητος.
2645 4708 2807 4761 Ἀλλὰ
2838 4709 2931 4762 καὶ
2974 4710 3034 4764 τὸ
3062 4706 3322 4761 ἐπίπλοον
3346 4707 3475 4777 ἔχει,
3508 4709 3645 4778 ὅπερ
3683 4706 3799 4757 ἐστὶ

2228 4799 2543 4871 πιμελώδης
2594 4799 2760 4871 χιτὼν
2814 4802 3151 4872 πανταχόθεν
3203 4803 3345 4873 αὐτῇ
3392 4801 3794 4873 περικείμενος,

2224 4894 2386 4963 χάριν
2418 4892 2514 4945 τοῦ
2549 4893 2623 4964 μὴ
2643 4893 2985 4947 διαπνεῖσθαι
3008 4895 3103 4947 καὶ
3120 4892 3514 4947 σκεδάννυσθαι
3543 4890 3602 4942 τὸ
3627 4890 3795 4958 ἔμφυ-

2226 5002 2320 5038 τον
2351 4985 2553 5056 θερμὸν
2590 4986 2657 5050 ¹³,
2698 4985 2757 5039 τὸ
2788 4986 3265 5057 κατεργαζόμενον
3292 4986 3351 5038 ὲν
3378 4985 3516 5054 αὐτῇ
3560 4981 3655 5043 τὰς
3678 4996 3800 5050 τρο-

2225 5079 2331 5147 φάς
2360 5096 2372 5107 '
2412 5076 2601 5131 τούτου
2648 5079 2808 5149 χάριν
2854 5080 2951 5132 καὶ
2994 5078 3056 5132 τὸ
3107 5078 3401 5149 λεγόμενον
3437 5075 3791 5147 περιτόναιον,

2224 5169 2363 5239 αὐτῇ
2390 5186 2448 5222 τε
2484 5169 2577 5222 καὶ
2608 5168 2651 5200 ¹⁵
2681 5171 2795 5232 τοῖς
2829 5170 3069 5241 ἐντέροις
3100 5168 3474 5241 περιτέταται,
3512 5162 3795 5236 mpm???-

3361 5365 3403 5396 "
3438 5363 3576 5417 ἀλλὰ
3598 5375 3704 5419 om.
3728 5358 3791 5423 Ω,

2633 5440 3012 5525 “rerum
3040 5440 3101 5494 α·
3132 5436 3193 5525 ξ’·
3250 5524 3253 5525 ,
3291 5435 3337 5525 ’ἰ
3372 5435 3711 5525 eum???
3730 5431 3791 5525 9.-

2304 5510 2323 5591 ξ
2357 5511 2656 5592 πνεόμσνος
2772 5501 2830 5564 1".
2945 5509 3255 5592 ’Aicrotpdjov
3295 5506 3374 5570 A,
3416 5501 3711 5592 ὖσῳιράγον

544 5583 565 5653 ξ
600 5557 841 5637 ante.
902 5584 921 5615 υ
952 5557 1750 5653 aggesta._u.;'e}42,a;
1770 5557 1809 5653 ιι
1833 5577 1874 5653 ς
1907 5557 2653 5653 ρξ’θᾙεέᾱιδιδιαρἐιῗέ.”
2677 5557 3773 5653 ῖμιξώμεθξτᾱιεςδέμισςῷμξοεες

543 5651 565 5682 ⁸
598 5652 890 5721 πέμπομεν
920 5652 978 5704 Β.
1036 5647 1046 5653 ’
1093 5654 1134 5684 ¹⁰
1168 5647 1291 5705 ἐπεὶ
1326 5651 1381 5703 δὲ
1413 5648 1453 5700 Β
1500 5647 1561 5701 Ρ.

1670 5652 1710 5681 ¹¹
1743 5650 1879 5720 αὑτὴ
1910 5649 1968 5703 Β.

546 5720 641 5772 καὶ
679 5721 741 5786 Β,
775 5720 867 5774 καὶ
896 5739 1005 5776 0m.
1031 5724 1096 5786 Α,
1132 5739 1249 5778 mox
1286 5720 1513 5789 ἑτέροις.

2085 5651 2127 5681 ¹²
2158 5651 2421 5720 παρέχειν
2454 5652 2511 5706 Ρ.

2680 5609 2696 5612 ‘
2733 5609 3037 5653 μαοωμιυα
3067 5609 3112 5633 ιι
3142 5609 3205 5643 υ,
3225 5609 3486 5648 ’διμυυμυιυ
3499 5609 3713 5645 iunpo-iu.
3736 5609 3755 5625 ι
3776 5609 3789 5623 .

2611 5653 2653 5683 ¹³
2682 5652 2741 5705 τὸ
2776 5655 2907 5723 ὲμφ.
2936 5653 2987 5706 θ.
3030 5651 3124 5704 καὶ
3155 5650 3309 5703 σκεθ.
3345 5650 3405 5702 Β.
3510 5646 3553 5677 ⁸⁵
3582 5645 3716 5714 αὐτῇ
3742 5640 3792 5695 δὲ
