4054 6216
518 363 652 419 “'27

1822 358 2101 415 MELETII
2142 356 2454 413 MONACHI

3630 366 3780 422 “28

513 478 755 546 quidem,
815 491 934 546 quae
981 475 1101 544 ejus
1140 475 1316 543 portio
1364 475 1531 529 levior
1576 485 1687 539 est,
1747 490 1811 530 ac
1862 490 2081 531 sursum

2188 473 2311 527 ὅσον
2339 473 2440 544 μιν
2474 471 2680 541 κοῦφον
2702 473 2796 527 καὶ
2822 474 3104 547 ἀνωφερὲς
3135 475 3273 548 ὅπερ
3308 479 3403 532 καὶ
3461 480 3777 553 ξανθοχολιο

513 570 733 623 tendere
774 567 913 620 valet
959 564 1124 635 (quod
1169 564 1385 633 quidem
1430 566 1579 619 llam:
1623 566 1746 619 bilis
1766 580 2085 620 excremen-

513 673 628 715 tum
678 674 798 713 esse
847 667 1038 726 suapte
1070 666 1260 711 natura
1314 658 1565 712 idoneum
1591 658 1716 724 est),
1763 659 1923 725 banc,
1966 674 2087 727 qure

513 754 688 807 fellem
741 750 1024 814 continet,
1078 764 1309 820 quaeque
1357 749 1589 819 jecinori
1648 750 1895 820 proxima
1955 765 2088 805 con-

511 845 655 899 sistit
708 842 885 896 vesica
913 882 926 906 ,
969 842 1215 912 suscipit.
1258 840 1413 908 Quod
1458 858 1588 898 vero
1631 844 1805 914 magis
1848 851 2084 899 terreum

491 948 629 1002 est,
680 946 733 991 ct
785 935 945 1006 quasi
998 935 1278 1006 sanguinis
1335 936 1461 1003 fex,
1498 937 1603 991 lien
1673 953 1774 993 suo
1822 937 2085 1007 peculiari

511 1037 691 1082 meatu
764 1026 1043 1097 proprium
1106 1027 1421 1081 alimentum
1478 1028 1742 1083 sumendo
1804 1028 1906 1082 sibi
1964 1029 2077 1082 vin-

494 1121 674 1175 dicat.
733 1118 941 1173 Etenim
978 1134 1208 1189 quaeque
1249 1134 1377 1188 pars
1412 1134 1711 1188 congruum
1769 1120 2084 1175 alimentum

496 1209 758 1278 suscipit.
812 1196 1027 1262 Dehinc
1106 1207 1237 1261 illud
1306 1208 1455 1261 brevi
1506 1209 1895 1279 concoquendo
1948 1210 2084 1263 alte-

510 1303 809 1371 randoqtte,
851 1316 915 1356 ac
958 1303 1012 1355 in
1054 1301 1139 1355 sui
1201 1310 1448 1355 naturam
1504 1303 1911 1369 commutando,
1960 1318 2087 1373 prn—

492 1394 639 1463 prite
700 1390 1015 1447 substantiae
1055 1389 1290 1459 applicat
1324 1408 1335 1442 :
1378 1399 1430 1442 ct
1464 1378 1706 1459 quredam
1744 1403 1773 1442 a
1799 1390 2085 1459 sanguine,

510 1482 769 1536 nonnulla
804 1495 933 1536 vero
962 1482 1031 1534 ab
1082 1481 1444 1534 excrementis
1510 1480 1609 1533 hoc
1658 1489 1817 1550 pacto
1843 1480 2082 1534 aluntur.

496 1574 696 1645 igitur,
730 1588 854 1628 cum
886 1572 993 1627 lien
1019 1588 1049 1626 a
1078 1571 1360 1643 sanguinis
1392 1570 1573 1625 fecoso
1599 1570 2086 1625 ltumoreenutria-

507 1680 619 1731 tur,
649 1666 825 1736 ipsum
859 1680 889 1719 a
919 1664 1162 1733 jecinore
1189 1662 1256 1716 ad
1298 1677 1355 1717 se
1384 1662 1567 1717 trahit.
1605 1661 1684 1717 Ad
1710 1662 1813 1718 hoc
1851 1677 2087 1733 namque

507 1771 692 1812 serosa
747 1756 1031 1825 sanguinis
1085 1755 1262 1825 portio
1314 1756 1530 1810 residua
1578 1755 1657 1817 fit,
1692 1769 1857 1824 quam
1907 1769 2085 1817 renes,

2190 565 2286 620 κδν
2310 566 2356 598 ⁵³
2393 566 2715 637 περίττωμα
2748 568 2996 637 πέφυκεν
3033 564 3197 636 εῖναι,
3230 570 3504 642 λαμϐάνει
3552 576 3692 628 αὐτὸ
3749 580 3785 649 ἡ

2189 657 2481 727 χοληδόχος
2513 659 2708 723 κύστις
2734 660 2964 729 πλησίον
3002 662 3232 733 κειμένη
3282 664 3377 717 τοῦ
3429 664 3664 735 ἥπατος.
3709 668 3787 721 Τδ

2188 748 2245 801 δὲ
2298 748 2501 817 γεῶδες
2541 750 2635 803 καὶ
2687 746 2800 805 οἷον
2850 753 2986 825 τρὺξ
3015 753 3060 785 ’⁸⁸
3099 754 3195 807 τοῦ
3247 755 3506 825 αἵματος,
3555 758 3712 812 ἕλκει
3759 762 3787 813 ὁ

2193 838 2372 908 σπλὴν
2399 837 2488 893 διά
2529 838 2626 893 τοῦ
2660 841 2828 895 αὐτοῦ
2869 842 3039 912 πόρου
3094 843 3308 898 οἰκείαν
3361 845 3573 916 τροφὴν
3618 848 3789 902 τοῦτο

2190 929 2536 1001 ποιούμενος.
2592 932 2948 1002 Κατάλληλον
2987 933 3096 1004 γὰρ
3141 933 3241 1003 τὴν
3284 935 3495 1006 τροφὴν
3542 936 3789 990 ἕκαστον

2189 1023 2499 1092 ἐπιδέχεται
2529 1023 2639 1076 τῶν
2668 1025 2893 1096 μορίων.
2926 1021 3057 1079 Εἶτα
3078 1026 3122 1057 ⁸⁵
3166 1026 3310 1081 κατὰ
3361 1027 3540 1098 βραχὺ
3560 1028 3607 1061 ⁸⁴
3640 1029 3788 1083 πέτ-

2187 1131 2282 1168 τον
2316 1115 2413 1169 καὶ
2451 1115 2701 1169 ἀλλοιοῦν
2735 1116 2831 1170 καὶ
2860 1116 3165 1187 ἐξομοιοῦν,
3202 1118 3529 1192 προστίθησι
3563 1123 3632 1191 τῇ
3679 1123 3787 1175 αύο

2189 1205 2284 1259 τοῦ
2305 1206 2350 1242 ⁸⁷
2371 1207 2552 1278 ούσίῳ
2591 1208 2686 1261 καὶ
2718 1206 2861 1260 οῦτω
2892 1209 3208 1279 τρέφονται,
3240 1208 3311 1262 τὰ
3340 1209 3440 1279 μὲν
3496 1212 3560 1263 ἐκ
3597 1211 3785 1282 σπέρ-

2194 1314 2385 1367 ματος,
2417 1298 2484 1352 τά
2515 1298 2573 1351 δὲ
2602 1299 2662 1364 ἐξ
2684 1300 2915 1370 αἵματος
2945 1316 2959 1330 ο
2991 1301 3117 1353 ἐπεὶ
3151 1297 3245 1355 οὖν
3277 1300 3324 1333 ⁸⁸
3345 1302 3411 1355 ἐκ
3460 1303 3789 1374 τρυγὼδους

2191 1392 2427 1461 αἵματος
2449 1392 2478 1443 ό
2509 1391 2684 1461 σπλὴν
2710 1392 2993 1461 τρέφεται,
3030 1393 3180 1447 ἕλκει
3214 1394 3277 1447 τὸ
3305 1394 3586 1464 τρυγῶδες
3632 1391 3787 1467 αἷμα

2190 1483 2299 1537 ἀπὸ
2327 1482 2423 1536 τοῦ
2444 1484 2677 1552 ἥπατος.
2705 1485 3118 1539 Καταλείπεται
3148 1486 3193 1518 ⁸³
3224 1482 3317 1540 οῦν
3353 1487 3416 1539 τὸ
3460 1488 3710 1559 ὀρρῶδες
3738 1491 3787 1519 ⁸⁸

2189 1575 2284 1628 τοῦ
2313 1576 2569 1647 αἵματος,
2603 1578 2699 1630 καὶ
2722 1577 2812 1630 διὰ
2845 1577 2940 1648 τῆς
2962 1577 3222 1648 ἑλκτικῆς
3250 1577 3535 1649 δυνάμεως
3564 1579 3783 1642 αὐτῶν,

2188 1669 2238 1721 ol
2268 1670 2457 1737 νεφροὶ
2487 1667 2647 1721 τοῦτο
2677 1668 3070 1739 λαμϐάνοντες,
3104 1670 3203 1742 τὴν
3232 1672 3461 1727 ἐνοῦσαν
3511 1674 3571 1726 ἐν
3621 1674 3788 1745 αὐτῷ

2193 1763 2397 1832 μικράν
2433 1762 2636 1831 ίκμάδα
2664 1762 2759 1816 τοῦ
2791 1762 3027 1833 αἵματος
3067 1764 3147 1829 εἰς
3179 1765 3390 1836 τροφὴν
3420 1768 3783 1837 ἀνιμάμενοι,

503 1865 615 1918 prae
678 1847 985 1903 attraltendi
1028 1846 1284 1901 facultate
1311 1862 1418 1917 qua
1466 1846 1674 1917 praediti
1716 1855 1866 1913 sunt,
1924 1845 2081 1901 desu-

2188 1825 2249 1905 τὸ
2281 1825 2547 1916 ύδατῶδες
2571 1854 2613 1886 ³³
2669 1825 2868 1907 διόλου,
2900 1825 3227 1928 περίττωμα.
3284 1825 3645 1919 εἰδοποιοῦσιν
3696 1825 3784 1926 εἰς

504 1952 739 2006 mentes,
774 1940 1057 2010 sanguinis
1081 1939 1388 2003 humorem,
1421 1939 1511 2009 qui
1541 1939 1772 2009 exiguus
1789 1938 2084 1994 admodum

508 2035 560 2086 in
579 2049 643 2088 co
662 2044 931 2102 superest,
947 2032 1338 2093 exhauriendo,
1355 2031 1500 2100 quod
1514 2031 1567 2085 in
1594 2042 1705 2086 toto
1721 2047 1986 2101 aquosum
2005 2042 2087 2087 est

504 2132 934 2189 excrementum,
959 2124 1023 2177 ad
1050 2122 1798 2192 urinzeconstitutionem35
1811 2123 2081 2192 redigunt.

574 2218 842 2283 Quidnam
872 2216 1036 2285 igitur
1072 2214 1228 2267 urina
1250 2216 1363 2283 ipsa
1399 2215 1489 2280 sit,
1508 2229 1572 2267 ac
1594 2230 1716 2284 quae
1747 2214 1867 2283 ejus
1890 2216 2086 2270 discri-

504 2310 651 2364 mina
672 2310 996 2371 habeantur,
1015 2323 1136 2378 quae
1149 2308 1392 2361 colorum
1418 2307 1538 2377 ejus
1556 2309 1888 2377 permutatio
1905 2308 2015 2371 fiat,
2032 2318 2085 2362 ct

503 2401 683 2470 qualis
740 2400 1142 2468 aegrotandum,
1176 2412 1240 2452 ac
1289 2406 1435 2453 recte
1466 2399 1761 2453 valentium
1790 2412 2080 2468 corporum

502 2493 608 2558 sit;
644 2506 730 2546 res
765 2490 964 2545 diversi
1008 2490 1076 2543 ab
1114 2489 1218 2543 ltoe
1248 2490 1429 2559 operis
1454 2490 1715 2557 habetur},
1745 2490 1845 2545 ltoc
1875 2491 2085 2547 scilicet

500 2592 752 2653 excepto,
783 2583 927 2653 quod
998 2582 1224 2637 facultas
1251 2598 1372 2653 quae
1402 2583 1773 2653 distinguendi
1805 2586 1912 2639 vim
1942 2585 2083 2639 obti-

505 2682 617 2736 ιιι-ι,
645 2689 768 2728 cum
804 2673 857 2727 in
900 2672 1124 2726 renibus
1153 2675 1390 2738 urinam,
1427 2679 1486 2726 ut
1513 2672 1944 2728 demonstratum
1974 2680 2079 2737 est,

504 2765 723 2828 formet,
750 2780 860 2835 pra:
882 2779 943 2818 ea
975 2780 1097 2833 quae
1126 2762 1456 2819 cxcernendi
1485 2762 1715 2819 facultas
1738 2763 1790 2817 in
1823 2764 1953 2834 ipsis
1977 2774 2080 2830 est,

503 2866 657 2913 extra
689 2857 980 2911 emittitur.

572 2947 775 3004 Natura
814 2960 992 3003 autem
1021 2948 1342 3003 lutulentam
1374 2946 1616 3003 alimenti
1644 2956 2080 3016 stercoreamque

502 3042 717 3112 penitus
748 3040 920 3096 locem
943 3083 958 3105 ,
988 3041 1227 3111 patentia
1269 3041 1322 3094 in
1358 3038 1613 3094 intestina
1644 3038 1890 3107 impellit,
1934 3053 2076 3107 quze,

503 3148 630 3186 eum
700 3132 1038 3186 multimodis
1099 3130 1325 3184 ﬂexibus
1394 3128 1785 3193 involvantur,
1853 3126 2078 3180 alimen-

506 3232 621 3276 tum
669 3223 724 3276 in
777 3222 911 3290 ipsis
969 3220 1151 3290 aliqua
1197 3219 1458 3289 temporis
1515 3218 1919 3287 intercapedine
1965 3233 2081 3271 mo-

507 3323 689 3376 ratur,
738 3327 804 3365 ne
844 3310 1049 3369 scilicet
1103 3312 1148 3366 si
1192 3311 1324 3365 recti
1371 3324 1562 3364 eorum
1612 3320 1821 3364 meatus
1853 3309 2079 3369 flerent.

506 3418 603 3473 per
635 3417 774 3473 quos
816 3402 1042 3456 stercori
1075 3403 1293 3472 pervius
1337 3415 1593 3472 egressus
1622 3410 1846 3471 pateret,
1881 3402 2081 3456 animal

504 3495 573 3550 ad
619 3494 729 3549 cibi
779 3494 1074 3563 appetitum
1116 3493 1364 3563 protinus
1413 3501 1763 3558 moveretur,
1814 3501 1868 3547 et
1918 3492 2083 3547 homo

504 3590 614 3655 (ut
677 3585 731 3639 in
782 3596 976 3639 natura
1034 3584 1265 3639 rationis
1321 3584 1637 3654 expertibus
1684 3598 1908 3638 cernere
1958 3585 2082 3654 est)

484 3692 787 3746 ~nunquam
838 3691 869 3731 a
916 3675 1007 3729 tali
1053 3690 1217 3745 opere
1276 3682 1519 3729 cessaret
1559 3690 1574 3726 :
1626 3673 1892 3743 siquidem
1920 3714 1935 3739 ,
1982 3673 2084 3727 ali“

505 3770 672 3824 menti
726 3768 856 3823 sicci
903 3775 1310 3823 excrementum
1354 3774 1564 3821 stercus
1586 3774 1691 3828 est,
1723 3763 2081 3835 quemadmo-

504 3871 634 3926 dum
668 3867 1056 3938 urina,quaain
1097 3866 1331 3921 vesicam
1359 3864 1684 3929 demittitur,
1703 3873 1863 3934 potus
1891 3879 2081 3919 excre-

506 3977 771 4031 tnentum,
790 3981 975 4021 serosa
997 3964 1246 4019 videlicet
1273 3963 1439 4017 totius
1459 3962 1696 4016 alimenti
1722 3962 1898 4031 portio
1919 3960 2083 4015 habe-

2188 1944 2366 2016 οὔρων
2391 1946 2652 2002 σύστασιν
2684 1948 2750 2001 ".

2256 2228 2321 2280 Τί
2345 2227 2400 2281 δέ
2432 2228 2582 2282 ἔστιν
2606 2225 2787 2301 οὖρον,
2813 2232 2909 2285 καὶ
2948 2231 3111 2285 πόσαι
3136 2236 3330 2288 τούτου
3358 2236 3639 2309 διαφοραὶ,
3670 2241 3778 2295 καὶ

2183 2319 2267 2385 τίς
2293 2322 2531 2392 ⁸³ὴτῶν
2577 2323 2914 2395 ούρημάτων
2954 2324 3247 2398 ὲναλλαγὴ,
3299 2327 3399 2380 καὶ
3456 2332 3611 2383 ποῖον
3657 2330 3779 2383 τῶν

2185 2412 2538 2484 νοσούντωνῆ
2562 2414 2939 2483 ὑγιαινόντων,
2958 2416 3126 2487 ἇλλης
3144 2418 3262 2471 ἐστὶ
3277 2419 3663 2490 πραγματείας
3686 2421 3742 2452 ⁸⁸
3761 2439 3778 2455 ο

2185 2503 2327 2575 πλὴν
2349 2502 2525 2569 οὕτως
2558 2506 2658 2576 μὲν
2686 2507 2744 2559 ὲν
2771 2510 2886 2571 τοῖς
2917 2512 3139 2580 νεφροῖς
3182 2509 3245 2563 τὸ
3277 2506 3432 2581 οὖρον
3460 2514 3492 2581 ὴ
3542 2512 3780 2583 διακρι-

2182 2594 2309 2666 τικὴ
2332 2595 2563 2666 δύναμις
2591 2598 2960 2665 είδοποιοῦσα,
2985 2600 3074 2655 διὰ
3126 2600 3227 2674 τῆς
3259 2602 3625 2672 ἀποκριτικῆς
3651 2602 3774 2656 ἀπο

2182 2688 2400 2743 ωθεὶται
2433 2690 2740 2762 δυνάμεως.

2252 2950 2366 3022 Τὴν
2394 2948 2451 3002 δέ
2487 2966 2551 3018 γε
2608 2950 2890 3013 παντελῶς
2948 2950 3145 3022 ἰλυώδη
3171 2951 3216 2985 ⁸³
3269 2951 3369 3007 καὶ
3423 2952 3766 3025 αυϐαλὼδη

2181 3045 2282 3112 τῆς
2336 3044 2545 3113 τροφῆς
2591 3042 2950 3113 ὑποστάθμην
2974 3044 3020 3075 ⁸⁸
3074 3045 3157 3106 είς
3202 3045 3331 3108 τοὺς
3379 3045 3771 3118 εύρυχωροτέο

2189 3150 2317 3204 ρους
2345 3133 2389 3164 ⁸⁷
2417 3133 2526 3186 τῶν
2583 3134 2816 3205 ἐντέρων
2852 3134 3055 3204 πόρους
3083 3137 3115 3205 ἠ
3145 3134 3308 3205 φύσις
3327 3135 3594 3192 ἀπώσατο
3613 3154 3629 3170 ο
3670 3138 3770 3193 καὶ

2186 3227 2300 3288 τοῖς
2356 3225 2724 3297 πολυτρόποις
2779 3226 2961 3281 αὐτῶν
3016 3226 3261 3299 ἑλιγμοῖς
3323 3229 3766 3300 ἀναστρέφουσα,

2185 3318 2364 3390 χρόνῳ
2393 3317 2778 3387 παρακατέχει
2835 3318 2937 3390 τὴν
2967 3320 3174 3391 τροφὴν
3225 3322 3283 3375 ὲν
3311 3321 3500 3387 αὐτοῖς
3521 3338 3537 3353 '
3584 3324 3762 3388 διατί;

2185 3411 2273 3463 ἴνα
2305 3411 2380 3481 μὴ
2404 3411 2474 3463 δι’
2511 3410 2716 3474 εὐθέως
2755 3409 2850 3464 τοῦ
2884 3412 3053 3484 πόρου
3101 3414 3302 3484 ῥᾳδίως
3345 3414 3765 3487 ἀποϐαλλομένη

2185 3504 2218 3570 ἡ
2258 3501 2488 3573 κόπρος,
2525 3501 2691 3565 εὐθὺς
2743 3503 3052 3557 ἀνακινοῖτο
3090 3504 3153 3557 τὸ
3189 3504 3330 3568 ζῶον
3376 3506 3516 3575 πρὸς
3558 3507 3763 3579 δρεξιν,

2185 3595 2280 3647 καὶ
2310 3594 2582 3665 μηδέποτε
2612 3594 2842 3648 παύοιτο
2861 3596 2963 3665 τῆς
3021 3596 3283 3667 τοιαύτης
3311 3599 3571 3670 ἀσχολίας
3617 3604 3764 3654 κατὰ

2184 3687 2283 3759 τὴν
2312 3688 2422 3741 τῶν
2445 3689 2491 3720 ⁸⁸
2507 3688 2720 3757 ἀλόγων
2748 3689 2916 3758 φύσιν
2938 3692 2967 3742 ό
2991 3690 3283 3762 ἄνθρωπος
3311 3708 3326 3722 ο
3356 3696 3685 3764 περίττωμα
3702 3694 3766 3747 δὲ

2184 3785 2284 3852 τῆς
2315 3782 2416 3851 μὲν
2447 3783 2656 3852 τροφῆς
2680 3783 2726 3815 ⁸⁹
2755 3782 2824 3835 τά
2856 3782 3104 3837 σκύϐαλα
3127 3786 3193 3849 ⁸⁸,
3258 3786 3423 3840 οἱονεὶ
3467 3785 3764 3839 κυσίϐαλον

2185 3873 2244 3925 τὸ
2274 3875 2386 3936 τοῖς
2411 3874 2540 3927 κυσὶ
2567 3872 2894 3942 βαλλόμενον
2924 3875 2966 3905 ⁶¹
2992 3889 3005 3903 ·
3036 3874 3099 3927 τὸ
3129 3874 3187 3927 δὲ
3214 3874 3375 3945 οῦρον
3391 3876 3436 3908 ⁵³
3468 3868 3565 3928 τοῦ
3594 3876 3762 3929 πότου

2182 3963 2245 4016 τὺ
2278 3964 2532 4033 περιττόν
2561 3980 2574 3993 ·
2609 3964 2770 4034 ἥτῆς
2825 3964 3121 4034 συμπάσης
3172 3966 3383 4035 τροφῆς
3441 3966 3584 4036 όρός.
3651 3968 3763 4018 Πε-

486 4070 615 4113 'tur.
653 4059 962 4123 Enimvero,
987 4058 1130 4127 quod
1161 4072 1223 4111 ex
1258 4057 1502 4124 corporis
1527 4054 1783 4108 alimento
1810 4052 2079 4123 reliquum

2188 4054 2440 4122 ρίττωμα
2458 4054 2515 4107 δὲ
2536 4054 2755 4122 λέγεται
2788 4056 2851 4107 τὸ
2896 4055 3224 4123 περισσεῦον
3250 4058 3358 4110 ἀπὸ
3397 4056 3507 4109 τῶν
3532 4057 3764 4126 τρεφόν-

490 4150 586 4211 'ﬁt,
626 4159 680 4203 et
724 4149 882 4203 nobis
935 4148 1142 4203 nullius
1219 4146 1573 4202 emolumenti
1619 4154 1720 4209 cst,
1784 4161 2082 4199 excremen-

509 4254 620 4294 mm
675 4247 1044 4308 nuncupatur.

564 4330 859 4385 'Uuivcrsm
911 4345 1147 4400 namque
1192 4340 1400 4385 natura:
1442 4330 1682 4384 actiones
1711 4372 1725 4395 ,
1774 4344 1901 4383 cum
1962 4330 2082 4383 ani-

505 4440 609 4479 ma:
653 4422 960 4479 actionibus
1011 4431 1276 4477 conserta:
1326 4430 1471 4477 sunt.
1526 4420 1592 4475 Et
1632 4433 1870 4491 quonam
1924 4428 2080 4489 pacto

2182 4165 2293 4201 των
2325 4148 2385 4201 τὸ
2418 4148 2600 4219 σῶμα,
2635 4152 2726 4202 καὶ
2751 4151 2829 4212 είς
2854 4151 3010 4202 οὐδὲν
3034 4152 3164 4220 ἡμῖν
3200 4151 3477 4221 ὠφέλιμον
3499 4153 3581 4206 ὅν.

2252 4327 2479 4398 Καὶὸρα
2508 4328 2668 4381 πάλιν
2701 4329 2937 4383 ἐνταῦθα
2961 4330 3309 4401 προμήθειαν
3349 4332 3440 4383 τοῦ
3483 4335 3763 4404 Δημιουρ-

2183 4420 2283 4488 γοῦ
2309 4437 2323 4452 ·
2366 4420 2483 4484 πῶς
2522 4421 2589 4475 τὰ
2617 4422 2712 4489 τῆς
2749 4420 2966 4490 φύσεως
3000 4421 3157 4492 ἔργα,
3208 4425 3319 4485 τοῖς
3356 4422 3608 4493 ψυχικοῖς
3637 4442 3760 4477 συν-

505 4527 714 4572 naturae
740 4531 864 4570 cum
901 4515 1007 4580 bis,
1044 4530 1165 4584 quae
1194 4514 1392 4569 animm
1429 4524 1555 4568 sunt
1588 4512 1862 4568 Creatoris
1892 4502 2079 4582 provi-

2188 4512 2384 4577 ἐπλεξέ
2418 4531 2478 4567 τε
2534 4514 2627 4566 καὶ
2657 4516 2905 4585 ἥρμοσεν
2932 4515 2998 4568 ⁸³.
3045 4514 3262 4584 Ἐπειδὴ
3293 4514 3405 4582 γὰρ
3444 4516 3477 4585 ὴ
3511 4514 3761 4587 ἔκκρισις

502 4609 686 4663 dentia
716 4619 986 4671 conserta,
1021 4608 1416 4678 commistaque
1446 4607 1781 4671 habeantur,
1816 4606 1943 4659 hinc
1976 4605 2076 4657 de-

522 4715 615 4754 mo
671 4700 1129 4756 considerandum
1197 4701 1287 4756 sit.
1332 4699 1599 4766 Quoniam
1652 4702 1831 4762 enim,
1886 4707 1940 4753 et
1986 4699 2076 4753 illa

518 4806 667 4862 {nam
731 4794 1072 4849 assentimus
1121 4803 1587 4849 excrementorum
1641 4784 1904 4855 emissio,
1956 4807 2077 4861 qua:

514 4893 658 4939 :xtra
710 4886 787 4948 fit,
839 4885 1116 4940 facultatis
1171 4896 1255 4942 est
1296 4901 1417 4956 quae
1442 4884 1766 4941 excerneudi
1800 4884 1907 4939 vim
1943 4884 2080 4938 obti-

520 4986 614 5043 ιρι,
664 4993 785 5047 qua:
829 4994 935 5032 una
983 4979 1309 5034 naturalium
1356 4977 1674 5034 facultatum
1722 4978 1971 5040 habetur,
2012 4991 2079 5030 ne

510 5072 621 5137 alii,
659 5081 712 5125 et
758 5086 827 5125 ne
857 5073 1076 5141 quando
1118 5072 1359 5135 dedecet,
1396 5082 1449 5126 et
1476 5073 1675 5142 quibus
1705 5071 1808 5125 sub
1861 5069 2080 5123 arbitris

504 5178 614 5220 non
656 5162 849 5229 liceat,
892 5162 946 5216 in
1000 5161 1234 5218 dedecus
1277 5165 1720 5231 prolabercmur,
1764 5161 2077 5224 musculos,

500 5273 598 5311 ceu
635 5256 861 5311 mdituos
902 5246 1167 5325 quosdam
1222 5258 1628 5313 excretionibus
1679 5262 1874 5309 natura
1924 5253 2080 5307 adlti--

2187 4605 2297 4658 τῶν
2356 4606 2666 4677 εἰρημένων
2737 4606 3173 4677 περιττωμάτων
3232 4605 3332 4675 τῆς
3396 4607 3761 4677 ἀποκριτικῇ

2187 4698 2304 4749 ἐστι
2328 4695 2634 4766 δυνάμεως,
2682 4698 2805 4766 ἥτις
2838 4696 2935 4766 μία
2986 4696 3096 4747 τῶν
3155 4695 3401 4763 φυσικῶν
3440 4698 3557 4748 ἐστι
3603 4695 3763 4748 δυνάο

2189 4806 2356 4857 μεων,
2410 4788 2500 4841 ἴνα
2532 4788 2608 4860 μὴ
2640 4788 3022 4859 ἀπροαιρέτως
3081 4785 3486 4856 ἀσχημονῶμεν
3534 4783 3667 4837 ἔνθα
3700 4785 3761 4836 ού

2185 4883 2285 4945 δεῖ,
2327 4882 2423 4936 καὶ
2453 4883 2541 4935 ὅτε
2575 4882 2636 4935 ού
2665 4881 2766 4942 δεῖ.
2824 4881 2919 4934 καὶ
2953 4878 3038 4948 ἐφ’
3074 4873 3149 4930 ῶν
3197 4880 3257 4931 ού
3305 4879 3387 4931 δεῖ
3419 4878 3758 4950 πράἐμενοι,

2186 4974 2474 5045 πυλωρούς
2505 4992 2660 5038 τινας
2678 4973 2950 5042 ἐπέστησε
2979 4974 3101 5034 ταῖς
3124 4970 3409 5041 ἐκκρίσεσι
3441 4970 3569 5030 τοῦς
3597 4968 3758 5039 μῦας,

2184 5066 2272 5120 ἵνα
2304 5060 2406 5131 τὰς
2454 5066 2734 5137 ἐκκρίσεις
2786 5065 3042 5134 ὲπέσχειν
3074 5064 3364 5133 δυνώμεθα
3384 5062 3451 5125 ⁸⁸⁵,
3485 5061 3580 5114 καὶ
3630 5060 3761 5113 πολ-

2189 5161 2347 5223 λάκις
2374 5162 2467 5214 καὶ
2506 5160 2759 5225 ἐπιπολὺ,
2796 5159 2924 5213 ἄνευ
2977 5161 3164 5229 γήρως
3215 5157 3447 5225 ἐσχάτου
3472 5157 3517 5187 ⁶⁸
3549 5155 3643 5208 καὶ
3675 5171 3759 5207 νο-

2188 5254 2450 5323 σημάτων
2484 5254 2668 5307 τινῶν.

570 5353 617 5385 ⁸³
641 5351 956 5417 ξανθολικὺν
985 5352 1046 5413 Β,
1077 5352 1229 5417 ξανθ“
1277 5353 1407 5424 χολὴ
1432 5354 1494 5407 C.
1572 5352 1619 5382 “
1639 5350 1777 5416 τρὺξ
1806 5350 1864 5403 ὃν
1905 5348 1964 5409 Β.
1987 5349 2267 5418 τρυγῶδες
2294 5349 2387 5402 τοῦ
2430 5350 2550 5420 αἴμ.
2579 5351 2619 5402 (3
2656 5350 2716 5403 Ρ.
2795 5349 2839 5381 ’⁵⁸
2867 5350 2934 5419 ἣν
2968 5348 3089 5403 GP.
3164 5348 3210 5378 “
3236 5347 3375 5399 κατά
3407 5344 3583 5416 βραχὺ
3617 5342 3662 5398 Α
3699 5342 3759 5398 C.

574 5421 752 5476 αὐτῶν
783 5420 844 5476 Β.
920 5422 963 5454 ⁵⁸
991 5423 1120 5476 γοῦν
1147 5371 1269 5476 Β
1347 5425 1391 5457 ’δ’
1423 5422 1900 5476 καταλιμπάνεται
1933 5419 1973 5473 C
2004 5420 2062 5472 Ρ.
2139 5421 2185 5451 ⁸⁸
2211 5421 2412 5476 όρῶδες
2440 5421 2500 5474 Β.
2578 5423 2620 5454 ⁸¹
2647 5421 2733 5476 όο.
2765 5421 2883 5476 ἦτοι
2907 5420 2967 5472 τὸ
2993 5417 3262 5476 ὑδατῶδες
3286 5417 3343 5476 P.
3373 5431 3491 5469 ora.
3570 5415 3617 5448 "
3644 5416 3759 5468 στά·

503 5425 547 5458 "
574 5421 752 5478 αὐτῶν
783 5420 844 5476 Β.
920 5422 963 5454 ⁵⁸
991 5423 1120 5491 γοῦν
1147 5424 1188 5475 Β

1347 5415 1900 5491 ’δ”καταλιμπάνεται
1933 5419 1973 5473 C
2108 5415 2185 5491 '_'°
2211 5421 2412 5490 όρῶδες
2440 5415 2506 5474 Βξ
2578 5423 2620 5454 ⁸⁸
2647 5421 2733 5487 όρ.
2765 5415 2967 5491 fat-otto
2993 5415 3496 5491 ύδατιῗιδ.ςς-Ρ,μοι¹ὲιἶ
3527 5486 3539 5491 _
3570 5415 3617 5448 "
3644 5416 3765 5468 στά-

504 5512 593 5577 σιν¹
617 5493 684 5549 Δ.
760 5493 806 5525 ⁸⁸
833 5484 1162 5577 Ξίςὲςξτινλή
1186 5493 1295 5547 τῶν
1330 5484 1639 5577 χρωμάτων
1668 5492 1997 5577 ςχρωμάτων
2020 5489 2081 5558 Ρ)

2188 5484 2413 5577 ἐθίιειιὶιιε
2439 5491 2506 5577 κέ
2537 5484 2925 5577 πραγματείας
2956 5490 3198 5577 timet-(’2.
3230 5558 3243 5573 ν
3275 5488 3321 5518 ⁵⁸
3353 5486 3418 5538 Τί
3441 5484 3498 5537 δέ
3516 5486 3676 5577 ἐστιν
3696 5512 3763 5577 :-

503 5565 643 5636 πλὴν
681 5580 792 5617 om.
833 5561 977 5636 Pain
1007 5560 1175 5636 textu,
1209 5560 1592 5636 repet'fpitt'ora.
1665 5560 1935 5636 ξ’ύλῴδη
1957 5562 2022 5623 Α,
2048 5576 2081 5628 γ

2188 5560 2372 5636 ὓδη-ίδ.

2462 5562 2506 5592 ⁵⁸
2533 5553 2637 5614 ὑπὸ
2666 5553 2805 5613 ’άτάθ
2816 5578 2932 5629 μων
2960 5560 3025 5613 Α.
3106 5560 3159 5629 7⁸⁷
3194 5553 3674 5629 εύρυχορωξέρους
3703 5554 3757 5629 Β..

502 5623 830 5724 εὗρ’ρχέρρμς
855 5623 1178 5724 τόπουςὶζεὶε
1203 5623 1304 5724 PL;
1323 5632 1715 5724 aiter-facit].
1735 5700 1759 5721 τ
1791 5632 1837 5664 ⁸⁸
1869 5623 1977 5686 τῶν
2005 5623 2081 5724 02‘

2193 5670 2219 5711 ι
2248 5623 2329 5724 3⁸
2373 5631 2470 5724 μὲν
2501 5623 2832 5724 τῆςὶτροφῆς
2859 5628 2922 5724 8;
2997 5630 3041 5662 “
3067 5628 3128 5682 τὸ
3169 5623 3437 5724 σκύϐαλον
3623 5624 3665 5655 ⁸⁸
3691 5624 3763 5724 .13:

502 5692 967 5781 κυσὶᾞαλλόμενα
994 5692 1305 5781 δηλόνοτιῖὶ
1331 5692 1390 5761 P'.
1412 5692 1415 5693 ν
1466 5709 1510 5737 δ’
1535 5692 1675 5759 ita:
1701 5700 1861 5827 0ὗὲον
1891 5718 2001 5757 om.
2038 5701 2077 5753 Β

700 5772 1097 5893 εδεὲδῖιὲἔισὲεφ.
1124 5776 1294 5831 desid.
1329 5774 1389 5830 Ρ.
1464 5778 1509 5809 ⁸³
1549 5774 1735 5845 ἔμιξεν
1820 5776 1881 5840 C,
1919 5773 2081 5843 συνέμ

2193 5700 2221 5753 ῦ
2244 5702 2298 5754 δὲ
2331 5692 2499 5755 πότου
2521 5721 2533 5731 ·
2557 5692 2636 5754 ’τὸ
2664 5692 2927 5770 cipe-v.16
2948 5702 3284 5769 περιττεῖνον
3310 5696 3433 5767 (sic)
3467 5692 3598 5751 ἀπὸ.
3653 5705 3758 5747 etc.

2188 5791 2204 5826 θ
2232 5771 2289 5825 Ρ.
2366 5773 2409 5804 ⁸³
2442 5771 2726 5843 δυνάμεθα
2751 5772 2816 5831 Α.
2841 5769 3144 5841 δυναίμεθα
3175 5768 3236 5825 C.
3314 5769 3358 5800 "
3396 5763 3627 5833 ἐσχάτου
3648 5778 3757 5818 om.

501 5839 564 5904 P,
587 5837 683 5895 δύο
716 5837 928 5906 δίδυμοι
951 5837 1009 5894 Ρ.
