4054 6216
361 392 500 448 ΗΥ)

1572 382 1656 434 1)Ε
1694 378 1978 436 NATURA
2020 377 2324 435 HOMINIS.

3482 376 3618 432 “30

363 507 525 569 buit,
574 516 684 573 quo
731 501 914 571 ipsas,
951 510 1316 569 praeterquam
1360 504 1607 551 extremo
1685 494 1837 548 senio
1878 492 2144 555 confecti,
2192 506 2253 543 ac
2302 489 2505 542 morbis
2571 488 2895 557 quihusdam
2948 488 3359 558 ingruentibus,
3434 492 3617 544 multi-

362 600 563 656 fariam
607 595 814 664 diuque
835 594 1119 648 continere
1150 592 1452 645 valeamus.

443 686 616 741 Ἐπάν
648 686 706 740 δὲ
738 683 882 737 οὑτω
913 682 1088 737 ταῦτα
1116 681 1553 751 γένηται,ἦγουν
1584 680 1618 749 ἠ
1648 679 1744 731 τοῦ
1771 678 1942 748 αἷμα·
1972 707 1982 735 λ

2113 672 2408 742 Postquam
2436 686 2565 726 vero
2592 687 2654 727 ea
2675 688 2795 742 quae
2821 674 3161 729 asseruimus
3179 678 3461 747 sanguinis
3486 695 3617 735 con-

360 799 451 845 τος
477 780 695 847 γένεσις
722 777 819 829 καὶ
850 775 1127 845 διασπορὰ
1158 773 1246 842 ἐφ’
1270 775 1419 827 ἆπαν
1453 772 1513 825 τὺ
1553 772 1735 841 σῶμα,
1769 772 1860 824 καὶ
1905 773 1938 839 ἡ

361 870 471 923 τῶν
500 868 707 922 λοιπῶν
735 866 846 919 τῶν
891 865 1204 936 εἰρημένων
1228 864 1516 934 διοίκησις,
1554 863 1765 933 δίδυμοί
1795 879 1941 924 τινες

362 961 541 1032 ὀχετοὶ
587 961 652 1012 ἐκ
694 957 923 1029 καρδίας
951 955 1365 1028 ἀφορμηθέντες
1419 954 1514 1009 καὶ
1554 955 1787 1026 ἥπατος,
1840 954 1942 1024 ἦτε

366 1052 651 1121 στελέχεια
674 1049 720 1081 ⁸⁸
747 1047 887 1117 φλὲψ
917 1048 1013 1101 καὶ
1049 1048 1083 1117 ἡ
1114 1046 1284 1118 ἀορτὴ
1336 1044 1597 1115 ἀρτηρία,
1635 1043 1696 1097 τὸ
1743 1046 1943 1097 οἰκεῖον

366 1144 572 1214 ἑκάστη
629 1140 1002 1213 σωληνοειδῶς
1057 1139 1453 1209 περιέχουσα⁶⁷
1508 1132 1651 1209 αἷμά
1718 1154 1780 1189 τε
1847 1137 1944 1190 καὶ

366 1236 585 1306 πνεῦμα
615 1233 706 1288 διὰ
746 1233 809 1286 τὸ
842 1233 1173 1303 εὑπόρευτον
1228 1227 1366 1284 εἶναι
1405 1230 1467 1283 τὸ
1506 1230 1675 1301 ὑγρὸν
1723 1231 1789 1301 τῇ
1848 1228 1943 1282 τοῦ

367 1330 577 1400 θερμοῦ
602 1328 820 1396 κινήσει
851 1323 1271 1396 συμπαροδεῦον
1295 1324 1341 1356 ⁸⁸
1404 1325 1498 1377 καὶ
1544 1321 1944 1393 κουφιζόμενον

368 1426 456 1495 ἐφ’
492 1425 639 1478 ἆπαν
682 1420 744 1475 τὸ
793 1419 953 1489 σῶμα
1004 1417 1346 1489 πολυσχιδῶς
1387 1415 1944 1485 κατασπείρονται⁶’,

369 1518 450 1579 εἱς
471 1513 670 1586 μυρίας
706 1512 884 1582 ἀρχὰς
922 1511 1017 1563 καὶ
1043 1508 1321 1579 διαχύσεις
1343 1510 1410 1573 ⁷ο,
1448 1508 1588 1561 κατά
1618 1511 1727 1560 πᾶν
1781 1507 1947 1578 μέρος

369 1608 465 1662 τοῦ
528 1606 781 1676 σώματος
827 1602 1029 1656 ἔσωθεν
1073 1603 1167 1655 καὶ
1194 1601 1236 1632 ⁷¹
1284 1601 1484 1666 ἔξωθεν
1535 1600 1943 1670 κληματηδὸντ²

371 1699 579 1771 φλέϐας
613 1698 709 1752 καὶ
742 1696 1013 1768 ἀρτηρίας
1049 1697 1391 1763 έπαφιεῖσαι.

439 1877 554 1933 Καὶ
573 1875 682 1947 γάρ
709 1872 917 1944 παχέος
931 1874 977 1905 ’³³
1009 1872 1165 1936 όντος
1210 1872 1373 1941 φύσει
1402 1870 1498 1924 τοῦ
1549 1872 1811 1941 αἵματος,
1853 1869 1949 1921 καὶ

374 1966 451 2040 μὴ
471 1966 775 2037 δυναμένου
813 1963 975 2033 μόνου
996 1962 1043 1995 ’⁵
1071 1962 1172 2025 τάς
1213 1961 1408 2024 στενὰς
1436 1961 1591 2025 ὁδοὺς
1620 1960 1713 2013 τοῦ
1758 1959 1949 2033 σώμα-

2051 766 2286 829 ειίιυιίο,
2321 781 2386 821 ac
2408 766 2463 820 in
2495 774 2668 819 totum
2703 782 2903 836 corpus
2932 766 3232 838 dispersio,
3275 779 3622 827 ceterorum-

2051 871 2157 925 que
2173 856 2239 909 de
2256 857 2453 926 quibus
2479 855 2685 910 dictum
2705 866 2788 912 est
2804 858 3163 926 dispensatio,
3191 860 3293 914 hoc
3324 864 3486 917 modo
3513 880 3625 933 per-

2052 946 2311 1000 ficiuntur
2327 987 2343 1011 ,
2368 948 2568 1017 gemini
2585 948 2806 1017 quidam
2830 949 2954 1015 rivi,
2973 948 3215 1018 stirpalis
3238 952 3447 1008 scilicet
3469 970 3623 1018 vena,

2053 1038 2383 1107 arteriaque,
2407 1053 2528 1108 qua:
2590 1049 2744 1094 aorta
2771 1038 2993 1103 dicitur,
3026 1056 3056 1095 a
3096 1041 3260 1095 corde
3295 1057 3360 1096 ac
3381 1043 3628 1113 jecinore

2051 1132 2491 1201 proficiscentes,
2541 1131 2861 1194 sanguinem
2912 1131 3294 1203 spiritumque,
3346 1135 3492 1204 quod
3529 1150 3627 1191 cu-

2048 1224 2249 1293 jusque
2288 1222 2565 1293 peculiare
2604 1221 2714 1293 36
2744 1231 2830 1276 est
2857 1222 3138 1293 (quoniam
3187 1224 3471 1281 humidum
3505 1243 3628 1283 cum

2052 1314 2214 1369 calidi
2242 1324 2393 1368 motu
2424 1312 2571 1369 facili
2597 1314 2831 1369 transitur
2862 1316 3063 1384 meat),
3096 1317 3150 1369 in
3185 1317 3380 1373 fistulae
3406 1318 3628 1374 modum

2054 1406 2354 1459 continent.
2381 1405 2520 1471 Quid
2550 1406 2678 1459 dum
2696 1406 2927 1474 junctim
2951 1421 3075 1461 eum
3102 1410 3364 1479 sanguine
3378 1411 3629 1480 spiritum

2056 1505 2232 1574 ipsum
2269 1504 2437 1558 levent
2476 1504 2749 1559 reddendo
2782 1505 3047 1575 graditur,
3081 1506 3181 1561 rivi
3213 1507 3278 1562 ad
3312 1508 3479 1564 totius
3506 1526 3632 1566 cor-

2056 1598 2205 1668 poris
2256 1606 2438 1667 partes
2472 1613 2593 1667 quae
2656 1597 2802 1652 intus
2843 1608 3105 1668 extraque
3158 1609 3306 1665 sunt,
3341 1601 3632 1658 multitudo

2057 1701 2253 1754 tractu,
2286 1691 2339 1743 in
2382 1691 2667 1744 innumera
2721 1690 2987 1761 principia
3032 1693 3312 1763 rimasque
3376 1696 3631 1765 dispersi,

2055 1797 2153 1836 ceu
2203 1781 2479 1851 palmites,
2535 1781 2589 1834 in
2645 1795 2813 1835 venas
2861 1782 3203 1853 arteriasque
3234 1783 3630 1841 diffunduntur.

2125 1872 2262 1928 Cum
2307 1882 2487 1928 autem
2526 1874 2809 1945 sanguinis
2853 1885 3044 1929 natura
3093 1891 3277 1931 crassa
3334 1878 3632 1946 habeatur,

2057 1979 2233 2034 neque
2264 1965 2312 2018 ei
2344 1980 2441 2033 per
2471 1974 2733 2035 angustos
2754 1967 3001 2031 corporis
3027 1979 3269 2029 meatus.
3303 1970 3429 2038 quia
3462 1972 3634 2026 exiles

370 2078 462 2125 τος
498 2058 797 2123 ἀκωλύτως
835 2057 1123 2127 διαπερᾷν,
1153 2057 1237 2109 ὅτι
1270 2056 1378 2109 εἰσὶ
1434 2055 1708 2126 τριχοειδῆ
1753 2053 1950 2124 φλεσία

2060 2056 2264 2110 venulae
2288 2057 2520 2124 pilorum
2545 2057 2660 2111 rice
2688 2057 2740 2110 in
2770 2058 3016 2127 partibus
3045 2061 3375 2126 consistunt,
3407 2077 3517 2131 prte
3548 2066 3633 2119 sui

371 2150 545 2204 λεπτὰ
571 2150 618 2181 ’⁵
654 2149 797 2203 κατά
821 2148 888 2203 τά
934 2148 1097 2219 μόρια
1116 2147 1162 2179 ⁷⁸
1188 2146 1439 2217 κείμενα,
1464 2145 1657 2215 ἐδεήθη
1692 2161 1954 2215 συμπαρ-

373 2244 512 2295 εῖναι
558 2240 707 2311 αὑτῴ
755 2242 816 2294 τὸ
874 2239 1142 2303 ὑδατῶδες
1195 2238 1538 2309 περίττωμα,
1595 2238 1685 2291 ἵνα
1747 2240 1815 2307 τῇ
1858 2237 1951 2290 λε-

377 2334 608 2406 πτότητι
634 2333 727 2388 τοῦ
761 2332 1067 2397 ὑδατώδους
1107 2330 1525 2403 περιττώματος
1576 2330 1819 2393 εὐκόλως
1874 2329 1954 2382 δι-

376 2426 630 2494 οδεύηται
660 2425 720 2480 τὸ
756 2420 915 2495 αἷμα,
949 2424 1088 2495 πρός
1110 2440 1169 2476 τε
1196 2422 1265 2475 τὰ
1290 2421 1464 2475 λεπτά
1493 2420 1600 2474 τῶν
1646 2421 1883 2489 ἀγγείων
1908 2420 1952 2452 τ’

377 2516 643 2587 καὶπρὸς
674 2516 819 2571 ἅπαν
846 2515 910 2568 τὸ
958 2514 1120 2585 σῶμα
1170 2513 1259 2566 διά
1311 2511 1419 2566 τῶν
1455 2510 1773 2584 τριχοειδῶν
1828 2511 1956 2580 φλε-

378 2611 512 2665 δίων
540 2610 608 2675 ⁷⁸,
629 2610 708 2673 ὡς
735 2609 977 2680 εἴρηται.
1010 2604 1373 2676 Μιχθεῖσαιδὲ
1408 2603 1544 2671 πρὸς
1577 2603 1816 2674 ἀλλήλας
1842 2604 1952 2658 τῶν

381 2702 627 2769 ζωτικῶν
652 2702 938 2770 δυνάμεων
988 2700 1044 2752 αἱ
1095 2700 1189 2752 δύο
1222 2699 1436 2769 ἀρχαί·
1489 2697 1587 2765 ἥτε
1646 2698 1708 2750 τὸ
1752 2696 1956 2768 θερμὸν

380 2796 490 2850 ἀπὸ
517 2796 745 2867 καρδίας
769 2793 1018 2863 πανταχῆ
1047 2792 1140 2845 ἐπὶ
1162 2791 1207 2822 ⁷⁸
1255 2792 1318 2843 τὸ
1365 2790 1528 2861 σῶμα
1565 2792 1956 2859 ἐκπέμπουσα,

378 2891 528 2961 καὶὴ
562 2889 622 2942 τὸ
661 2889 826 2958 ὑγρὸν
868 2885 1184 2959 χορηγοῦσα
1232 2883 1294 2949 ἐξ
1320 2884 1533 2955 ἥπατος
1589 2886 1656 2954 τῇ
1713 2885 1958 2955 ἀρχικω-

378 2984 516 3055 τέρᾳ
564 2983 666 3054 τῆς
716 2982 958 3051 ζωτικῆς
1011 2978 1296 3049 δυνάμεως
1360 2979 1663 3048 οἰκονομίᾳ,
1719 2980 1957 3049 δωροφο-

383 3075 625 3149 ροῦσιδο.
658 3074 769 3128 Τοῦ
802 3091 862 3127 τε
901 3072 1011 3145 γάρ
1046 3071 1255 3143 θερμοῦ
1297 3070 1359 3123 τὸ
1403 3069 1815 3142 καθαρώτερον,
1862 3071 1957 3124 καὶ

383 3167 477 3221 τοῦ
513 3166 685 3237 ὑγροῦ
716 3167 779 3218 τὸ
822 3166 1154 3236 λεπτότερον
1183 3165 1253 3227 ⁶¹,
1302 3164 1433 3234 παρ’
1474 3164 1743 3233 ἑκατέρας
1796 3163 1957 3217 δυνά-

388 3276 532 3329 μεως
560 3259 649 3314 διά
680 3275 827 3321 τινος
862 3258 1064 3329 μίξεως
1098 3258 1193 3312 καὶ
1249 3257 1607 3327 ἀνακράσεως
1663 3255 1956 3318 ὲνωθέντα,

381 3351 574 3421 τρέφει
632 3350 725 3403 καὶ
762 3348 1045 3420 συνίστησι
1099 3347 1192 3401 τὸν
1229 3346 1535 3417 ἐγκέφαλον
1589 3346 1679 3399 διὰ
1722 3346 1832 3399 τῶι
1862 3348 1954 3400 ἀτο
1987 3387 2029 3443 C

390 3441 526 3510 μῶν.
593 3440 713 3509 Ἀφ’
760 3434 822 3495 οὗ
872 3439 1036 3493 πάλιν
1092 3438 1531 3508 ἑκλεπτυνομένη
1570 3436 1819 3501 ἀνάδοσις
1861 3437 1956 3489 ἀπ’

384 3531 597 3585 ἐκείνου
621 3532 667 3565 ⁸⁸
689 3530 980 3599 ὑπαλείφει
1013 3530 1106 3583 τὸν
1135 3529 1488 3600 περιεκτικὸν
1526 3528 1621 3581 τοῦ
1653 3529 1959 3597 ἐγκεφάλου

386 3625 584 3694 ὑμένα,
631 3623 723 3677 τὸν
767 3622 1057 3693 δεχόμενον
1094 3621 1193 3689 τὴν
1262 3621 1504 3692 ψυχικὴν
1545 3622 1834 3692 ἐνέργειαν
1860 3635 1872 3647 ⁸
1902 3620 1962 3672 ὃν

388 3717 486 3770 καὶ
512 3716 801 3779 δικτυῶδες
828 3716 875 3748 ⁸³
901 3715 1123 3786 πλέγμα
1151 3714 1409 3767 καλοῦσιν
1440 3715 1490 3766 οἱ
1525 3713 1718 3783 ἰατροί.

470 3809 536 3861 Ἦ
560 3807 671 3880 γάρ
697 3807 844 3880 ψυχὴ
873 3807 1013 3879 αὑτὴ
1053 3807 1155 3877 μὲν
1186 3806 1309 3859 καθ’
1344 3805 1544 3875 ἑαυτὴν
1570 3805 1690 3858 θεία
1723 3804 1807 3867 τίς
1842 3806 1960 3857 ἐστι

384 3898 482 3953 καὶ
503 3898 794 3969 ἀσώματος
820 3915 835 3931 θ
867 3898 1074 3969 λάμπει
1098 3896 1142 3928 ⁸⁸
1175 3895 1231 3949 δὲ
1264 3896 1346 3958 είς
1359 3894 1419 3948 τὸ
1467 3894 1626 3964 σῶμα
1653 3893 1814 3947 τοῦτο
1862 3895 1962 3947 οὑκ

385 3992 627 4062 ἀμέσως,
659 3991 795 4045 ἀλλά
820 3988 1136 4061 κεχρημένη
1158 3989 1375 4058 ὀργάνῳ
1391 3987 1500 4039 τινὶ
1526 3985 1605 4056 τῷ
1630 3985 1957 4056 καλουμένῳ

386 4083 664 4154 πνεύματι
718 4081 958 4154 ψυχικῷ.
1012 4081 1183 4135 Τοῦτο
1229 4081 1286 4134 δε
1329 4078 1679 4149 ἐκπέμπεται
1736 4078 1834 4147 μὲν
1898 4079 1964 4132 ἑκ

386 4177 614 4248 καρδίας
638 4177 728 4231 διά
747 4177 847 4246 τῆς
863 4174 1066 4246 ἀορτῆς
1088 4172 1384 4245 ἀρτηρίας,
1407 4173 1500 4226 καὶ
1515 4173 1563 4209 ⁸³
1596 4170 1899 4243 φερόμενον
1916 4170 1963 4202 ⁸⁸

388 4267 543 4337 παρὰ
596 4266 658 4319 τὸ
709 4264 1003 4337 εἰρημένον
1061 4262 1354 4325 δικτυῶδες
1380 4263 1426 4294 ⁸⁷
1490 4262 1731 4330 πλέγμα,
1777 4263 1961 4314 ἐκεῖσε

387 4359 647 4413 πέττεται
668 4357 716 4391 ⁸⁸
746 4358 842 4411 καὶ
874 4357 1221 4421 λεπτύνεται,
1254 4358 1347 4409 καὶ
1392 4356 1635 4427 αἱθέριόν
1673 4374 1732 4408 τε
1754 4357 1799 4389 ”
1869 4359 1963 4410 καὶ

387 4451 667 4520 αὐγοειδὲς
722 4449 979 4519 γίνεται·
1014 4450 1091 4512 ὡς
1139 4450 1451 4518 ἐπιτήδειον
1505 4445 1645 4502 εἶναι
1700 4450 1960 4514 δέξασθαι

386 4542 568 4613 ψυχῆς
599 4541 867 4611 έλλαμψιν
891 4542 961 4596 ⁸ο.

2055 2146 2423 2202 crassitudine
2456 2159 2742 2218 penetrare
2792 2147 2950 2203 facile
2996 2151 3172 2214 detur,
3227 2152 3328 2221 ipsi
3367 2168 3632 2223 aquosuni

2055 2250 2462 2293 excrementum
2491 2240 2739 2295 adhiberi
2785 2243 3048 2310 oportuit,
3102 2259 3213 2312 quo
3252 2244 3371 2313 ejus
3416 2246 3636 2315 gracili-

2057 2329 2187 2382 tatis
2241 2343 2429 2395 eausa,
2474 2331 2727 2401 sanguini
2762 2332 2884 2401 ipsi,
2916 2348 3011 2401 per
3065 2334 3285 2389 subtilia
3341 2337 3541 2405 quibus
3568 2339 3632 2389 ad

2058 2421 2290 2490 pilorum
2317 2423 2540 2477 modum
2575 2439 2766 2479 onmes
2801 2435 2980 2494 partes
3009 2426 3219 2481 refertae
3246 2437 3372 2482 sunt
3394 2430 3635 2492 vaseula,

2063 2526 2159 2581 per
2203 2511 2339 2581 ipsa,
2377 2512 2622 2582 inquam,
2674 2530 2737 2567 ac
2761 2522 2933 2567 totum
2969 2530 3168 2584 corpus
3204 2517 3635 2588 (utexplicatum

2059 2603 2163 2673 est)
2182 2604 2426 2672 pervium
2450 2604 2552 2658 iter
2584 2604 2859 2659 reddatur.
2879 2607 3013 2659 (lum
3046 2616 3225 2662 autem
3254 2610 3472 2678 gemina
3500 2610 3636 2665 vita-

2050 2695 2193 2749 lium
2228 2693 2546 2748 facultatum
2595 2696 2859 2765 principia
2914 2699 3200 2752 commista
3226 2699 3356 2763 sint,
3402 2716 3634 2770 quorum

2060 2797 2291 2851 alterum
2324 2797 2556 2850 calorem
2598 2812 2629 2850 a
2675 2796 2859 2862 corde,
2894 2797 3125 2853 alterum
3168 2800 3451 2855 humorem
3485 2817 3515 2856 a
3554 2803 3636 2872 je-

2061 2887 2248 2942 cinore
2283 2886 2609 2956 suppeditat,
2673 2888 2942 2956 prmeipua
2976 2902 3039 2941 ac
3068 2888 3307 2944 maxime
3351 2891 3633 2961 principali

2060 2977 2240 3033 vitalis
2271 2977 2548 3032 facultatis
2596 2978 3097 3047 administratione,
3139 2980 3253 3034 ha'c
3306 2982 3635 3054 largiuntur.

2063 3069 2373 3136 Enimvero,
2429 3070 2745 3140 purissima
2777 3070 2977 3126 caloris
3032 3072 3235 3141 portio.
3282 3073 3637 3146 humorisque

2062 3177 2186 3231 qua:
2216 3162 2571 3217 subtilissima
2601 3172 2704 3224 est,
2752 3177 2983 3233 qumque
3012 3163 3081 3217 ab
3105 3174 3334 3235 utraque
3385 3166 3638 3221 facultate

2064 3254 2294 3308 mistella
2317 3253 2572 3323 quadam,
2599 3262 3135 3323 temperamentoque
3158 3256 3357 3322 medio,
3390 3257 3442 3310 in
3470 3273 3637 3311 unum

2063 3356 2280 3410 coeunt,
2305 3359 2399 3415 per
2429 3360 2658 3415 vapores
2684 3345 2751 3399 ad
2782 3344 3064 3399 cerebrum
3094 3348 3467 3416 procedentes,
3491 3350 3643 3405 alunt

2065 3434 2244 3501 ipsum
2276 3434 2745 3503 constituuntque.
2787 3434 2869 3489 Ad
2913 3435 3048 3497 haec,
3108 3438 3467 3494 subtilissima
3515 3457 3639 3495 rur-

2064 3540 2179 3587 sus,
2204 3540 2324 3594 quae
2348 3525 2415 3578 ab
2442 3540 2509 3579 eo
2537 3525 2763 3595 emergit
2783 3526 2883 3588 vis,
2906 3526 3277 3581 membranam
3308 3544 3431 3598 qua:
3462 3530 3639 3599 ipsum

2064 3615 2255 3680 ambit,
2289 3631 2411 3685 quae
2445 3616 2641 3671 anima:
2671 3616 2940 3671 actionem
2977 3618 3227 3688 suscipit,
3256 3635 3486 3690 quaeque
3514 3626 3642 3677 reti-

2063 3706 2245 3760 culare
2278 3715 2485 3761 textum
2513 3723 2543 3762 a
2576 3707 2798 3763 medicis
2837 3719 3204 3778 nuncupatur,
3243 3712 3530 3769 demulcet.

2137 3796 2415 3867 Siquidem
2458 3799 2639 3852 anima
2672 3799 2787 3869 ipsa
2821 3800 3064 3854 divinum
3093 3803 3388 3871 quoddam,
3418 3820 3482 3859 ac
3514 3822 3639 3861 cor-

2065 3892 2215 3961 poris
2262 3907 2458 3961 expers
2498 3892 2771 3958 habetur;
2830 3894 2882 3947 in
2928 3909 3155 3964 corpore
3213 3896 3316 3952 hoc
3362 3898 3641 3969 haudqua-

2064 4000 2230 4054 quam
2263 3984 2445 4039 medio
2476 4000 2691 4049 carens,
2726 3986 2817 4041 sed
2845 3986 3207 4042 instrumento
3232 4031 3245 4053 ,
3274 3989 3417 4059 quod
3444 3991 3641 4047 animm

2066 4076 2292 4145 spiritus
2325 4076 2527 4132 dicitur
2568 4084 2854 4148 sequestro
2881 4118 2895 4141 ,
2960 4078 3206 4149 refulget.
3271 4079 3642 4138 Verumenim-

2066 4183 2194 4223 vero
2256 4169 2481 4237 spiritus
2540 4169 2660 4232 istc,
2713 4185 2744 4225 a
2799 4173 2986 4233 corde,
3060 4171 3273 4227 arteria:
3316 4189 3438 4243 quae
3487 4186 3640 4230 aorta

2068 4271 2414 4331 nuncupatur
2458 4262 2653 4326 oflieio.
2700 4279 2918 4319 sursum
2962 4266 3251 4332 emittitur,
3290 4283 3353 4322 ac
3386 4284 3480 4338 per
3509 4270 3621 4323 reti

2064 4353 2249 4408 culare
2291 4354 2357 4407 de
2380 4370 2489 4424 quo
2511 4355 2746 4410 dicimus
2778 4365 2984 4410 textum
3014 4359 3158 4420 quod
3191 4359 3472 4412 cerebrum
3527 4377 3641 4412 am-

2066 4444 2143 4497 bit
2174 4446 2507 4515 procedens,
2554 4448 2919 4518 concoquitur
2946 4448 3099 4512 inibi,
3152 4457 3543 4519 tenuaturque,
3580 4466 3641 4502 ae

2064 4537 2250 4593 :etheri
2312 4538 2639 4607 persimilis.
2686 4538 2959 4609 simulque
3009 4538 3283 4608 fulgidus,
3332 4548 3391 4594 ut
3448 4541 3643 4595 anima:

2066 4630 2409 4701 splendorem
2442 4631 2720 4700 suscipere
2778 4630 3007 4684 idoneus
3036 4631 3123 4694 sit,
3156 4630 3403 4685 efficitur.

458 4720 523 4775 Ei
554 4720 736 4773 τοίνυν
760 4719 918 4772 τοῦτο
954 4721 1255 4790 παχύτερον
1284 4718 1451 4773 αὑτοῦ
1472 4721 1557 4788 εἴη
1595 4721 1686 4772 καὶ
1727 4722 1956 4775 τεθολω-

2137 4724 2193 4778 Si
2251 4725 2417 4793 igitur
2460 4724 2712 4793 spiritum
2778 4726 2924 4777 hunc
2955 4763 2969 4785 ,
3023 4723 3114 4776 illo
3163 4724 3437 4778 reticulari
3495 4735 3641 4779 texto

390 4810 574 4881 μένον,
597 4813 631 4883 ἡ
669 4811 768 4882 μὲν
801 4812 900 4882 τῆς
929 4811 1110 4882 ψυχῆς
1139 4813 1299 4865 οὐσία
1327 4811 1481 4865 οὐδὲν
1510 4812 1568 4877 ἐξ
1597 4812 1761 4865 αὑτοῦ
1784 4831 1963 4885 παρα-

386 4901 687 4957 6λάπτεται
720 4919 734 4934 ³
771 4903 832 4956 τὸ
854 4903 910 4955 δὲ
937 4904 1097 4973 σῶμα
1126 4903 1218 4957 διά
1238 4904 1335 4974 τὴν
1368 4902 1461 4956 τοῦ
1514 4903 1820 4972 πνεύματος
1861 4922 1962 4958 κα-

386 4991 511 5044 κίαν
548 4994 609 5045 οὐ
647 4993 891 5063 σαφῶςῆ
919 4994 1348 5064 καταλάμπεται
1378 4993 1411 5063 ἢ
1446 4994 1661 5065 ἐνεργεῖ
1680 5011 1693 5024 ο
1726 4996 1774 5047 εἰ
1804 4995 1859 5048 δὲ
1876 4999 1962 5065 εἴη

386 5083 743 5155 λεπτομερὲς,
787 5084 1201 5155 ἀνεμποδίστως
1236 5083 1420 5136 καὶτὸ
1465 5084 1624 5154 σῶμα
1653 5085 1762 5137 τῶν
1804 5084 1965 5155 ψυχι-

387 5176 500 5229 κῶν
530 5177 827 5247 ὲνεργείων
850 5176 1119 5231 ἀπολαύει
1146 5192 1163 5207 ·
1192 5177 1282 5230 διὰ
1308 5178 1515 5248 ταύτην
1542 5178 1723 5231 τοίνυν
1739 5178 1836 5249 τὴν
1875 5182 1962 5233 αἱ-

385 5268 507 5323 τίαν
537 5270 822 5343 ἀπέριττοι
855 5269 1115 5339 μένοντες
1140 5269 1357 5323 κάλλιον
1387 5270 1430 5300 ⁹¹
1465 5269 1818 5339 λογιζόμεθα,
1867 5272 1961 5324 καὶ

2069 4816 2393 4871 crassiorem
2427 4815 2814 4884 turbidumque
2843 4830 2965 4869 esse
2994 4816 3304 4884 contigerit,
3352 4832 3456 4870 non
3497 4818 3640 4877 ideo.

2068 4921 2137 4960 ne
2166 4905 2433 4959 tantillum
2467 4905 2686 4974 quidem
2729 4904 2929 4959 animae
2981 4906 3284 4961 substantia
3330 4908 3400 4961 ab
3440 4922 3506 4961 eo
3548 4909 3640 4962 hr-

2065 4997 2234 5056 ditur,
2275 5011 2477 5064 corpus
2516 5012 2646 5049 vero
2691 4998 2918 5066 spiritus
2955 4996 3109 5060 vitio,
3146 5012 3321 5068 neque
3356 4999 3641 5070 perspicue

2066 5088 2390 5149 illustratur,
2436 5102 2611 5157 neque
2630 5089 2872 5143 actiones
2915 5104 3045 5144 suas
3079 5090 3335 5145 ostendit.
3372 5090 3428 5144 Si
3460 5101 3640 5148 autem

2069 5179 2221 5233 illum
2243 5179 2584 5233 subtiliorem
2613 5194 2736 5236 esse
2756 5181 3067 5251 contigerit,
3099 5197 3300 5251 corpus
3321 5182 3527 5251 absque
3549 5184 3645 5238 im-

2069 5271 2378 5340 pedimento
2413 5271 2520 5342 37
2546 5272 2742 5327 animae
2791 5274 3096 5329 actionibus
3146 5272 3365 5331 fruitur.
3403 5273 3515 5329 Hac
3547 5276 3646 5346 igi-

458 5426 503 5459 “
524 5426 779 5503 στελεχία
810 5426 870 5486 Β,
908 5427 1034 5503 ἥτις
1056 5424 1469 5503 στελεχιαίαᾏΒ.
1545 5426 1589 5503 ς’
1625 5427 1954 5503 περιέἑχῖδσα
1983 5426 2083 5480 BC
2248 5425 2292 5458 "'
2330 5427 2766 5503 fagoﬁsuépsvov
2804 5431 2885 5503 Ρη
2909 5431 2986 5503 *θ’
3027 5433 3465 5503 ἐγκατασπεῖρον
3488 5433 3574 5487 εἰσ

384 5494 591 5566 ὀχετῶν
613 5494 788 5566 ἀρχὰς
826 5498 891 5550 Ρ.
931 5494 942 5497 ⁷
990 5496 1036 5527 ⁷⁰
1074 5496 1359 5565 διαφύσεις
1383 5496 1442 5548 Β.
1545 5497 1588 5526 ⁷¹
1625 5512 1685 5547 τε
1708 5495 1801 5547 καὶ
1828 5496 1887 5549 Ρ.

387 5567 434 5596 7's
479 5566 641 5597 “Ann”
687 5567 713 5597 Δ
845 5568 890 5597 ⁸18
940 5566 1109 5597 ...ιιηέ-
1164 5568 1199 5597 ιι
1322 5566 1367 5597 ⁸16
1403 5567 1568 5597 ...ευ-..κ
1631 5567 1657 5597 Δ
1747 5566 1887 5597 "Ann

387 5567 434 5596 7"
479 5566 641 5634 μόνον
678 5567 742 5620 Α.
845 5568 890 5597 ⁷⁸
939 5566 1111 5637 μικρά
1161 5568 1219 5621 Β.
1322 5566 1367 5597 ⁷⁸
1400 5584 1437 5635 μ

387 5635 436 5707 ff
469 5634 694 5707 ante}?
744 5633 785 5689 C
835 5633 894 5689 P.
968 5638 1042 5707 73°
1087 5635 1441 5707 δοροιροροῦσι

463 5704 756 5777 δυκτιῶδες
796 5707 855 5758 Β.
961 5706 1006 5739 ⁸⁸
1044 5704 1319 5777 ἐκλάμπει
1355 5707 1395 5757 Β
1432 5706 1472 5759 C
1502 5704 1563 5777 Ρ.

388 5774 434 5807 ⁸⁷
462 5775 789 5838 δικτυοειδὲς
816 5779 880 5845 Α,
932 5774 1226 5841 δυκτιῶδες
1256 5777 1314 5830 Β.

1428 5777 1471 5807 ⁸⁸
1504 5774 1752 5846 ἀθαίριόν
1782 5792 1841 5827 τε
1876 5778 1937 5831 Β.

360 5888 361 5891 η
389 5848 635 5918 κρεῖττον
664 5846 723 5902 Ρ.

1996 5499 2042 5527 ⁸11

1322 5514 1359 5556 ,ς
1383 5498 1442 5548 Β.
1545 5498 1588 5526 ⁷¹
1625 5512 1685 5547 τε
1708 5498 1801 5547 καὶ
1828 5498 1887 5549 Ρ.
1996 5499 2042 5527 ⁷¹
2074 5498 2305 5567 κλημακτ

1322 5566 1379 5646 ⁷ξ
1400 5567 1571 5647 μήρια
1611 5567 1687 5647 ΔΑ,
1745 5566 1910 5647 μόρια
1969 5567 2209 5647 διακείμ.
2242 5568 2305 5647 1:.

1498 5636 1564 5697 Β,
1606 5635 1970 5705 δορυφοροῦσι
2014 5636 2055 5692 C
2100 5635 2162 5689 Ρ.
2257 5637 2300 5668 ⁸⁸
2354 5635 2682 5691 λεπτότατον
2741 5640 2803 5691 Ρ.
2907 5640 2951 5671 ⁸⁸
3002 5641 3072 5694 ἀπ

1502 5704 1563 5790 Ρ.
1621 5774 1633 5789 ⁸
1663 5707 1709 5739 ⁸⁸
1739 5705 1798 5774 ψ.
1826 5708 2026 5778 ὲκπεμ.
2058 5708 2121 5759 ὲκ
2154 5706 2383 5790 καρδίας
2411 5706 2499 5790 διὰ
2525 5708 2627 5831 τῑγξ
2653 5710 2862 5779 ἀορκῆς
2883 5712 2977 5764 καὶ
3011 5712 3072 5767 Ρ.

1504 5775 1752 5831 αθαιοιόν
1782 5792 1841 5827 τε
1876 5778 1937 5831 Β.
2044 5777 2089 5807 ⁸⁹
2128 5793 2217 5831 ro.
2260 5792 2545 5831 αναπεμπ.
2628 5819 2642 5831 .
2742 5781 2787 5811 ⁹⁰
2818 5779 3055 5831 ἐλαωιιν

2044 5777 2089 5807 ⁸⁹
2128 5793 2217 5846 γρ.
2236 5776 2243 5778 ἡ
2260 5776 2545 5846 ἀναπέμπ.
2580 5776 2642 5833 Ρ.

3263 5453 3465 5503 ῖπειρον
3488 5453 3574 5487 εισ
3614 5453 3639 5481 η·

3263 5502 3309 5533 ’⁸³
3340 5503 3547 5559 παγέου
3700 5550 3707 5553 ,

3020 5571 3347 5659 ξδηάγγενίων
3405 5571 3523 5626 ΒΩ
3582 5574 3641 5659 l“.

2907 5640 2951 5671 "
3002 5641 3096 5695 ἀπ’
3142 5642 3354 5695 ἐκείνου
3413 5659 3523 5698 om.
3576 5647 3641 5700 Λ.

2907 5712 3072 5785 ιαὶΔΡ.
3176 5712 3222 5743 ⁸⁸
3260 5714 3544 5785 φερομένο
3576 5719 3643 5770 Λα.

3251 5783 3298 5817 ’³⁸
3333 5783 3433 5855 μὲν
3492 5785 3642 5848 ὅντες

2183 5496 2423 5567 μακηδὸν
2452 5497 2513 5559 Β,
2562 5498 2973 5568 κληματοειδῶς
3028 5496 3076 5553 C
3103 5500 3163 5554 P.

2242 5568 2283 5596 ι)
2414 5567 2458 5596 71
2501 5569 2809 5596 L..-....-:.
2853 5571 2891 5596 D
3020 5571 3067 5596 1n
3113 5574 3162 5596 ε.-

2257 5569 2305 5618 Ρ.
2414 5569 2458 5596 ⁷⁷
2499 5569 2809 5635 ἀναγκείων
2852 5571 2911 5622 Β.

2257 5637 2300 5668 ⁸⁸
2354 5635 2682 5691 λεπτότατον
2741 5640 2803 5691 Ρ.
2907 5643 2911 5669 ¹

2742 5781 2787 5811 ⁹⁰
2818 5779 3055 5853 ἐλαμψιν
3083 5785 3148 5838 Α.
