  <div class='ocr_page' id='page_1' title='image "/cluster/home/n/w/nwhite01/storage/ocr_20150623/64/hvd.32044073501959/611.png"; bbox 0 0 4066 6214; ppageno 0'>
   <div class='ocr_carea' id='block_1_1' title="bbox 478 318 605 385">
    <p class='ocr_par' dir='ltr' id='par_1_1' title="bbox 478 318 605 385">
     <span class='ocr_line' id='line_1_1' title="bbox 478 318 605 385; baseline 0.016 -2"><span class='ocrx_word' id='word_1_1' title='bbox 478 318 605 385; x_wconf 73' lang='lat' dir='ltr'><strong>tl‘o&#39;i</strong></span> 
     </span>
    </p>
   </div>
   <div class='ocr_carea' id='block_1_2' title="bbox 1787 324 2416 382">
    <p class='ocr_par' dir='ltr' id='par_1_2' title="bbox 1787 324 2416 382">
     <span class='ocr_line' id='line_1_2' title="bbox 1787 324 2416 382; baseline 0.002 -4"><span class='ocrx_word' id='word_1_2' title='bbox 1787 324 2067 381; x_wconf 76' lang='lat' dir='ltr'><strong>MELETH</strong></span> <span class='ocrx_word' id='word_1_3' title='bbox 2109 324 2416 382; x_wconf 67' lang='lat' dir='ltr'><strong>MONMLHI</strong></span> 
     </span>
    </p>
   </div>
   <div class='ocr_carea' id='block_1_3' title="bbox 3594 338 3725 393">
    <p class='ocr_par' dir='ltr' id='par_1_3' title="bbox 3594 338 3725 393">
     <span class='ocr_line' id='line_1_3' title="bbox 3594 338 3725 393; baseline 0.008 -1"><span class='ocrx_word' id='word_1_4' title='bbox 3594 338 3725 393; x_wconf 72' lang='lat'><strong>“&#39;52</strong></span> 
     </span>
    </p>
   </div>
   <div class='ocr_carea' id='block_1_4' title="bbox 473 439 2027 522">
    <p class='ocr_par' dir='ltr' id='par_1_4' title="bbox 473 439 2025 508">
     <span class='ocr_line' id='line_1_4' title="bbox 473 439 2025 508; baseline -0.001 -12"><span class='ocrx_word' id='word_1_5' title='bbox 473 454 561 496; x_wconf 88' lang='lat' dir='ltr'><strong>tur</strong></span> <span class='ocrx_word' id='word_1_6' title='bbox 605 440 671 494; x_wconf 88' lang='lat' dir='ltr'><strong>de</strong></span> <span class='ocrx_word' id='word_1_7' title='bbox 716 454 900 506; x_wconf 72' lang='lat' dir='ltr'><strong>causa,</strong></span> <span class='ocrx_word' id='word_1_8' title='bbox 960 439 1050 507; x_wconf 90' lang='lat' dir='ltr'><strong>qui</strong></span> <span class='ocrx_word' id='word_1_9' title='bbox 1111 448 1575 492; x_wconf 70' lang='lat' dir='ltr'><strong>excrcmcntorum</strong></span> <span class='ocrx_word' id='word_1_10' title='bbox 1631 452 1878 508; x_wconf 82' lang='lat' dir='ltr'><strong>expertes</strong></span> <span class='ocrx_word' id='word_1_11' title='bbox 1938 440 2025 494; x_wconf 87' lang='lat' dir='ltr'><strong>fue</strong></span> 
     </span>
    </p>
   </div>
   <div class='ocr_carea' id='block_1_5' title="bbox 2129 439 3728 522">
    <p class='ocr_par' dir='ltr' id='par_1_5' title="bbox 2154 441 3728 522">
     <span class='ocr_line' id='line_1_5' title="bbox 2154 441 3728 522; baseline 0.009 -30"><span class='ocrx_word' id='word_1_12' title='bbox 2154 441 2251 504; x_wconf 73' lang='grc' dir='ltr'>τὰς</span> <span class='ocrx_word' id='word_1_13' title='bbox 2301 441 2637 512; x_wconf 76' lang='grc' dir='ltr'><strong>ἡγεμονικὰς</strong></span> <span class='ocrx_word' id='word_1_14' title='bbox 2679 442 2963 514; x_wconf 70' lang='grc' dir='ltr'><strong>ἐνεργείας</strong></span> <span class='ocrx_word' id='word_1_15' title='bbox 3018 446 3412 519; x_wconf 75' lang='grc' dir='ltr'><strong>ἐπιτελοῦμεν·</strong></span> <span class='ocrx_word' id='word_1_16' title='bbox 3466 468 3728 522; x_wconf 79' lang='grc' dir='ltr'>περιττω-</span> 
     </span>
    </p>
   </div>
   <div class='ocr_carea' id='block_1_6' title="bbox 471 530 2044 600">
    <p class='ocr_par' dir='ltr' id='par_1_6' title="bbox 471 530 2044 600">
     <span class='ocr_line' id='line_1_6' title="bbox 471 530 2044 600; baseline -0.003 -12"><span class='ocrx_word' id='word_1_17' title='bbox 471 536 600 598; x_wconf 88' lang='lat' dir='ltr'><strong>rint,</strong></span> <span class='ocrx_word' id='word_1_18' title='bbox 652 546 758 597; x_wconf 48' lang='lat' dir='ltr'><strong>,res</strong></span> <span class='ocrx_word' id='word_1_19' title='bbox 819 530 1168 599; x_wconf 72' lang='lat' dir='ltr'><strong>praestantius</strong></span> <span class='ocrx_word' id='word_1_20' title='bbox 1227 530 1701 595; x_wconf 86' lang='lat' dir='ltr'><strong>animadvertunt,</strong></span> <span class='ocrx_word' id='word_1_21' title='bbox 1764 548 1930 600; x_wconf 81' lang='lat' dir='ltr'><strong>seque</strong></span> <span class='ocrx_word' id='word_1_22' title='bbox 1993 533 2044 584; x_wconf 92' lang='lat' dir='ltr'><strong>in</strong></span> 
     </span>
    </p>
   </div>
   <div class='ocr_carea' id='block_1_7' title="bbox 468 621 2041 695">
    <p class='ocr_par' dir='ltr' id='par_1_7' title="bbox 468 621 2041 695">
     <span class='ocr_line' id='line_1_7' title="bbox 468 621 2041 695; baseline -0.003 -15"><span class='ocrx_word' id='word_1_23' title='bbox 468 626 786 695; x_wconf 74' lang='lat' dir='ltr'><strong>peragendis</strong></span> <span class='ocrx_word' id='word_1_24' title='bbox 815 621 1205 691; x_wconf 78' lang='lat' dir='ltr'><strong>principalibus</strong></span> <span class='ocrx_word' id='word_1_25' title='bbox 1230 622 1536 678; x_wconf 87' lang='lat' dir='ltr'><strong>actionibus</strong></span> <span class='ocrx_word' id='word_1_26' title='bbox 1567 624 1807 678; x_wconf 83' lang='lat' dir='ltr'><strong>nobilius</strong></span> <span class='ocrx_word' id='word_1_27' title='bbox 1829 633 2041 693; x_wconf 77' lang='lat' dir='ltr'><strong>gerunt.</strong></span> 
     </span>
    </p>
   </div>
   <div class='ocr_carea' id='block_1_8' title="bbox 2158 534 3728 611">
    <p class='ocr_par' dir='ltr' id='par_1_8' title="bbox 2158 534 3728 611">
     <span class='ocr_line' id='line_1_8' title="bbox 2158 534 3728 611; baseline 0.009 -27"><span class='ocrx_word' id='word_1_28' title='bbox 2158 537 2376 602; x_wconf 65' lang='grc' dir='ltr'>ματικοὶ</span> <span class='ocrx_word' id='word_1_29' title='bbox 2410 534 2489 597; x_wconf 78' lang='grc' dir='ltr'>δὲ,</span> <span class='ocrx_word' id='word_1_30' title='bbox 2529 535 2624 587; x_wconf 73' lang='grc' dir='ltr'><strong>καὶ</strong></span> <span class='ocrx_word' id='word_1_31' title='bbox 2686 536 2922 606; x_wconf 77' lang='grc' dir='ltr'>μάλιστα</span> <span class='ocrx_word' id='word_1_32' title='bbox 2966 540 3106 607; x_wconf 77' lang='grc' dir='ltr'>μετὰ</span> <span class='ocrx_word' id='word_1_33' title='bbox 3134 540 3233 603; x_wconf 73' lang='grc' dir='ltr'><strong>τὰς</strong></span> <span class='ocrx_word' id='word_1_34' title='bbox 3279 542 3537 611; x_wconf 72' lang='grc' dir='ltr'>ἀπεψίας,</span> <span class='ocrx_word' id='word_1_35' title='bbox 3579 545 3728 598; x_wconf 78' lang='grc' dir='ltr'>οὐδε-</span> 
     </span>
    </p>
   </div>
   <div class='ocr_carea' id='block_1_9' title="bbox 2156 622 3623 700">
    <p class='ocr_par' dir='ltr' id='par_1_9' title="bbox 2156 622 3623 700">
     <span class='ocr_line' id='line_1_9' title="bbox 2156 622 3623 700; baseline 0.008 -27"><span class='ocrx_word' id='word_1_36' title='bbox 2156 622 2283 692; x_wconf 90' lang='grc' dir='ltr'>μίαν</span> <span class='ocrx_word' id='word_1_37' title='bbox 2307 623 2416 674; x_wconf 88' lang='grc' dir='ltr'><strong>τῶν</strong></span> <span class='ocrx_word' id='word_1_38' title='bbox 2437 622 2667 676; x_wconf 81' lang='grc' dir='ltr'><strong>δεόντων</strong></span> <span class='ocrx_word' id='word_1_39' title='bbox 2699 624 2993 695; x_wconf 78' lang='grc' dir='ltr'>ἐνεργειῶν</span> <span class='ocrx_word' id='word_1_40' title='bbox 3026 628 3295 681; x_wconf 75' lang='grc' dir='ltr'>ἐπιτελεῖν</span> <span class='ocrx_word' id='word_1_41' title='bbox 3322 630 3623 700; x_wconf 71' lang='grc' dir='ltr'>δυνάμεθα.</span> 
     </span>
    </p>
   </div>
   <div class='ocr_carea' id='block_1_10' title="bbox 464 713 3733 791">
    <p class='ocr_par' dir='ltr' id='par_1_10' title="bbox 464 713 3733 791">
     <span class='ocr_line' id='line_1_10' title="bbox 464 713 3733 791; baseline 0.002 -19"><span class='ocrx_word' id='word_1_42' title='bbox 464 720 565 786; x_wconf 84' lang='lat' dir='ltr'><strong>Qui</strong></span> <span class='ocrx_word' id='word_1_43' title='bbox 614 732 739 770; x_wconf 74' lang='lat' dir='ltr'><strong>vero</strong></span> <span class='ocrx_word' id='word_1_44' title='bbox 786 713 1181 769; x_wconf 84' lang='lat' dir='ltr'><strong>excrcmcntosi</strong></span> <span class='ocrx_word' id='word_1_45' title='bbox 1223 725 1373 779; x_wconf 87' lang='lat' dir='ltr'><strong>sunt,</strong></span> <span class='ocrx_word' id='word_1_46' title='bbox 1415 724 1469 769; x_wconf 91' lang='lat' dir='ltr'><strong>et</strong></span> <span class='ocrx_word' id='word_1_47' title='bbox 1510 715 1602 784; x_wconf 87' lang='lat' dir='ltr'><strong>qui</strong></span> <span class='ocrx_word' id='word_1_48' title='bbox 1654 716 1951 784; x_wconf 70' lang='lat' dir='ltr'><strong>praesertim</strong></span> <span class='ocrx_word' id='word_1_49' title='bbox 2012 715 2066 767; x_wconf 90' lang='lat' dir='ltr'><strong>in</strong></span> <span class='ocrx_word' id='word_1_50' title='bbox 2107 714 2557 770; x_wconf 88' lang='lat' dir='ltr'><strong>concoctionibus</strong></span> <span class='ocrx_word' id='word_1_51' title='bbox 2622 724 2963 785; x_wconf 85' lang='lat' dir='ltr'><strong>premuntur,</strong></span> <span class='ocrx_word' id='word_1_52' title='bbox 3015 722 3097 772; x_wconf 91' lang='lat' dir='ltr'><strong>eis</strong></span> <span class='ocrx_word' id='word_1_53' title='bbox 3121 721 3187 773; x_wconf 90' lang='lat' dir='ltr'><strong>ad</strong></span> <span class='ocrx_word' id='word_1_54' title='bbox 3218 735 3280 774; x_wconf 88' lang='lat' dir='ltr'><strong>ea</strong></span> <span class='ocrx_word' id='word_1_55' title='bbox 3309 737 3431 790; x_wconf 72' lang='lat' dir='ltr'><strong>qua:</strong></span> <span class='ocrx_word' id='word_1_56' title='bbox 3476 739 3612 791; x_wconf 85' lang='lat' dir='ltr'><strong>opus</strong></span> <span class='ocrx_word' id='word_1_57' title='bbox 3645 734 3733 778; x_wconf 83' lang='lat' dir='ltr'><strong>est</strong></span> 
     </span>
    </p>
   </div>
   <div class='ocr_carea' id='block_1_11' title="bbox 462 809 1430 882">
    <p class='ocr_par' dir='ltr' id='par_1_11' title="bbox 462 809 1430 882">
     <span class='ocr_line' id='line_1_11' title="bbox 462 809 1430 882; baseline -0.003 -17"><span class='ocrx_word' id='word_1_58' title='bbox 462 812 767 882; x_wconf 76' lang='lat' dir='ltr'><strong>peragenda</strong></span> <span class='ocrx_word' id='word_1_59' title='bbox 805 809 1034 863; x_wconf 79' lang='lat' dir='ltr'><strong>facultas</strong></span> <span class='ocrx_word' id='word_1_60' title='bbox 1066 809 1430 877; x_wconf 85' lang='lat' dir='ltr'><strong>intercipitur.</strong></span> 
     </span>
    </p>
   </div>
   <div class='ocr_carea' id='block_1_12' title="bbox 531 899 2043 971">
    <p class='ocr_par' dir='ltr' id='par_1_12' title="bbox 531 899 2043 971">
     <span class='ocr_line' id='line_1_12' title="bbox 531 899 2043 971; baseline -0.004 -13"><span class='ocrx_word' id='word_1_61' title='bbox 531 904 670 958; x_wconf 89' lang='lat' dir='ltr'><strong>Cum</strong></span> <span class='ocrx_word' id='word_1_62' title='bbox 724 902 959 971; x_wconf 77' lang='lat' dir='ltr'><strong>igitur,a</strong></span> <span class='ocrx_word' id='word_1_63' title='bbox 983 900 1296 954; x_wconf 87' lang='lat' dir='ltr'><strong>membrana</strong></span> <span class='ocrx_word' id='word_1_64' title='bbox 1343 899 1459 968; x_wconf 88' lang='lat' dir='ltr'><strong>ipsa</strong></span> <span class='ocrx_word' id='word_1_65' title='bbox 1488 913 1648 969; x_wconf 89' lang='lat' dir='ltr'><strong>quam</strong></span> <span class='ocrx_word' id='word_1_66' title='bbox 1684 899 2043 964; x_wconf 82' lang='lat' dir='ltr'><strong>asset-nimus,</strong></span> 
     </span>
    </p>
   </div>
   <div class='ocr_carea' id='block_1_13' title="bbox 460 991 2045 1063">
    <p class='ocr_par' dir='ltr' id='par_1_13' title="bbox 460 991 2045 1063">
     <span class='ocr_line' id='line_1_13' title="bbox 460 991 2045 1063; baseline -0.002 -13"><span class='ocrx_word' id='word_1_67' title='bbox 460 996 644 1050; x_wconf 89' lang='lat' dir='ltr'><strong>omnis</strong></span> <span class='ocrx_word' id='word_1_68' title='bbox 673 991 893 1063; x_wconf 86' lang='lat' dir='ltr'><strong>quidem</strong></span> <span class='ocrx_word' id='word_1_69' title='bbox 915 991 1226 1046; x_wconf 90' lang='lat' dir='ltr'><strong>articularis</strong></span> <span class='ocrx_word' id='word_1_70' title='bbox 1252 1000 1453 1056; x_wconf 88' lang='lat' dir='ltr'><strong>motus,</strong></span> <span class='ocrx_word' id='word_1_71' title='bbox 1489 1008 1612 1048; x_wconf 91' lang='lat' dir='ltr'><strong>cum</strong></span> <span class='ocrx_word' id='word_1_72' title='bbox 1646 995 1903 1050; x_wconf 84' lang='lat' dir='ltr'><strong>concordi</strong></span> <span class='ocrx_word' id='word_1_73' title='bbox 1930 1010 2045 1048; x_wconf 87' lang='lat' dir='ltr'><strong>mu-</strong></span> 
     </span>
    </p>
   </div>
   <div class='ocr_carea' id='block_1_14' title="bbox 462 1082 2039 1156">
    <p class='ocr_par' dir='ltr' id='par_1_14' title="bbox 462 1082 2039 1156">
     <span class='ocr_line' id='line_1_14' title="bbox 462 1082 2039 1156; baseline -0.003 -14"><span class='ocrx_word' id='word_1_74' title='bbox 462 1087 738 1143; x_wconf 84' lang='lat' dir='ltr'><strong>sculorum</strong></span> <span class='ocrx_word' id='word_1_75' title='bbox 764 1091 962 1147; x_wconf 87' lang='lat' dir='ltr'><strong>tractu,</strong></span> <span class='ocrx_word' id='word_1_76' title='bbox 981 1098 1192 1138; x_wconf 82' lang='lat' dir='ltr'><strong>necnon</strong></span> <span class='ocrx_word' id='word_1_77' title='bbox 1213 1082 1553 1143; x_wconf 82' lang='lat' dir='ltr'><strong>voluntarius</strong></span> <span class='ocrx_word' id='word_1_78' title='bbox 1583 1086 1829 1156; x_wconf 85' lang='lat' dir='ltr'><strong>spiritus,</strong></span> <span class='ocrx_word' id='word_1_79' title='bbox 1856 1086 1948 1155; x_wconf 87' lang='lat' dir='ltr'><strong>qui</strong></span> <span class='ocrx_word' id='word_1_80' title='bbox 1974 1088 2039 1140; x_wconf 85' lang='lat' dir='ltr'><strong>ad</strong></span> 
     </span>
    </p>
   </div>
   <div class='ocr_carea' id='block_1_15' title="bbox 459 1176 2037 1250">
    <p class='ocr_par' dir='ltr' id='par_1_15' title="bbox 459 1176 2037 1250">
     <span class='ocr_line' id='line_1_15' title="bbox 459 1176 2037 1250; baseline -0.003 -15"><span class='ocrx_word' id='word_1_81' title='bbox 459 1178 706 1250; x_wconf 72' lang='lat' dir='ltr'><strong>singulas</strong></span> <span class='ocrx_word' id='word_1_82' title='bbox 726 1176 972 1245; x_wconf 91' lang='lat' dir='ltr'><strong>corporis</strong></span> <span class='ocrx_word' id='word_1_83' title='bbox 998 1176 1171 1231; x_wconf 78' lang='lat' dir='ltr'><strong>nostri</strong></span> <span class='ocrx_word' id='word_1_84' title='bbox 1201 1186 1381 1244; x_wconf 88' lang='lat' dir='ltr'><strong>partes</strong></span> <span class='ocrx_word' id='word_1_85' title='bbox 1408 1176 1706 1248; x_wconf 76' lang='lat' dir='ltr'><strong>delegatur,</strong></span> <span class='ocrx_word' id='word_1_86' title='bbox 1737 1180 2037 1249; x_wconf 82' lang='lat' dir='ltr'><strong>proveniat,</strong></span> 
     </span>
    </p>
   </div>
   <div class='ocr_carea' id='block_1_16' title="bbox 465 1262 2037 1343">
    <p class='ocr_par' dir='ltr' id='par_1_16' title="bbox 465 1262 2037 1343">
     <span class='ocr_line' id='line_1_16' title="bbox 465 1262 2037 1343; baseline -0.002 -14"><span class='ocrx_word' id='word_1_87' title='bbox 465 1262 738 1329; x_wconf 74' lang='lat' dir='ltr'><strong>terrenum</strong></span> <span class='ocrx_word' id='word_1_88' title='bbox 767 1270 940 1326; x_wconf 84' lang='lat' dir='ltr'><strong>nostri</strong></span> <span class='ocrx_word' id='word_1_89' title='bbox 966 1270 1508 1340; x_wconf 79' lang='lat' dir='ltr'><strong>simulacrum,quod</strong></span> <span class='ocrx_word' id='word_1_90' title='bbox 1550 1273 1781 1328; x_wconf 89' lang='lat' dir='ltr'><strong>artilicio</strong></span> <span class='ocrx_word' id='word_1_91' title='bbox 1806 1273 2037 1343; x_wconf 87' lang='lat' dir='ltr'><strong>quodam</strong></span> 
     </span>
    </p>
   </div>
   <div class='ocr_carea' id='block_1_17' title="bbox 465 1364 2044 1436">
    <p class='ocr_par' dir='ltr' id='par_1_17' title="bbox 465 1364 2044 1436">
     <span class='ocr_line' id='line_1_17' title="bbox 465 1364 2044 1436; baseline -0.001 -14"><span class='ocrx_word' id='word_1_92' title='bbox 465 1376 734 1432; x_wconf 82' lang='lat' dir='ltr'><strong>movetur,</strong></span> <span class='ocrx_word' id='word_1_93' title='bbox 785 1374 1031 1436; x_wconf 88' lang='lat' dir='ltr'><strong>apparet.</strong></span> <span class='ocrx_word' id='word_1_94' title='bbox 1088 1365 1216 1419; x_wconf 63' lang='lat' dir='ltr'><strong>[late</strong></span> <span class='ocrx_word' id='word_1_95' title='bbox 1260 1364 1527 1433; x_wconf 86' lang='lat' dir='ltr'><strong>siquidem</strong></span> <span class='ocrx_word' id='word_1_96' title='bbox 1584 1366 1903 1421; x_wconf 76' lang='lat' dir='ltr'><strong>membrana</strong></span> <span class='ocrx_word' id='word_1_97' title='bbox 1948 1381 2044 1436; x_wconf 90' lang='lat' dir='ltr'><strong>per</strong></span> 
     </span>
    </p>
   </div>
   <div class='ocr_carea' id='block_1_18' title="bbox 455 1457 2039 1531">
    <p class='ocr_par' dir='ltr' id='par_1_18' title="bbox 455 1457 2039 1531">
     <span class='ocr_line' id='line_1_18' title="bbox 455 1457 2039 1531; baseline -0.004 -15"><span class='ocrx_word' id='word_1_98' title='bbox 455 1461 635 1531; x_wconf 77' lang='lat' dir='ltr'><strong>spina:</strong></span> <span class='ocrx_word' id='word_1_99' title='bbox 682 1458 1013 1520; x_wconf 90' lang='lat' dir='ltr'><strong>internodia,</strong></span> <span class='ocrx_word' id='word_1_100' title='bbox 1068 1472 1189 1526; x_wconf 64' lang='lat' dir='ltr'><strong>qua:</strong></span> <span class='ocrx_word' id='word_1_101' title='bbox 1258 1466 1407 1511; x_wconf 86' lang='lat' dir='ltr'><strong>recto</strong></span> <span class='ocrx_word' id='word_1_102' title='bbox 1468 1458 1658 1511; x_wconf 89' lang='lat' dir='ltr'><strong>ordine</strong></span> <span class='ocrx_word' id='word_1_103' title='bbox 1713 1457 2039 1522; x_wconf 89' lang='lat' dir='ltr'><strong>consistunt,</strong></span> 
     </span>
    </p>
   </div>
   <div class='ocr_carea' id='block_1_19' title="bbox 460 1550 2038 1624">
    <p class='ocr_par' dir='ltr' id='par_1_19' title="bbox 460 1550 2038 1624">
     <span class='ocr_line' id='line_1_19' title="bbox 460 1550 2038 1624; baseline -0.003 -15"><span class='ocrx_word' id='word_1_104' title='bbox 460 1570 491 1609; x_wconf 81' lang='grc' dir='ltr'><strong>ιι</strong></span> <span class='ocrx_word' id='word_1_105' title='bbox 523 1552 902 1624; x_wconf 86' lang='lat' dir='ltr'><strong>superioribus</strong></span> <span class='ocrx_word' id='word_1_106' title='bbox 947 1551 1015 1605; x_wconf 87' lang='lat' dir='ltr'><strong>ad</strong></span> <span class='ocrx_word' id='word_1_107' title='bbox 1046 1552 1152 1605; x_wconf 91' lang='lat' dir='ltr'><strong>ima</strong></span> <span class='ocrx_word' id='word_1_108' title='bbox 1181 1550 1557 1621; x_wconf 86' lang='lat' dir='ltr'><strong>progreditur,</strong></span> <span class='ocrx_word' id='word_1_109' title='bbox 1613 1566 1734 1618; x_wconf 86' lang='lat' dir='ltr'><strong>quae</strong></span> <span class='ocrx_word' id='word_1_110' title='bbox 1774 1566 1881 1604; x_wconf 86' lang='lat' dir='ltr'><strong>una</strong></span> <span class='ocrx_word' id='word_1_111' title='bbox 1913 1565 2038 1605; x_wconf 89' lang='lat' dir='ltr'><strong>cum</strong></span> 
     </span>
    </p>
   </div>
   <div class='ocr_carea' id='block_1_20' title="bbox 460 1641 2039 1712">
    <p class='ocr_par' dir='ltr' id='par_1_20' title="bbox 460 1641 2039 1712">
     <span class='ocr_line' id='line_1_20' title="bbox 460 1641 2039 1712; baseline -0.004 -9"><span class='ocrx_word' id='word_1_112' title='bbox 460 1648 564 1703; x_wconf 87' lang='lat' dir='ltr'><strong>sibi</strong></span> <span class='ocrx_word' id='word_1_113' title='bbox 597 1646 759 1702; x_wconf 86' lang='lat' dir='ltr'><strong>insita</strong></span> <span class='ocrx_word' id='word_1_114' title='bbox 789 1644 1043 1707; x_wconf 81' lang='lat' dir='ltr'><strong>medulla,</strong></span> <span class='ocrx_word' id='word_1_115' title='bbox 1095 1643 1160 1697; x_wconf 92' lang='lat' dir='ltr'><strong>ad</strong></span> <span class='ocrx_word' id='word_1_116' title='bbox 1206 1644 1375 1712; x_wconf 68' lang='lat' dir='ltr'><strong>spinae</strong></span> <span class='ocrx_word' id='word_1_117' title='bbox 1430 1642 1538 1696; x_wconf 86' lang='lat' dir='ltr'><strong>ima</strong></span> <span class='ocrx_word' id='word_1_118' title='bbox 1575 1642 1851 1697; x_wconf 85' lang='lat' dir='ltr'><strong>terminat.</strong></span> <span class='ocrx_word' id='word_1_119' title='bbox 1887 1641 2039 1697; x_wconf 82' lang='lat' dir='ltr'><strong>Hauc</strong></span> 
     </span>
    </p>
   </div>
   <div class='ocr_carea' id='block_1_21' title="bbox 458 1734 2036 1803">
    <p class='ocr_par' dir='ltr' id='par_1_21' title="bbox 458 1734 2036 1803">
     <span class='ocr_line' id='line_1_21' title="bbox 458 1734 2036 1803; baseline -0.004 -8"><span class='ocrx_word' id='word_1_120' title='bbox 458 1749 640 1795; x_wconf 87' lang='lat' dir='ltr'><strong>autem</strong></span> <span class='ocrx_word' id='word_1_121' title='bbox 685 1737 850 1793; x_wconf 84' lang='lat' dir='ltr'><strong>veluti</strong></span> <span class='ocrx_word' id='word_1_122' title='bbox 897 1736 1146 1803; x_wconf 72' lang='lat' dir='ltr'><strong>aurigam</strong></span> <span class='ocrx_word' id='word_1_123' title='bbox 1219 1734 1463 1789; x_wconf 89' lang='lat' dir='ltr'><strong>omnium</strong></span> <span class='ocrx_word' id='word_1_124' title='bbox 1518 1735 1749 1799; x_wconf 90' lang='lat' dir='ltr'><strong>ossium,</strong></span> <span class='ocrx_word' id='word_1_125' title='bbox 1815 1735 2036 1789; x_wconf 87' lang='lat' dir='ltr'><strong>harmo-</strong></span> 
     </span>
    </p>
   </div>
   <div class='ocr_carea' id='block_1_22' title="bbox 456 1826 2031 1900">
    <p class='ocr_par' dir='ltr' id='par_1_22' title="bbox 456 1826 2031 1900">
     <span class='ocr_line' id='line_1_22' title="bbox 456 1826 2031 1900; baseline -0.004 -14"><span class='ocrx_word' id='word_1_126' title='bbox 456 1832 783 1900; x_wconf 81' lang='lat' dir='ltr'><strong>niarumque</strong></span> <span class='ocrx_word' id='word_1_127' title='bbox 822 1827 1188 1891; x_wconf 69' lang='lat' dir='ltr'><strong>cobazrentiis,</strong></span> <span class='ocrx_word' id='word_1_128' title='bbox 1216 1826 1703 1897; x_wconf 85' lang='lat' dir='ltr'><strong>musculorumque</strong></span> <span class='ocrx_word' id='word_1_129' title='bbox 1730 1826 2031 1896; x_wconf 86' lang='lat' dir='ltr'><strong>principiis,</strong></span> 
     </span>
    </p>
   </div>
   <div class='ocr_carea' id='block_1_23' title="bbox 456 1917 2034 1992">
    <p class='ocr_par' dir='ltr' id='par_1_23' title="bbox 456 1917 2034 1992">
     <span class='ocr_line' id='line_1_23' title="bbox 456 1917 2034 1992; baseline -0.005 -15"><span class='ocrx_word' id='word_1_130' title='bbox 456 1924 717 1992; x_wconf 85' lang='lat' dir='ltr'><strong>impetum</strong></span> <span class='ocrx_word' id='word_1_131' title='bbox 776 1918 1202 1987; x_wconf 80' lang='lat' dir='ltr'><strong>facultatemque</strong></span> <span class='ocrx_word' id='word_1_132' title='bbox 1266 1917 1517 1972; x_wconf 72' lang='lat' dir='ltr'><strong>movendi</strong></span> <span class='ocrx_word' id='word_1_133' title='bbox 1571 1917 1888 1986; x_wconf 78' lang='lat' dir='ltr'><strong>singillatim</strong></span> <span class='ocrx_word' id='word_1_134' title='bbox 1933 1917 2034 1970; x_wconf 87' lang='lat' dir='ltr'><strong>im-</strong></span> 
     </span>
    </p>
   </div>
   <div class='ocr_carea' id='block_1_24' title="bbox 452 2009 2033 2084">
    <p class='ocr_par' dir='ltr' id='par_1_24' title="bbox 452 2009 2033 2084">
     <span class='ocr_line' id='line_1_24' title="bbox 452 2009 2033 2084; baseline -0.003 -17"><span class='ocrx_word' id='word_1_135' title='bbox 452 2013 639 2084; x_wconf 88' lang='lat' dir='ltr'><strong>pertiri</strong></span> <span class='ocrx_word' id='word_1_136' title='bbox 688 2020 923 2067; x_wconf 83' lang='lat' dir='ltr'><strong>constat.</strong></span> <span class='ocrx_word' id='word_1_137' title='bbox 973 2009 1088 2066; x_wconf 84' lang='lat' dir='ltr'><strong>Hac</strong></span> <span class='ocrx_word' id='word_1_138' title='bbox 1133 2011 1200 2065; x_wconf 88' lang='lat' dir='ltr'><strong>de</strong></span> <span class='ocrx_word' id='word_1_139' title='bbox 1259 2024 1424 2065; x_wconf 86' lang='lat' dir='ltr'><strong>causa</strong></span> <span class='ocrx_word' id='word_1_140' title='bbox 1460 2010 1632 2079; x_wconf 89' lang='lat' dir='ltr'><strong>ipsam</strong></span> <span class='ocrx_word' id='word_1_141' title='bbox 1670 2009 1944 2064; x_wconf 87' lang='lat' dir='ltr'><strong>tutissimo</strong></span> <span class='ocrx_word' id='word_1_142' title='bbox 1980 2011 2033 2063; x_wconf 91' lang='lat' dir='ltr'><strong>in</strong></span> 
     </span>
    </p>
   </div>
   <div class='ocr_carea' id='block_1_25' title="bbox 454 2100 2031 2160">
    <p class='ocr_par' dir='ltr' id='par_1_25' title="bbox 454 2100 2031 2160">
     <span class='ocr_line' id='line_1_25' title="bbox 454 2100 2031 2160; baseline -0.001 -2"><span class='ocrx_word' id='word_1_143' title='bbox 454 2108 573 2159; x_wconf 86' lang='lat' dir='ltr'><strong>loco</strong></span> <span class='ocrx_word' id='word_1_144' title='bbox 604 2103 979 2160; x_wconf 87' lang='lat' dir='ltr'><strong>collocandam</strong></span> <span class='ocrx_word' id='word_1_145' title='bbox 1024 2102 1197 2158; x_wconf 85' lang='lat' dir='ltr'><strong>fuisse</strong></span> <span class='ocrx_word' id='word_1_146' title='bbox 1238 2102 1434 2156; x_wconf 88' lang='lat' dir='ltr'><strong>merito</strong></span> <span class='ocrx_word' id='word_1_147' title='bbox 1473 2100 1893 2156; x_wconf 79' lang='lat' dir='ltr'><strong>existimandum</strong></span> <span class='ocrx_word' id='word_1_148' title='bbox 1927 2112 2031 2157; x_wconf 87' lang='lat' dir='ltr'><strong>est.</strong></span> 
     </span>
    </p>
   </div>
   <div class='ocr_carea' id='block_1_26' title="bbox 452 2190 2027 2261">
    <p class='ocr_par' dir='ltr' id='par_1_26' title="bbox 452 2190 2027 2261">
     <span class='ocr_line' id='line_1_26' title="bbox 452 2190 2027 2261; baseline -0.001 -15"><span class='ocrx_word' id='word_1_149' title='bbox 452 2192 587 2249; x_wconf 87' lang='lat' dir='ltr'><strong>Nam</strong></span> <span class='ocrx_word' id='word_1_150' title='bbox 634 2195 749 2248; x_wconf 64' lang='lat' dir='ltr'><strong>haec</strong></span> <span class='ocrx_word' id='word_1_151' title='bbox 790 2193 845 2246; x_wconf 91' lang='lat' dir='ltr'><strong>in</strong></span> <span class='ocrx_word' id='word_1_152' title='bbox 900 2195 1094 2260; x_wconf 88' lang='lat' dir='ltr'><strong>capite,</strong></span> <span class='ocrx_word' id='word_1_153' title='bbox 1142 2192 1245 2246; x_wconf 91' lang='lat' dir='ltr'><strong>sub</strong></span> <span class='ocrx_word' id='word_1_154' title='bbox 1300 2190 1503 2261; x_wconf 89' lang='lat' dir='ltr'><strong>duplici</strong></span> <span class='ocrx_word' id='word_1_155' title='bbox 1537 2192 1745 2246; x_wconf 87' lang='lat' dir='ltr'><strong>ossium</strong></span> <span class='ocrx_word' id='word_1_156' title='bbox 1796 2192 2027 2255; x_wconf 89' lang='lat' dir='ltr'><strong>ambitu,</strong></span> 
     </span>
    </p>
   </div>
   <div class='ocr_carea' id='block_1_27' title="bbox 453 2284 2033 2352">
    <p class='ocr_par' dir='ltr' id='par_1_27' title="bbox 453 2284 2033 2352">
     <span class='ocr_line' id='line_1_27' title="bbox 453 2284 2033 2352; baseline -0.001 -11"><span class='ocrx_word' id='word_1_157' title='bbox 453 2286 707 2341; x_wconf 83' lang='lat' dir='ltr'><strong>circulari</strong></span> <span class='ocrx_word' id='word_1_158' title='bbox 758 2285 950 2339; x_wconf 88' lang='lat' dir='ltr'><strong>ordine</strong></span> <span class='ocrx_word' id='word_1_159' title='bbox 999 2284 1384 2352; x_wconf 86' lang='lat' dir='ltr'><strong>complicatur;</strong></span> <span class='ocrx_word' id='word_1_160' title='bbox 1446 2284 1499 2337; x_wconf 91' lang='lat' dir='ltr'><strong>in</strong></span> <span class='ocrx_word' id='word_1_161' title='bbox 1545 2284 1708 2339; x_wconf 85' lang='lat' dir='ltr'><strong>dorso</strong></span> <span class='ocrx_word' id='word_1_162' title='bbox 1743 2298 1872 2338; x_wconf 77' lang='lat' dir='ltr'><strong>vero</strong></span> <span class='ocrx_word' id='word_1_163' title='bbox 1933 2285 2033 2339; x_wconf 84' lang='lat' dir='ltr'><strong>sub</strong></span> 
     </span>
    </p>
   </div>
   <div class='ocr_carea' id='block_1_28' title="bbox 454 2374 2030 2446">
    <p class='ocr_par' dir='ltr' id='par_1_28' title="bbox 454 2374 2030 2446">
     <span class='ocr_line' id='line_1_28' title="bbox 454 2374 2030 2446; baseline 0 -17"><span class='ocrx_word' id='word_1_164' title='bbox 454 2378 735 2446; x_wconf 75' lang='lat' dir='ltr'><strong>spinarum</strong></span> <span class='ocrx_word' id='word_1_165' title='bbox 759 2386 974 2439; x_wconf 77' lang='lat' dir='ltr'><strong>exortu,</strong></span> <span class='ocrx_word' id='word_1_166' title='bbox 1011 2391 1074 2430; x_wconf 91' lang='lat' dir='ltr'><strong>ac</strong></span> <span class='ocrx_word' id='word_1_167' title='bbox 1095 2374 1521 2431; x_wconf 78' lang='lat' dir='ltr'><strong>multiformibus</strong></span> <span class='ocrx_word' id='word_1_168' title='bbox 1553 2374 1889 2429; x_wconf 81' lang='lat' dir='ltr'><strong>anfractibus</strong></span> <span class='ocrx_word' id='word_1_169' title='bbox 1930 2377 2030 2429; x_wconf 84' lang='lat' dir='ltr'><strong>sita</strong></span> 
     </span>
    </p>
   </div>
   <div class='ocr_carea' id='block_1_29' title="bbox 451 2466 2031 2540">
    <p class='ocr_par' dir='ltr' id='par_1_29' title="bbox 451 2466 2031 2540">
     <span class='ocr_line' id='line_1_29' title="bbox 451 2466 2031 2540; baseline -0.003 -17"><span class='ocrx_word' id='word_1_170' title='bbox 451 2481 555 2534; x_wconf 88' lang='lat' dir='ltr'><strong>est,</strong></span> <span class='ocrx_word' id='word_1_171' title='bbox 598 2484 831 2540; x_wconf 89' lang='lat' dir='ltr'><strong>quorum</strong></span> <span class='ocrx_word' id='word_1_172' title='bbox 867 2483 1055 2531; x_wconf 85' lang='lat' dir='ltr'><strong>causa,</strong></span> <span class='ocrx_word' id='word_1_173' title='bbox 1112 2467 1182 2521; x_wconf 93' lang='lat' dir='ltr'><strong>ob</strong></span> <span class='ocrx_word' id='word_1_174' title='bbox 1217 2466 1547 2521; x_wconf 73' lang='lat' dir='ltr'><strong>membrana:</strong></span> <span class='ocrx_word' id='word_1_175' title='bbox 1581 2466 1751 2535; x_wconf 88' lang='lat' dir='ltr'><strong>ipsius</strong></span> <span class='ocrx_word' id='word_1_176' title='bbox 1787 2467 2031 2533; x_wconf 86' lang='lat' dir='ltr'><strong>tutelam,</strong></span> 
     </span>
    </p>
   </div>
   <div class='ocr_carea' id='block_1_30' title="bbox 451 2559 2028 2632">
    <p class='ocr_par' dir='ltr' id='par_1_30' title="bbox 451 2559 2028 2632">
     <span class='ocr_line' id='line_1_30' title="bbox 451 2559 2028 2632; baseline -0.003 -15"><span class='ocrx_word' id='word_1_177' title='bbox 451 2563 737 2619; x_wconf 85' lang='lat' dir='ltr'><strong>cerebrum</strong></span> <span class='ocrx_word' id='word_1_178' title='bbox 798 2561 976 2632; x_wconf 83' lang='lat' dir='ltr'><strong>ipsum</strong></span> <span class='ocrx_word' id='word_1_179' title='bbox 1032 2559 1166 2614; x_wconf 89' lang='lat' dir='ltr'><strong>nulli</strong></span> <span class='ocrx_word' id='word_1_180' title='bbox 1198 2560 1396 2614; x_wconf 89' lang='lat' dir='ltr'><strong>damno</strong></span> <span class='ocrx_word' id='word_1_181' title='bbox 1438 2560 1735 2614; x_wconf 84' lang='lat' dir='ltr'><strong>obnoxium</strong></span> <span class='ocrx_word' id='word_1_182' title='bbox 1768 2560 2028 2615; x_wconf 85' lang='lat' dir='ltr'><strong>redditur.</strong></span> 
     </span>
    </p>
   </div>
   <div class='ocr_carea' id='block_1_31' title="bbox 520 2651 2034 2722">
    <p class='ocr_par' dir='ltr' id='par_1_31' title="bbox 520 2651 2034 2722">
     <span class='ocr_line' id='line_1_31' title="bbox 520 2651 2034 2722; baseline -0.003 -13"><span class='ocrx_word' id='word_1_183' title='bbox 520 2655 708 2710; x_wconf 89' lang='lat' dir='ltr'><strong>Simile</strong></span> <span class='ocrx_word' id='word_1_184' title='bbox 725 2667 854 2706; x_wconf 79' lang='lat' dir='ltr'><strong>vero</strong></span> <span class='ocrx_word' id='word_1_185' title='bbox 885 2651 1161 2722; x_wconf 82' lang='lat' dir='ltr'><strong>quoddam</strong></span> <span class='ocrx_word' id='word_1_186' title='bbox 1203 2651 1269 2705; x_wconf 91' lang='lat' dir='ltr'><strong>de</strong></span> <span class='ocrx_word' id='word_1_187' title='bbox 1319 2651 1482 2705; x_wconf 85' lang='lat' dir='ltr'><strong>corde</strong></span> <span class='ocrx_word' id='word_1_188' title='bbox 1529 2651 1649 2721; x_wconf 90' lang='lat' dir='ltr'><strong>ipso</strong></span> <span class='ocrx_word' id='word_1_189' title='bbox 1691 2651 2034 2706; x_wconf 88' lang='lat' dir='ltr'><strong>animadver-</strong></span> 
     </span>
    </p>
   </div>
   <div class='ocr_carea' id='block_1_32' title="bbox 446 2742 2028 2815">
    <p class='ocr_par' dir='ltr' id='par_1_32' title="bbox 446 2742 2028 2815">
     <span class='ocr_line' id='line_1_32' title="bbox 446 2742 2028 2815; baseline -0.003 -14"><span class='ocrx_word' id='word_1_190' title='bbox 446 2758 631 2809; x_wconf 88' lang='lat' dir='ltr'><strong>teres,</strong></span> <span class='ocrx_word' id='word_1_191' title='bbox 685 2745 943 2815; x_wconf 86' lang='lat' dir='ltr'><strong>quoniam</strong></span> <span class='ocrx_word' id='word_1_192' title='bbox 992 2746 1207 2813; x_wconf 88' lang='lat' dir='ltr'><strong>ipsum,</strong></span> <span class='ocrx_word' id='word_1_193' title='bbox 1274 2742 1393 2797; x_wconf 76' lang='lat' dir='ltr'><strong>vice</strong></span> <span class='ocrx_word' id='word_1_194' title='bbox 1446 2742 1729 2798; x_wconf 67' lang='lat' dir='ltr'><strong>tutissimae</strong></span> <span class='ocrx_word' id='word_1_195' title='bbox 1797 2742 2028 2807; x_wconf 90' lang='lat' dir='ltr'><strong>domus,</strong></span> 
     </span>
    </p>
   </div>
   <div class='ocr_carea' id='block_1_33' title="bbox 444 2830 2031 2901">
    <p class='ocr_par' dir='ltr' id='par_1_33' title="bbox 444 2830 2031 2901">
     <span class='ocr_line' id='line_1_33' title="bbox 444 2830 2031 2901; baseline -0.003 -11"><span class='ocrx_word' id='word_1_196' title='bbox 444 2835 674 2890; x_wconf 75' lang='lat' dir='ltr'><strong>iirmiori</strong></span> <span class='ocrx_word' id='word_1_197' title='bbox 712 2834 920 2889; x_wconf 84' lang='lat' dir='ltr'><strong>ossium</strong></span> <span class='ocrx_word' id='word_1_198' title='bbox 965 2832 1177 2887; x_wconf 87' lang='lat' dir='ltr'><strong>ambitu</strong></span> <span class='ocrx_word' id='word_1_199' title='bbox 1222 2832 1491 2885; x_wconf 88' lang='lat' dir='ltr'><strong>munitum</strong></span> <span class='ocrx_word' id='word_1_200' title='bbox 1540 2840 1643 2887; x_wconf 88' lang='lat' dir='ltr'><strong>est.</strong></span> <span class='ocrx_word' id='word_1_201' title='bbox 1704 2830 1870 2901; x_wconf 86' lang='lat' dir='ltr'><strong>Spina</strong></span> <span class='ocrx_word' id='word_1_202' title='bbox 1904 2831 2031 2901; x_wconf 87' lang='lat' dir='ltr'><strong>qui-</strong></span> 
     </span>
    </p>
   </div>
   <div class='ocr_carea' id='block_1_34' title="bbox 446 2920 2027 2995">
    <p class='ocr_par' dir='ltr' id='par_1_34' title="bbox 446 2920 2027 2995">
     <span class='ocr_line' id='line_1_34' title="bbox 446 2920 2027 2995; baseline -0.002 -17"><span class='ocrx_word' id='word_1_203' title='bbox 446 2928 589 2992; x_wconf 88' lang='lat' dir='ltr'><strong>dem,</strong></span> <span class='ocrx_word' id='word_1_204' title='bbox 641 2940 763 2995; x_wconf 68' lang='lat' dir='ltr'><strong>quae</strong></span> <span class='ocrx_word' id='word_1_205' title='bbox 800 2922 1146 2993; x_wconf 87' lang='lat' dir='ltr'><strong>scapularum</strong></span> <span class='ocrx_word' id='word_1_206' title='bbox 1199 2920 1538 2975; x_wconf 90' lang='lat' dir='ltr'><strong>munimento</strong></span> <span class='ocrx_word' id='word_1_207' title='bbox 1574 2922 1941 2987; x_wconf 86' lang='lat' dir='ltr'><strong>connectitur,</strong></span> <span class='ocrx_word' id='word_1_208' title='bbox 1998 2937 2027 2975; x_wconf 91' lang='lat' dir='ltr'><strong>a</strong></span> 
     </span>
    </p>
   </div>
   <div class='ocr_carea' id='block_1_35' title="bbox 2235 892 3732 975">
    <p class='ocr_par' dir='ltr' id='par_1_35' title="bbox 2235 892 3732 975">
     <span class='ocr_line' id='line_1_35' title="bbox 2235 892 3732 975; baseline 0.006 -26"><span class='ocrx_word' id='word_1_209' title='bbox 2235 897 2330 950; x_wconf 82' lang='grc' dir='ltr'>Ἐκ</span> <span class='ocrx_word' id='word_1_210' title='bbox 2377 895 2472 950; x_wconf 80' lang='grc' dir='ltr'>τοῦ</span> <span class='ocrx_word' id='word_1_211' title='bbox 2525 892 2620 951; x_wconf 79' lang='grc' dir='ltr'>οὖν</span> <span class='ocrx_word' id='word_1_212' title='bbox 2658 899 2951 970; x_wconf 74' lang='grc' dir='ltr'>εἰρημένου</span> <span class='ocrx_word' id='word_1_213' title='bbox 2991 900 3129 967; x_wconf 70' lang='grc' dir='ltr'>μυὸς</span> <span class='ocrx_word' id='word_1_214' title='bbox 3182 903 3329 954; x_wconf 75' lang='grc' dir='ltr'>πᾶσα</span> <span class='ocrx_word' id='word_1_215' title='bbox 3368 903 3469 972; x_wconf 79' lang='grc' dir='ltr'><strong>μὲν</strong></span> <span class='ocrx_word' id='word_1_216' title='bbox 3522 903 3732 975; x_wconf 78' lang='grc' dir='ltr'><strong>ἄρθρου</strong></span> 
     </span>
    </p>
   </div>
   <div class='ocr_carea' id='block_1_36' title="bbox 2151 989 3733 1065">
    <p class='ocr_par' dir='ltr' id='par_1_36' title="bbox 2151 989 3733 1065">
     <span class='ocr_line' id='line_1_36' title="bbox 2151 989 3733 1065; baseline 0.003 -23"><span class='ocrx_word' id='word_1_217' title='bbox 2151 989 2363 1060; x_wconf 88' lang='grc' dir='ltr'>κίνησις</span> <span class='ocrx_word' id='word_1_218' title='bbox 2396 1005 2412 1021; x_wconf 87' lang='grc'><strong>·</strong></span> <span class='ocrx_word' id='word_1_219' title='bbox 2443 991 2592 1043; x_wconf 83' lang='grc' dir='ltr'>πᾶσα</span> <span class='ocrx_word' id='word_1_220' title='bbox 2637 990 2695 1043; x_wconf 79' lang='grc' dir='ltr'>δὲ</span> <span class='ocrx_word' id='word_1_221' title='bbox 2729 990 2880 1061; x_wconf 88' lang='grc' dir='ltr'>μυῶν</span> <span class='ocrx_word' id='word_1_222' title='bbox 2914 992 3145 1060; x_wconf 83' lang='grc' dir='ltr'>συνολκή</span> <span class='ocrx_word' id='word_1_223' title='bbox 3170 1009 3183 1022; x_wconf 90' lang='grc'>·</span> <span class='ocrx_word' id='word_1_224' title='bbox 3217 994 3327 1047; x_wconf 83' lang='grc' dir='ltr'>πᾶν</span> <span class='ocrx_word' id='word_1_225' title='bbox 3355 994 3413 1045; x_wconf 82' lang='grc' dir='ltr'>δὲ</span> <span class='ocrx_word' id='word_1_226' title='bbox 3466 1012 3733 1065; x_wconf 83' lang='grc' dir='ltr'>προαιρε-</span> 
     </span>
    </p>
   </div>
   <div class='ocr_carea' id='block_1_37' title="bbox 2147 1082 3733 1159">
    <p class='ocr_par' dir='ltr' id='par_1_37' title="bbox 2147 1082 3733 1159">
     <span class='ocr_line' id='line_1_37' title="bbox 2147 1082 3733 1159; baseline 0.004 -25"><span class='ocrx_word' id='word_1_227' title='bbox 2147 1082 2298 1136; x_wconf 83' lang='grc' dir='ltr'>τικὸν</span> <span class='ocrx_word' id='word_1_228' title='bbox 2321 1082 2541 1154; x_wconf 78' lang='grc' dir='ltr'>πνεῦμα</span> <span class='ocrx_word' id='word_1_229' title='bbox 2572 1086 2685 1147; x_wconf 84' lang='grc' dir='ltr'>τοῖς</span> <span class='ocrx_word' id='word_1_230' title='bbox 2714 1086 2849 1137; x_wconf 82' lang='grc' dir='ltr'>πᾶσι</span> <span class='ocrx_word' id='word_1_231' title='bbox 2878 1084 3093 1156; x_wconf 82' lang='grc' dir='ltr'>μορίοις</span> <span class='ocrx_word' id='word_1_232' title='bbox 3131 1086 3226 1139; x_wconf 81' lang='grc' dir='ltr'>τοῦ</span> <span class='ocrx_word' id='word_1_233' title='bbox 3283 1085 3539 1157; x_wconf 85' lang='grc' dir='ltr'>σώματος</span> <span class='ocrx_word' id='word_1_234' title='bbox 3570 1091 3733 1159; x_wconf 73' lang='grc' dir='ltr'>ἡμῶν</span> 
     </span>
    </p>
   </div>
   <div class='ocr_carea' id='block_1_38' title="bbox 2149 1175 3732 1251">
    <p class='ocr_par' dir='ltr' id='par_1_38' title="bbox 2149 1175 3732 1251">
     <span class='ocr_line' id='line_1_38' title="bbox 2149 1175 3732 1251; baseline 0.004 -26"><span class='ocrx_word' id='word_1_235' title='bbox 2149 1175 2627 1245; x_wconf 80' lang='grc' dir='ltr'>ὲπιπεμπόμενον,</span> <span class='ocrx_word' id='word_1_236' title='bbox 2659 1175 2748 1229; x_wconf 84' lang='grc' dir='ltr'><strong>τὸν</strong></span> <span class='ocrx_word' id='word_1_237' title='bbox 2789 1178 2977 1247; x_wconf 85' lang='grc' dir='ltr'>γήϊνον</span> <span class='ocrx_word' id='word_1_238' title='bbox 3005 1180 3161 1247; x_wconf 83' lang='grc' dir='ltr'>ἡμῶν</span> <span class='ocrx_word' id='word_1_239' title='bbox 3179 1179 3475 1249; x_wconf 78' lang='grc' dir='ltr'>ἀνδριάντα</span> <span class='ocrx_word' id='word_1_240' title='bbox 3513 1182 3578 1233; x_wconf 80' lang='grc' dir='ltr'>ἐκ</span> <span class='ocrx_word' id='word_1_241' title='bbox 3615 1200 3732 1251; x_wconf 74' lang='grc' dir='ltr'>μη-</span> 
     </span>
    </p>
   </div>
   <div class='ocr_carea' id='block_1_39' title="bbox 2148 1268 3736 1343">
    <p class='ocr_par' dir='ltr' id='par_1_39' title="bbox 2148 1268 3736 1343">
     <span class='ocr_line' id='line_1_39' title="bbox 2148 1268 3736 1343; baseline 0.001 -20"><span class='ocrx_word' id='word_1_242' title='bbox 2148 1269 2321 1339; x_wconf 80' lang='grc' dir='ltr'>χανῆς</span> <span class='ocrx_word' id='word_1_243' title='bbox 2346 1287 2492 1333; x_wconf 89' lang='grc' dir='ltr'>τινος</span> <span class='ocrx_word' id='word_1_244' title='bbox 2523 1268 2844 1340; x_wconf 78' lang='grc' dir='ltr'>κινούμενον</span> <span class='ocrx_word' id='word_1_245' title='bbox 2868 1272 2914 1302; x_wconf 73' lang='grc'>³³</span> <span class='ocrx_word' id='word_1_246' title='bbox 2966 1270 3233 1326; x_wconf 88' lang='grc' dir='ltr'>δείκνυσι.</span> <span class='ocrx_word' id='word_1_247' title='bbox 3265 1271 3568 1335; x_wconf 82' lang='grc' dir='ltr'>Αὑλοειδῶς</span> <span class='ocrx_word' id='word_1_248' title='bbox 3616 1274 3736 1343; x_wconf 77' lang='grc' dir='ltr'><strong>γὰρ</strong></span> 
     </span>
    </p>
   </div>
   <div class='ocr_carea' id='block_1_40' title="bbox 2110 1358 3734 1434">
    <p class='ocr_par' dir='ltr' id='par_1_40' title="bbox 2110 1358 3734 1434">
     <span class='ocr_line' id='line_1_40' title="bbox 2110 1358 3734 1434; baseline 0.001 -20"><span class='ocrx_word' id='word_1_249' title='bbox 2110 1358 2354 1414; x_wconf 78' lang='grc' dir='ltr'>’ἄνωθεν</span> <span class='ocrx_word' id='word_1_250' title='bbox 2374 1361 2421 1393; x_wconf 71' lang='grc'>’³</span> <span class='ocrx_word' id='word_1_251' title='bbox 2460 1360 2665 1430; x_wconf 77' lang='grc' dir='ltr'>διήκων</span> <span class='ocrx_word' id='word_1_252' title='bbox 2705 1363 2797 1414; x_wconf 77' lang='grc' dir='ltr'><strong>ἐπὶ</strong></span> <span class='ocrx_word' id='word_1_253' title='bbox 2850 1361 2913 1414; x_wconf 80' lang='grc' dir='ltr'><strong>τὸ</strong></span> <span class='ocrx_word' id='word_1_254' title='bbox 2944 1361 3129 1430; x_wconf 82' lang='grc' dir='ltr'>βάθος.</span> <span class='ocrx_word' id='word_1_255' title='bbox 3173 1363 3259 1415; x_wconf 81' lang='grc' dir='ltr'>διὰ</span> <span class='ocrx_word' id='word_1_256' title='bbox 3318 1364 3428 1415; x_wconf 80' lang='grc' dir='ltr'><strong>τῶν</strong></span> <span class='ocrx_word' id='word_1_257' title='bbox 3483 1363 3734 1434; x_wconf 80' lang='grc' dir='ltr'>καθεξῆς</span> 
     </span>
    </p>
   </div>
   <div class='ocr_carea' id='block_1_41' title="bbox 2147 1447 3729 1525">
    <p class='ocr_par' dir='ltr' id='par_1_41' title="bbox 2147 1447 3729 1525">
     <span class='ocr_line' id='line_1_41' title="bbox 2147 1447 3729 1525; baseline 0.001 -20"><span class='ocrx_word' id='word_1_258' title='bbox 2147 1452 2458 1506; x_wconf 80' lang='grc' dir='ltr'>σπονδύλων</span> <span class='ocrx_word' id='word_1_259' title='bbox 2488 1453 2587 1523; x_wconf 83' lang='grc' dir='ltr'>τῆς</span> <span class='ocrx_word' id='word_1_260' title='bbox 2620 1453 2833 1524; x_wconf 72' lang='grc' dir='ltr'>ῥάχεως</span> <span class='ocrx_word' id='word_1_261' title='bbox 2866 1447 3023 1517; x_wconf 70' lang='grc' dir='ltr'>οὗτος</span> <span class='ocrx_word' id='word_1_262' title='bbox 3062 1456 3090 1508; x_wconf 85' lang='grc' dir='ltr'>ὁ</span> <span class='ocrx_word' id='word_1_263' title='bbox 3120 1455 3246 1523; x_wconf 82' lang='grc' dir='ltr'>μὺς,</span> <span class='ocrx_word' id='word_1_264' title='bbox 3280 1454 3389 1506; x_wconf 87' lang='grc' dir='ltr'><strong>τῶν</strong></span> <span class='ocrx_word' id='word_1_265' title='bbox 3425 1454 3615 1525; x_wconf 78' lang='grc' dir='ltr'>ῥαφῶν</span> <span class='ocrx_word' id='word_1_266' title='bbox 3660 1473 3729 1507; x_wconf 75' lang='grc' dir='ltr'><strong>τε</strong></span> 
     </span>
    </p>
   </div>
   <div class='ocr_carea' id='block_1_42' title="bbox 2142 1544 3730 1617">
    <p class='ocr_par' dir='ltr' id='par_1_42' title="bbox 2142 1544 3730 1617">
     <span class='ocr_line' id='line_1_42' title="bbox 2142 1544 3730 1617; baseline 0.001 -20"><span class='ocrx_word' id='word_1_267' title='bbox 2142 1545 2238 1598; x_wconf 82' lang='grc' dir='ltr'><strong>καὶ</strong></span> <span class='ocrx_word' id='word_1_268' title='bbox 2265 1544 2371 1598; x_wconf 87' lang='grc' dir='ltr'><strong>τῶν</strong></span> <span class='ocrx_word' id='word_1_269' title='bbox 2422 1546 2761 1617; x_wconf 79' lang='grc' dir='ltr'>ἐγκειμένων</span> <span class='ocrx_word' id='word_1_270' title='bbox 2815 1546 2952 1617; x_wconf 79' lang='grc' dir='ltr'>αὐτῇ</span> <span class='ocrx_word' id='word_1_271' title='bbox 2999 1546 3218 1617; x_wconf 80' lang='grc' dir='ltr'>μυελῶν</span> <span class='ocrx_word' id='word_1_272' title='bbox 3240 1547 3307 1612; x_wconf 69' lang='grc'><strong>⁸⁸,</strong></span> <span class='ocrx_word' id='word_1_273' title='bbox 3340 1551 3406 1617; x_wconf 83' lang='grc' dir='ltr'>τῇ</span> <span class='ocrx_word' id='word_1_274' title='bbox 3448 1548 3605 1617; x_wconf 85' lang='grc' dir='ltr'>βάσει</span> <span class='ocrx_word' id='word_1_275' title='bbox 3637 1549 3730 1600; x_wconf 70' lang='grc' dir='ltr'><strong>ὲν-</strong></span> 
     </span>
    </p>
   </div>
   <div class='ocr_carea' id='block_1_43' title="bbox 2140 1637 3726 1711">
    <p class='ocr_par' dir='ltr' id='par_1_43' title="bbox 2140 1637 3726 1711">
     <span class='ocr_line' id='line_1_43' title="bbox 2140 1637 3726 1711; baseline 0.003 -22"><span class='ocrx_word' id='word_1_276' title='bbox 2140 1637 2407 1708; x_wconf 83' lang='grc' dir='ltr'>απολήγει</span> <span class='ocrx_word' id='word_1_277' title='bbox 2436 1640 2533 1707; x_wconf 83' lang='grc' dir='ltr'>τῆς</span> <span class='ocrx_word' id='word_1_278' title='bbox 2565 1640 2778 1708; x_wconf 80' lang='grc' dir='ltr'>ῥάχεως</span> <span class='ocrx_word' id='word_1_279' title='bbox 2802 1652 2814 1667; x_wconf 84' lang='lat'><strong><em>°</em></strong></span> <span class='ocrx_word' id='word_1_280' title='bbox 2854 1639 3055 1702; x_wconf 82' lang='grc' dir='ltr'>πάσαις</span> <span class='ocrx_word' id='word_1_281' title='bbox 3074 1640 3119 1670; x_wconf 68' lang='grc'><strong>³⁵</strong></span> <span class='ocrx_word' id='word_1_282' title='bbox 3150 1640 3353 1693; x_wconf 77' lang='grc' dir='ltr'><strong>ὀστέων</strong></span> <span class='ocrx_word' id='word_1_283' title='bbox 3407 1641 3503 1694; x_wconf 81' lang='grc' dir='ltr'><strong>καὶ</strong></span> <span class='ocrx_word' id='word_1_284' title='bbox 3546 1641 3726 1711; x_wconf 71' lang='grc' dir='ltr'>ἁρμο-</span> 
     </span>
    </p>
   </div>
   <div class='ocr_carea' id='block_1_44' title="bbox 2138 1728 3727 1803">
    <p class='ocr_par' dir='ltr' id='par_1_44' title="bbox 2138 1728 3727 1803">
     <span class='ocr_line' id='line_1_44' title="bbox 2138 1728 3727 1803; baseline 0.002 -21"><span class='ocrx_word' id='word_1_285' title='bbox 2138 1729 2266 1783; x_wconf 86' lang='grc' dir='ltr'>νιῶν</span> <span class='ocrx_word' id='word_1_286' title='bbox 2291 1730 2610 1800; x_wconf 74' lang='grc' dir='ltr'>συμϐολαῖς,</span> <span class='ocrx_word' id='word_1_287' title='bbox 2650 1732 2745 1783; x_wconf 77' lang='grc' dir='ltr'><strong>καὶ</strong></span> <span class='ocrx_word' id='word_1_288' title='bbox 2774 1731 2926 1801; x_wconf 85' lang='grc' dir='ltr'>μυῶν</span> <span class='ocrx_word' id='word_1_289' title='bbox 2950 1732 3171 1801; x_wconf 82' lang='grc' dir='ltr'>ἀρχαῖς.</span> <span class='ocrx_word' id='word_1_290' title='bbox 3203 1728 3328 1785; x_wconf 79' lang='grc' dir='ltr'>Οἷόν</span> <span class='ocrx_word' id='word_1_291' title='bbox 3371 1751 3457 1796; x_wconf 86' lang='grc' dir='ltr'><strong>τις</strong></span> <span class='ocrx_word' id='word_1_292' title='bbox 3506 1734 3727 1803; x_wconf 75' lang='grc' dir='ltr'>ἡνίοχος</span> 
     </span>
    </p>
   </div>
   <div class='ocr_carea' id='block_1_45' title="bbox 2137 1821 3729 1896">
    <p class='ocr_par' dir='ltr' id='par_1_45' title="bbox 2137 1821 3729 1896">
     <span class='ocr_line' id='line_1_45' title="bbox 2137 1821 3729 1896; baseline 0.004 -23"><span class='ocrx_word' id='word_1_293' title='bbox 2137 1821 2271 1874; x_wconf 86' lang='grc' dir='ltr'>αὐτὸ</span> <span class='ocrx_word' id='word_1_294' title='bbox 2290 1823 2335 1854; x_wconf 66' lang='grc'><strong>’⁸</strong></span> <span class='ocrx_word' id='word_1_295' title='bbox 2372 1821 2612 1885; x_wconf 82' lang='grc' dir='ltr'>ἐνδιδοὺς</span> <span class='ocrx_word' id='word_1_296' title='bbox 2665 1826 2766 1891; x_wconf 80' lang='grc' dir='ltr'><strong>τῆς</strong></span> <span class='ocrx_word' id='word_1_297' title='bbox 2815 1823 2942 1877; x_wconf 82' lang='grc' dir='ltr'>καθ’</span> <span class='ocrx_word' id='word_1_298' title='bbox 3005 1824 3239 1878; x_wconf 74' lang='grc' dir='ltr'>ἕκαστον</span> <span class='ocrx_word' id='word_1_299' title='bbox 3293 1827 3561 1895; x_wconf 73' lang='grc' dir='ltr'>κινήσεως</span> <span class='ocrx_word' id='word_1_300' title='bbox 3624 1827 3729 1896; x_wconf 69' lang='grc' dir='ltr'><strong>τὴν</strong></span> 
     </span>
    </p>
   </div>
   <div class='ocr_carea' id='block_1_46' title="bbox 2135 1914 3723 1988">
    <p class='ocr_par' dir='ltr' id='par_1_46' title="bbox 2135 1914 3723 1988">
     <span class='ocr_line' id='line_1_46' title="bbox 2135 1914 3723 1988; baseline 0.003 -22"><span class='ocrx_word' id='word_1_301' title='bbox 2135 1914 2311 1984; x_wconf 82' lang='grc' dir='ltr'>ὁρμὴν</span> <span class='ocrx_word' id='word_1_302' title='bbox 2362 1915 2457 1968; x_wconf 73' lang='grc' dir='ltr'><strong>καὶ</strong></span> <span class='ocrx_word' id='word_1_303' title='bbox 2493 1914 2593 1986; x_wconf 84' lang='grc' dir='ltr'>τὴν</span> <span class='ocrx_word' id='word_1_304' title='bbox 2627 1915 2881 1984; x_wconf 81' lang='grc' dir='ltr'>δύναμιν.</span> <span class='ocrx_word' id='word_1_305' title='bbox 2922 1918 3022 1968; x_wconf 87' lang='grc' dir='ltr'><strong>Διὰ</strong></span> <span class='ocrx_word' id='word_1_306' title='bbox 3065 1916 3223 1970; x_wconf 78' lang='grc' dir='ltr'>τοῦτό</span> <span class='ocrx_word' id='word_1_307' title='bbox 3286 1935 3376 1988; x_wconf 89' lang='grc' dir='ltr'><strong>μοι</strong></span> <span class='ocrx_word' id='word_1_308' title='bbox 3429 1918 3581 1971; x_wconf 87' lang='grc' dir='ltr'>δοκεῖ</span> <span class='ocrx_word' id='word_1_309' title='bbox 3624 1921 3723 1971; x_wconf 75' lang='grc' dir='ltr'><strong>καὶ</strong></span> 
     </span>
    </p>
   </div>
   <div class='ocr_carea' id='block_1_47' title="bbox 2136 2006 3722 2081">
    <p class='ocr_par' dir='ltr' id='par_1_47' title="bbox 2136 2006 3722 2081">
     <span class='ocr_line' id='line_1_47' title="bbox 2136 2006 3722 2081; baseline 0.003 -21"><span class='ocrx_word' id='word_1_310' title='bbox 2136 2006 2548 2079; x_wconf 76' lang='grc' dir='ltr'><strong>ἀσφαλεστέρας</strong></span> <span class='ocrx_word' id='word_1_311' title='bbox 2599 2010 2847 2080; x_wconf 81' lang='grc' dir='ltr'>φρουρᾶς</span> <span class='ocrx_word' id='word_1_312' title='bbox 2900 2008 3187 2078; x_wconf 67' lang='grc' dir='ltr'>ἠξιῶσθαι.</span> <span class='ocrx_word' id='word_1_313' title='bbox 3246 2011 3401 2064; x_wconf 81' lang='grc' dir='ltr'>Κατὰ</span> <span class='ocrx_word' id='word_1_314' title='bbox 3462 2011 3562 2080; x_wconf 85' lang='grc' dir='ltr'><strong>μὲν</strong></span> <span class='ocrx_word' id='word_1_315' title='bbox 3618 2010 3722 2081; x_wconf 82' lang='grc' dir='ltr'>τὴν</span> 
     </span>
    </p>
   </div>
   <div class='ocr_carea' id='block_1_48' title="bbox 2136 2100 3712 2172">
    <p class='ocr_par' dir='ltr' id='par_1_48' title="bbox 2136 2100 3712 2172">
     <span class='ocr_line' id='line_1_48' title="bbox 2136 2100 3712 2172; baseline 0.001 -19"><span class='ocrx_word' id='word_1_316' title='bbox 2136 2100 2404 2171; x_wconf 73' lang='grc' dir='ltr'>κεφαλὴν,</span> <span class='ocrx_word' id='word_1_317' title='bbox 2429 2100 2644 2163; x_wconf 75' lang='grc' dir='ltr'>διπλαῖς</span> <span class='ocrx_word' id='word_1_318' title='bbox 2673 2100 2876 2153; x_wconf 79' lang='grc' dir='ltr'>ὀστέων</span> <span class='ocrx_word' id='word_1_319' title='bbox 2911 2101 3231 2171; x_wconf 78' lang='grc' dir='ltr'>περιϐολαῖς</span> <span class='ocrx_word' id='word_1_320' title='bbox 3262 2103 3321 2153; x_wconf 81' lang='grc' dir='ltr'><strong>ἐν</strong></span> <span class='ocrx_word' id='word_1_321' title='bbox 3360 2100 3547 2172; x_wconf 79' lang='grc' dir='ltr'>κύκλῳ</span> <span class='ocrx_word' id='word_1_322' title='bbox 3578 2104 3712 2156; x_wconf 82' lang='grc' dir='ltr'>διει-</span> 
     </span>
    </p>
   </div>
   <div class='ocr_carea' id='block_1_49' title="bbox 2135 2192 3719 2263">
    <p class='ocr_par' dir='ltr' id='par_1_49' title="bbox 2135 2192 3719 2263">
     <span class='ocr_line' id='line_1_49' title="bbox 2135 2192 3719 2263; baseline 0.001 -20"><span class='ocrx_word' id='word_1_323' title='bbox 2135 2192 2415 2262; x_wconf 76' lang='grc' dir='ltr'>λημμένος</span> <span class='ocrx_word' id='word_1_324' title='bbox 2444 2209 2457 2221; x_wconf 90' lang='grc'>·</span> <span class='ocrx_word' id='word_1_325' title='bbox 2511 2192 2652 2245; x_wconf 82' lang='grc' dir='ltr'>κατὰ</span> <span class='ocrx_word' id='word_1_326' title='bbox 2687 2192 2745 2245; x_wconf 82' lang='grc' dir='ltr'>δὲ</span> <span class='ocrx_word' id='word_1_327' title='bbox 2786 2192 2887 2263; x_wconf 81' lang='grc' dir='ltr'><strong>τὴν</strong></span> <span class='ocrx_word' id='word_1_328' title='bbox 2925 2193 3108 2263; x_wconf 78' lang='grc' dir='ltr'>ῥάχιν,</span> <span class='ocrx_word' id='word_1_329' title='bbox 3164 2198 3284 2256; x_wconf 88' lang='grc' dir='ltr'>ταῖς</span> <span class='ocrx_word' id='word_1_330' title='bbox 3322 2193 3432 2245; x_wconf 85' lang='grc' dir='ltr'><strong>τῶν</strong></span> <span class='ocrx_word' id='word_1_331' title='bbox 3463 2194 3719 2247; x_wconf 80' lang='grc' dir='ltr'>ἀκανθῶν</span> 
     </span>
    </p>
   </div>
   <div class='ocr_carea' id='block_1_50' title="bbox 2136 2266 3717 2356">
    <p class='ocr_par' dir='ltr' id='par_1_50' title="bbox 2136 2285 3717 2356">
     <span class='ocr_line' id='line_1_50' title="bbox 2136 2285 3717 2356; baseline 0.001 -19"><span class='ocrx_word' id='word_1_332' title='bbox 2136 2285 2424 2354; x_wconf 79' lang='grc' dir='ltr'>ἐκφύσεσι,</span> <span class='ocrx_word' id='word_1_333' title='bbox 2486 2285 2578 2338; x_wconf 77' lang='grc' dir='ltr'><strong>καὶ</strong></span> <span class='ocrx_word' id='word_1_334' title='bbox 2626 2288 2749 2349; x_wconf 87' lang='grc' dir='ltr'>ταῖς</span> <span class='ocrx_word' id='word_1_335' title='bbox 2814 2285 3175 2355; x_wconf 74' lang='grc' dir='ltr'>πολυτρόποις</span> <span class='ocrx_word' id='word_1_336' title='bbox 3240 2287 3383 2340; x_wconf 86' lang='grc' dir='ltr'><strong>κατὰ</strong></span> <span class='ocrx_word' id='word_1_337' title='bbox 3432 2287 3494 2339; x_wconf 82' lang='grc' dir='ltr'><strong>τὸ</strong></span> <span class='ocrx_word' id='word_1_338' title='bbox 3528 2286 3717 2356; x_wconf 82' lang='grc' dir='ltr'>σχῆμα</span> 
     </span>
    </p>
   </div>
   <div class='ocr_carea' id='block_1_51' title="bbox 2133 2370 3717 2449">
    <p class='ocr_par' dir='ltr' id='par_1_51' title="bbox 2133 2370 3717 2449">
     <span class='ocr_line' id='line_1_51' title="bbox 2133 2370 3717 2449; baseline 0.001 -21"><span class='ocrx_word' id='word_1_339' title='bbox 2133 2374 2457 2439; x_wconf 85' lang='grc' dir='ltr'>διαπλοκαῖς</span> <span class='ocrx_word' id='word_1_340' title='bbox 2491 2392 2504 2406; x_wconf 76' lang='grc' dir='ltr'><strong><em>ο</em></strong></span> <span class='ocrx_word' id='word_1_341' title='bbox 2555 2375 2623 2430; x_wconf 82' lang='grc' dir='ltr'>δι’</span> <span class='ocrx_word' id='word_1_342' title='bbox 2654 2370 2729 2429; x_wconf 83' lang='grc' dir='ltr'>ὧν</span> <span class='ocrx_word' id='word_1_343' title='bbox 2774 2376 2834 2428; x_wconf 85' lang='grc' dir='ltr'>ὲν</span> <span class='ocrx_word' id='word_1_344' title='bbox 2871 2376 3110 2447; x_wconf 80' lang='grc' dir='ltr'>ἀπαθείᾳ</span> <span class='ocrx_word' id='word_1_345' title='bbox 3167 2378 3320 2449; x_wconf 78' lang='grc' dir='ltr'>πάσῃ</span> <span class='ocrx_word' id='word_1_346' title='bbox 3361 2378 3717 2446; x_wconf 75' lang='grc' dir='ltr'>φυλάσσοιτο,</span> 
     </span>
    </p>
   </div>
   <div class='ocr_carea' id='block_1_52' title="bbox 2134 2468 3711 2540">
    <p class='ocr_par' dir='ltr' id='par_1_52' title="bbox 2134 2468 3711 2540">
     <span class='ocr_line' id='line_1_52' title="bbox 2134 2468 3711 2540; baseline 0 -20"><span class='ocrx_word' id='word_1_347' title='bbox 2134 2468 2222 2521; x_wconf 76' lang='grc' dir='ltr'>διὰ</span> <span class='ocrx_word' id='word_1_348' title='bbox 2248 2469 2350 2539; x_wconf 82' lang='grc' dir='ltr'>τῆς</span> <span class='ocrx_word' id='word_1_349' title='bbox 2382 2472 2745 2540; x_wconf 80' lang='grc' dir='ltr'>περιεχούσης</span> <span class='ocrx_word' id='word_1_350' title='bbox 2767 2468 2861 2522; x_wconf 80' lang='grc' dir='ltr'>τὸν</span> <span class='ocrx_word' id='word_1_351' title='bbox 2902 2468 3080 2539; x_wconf 81' lang='grc' dir='ltr'>ὑμένα</span> <span class='ocrx_word' id='word_1_352' title='bbox 3116 2472 3360 2540; x_wconf 77' lang='grc' dir='ltr'>φρουρᾶς</span> <span class='ocrx_word' id='word_1_353' title='bbox 3392 2470 3435 2501; x_wconf 81' lang='lat'>&quot;</span> <span class='ocrx_word' id='word_1_354' title='bbox 3474 2472 3502 2522; x_wconf 85' lang='grc' dir='ltr'><strong><em>ὁ</em></strong></span> <span class='ocrx_word' id='word_1_355' title='bbox 3542 2468 3711 2537; x_wconf 78' lang='grc' dir='ltr'>ἐγκέ-</span> 
     </span>
    </p>
   </div>
   <div class='ocr_carea' id='block_1_53' title="bbox 2135 2558 2323 2626">
    <p class='ocr_par' dir='ltr' id='par_1_53' title="bbox 2135 2558 2323 2626">
     <span class='ocr_line' id='line_1_53' title="bbox 2135 2558 2323 2626; baseline 0.021 -17"><span class='ocrx_word' id='word_1_356' title='bbox 2135 2558 2323 2626; x_wconf 77' lang='grc' dir='ltr'>φαλος.</span> 
     </span>
    </p>
   </div>
   <div class='ocr_carea' id='block_1_54' title="bbox 2216 2650 3717 2725">
    <p class='ocr_par' dir='ltr' id='par_1_54' title="bbox 2216 2650 3717 2725">
     <span class='ocr_line' id='line_1_54' title="bbox 2216 2650 3717 2725; baseline 0.001 -20"><span class='ocrx_word' id='word_1_357' title='bbox 2216 2650 2448 2723; x_wconf 79' lang='grc' dir='ltr'>Ὁμοίως</span> <span class='ocrx_word' id='word_1_358' title='bbox 2479 2652 2536 2705; x_wconf 73' lang='grc' dir='ltr'><strong>δὲ</strong></span> <span class='ocrx_word' id='word_1_359' title='bbox 2574 2655 2821 2723; x_wconf 72' lang='grc' dir='ltr'>καὶπερὶ</span> <span class='ocrx_word' id='word_1_360' title='bbox 2844 2656 2945 2724; x_wconf 81' lang='grc' dir='ltr'><strong>τῆς</strong></span> <span class='ocrx_word' id='word_1_361' title='bbox 2990 2654 3218 2725; x_wconf 79' lang='grc' dir='ltr'>καρδίας</span> <span class='ocrx_word' id='word_1_362' title='bbox 3287 2653 3352 2706; x_wconf 87' lang='grc' dir='ltr'>ἄν</span> <span class='ocrx_word' id='word_1_363' title='bbox 3402 2669 3486 2714; x_wconf 86' lang='grc' dir='ltr'><strong>τις</strong></span> <span class='ocrx_word' id='word_1_364' title='bbox 3545 2670 3717 2706; x_wconf 84' lang='grc' dir='ltr'>κατα-</span> 
     </span>
    </p>
   </div>
   <div class='ocr_carea' id='block_1_55' title="bbox 2136 2741 3714 2815">
    <p class='ocr_par' dir='ltr' id='par_1_55' title="bbox 2136 2741 3714 2815">
     <span class='ocr_line' id='line_1_55' title="bbox 2136 2741 3714 2815; baseline 0.001 -21"><span class='ocrx_word' id='word_1_365' title='bbox 2136 2742 2482 2813; x_wconf 81' lang='grc' dir='ltr'>στοχάσαιτο,</span> <span class='ocrx_word' id='word_1_366' title='bbox 2507 2743 2586 2796; x_wconf 83' lang='grc' dir='ltr'>ὅτι</span> <span class='ocrx_word' id='word_1_367' title='bbox 2623 2743 2877 2815; x_wconf 84' lang='grc' dir='ltr'>καθάπερ</span> <span class='ocrx_word' id='word_1_368' title='bbox 2902 2762 2984 2807; x_wconf 88' lang='grc' dir='ltr'><strong>τις</strong></span> <span class='ocrx_word' id='word_1_369' title='bbox 3003 2741 3150 2809; x_wconf 83' lang='grc' dir='ltr'>οἶκος</span> <span class='ocrx_word' id='word_1_370' title='bbox 3178 2742 3426 2815; x_wconf 78' lang='grc' dir='ltr'>ἀσφαλὴς</span> <span class='ocrx_word' id='word_1_371' title='bbox 3454 2743 3596 2812; x_wconf 70' lang='grc' dir='ltr'>αὕτη</span> <span class='ocrx_word' id='word_1_372' title='bbox 3625 2744 3714 2796; x_wconf 71' lang='grc' dir='ltr'><strong>διὰ</strong></span> 
     </span>
    </p>
   </div>
   <div class='ocr_carea' id='block_1_56' title="bbox 2135 2833 3716 2906">
    <p class='ocr_par' dir='ltr' id='par_1_56' title="bbox 2135 2833 3716 2906">
     <span class='ocr_line' id='line_1_56' title="bbox 2135 2833 3716 2906; baseline 0.002 -22"><span class='ocrx_word' id='word_1_373' title='bbox 2135 2833 2245 2885; x_wconf 89' lang='grc' dir='ltr'><strong>τῶν</strong></span> <span class='ocrx_word' id='word_1_374' title='bbox 2269 2834 2643 2905; x_wconf 79' lang='grc' dir='ltr'>στεῤῥοτέρων</span> <span class='ocrx_word' id='word_1_375' title='bbox 2672 2835 3083 2906; x_wconf 83' lang='grc' dir='ltr'>περιηρμόσθη,</span> <span class='ocrx_word' id='word_1_376' title='bbox 3118 2838 3240 2897; x_wconf 86' lang='grc' dir='ltr'>ταῖς</span> <span class='ocrx_word' id='word_1_377' title='bbox 3263 2834 3309 2866; x_wconf 74' lang='grc'><strong>⁸⁸</strong></span> <span class='ocrx_word' id='word_1_378' title='bbox 3359 2833 3467 2887; x_wconf 86' lang='grc' dir='ltr'><strong>τῶν</strong></span> <span class='ocrx_word' id='word_1_379' title='bbox 3507 2835 3716 2887; x_wconf 80' lang='grc' dir='ltr'>ὀστέων</span> 
     </span>
    </p>
   </div>
   <div class='ocr_carea' id='block_1_57' title="bbox 2131 2923 3713 2997">
    <p class='ocr_par' dir='ltr' id='par_1_57' title="bbox 2131 2923 3713 2997">
     <span class='ocr_line' id='line_1_57' title="bbox 2131 2923 3713 2997; baseline 0.003 -22"><span class='ocrx_word' id='word_1_380' title='bbox 2131 2923 2319 2994; x_wconf 73' lang='grc' dir='ltr'>κύκλῳ</span> <span class='ocrx_word' id='word_1_381' title='bbox 2348 2925 2632 2995; x_wconf 83' lang='grc' dir='ltr'>περιοχαῖς</span> <span class='ocrx_word' id='word_1_382' title='bbox 2677 2924 3023 2996; x_wconf 82' lang='grc' dir='ltr'>ὠχυρωμένη</span> <span class='ocrx_word' id='word_1_383' title='bbox 3041 2928 3111 2979; x_wconf 72' lang='lat'><strong>’9.</strong></span> <span class='ocrx_word' id='word_1_384' title='bbox 3145 2927 3397 2979; x_wconf 82' lang='grc' dir='ltr'>Κάτοπιν</span> <span class='ocrx_word' id='word_1_385' title='bbox 3459 2925 3561 2995; x_wconf 83' lang='grc' dir='ltr'>μὲν</span> <span class='ocrx_word' id='word_1_386' title='bbox 3596 2927 3713 2997; x_wconf 75' lang='grc' dir='ltr'>γάρ</span> 
     </span>
    </p>
   </div>
   <div class='ocr_carea' id='block_1_58' title="bbox 446 3001 2027 3109">
    <p class='ocr_par' dir='ltr' id='par_1_58' title="bbox 446 3015 2025 3092">
     <span class='ocr_line' id='line_1_58' title="bbox 446 3015 2025 3092; baseline -0.004 -15"><span class='ocrx_word' id='word_1_387' title='bbox 446 3036 597 3092; x_wconf 78' lang='lat' dir='ltr'><strong>tergo</strong></span> <span class='ocrx_word' id='word_1_388' title='bbox 640 3019 909 3075; x_wconf 87' lang='lat' dir='ltr'><strong>consistit.</strong></span> <span class='ocrx_word' id='word_1_389' title='bbox 975 3015 1111 3070; x_wconf 87' lang='lat' dir='ltr'><strong>Cum</strong></span> <span class='ocrx_word' id='word_1_390' title='bbox 1156 3031 1283 3070; x_wconf 79' lang='lat' dir='ltr'><strong>vero</strong></span> <span class='ocrx_word' id='word_1_391' title='bbox 1327 3026 1604 3069; x_wconf 90' lang='lat' dir='ltr'><strong>costarum</strong></span> <span class='ocrx_word' id='word_1_392' title='bbox 1657 3016 1916 3085; x_wconf 87' lang='lat' dir='ltr'><strong>utrinque</strong></span> <span class='ocrx_word' id='word_1_393' title='bbox 1960 3031 2025 3070; x_wconf 80' lang='lat' dir='ltr'><strong>ex</strong></span> 
     </span>
    </p>
   </div>
   <div class='ocr_carea' id='block_1_59' title="bbox 2129 3001 3712 3109">
    <p class='ocr_par' dir='ltr' id='par_1_59' title="bbox 2130 3001 3712 3087">
     <span class='ocr_line' id='line_1_59' title="bbox 2130 3001 3712 3087; baseline 0.001 -20"><span class='ocrx_word' id='word_1_394' title='bbox 2130 3016 2280 3068; x_wconf 82' lang='grc' dir='ltr'>ἐστιν</span> <span class='ocrx_word' id='word_1_395' title='bbox 2319 3018 2352 3086; x_wconf 84' lang='grc' dir='ltr'>ἠ</span> <span class='ocrx_word' id='word_1_396' title='bbox 2389 3018 2549 3087; x_wconf 81' lang='grc' dir='ltr'>ῥάχις</span> <span class='ocrx_word' id='word_1_397' title='bbox 2582 3020 2700 3079; x_wconf 86' lang='grc' dir='ltr'>ταῖς</span> <span class='ocrx_word' id='word_1_398' title='bbox 2758 3017 3174 3086; x_wconf 84' lang='grc' dir='ltr'>ὠμοπλατικαῑς</span> <span class='ocrx_word' id='word_1_399' title='bbox 3215 3001 3542 3085; x_wconf 72' lang='grc' dir='ltr'>ἀσφαλείαις</span> <span class='ocrx_word' id='word_1_400' title='bbox 3586 3034 3712 3069; x_wconf 83' lang='grc' dir='ltr'>συν-</span> 
     </span>
    </p>
   </div>
   <div class='ocr_carea' id='block_1_60' title="bbox 448 3108 2026 3184">
    <p class='ocr_par' dir='ltr' id='par_1_60' title="bbox 448 3108 2026 3184">
     <span class='ocr_line' id='line_1_60' title="bbox 448 3108 2026 3184; baseline -0.003 -15"><span class='ocrx_word' id='word_1_401' title='bbox 448 3115 665 3184; x_wconf 86' lang='lat' dir='ltr'><strong>obliquo</strong></span> <span class='ocrx_word' id='word_1_402' title='bbox 713 3110 1036 3180; x_wconf 86' lang='lat' dir='ltr'><strong>compositio</strong></span> <span class='ocrx_word' id='word_1_403' title='bbox 1090 3108 1334 3161; x_wconf 84' lang='lat' dir='ltr'><strong>adhibita</strong></span> <span class='ocrx_word' id='word_1_404' title='bbox 1379 3108 1473 3172; x_wconf 89' lang='lat' dir='ltr'><strong>sit,</strong></span> <span class='ocrx_word' id='word_1_405' title='bbox 1530 3108 1675 3177; x_wconf 86' lang='lat' dir='ltr'><strong>quod</strong></span> <span class='ocrx_word' id='word_1_406' title='bbox 1729 3108 1797 3162; x_wconf 90' lang='lat' dir='ltr'><strong>de</strong></span> <span class='ocrx_word' id='word_1_407' title='bbox 1849 3109 2026 3164; x_wconf 89' lang='lat' dir='ltr'><strong>medio</strong></span> 
     </span>
    </p>
   </div>
   <div class='ocr_carea' id='block_1_61' title="bbox 447 3189 2023 3269">
    <p class='ocr_par' dir='ltr' id='par_1_61' title="bbox 447 3189 2023 3269">
     <span class='ocr_line' id='line_1_61' title="bbox 447 3189 2023 3269; baseline -0.002 -12"><span class='ocrx_word' id='word_1_408' title='bbox 447 3213 568 3269; x_wconf 88' lang='lat' dir='ltr'><strong>est,</strong></span> <span class='ocrx_word' id='word_1_409' title='bbox 615 3203 683 3256; x_wconf 89' lang='lat' dir='ltr'><strong>ab</strong></span> <span class='ocrx_word' id='word_1_410' title='bbox 741 3189 891 3254; x_wconf 76' lang='lat' dir='ltr'><strong>omni</strong></span> <span class='ocrx_word' id='word_1_411' title='bbox 946 3198 1202 3268; x_wconf 86' lang='lat' dir='ltr'><strong>passione</strong></span> <span class='ocrx_word' id='word_1_412' title='bbox 1247 3208 1559 3266; x_wconf 83' lang='lat' dir='ltr'><strong>exemptum</strong></span> <span class='ocrx_word' id='word_1_413' title='bbox 1620 3198 1884 3253; x_wconf 88' lang='lat' dir='ltr'><strong>redditur.</strong></span> <span class='ocrx_word' id='word_1_414' title='bbox 1946 3198 2023 3254; x_wconf 81' lang='lat' dir='ltr'><strong>Ex</strong></span> 
     </span>
    </p>
   </div>
   <div class='ocr_carea' id='block_1_62' title="bbox 447 3288 2026 3359">
    <p class='ocr_par' dir='ltr' id='par_1_62' title="bbox 447 3288 2026 3359">
     <span class='ocr_line' id='line_1_62' title="bbox 447 3288 2026 3359; baseline -0.002 -11"><span class='ocrx_word' id='word_1_415' title='bbox 447 3296 677 3349; x_wconf 83' lang='lat' dir='ltr'><strong>adverso</strong></span> <span class='ocrx_word' id='word_1_416' title='bbox 737 3306 891 3357; x_wconf 81' lang='lat' dir='ltr'><strong>vero,</strong></span> <span class='ocrx_word' id='word_1_417' title='bbox 952 3299 1068 3344; x_wconf 88' lang='lat' dir='ltr'><strong>tum</strong></span> <span class='ocrx_word' id='word_1_418' title='bbox 1114 3296 1336 3359; x_wconf 90' lang='lat' dir='ltr'><strong>pectus,</strong></span> <span class='ocrx_word' id='word_1_419' title='bbox 1398 3298 1510 3343; x_wconf 91' lang='lat' dir='ltr'><strong>tum</strong></span> <span class='ocrx_word' id='word_1_420' title='bbox 1559 3288 1870 3359; x_wconf 74' lang='lat' dir='ltr'><strong>conjunctio</strong></span> <span class='ocrx_word' id='word_1_421' title='bbox 1935 3306 2026 3346; x_wconf 91' lang='lat' dir='ltr'><strong>os-</strong></span> 
     </span>
    </p>
   </div>
   <div class='ocr_carea' id='block_1_63' title="bbox 437 3381 2026 3457">
    <p class='ocr_par' dir='ltr' id='par_1_63' title="bbox 437 3381 2026 3457">
     <span class='ocr_line' id='line_1_63' title="bbox 437 3381 2026 3457; baseline -0.003 -14"><span class='ocrx_word' id='word_1_422' title='bbox 437 3389 558 3452; x_wconf 74' lang='lat' dir='ltr'><strong>sis,</strong></span> <span class='ocrx_word' id='word_1_423' title='bbox 609 3386 755 3457; x_wconf 89' lang='lat' dir='ltr'><strong>quod</strong></span> <span class='ocrx_word' id='word_1_424' title='bbox 814 3382 997 3455; x_wconf 78' lang='lat' dir='ltr'><strong>jugale</strong></span> <span class='ocrx_word' id='word_1_425' title='bbox 1052 3390 1419 3452; x_wconf 87' lang='lat' dir='ltr'><strong>nuncupatur,</strong></span> <span class='ocrx_word' id='word_1_426' title='bbox 1471 3381 1647 3451; x_wconf 87' lang='lat' dir='ltr'><strong>posita</strong></span> <span class='ocrx_word' id='word_1_427' title='bbox 1694 3392 1850 3447; x_wconf 88' lang='lat' dir='ltr'><strong>sunt;</strong></span> <span class='ocrx_word' id='word_1_428' title='bbox 1917 3400 2026 3454; x_wconf 87' lang='lat' dir='ltr'><strong>quo</strong></span> 
     </span>
    </p>
   </div>
   <div class='ocr_carea' id='block_1_64' title="bbox 445 3474 2024 3546">
    <p class='ocr_par' dir='ltr' id='par_1_64' title="bbox 445 3474 2024 3546">
     <span class='ocr_line' id='line_1_64' title="bbox 445 3474 2024 3546; baseline -0.004 -11"><span class='ocrx_word' id='word_1_429' title='bbox 445 3479 596 3535; x_wconf 91' lang='lat' dir='ltr'><strong>omni</strong></span> <span class='ocrx_word' id='word_1_430' title='bbox 637 3493 705 3532; x_wconf 82' lang='lat' dir='ltr'><strong>ex</strong></span> <span class='ocrx_word' id='word_1_431' title='bbox 748 3485 904 3546; x_wconf 88' lang='lat' dir='ltr'><strong>parte</strong></span> <span class='ocrx_word' id='word_1_432' title='bbox 959 3490 1055 3529; x_wconf 89' lang='lat' dir='ltr'><strong>cor</strong></span> <span class='ocrx_word' id='word_1_433' title='bbox 1102 3474 1279 3544; x_wconf 89' lang='lat' dir='ltr'><strong>ipsum</strong></span> <span class='ocrx_word' id='word_1_434' title='bbox 1331 3474 1673 3529; x_wconf 80' lang='lat' dir='ltr'><strong>extrinsecus</strong></span> <span class='ocrx_word' id='word_1_435' title='bbox 1702 3476 2024 3544; x_wconf 89' lang='lat' dir='ltr'><strong>provenien-</strong></span> 
     </span>
    </p>
   </div>
   <div class='ocr_carea' id='block_1_65' title="bbox 446 3563 2025 3637">
    <p class='ocr_par' dir='ltr' id='par_1_65' title="bbox 446 3563 2025 3637">
     <span class='ocr_line' id='line_1_65' title="bbox 446 3563 2025 3637; baseline -0.003 -12"><span class='ocrx_word' id='word_1_436' title='bbox 446 3569 521 3625; x_wconf 84' lang='lat' dir='ltr'><strong>tia</strong></span> <span class='ocrx_word' id='word_1_437' title='bbox 555 3565 902 3623; x_wconf 89' lang='lat' dir='ltr'><strong>incommoda</strong></span> <span class='ocrx_word' id='word_1_438' title='bbox 942 3565 1225 3619; x_wconf 87' lang='lat' dir='ltr'><strong>devitaret.</strong></span> <span class='ocrx_word' id='word_1_439' title='bbox 1257 3563 1488 3620; x_wconf 85' lang='lat' dir='ltr'><strong>Interius</strong></span> <span class='ocrx_word' id='word_1_440' title='bbox 1522 3575 1725 3630; x_wconf 90' lang='lat' dir='ltr'><strong>autem,</strong></span> <span class='ocrx_word' id='word_1_441' title='bbox 1759 3582 1788 3620; x_wconf 90' lang='lat' dir='ltr'><strong>a</strong></span> <span class='ocrx_word' id='word_1_442' title='bbox 1821 3568 2025 3637; x_wconf 91' lang='lat' dir='ltr'><strong>pulmo-</strong></span> 
     </span>
    </p>
   </div>
   <div class='ocr_carea' id='block_1_66' title="bbox 445 3657 2024 3728">
    <p class='ocr_par' dir='ltr' id='par_1_66' title="bbox 445 3657 2024 3728">
     <span class='ocr_line' id='line_1_66' title="bbox 445 3657 2024 3728; baseline -0.001 -11"><span class='ocrx_word' id='word_1_443' title='bbox 445 3677 532 3726; x_wconf 83' lang='lat' dir='ltr'><strong>ne,</strong></span> <span class='ocrx_word' id='word_1_444' title='bbox 569 3660 698 3716; x_wconf 92' lang='lat' dir='ltr'><strong>dum</strong></span> <span class='ocrx_word' id='word_1_445' title='bbox 738 3674 837 3715; x_wconf 91' lang='lat' dir='ltr'><strong>ceu</strong></span> <span class='ocrx_word' id='word_1_446' title='bbox 861 3674 892 3713; x_wconf 93' lang='lat' dir='ltr'><strong>a</strong></span> <span class='ocrx_word' id='word_1_447' title='bbox 929 3657 1251 3712; x_wconf 91' lang='lat' dir='ltr'><strong>mollissimo</strong></span> <span class='ocrx_word' id='word_1_448' title='bbox 1290 3658 1527 3728; x_wconf 83' lang='lat' dir='ltr'><strong>quodam</strong></span> <span class='ocrx_word' id='word_1_449' title='bbox 1554 3658 1717 3713; x_wconf 88' lang='lat' dir='ltr'><strong>cubili</strong></span> <span class='ocrx_word' id='word_1_450' title='bbox 1763 3659 2024 3716; x_wconf 79' lang='lat' dir='ltr'><strong>exsiliens</strong></span> 
     </span>
    </p>
   </div>
   <div class='ocr_carea' id='block_1_67' title="bbox 446 3748 2026 3824">
    <p class='ocr_par' dir='ltr' id='par_1_67' title="bbox 446 3748 2026 3824">
     <span class='ocr_line' id='line_1_67' title="bbox 446 3748 2026 3824; baseline -0.003 -16"><span class='ocrx_word' id='word_1_451' title='bbox 446 3754 623 3824; x_wconf 88' lang='lat' dir='ltr'><strong>ipsum</strong></span> <span class='ocrx_word' id='word_1_452' title='bbox 668 3749 965 3821; x_wconf 87' lang='lat' dir='ltr'><strong>suscipitur</strong></span> <span class='ocrx_word' id='word_1_453' title='bbox 990 3789 1007 3815; x_wconf 91' lang='lat'><strong>,</strong></span> <span class='ocrx_word' id='word_1_454' title='bbox 1070 3748 1375 3804; x_wconf 84' lang='lat' dir='ltr'><strong>insaucium</strong></span> <span class='ocrx_word' id='word_1_455' title='bbox 1416 3749 1821 3819; x_wconf 86' lang='lat' dir='ltr'><strong>innocuumque</strong></span> <span class='ocrx_word' id='word_1_456' title='bbox 1848 3750 2026 3805; x_wconf 90' lang='lat' dir='ltr'><strong>reddi.-</strong></span> 
     </span>
    </p>
   </div>
   <div class='ocr_carea' id='block_1_68' title="bbox 446 3839 2023 3911">
    <p class='ocr_par' dir='ltr' id='par_1_68' title="bbox 446 3839 2023 3911">
     <span class='ocr_line' id='line_1_68' title="bbox 446 3839 2023 3911; baseline -0.001 -13"><span class='ocrx_word' id='word_1_457' title='bbox 446 3852 555 3898; x_wconf 89' lang='lat' dir='ltr'><strong>tur.</strong></span> <span class='ocrx_word' id='word_1_458' title='bbox 605 3841 741 3896; x_wconf 89' lang='lat' dir='ltr'><strong>Cum</strong></span> <span class='ocrx_word' id='word_1_459' title='bbox 790 3840 976 3911; x_wconf 88' lang='lat' dir='ltr'><strong>pulmo</strong></span> <span class='ocrx_word' id='word_1_460' title='bbox 1022 3853 1294 3909; x_wconf 62' lang='lat' dir='ltr'><strong>spumosae</strong></span> <span class='ocrx_word' id='word_1_461' title='bbox 1333 3839 1673 3904; x_wconf 61' lang='lat' dir='ltr'><strong>substantia},</strong></span> <span class='ocrx_word' id='word_1_462' title='bbox 1720 3856 1785 3896; x_wconf 90' lang='lat' dir='ltr'><strong>ac</strong></span> <span class='ocrx_word' id='word_1_463' title='bbox 1816 3842 2023 3896; x_wconf 89' lang='lat' dir='ltr'><strong>mollis-</strong></span> 
     </span>
    </p>
   </div>
   <div class='ocr_carea' id='block_1_69' title="bbox 445 3928 2020 4007">
    <p class='ocr_par' dir='ltr' id='par_1_69' title="bbox 445 3928 2020 4007">
     <span class='ocr_line' id='line_1_69' title="bbox 445 3928 2020 4007; baseline -0.003 -19"><span class='ocrx_word' id='word_1_464' title='bbox 445 3936 597 3988; x_wconf 71' lang='lat' dir='ltr'><strong>sima:</strong></span> <span class='ocrx_word' id='word_1_465' title='bbox 630 3930 812 3987; x_wconf 89' lang='lat' dir='ltr'><strong>carnis</strong></span> <span class='ocrx_word' id='word_1_466' title='bbox 834 3930 1119 4007; x_wconf 75' lang='lat' dir='ltr'><strong>habeatur,</strong></span> <span class='ocrx_word' id='word_1_467' title='bbox 1158 3943 1253 3984; x_wconf 89' lang='lat' dir='ltr'><strong>cor</strong></span> <span class='ocrx_word' id='word_1_468' title='bbox 1288 3928 1500 3983; x_wconf 90' lang='lat' dir='ltr'><strong>medius</strong></span> <span class='ocrx_word' id='word_1_469' title='bbox 1534 3929 1783 3999; x_wconf 86' lang='lat' dir='ltr'><strong>suscipit,</strong></span> <span class='ocrx_word' id='word_1_470' title='bbox 1833 3945 1941 4000; x_wconf 88' lang='lat' dir='ltr'><strong>quo</strong></span> <span class='ocrx_word' id='word_1_471' title='bbox 1972 3941 2020 3984; x_wconf 90' lang='lat' dir='ltr'><strong>ct</strong></span> 
     </span>
    </p>
   </div>
   <div class='ocr_carea' id='block_1_70' title="bbox 442 4020 2023 4095">
    <p class='ocr_par' dir='ltr' id='par_1_70' title="bbox 442 4020 2023 4095">
     <span class='ocr_line' id='line_1_70' title="bbox 442 4020 2023 4095; baseline -0.003 -16"><span class='ocrx_word' id='word_1_472' title='bbox 442 4026 638 4095; x_wconf 85' lang='lat' dir='ltr'><strong>pulsus</strong></span> <span class='ocrx_word' id='word_1_473' title='bbox 670 4024 791 4093; x_wconf 87' lang='lat' dir='ltr'><strong>ejus</strong></span> <span class='ocrx_word' id='word_1_474' title='bbox 820 4022 1112 4091; x_wconf 89' lang='lat' dir='ltr'><strong>acciperet,</strong></span> <span class='ocrx_word' id='word_1_475' title='bbox 1142 4035 1206 4075; x_wconf 90' lang='lat' dir='ltr'><strong>ac</strong></span> <span class='ocrx_word' id='word_1_476' title='bbox 1239 4035 1565 4091; x_wconf 86' lang='lat' dir='ltr'><strong>repercusso</strong></span> <span class='ocrx_word' id='word_1_477' title='bbox 1593 4020 1813 4075; x_wconf 89' lang='lat' dir='ltr'><strong>dolores</strong></span> <span class='ocrx_word' id='word_1_478' title='bbox 1843 4021 2023 4075; x_wconf 86' lang='lat' dir='ltr'><strong>neuti-</strong></span> 
     </span>
    </p>
   </div>
   <div class='ocr_carea' id='block_1_71' title="bbox 442 4110 2023 4186">
    <p class='ocr_par' dir='ltr' id='par_1_71' title="bbox 442 4110 2023 4186">
     <span class='ocr_line' id='line_1_71' title="bbox 442 4110 2023 4186; baseline -0.003 -15"><span class='ocrx_word' id='word_1_479' title='bbox 442 4131 609 4186; x_wconf 82' lang='lat' dir='ltr'><strong>quam</strong></span> <span class='ocrx_word' id='word_1_480' title='bbox 634 4114 920 4176; x_wconf 84' lang='lat' dir='ltr'><strong>incuteret,</strong></span> <span class='ocrx_word' id='word_1_481' title='bbox 946 4122 1111 4181; x_wconf 88' lang='lat' dir='ltr'><strong>utque</strong></span> <span class='ocrx_word' id='word_1_482' title='bbox 1127 4127 1193 4167; x_wconf 78' lang='lat' dir='ltr'><strong>ex</strong></span> <span class='ocrx_word' id='word_1_483' title='bbox 1215 4126 1280 4167; x_wconf 91' lang='lat' dir='ltr'><strong>eo</strong></span> <span class='ocrx_word' id='word_1_484' title='bbox 1312 4111 1455 4182; x_wconf 89' lang='lat' dir='ltr'><strong>quod</strong></span> <span class='ocrx_word' id='word_1_485' title='bbox 1481 4111 1592 4181; x_wconf 79' lang='lat'><strong>38</strong></span> <span class='ocrx_word' id='word_1_486' title='bbox 1620 4110 2023 4181; x_wconf 79' lang='lat' dir='ltr'><strong>refrigeratione</strong></span> 
     </span>
    </p>
   </div>
   <div class='ocr_carea' id='block_1_72' title="bbox 436 4211 2015 4286">
    <p class='ocr_par' dir='ltr' id='par_1_72' title="bbox 436 4211 2015 4286">
     <span class='ocr_line' id='line_1_72' title="bbox 436 4211 2015 4286; baseline -0.003 -14"><span class='ocrx_word' id='word_1_487' title='bbox 436 4217 669 4286; x_wconf 76' lang='lat' dir='ltr'><strong>indiget,</strong></span> <span class='ocrx_word' id='word_1_488' title='bbox 694 4213 1052 4281; x_wconf 87' lang='lat' dir='ltr'><strong>respiratione</strong></span> <span class='ocrx_word' id='word_1_489' title='bbox 1094 4212 1304 4267; x_wconf 86' lang='lat' dir='ltr'><strong>modice</strong></span> <span class='ocrx_word' id='word_1_490' title='bbox 1342 4220 1638 4282; x_wconf 89' lang='lat' dir='ltr'><strong>temperata</strong></span> <span class='ocrx_word' id='word_1_491' title='bbox 1669 4211 2015 4267; x_wconf 88' lang='lat' dir='ltr'><strong>refocilletur.</strong></span> 
     </span>
    </p>
   </div>
   <div class='ocr_carea' id='block_1_73' title="bbox 512 4302 2018 4375">
    <p class='ocr_par' dir='ltr' id='par_1_73' title="bbox 512 4302 2018 4375">
     <span class='ocr_line' id='line_1_73' title="bbox 512 4302 2018 4375; baseline -0.002 -15"><span class='ocrx_word' id='word_1_492' title='bbox 512 4306 580 4362; x_wconf 87' lang='lat' dir='ltr'><strong>Et</strong></span> <span class='ocrx_word' id='word_1_493' title='bbox 640 4305 767 4375; x_wconf 88' lang='lat' dir='ltr'><strong>quia</strong></span> <span class='ocrx_word' id='word_1_494' title='bbox 818 4302 1073 4359; x_wconf 86' lang='lat' dir='ltr'><strong>vitalibus</strong></span> <span class='ocrx_word' id='word_1_495' title='bbox 1140 4303 1388 4372; x_wconf 84' lang='lat' dir='ltr'><strong>corporis</strong></span> <span class='ocrx_word' id='word_1_496' title='bbox 1456 4302 1763 4358; x_wconf 81' lang='lat' dir='ltr'><strong>actionibus</strong></span> <span class='ocrx_word' id='word_1_497' title='bbox 1824 4303 2018 4357; x_wconf 86' lang='lat' dir='ltr'><strong>remis-</strong></span> 
     </span>
    </p>
   </div>
   <div class='ocr_carea' id='block_1_74' title="bbox 2130 3107 3711 3181">
    <p class='ocr_par' dir='ltr' id='par_1_74' title="bbox 2130 3107 3711 3181">
     <span class='ocr_line' id='line_1_74' title="bbox 2130 3107 3711 3181; baseline 0 -20"><span class='ocrx_word' id='word_1_498' title='bbox 2130 3107 2396 3178; x_wconf 81' lang='grc' dir='ltr'>δεδεμένη</span> <span class='ocrx_word' id='word_1_499' title='bbox 2431 3125 2446 3141; x_wconf 78' lang='grc' dir='ltr'><strong><em>ο</em></strong></span> <span class='ocrx_word' id='word_1_500' title='bbox 2483 3108 2603 3162; x_wconf 84' lang='grc' dir='ltr'>καθ’</span> <span class='ocrx_word' id='word_1_501' title='bbox 2640 3109 2901 3180; x_wconf 82' lang='grc' dir='ltr'>ἑκάτερον</span> <span class='ocrx_word' id='word_1_502' title='bbox 2931 3111 2986 3163; x_wconf 75' lang='grc' dir='ltr'>δὲ</span> <span class='ocrx_word' id='word_1_503' title='bbox 3020 3109 3248 3178; x_wconf 79' lang='grc' dir='ltr'>πλάγιον</span> <span class='ocrx_word' id='word_1_504' title='bbox 3271 3112 3305 3180; x_wconf 80' lang='grc' dir='ltr'>ἡ</span> <span class='ocrx_word' id='word_1_505' title='bbox 3330 3128 3438 3162; x_wconf 84' lang='grc' dir='ltr'><strong>των</strong></span> <span class='ocrx_word' id='word_1_506' title='bbox 3460 3110 3711 3181; x_wconf 81' lang='grc' dir='ltr'>πλευρῶν</span> 
     </span>
    </p>
   </div>
   <div class='ocr_carea' id='block_1_75' title="bbox 2129 3196 3712 3270">
    <p class='ocr_par' dir='ltr' id='par_1_75' title="bbox 2129 3196 3712 3270">
     <span class='ocr_line' id='line_1_75' title="bbox 2129 3196 3712 3270; baseline 0.002 -20"><span class='ocrx_word' id='word_1_507' title='bbox 2129 3196 2295 3267; x_wconf 80' lang='grc' dir='ltr'>φύσις</span> <span class='ocrx_word' id='word_1_508' title='bbox 2322 3199 2367 3229; x_wconf 68' lang='grc' dir='ltr'>θ’</span> <span class='ocrx_word' id='word_1_509' title='bbox 2394 3200 2410 3217; x_wconf 78' lang='grc'>⁶</span> <span class='ocrx_word' id='word_1_510' title='bbox 2437 3198 2889 3269; x_wconf 80' lang='grc' dir='ltr'>περιπτύσσουσα</span> <span class='ocrx_word' id='word_1_511' title='bbox 2908 3200 2968 3253; x_wconf 73' lang='grc' dir='ltr'>τὸ</span> <span class='ocrx_word' id='word_1_512' title='bbox 2997 3200 3183 3267; x_wconf 83' lang='grc' dir='ltr'>μέσον,</span> <span class='ocrx_word' id='word_1_513' title='bbox 3213 3200 3492 3263; x_wconf 79' lang='grc' dir='ltr'>ὁυσπαθὲς</span> <span class='ocrx_word' id='word_1_514' title='bbox 3542 3201 3712 3270; x_wconf 87' lang='grc' dir='ltr'>ἁπερ-</span> 
     </span>
    </p>
   </div>
   <div class='ocr_carea' id='block_1_76' title="bbox 2127 3290 3708 3364">
    <p class='ocr_par' dir='ltr' id='par_1_76' title="bbox 2127 3290 3708 3364">
     <span class='ocr_line' id='line_1_76' title="bbox 2127 3290 3708 3364; baseline 0.001 -21"><span class='ocrx_word' id='word_1_515' title='bbox 2127 3290 2378 3359; x_wconf 83' lang='grc' dir='ltr'>γάζεται.</span> <span class='ocrx_word' id='word_1_516' title='bbox 2427 3293 2517 3345; x_wconf 88' lang='grc' dir='ltr'>Ἐν</span> <span class='ocrx_word' id='word_1_517' title='bbox 2557 3292 2614 3346; x_wconf 77' lang='grc' dir='ltr'>δὲ</span> <span class='ocrx_word' id='word_1_518' title='bbox 2650 3295 2764 3356; x_wconf 89' lang='grc' dir='ltr'>τοῖς</span> <span class='ocrx_word' id='word_1_519' title='bbox 2792 3293 3130 3363; x_wconf 78' lang='grc' dir='ltr'>ἔμπροσθεν,</span> <span class='ocrx_word' id='word_1_520' title='bbox 3150 3293 3211 3345; x_wconf 84' lang='grc' dir='ltr'><strong>τό</strong></span> <span class='ocrx_word' id='word_1_521' title='bbox 3232 3311 3291 3345; x_wconf 87' lang='grc' dir='ltr'><strong>τε</strong></span> <span class='ocrx_word' id='word_1_522' title='bbox 3316 3294 3562 3364; x_wconf 84' lang='grc' dir='ltr'>στέρνον,</span> <span class='ocrx_word' id='word_1_523' title='bbox 3612 3295 3708 3345; x_wconf 81' lang='grc' dir='ltr'><strong>καὶ</strong></span> 
     </span>
    </p>
   </div>
   <div class='ocr_carea' id='block_1_77' title="bbox 2127 3383 3707 3455">
    <p class='ocr_par' dir='ltr' id='par_1_77' title="bbox 2127 3383 3707 3455">
     <span class='ocr_line' id='line_1_77' title="bbox 2127 3383 3707 3455; baseline 0 -19"><span class='ocrx_word' id='word_1_524' title='bbox 2127 3385 2159 3453; x_wconf 86' lang='grc' dir='ltr'>ὴ</span> <span class='ocrx_word' id='word_1_525' title='bbox 2190 3383 2293 3453; x_wconf 83' lang='grc' dir='ltr'>τῆς</span> <span class='ocrx_word' id='word_1_526' title='bbox 2324 3384 2530 3447; x_wconf 79' lang='grc' dir='ltr'>κλειδὸς</span> <span class='ocrx_word' id='word_1_527' title='bbox 2569 3385 2804 3453; x_wconf 77' lang='grc' dir='ltr'>συζυγία</span> <span class='ocrx_word' id='word_1_528' title='bbox 2856 3385 3231 3455; x_wconf 75' lang='grc' dir='ltr'>προϐέϐληται</span> <span class='ocrx_word' id='word_1_529' title='bbox 3260 3401 3274 3415; x_wconf 85' lang='grc'>⁶</span> <span class='ocrx_word' id='word_1_530' title='bbox 3312 3385 3386 3447; x_wconf 84' lang='grc' dir='ltr'><strong>ὡς</strong></span> <span class='ocrx_word' id='word_1_531' title='bbox 3423 3385 3490 3438; x_wconf 82' lang='grc' dir='ltr'><strong>ἂν</strong></span> <span class='ocrx_word' id='word_1_532' title='bbox 3537 3386 3707 3438; x_wconf 82' lang='grc' dir='ltr'>ἁπαν-</span> 
     </span>
    </p>
   </div>
   <div class='ocr_carea' id='block_1_78' title="bbox 2124 3477 3703 3550">
    <p class='ocr_par' dir='ltr' id='par_1_78' title="bbox 2124 3477 3703 3550">
     <span class='ocr_line' id='line_1_78' title="bbox 2124 3477 3703 3550; baseline 0 -20"><span class='ocrx_word' id='word_1_533' title='bbox 2124 3479 2353 3548; x_wconf 83' lang='grc' dir='ltr'>ταχόθεν</span> <span class='ocrx_word' id='word_1_534' title='bbox 2383 3477 2524 3550; x_wconf 77' lang='grc' dir='ltr'>αὑτὴ</span> <span class='ocrx_word' id='word_1_535' title='bbox 2552 3478 2613 3530; x_wconf 85' lang='grc' dir='ltr'><strong>τὸ</strong></span> <span class='ocrx_word' id='word_1_536' title='bbox 2643 3477 2891 3546; x_wconf 80' lang='grc' dir='ltr'>ἀσφαλὲς</span> <span class='ocrx_word' id='word_1_537' title='bbox 2908 3478 3017 3531; x_wconf 74' lang='grc' dir='ltr'><strong>ἀπὸ</strong></span> <span class='ocrx_word' id='word_1_538' title='bbox 3046 3478 3154 3531; x_wconf 81' lang='grc' dir='ltr'><strong>τῶν</strong></span> <span class='ocrx_word' id='word_1_539' title='bbox 3187 3477 3391 3543; x_wconf 76' lang='grc' dir='ltr'>ἔξωθεν</span> <span class='ocrx_word' id='word_1_540' title='bbox 3429 3478 3703 3547; x_wconf 72' lang='grc' dir='ltr'>διοχλοόνο</span> 
     </span>
    </p>
   </div>
   <div class='ocr_carea' id='block_1_79' title="bbox 2124 3569 3708 3640">
    <p class='ocr_par' dir='ltr' id='par_1_79' title="bbox 2124 3569 3708 3640">
     <span class='ocr_line' id='line_1_79' title="bbox 2124 3569 3708 3640; baseline 0.001 -19"><span class='ocrx_word' id='word_1_541' title='bbox 2124 3586 2232 3623; x_wconf 87' lang='grc' dir='ltr'><strong>των</strong></span> <span class='ocrx_word' id='word_1_542' title='bbox 2282 3570 2635 3639; x_wconf 82' lang='grc' dir='ltr'>φυλάσσοιτο.</span> <span class='ocrx_word' id='word_1_543' title='bbox 2688 3569 2943 3623; x_wconf 88' lang='grc' dir='ltr'>Ἔνδοθεν</span> <span class='ocrx_word' id='word_1_544' title='bbox 2999 3570 3057 3623; x_wconf 88' lang='grc' dir='ltr'>δὲ</span> <span class='ocrx_word' id='word_1_545' title='bbox 3086 3573 3114 3624; x_wconf 86' lang='grc' dir='ltr'>ὁ</span> <span class='ocrx_word' id='word_1_546' title='bbox 3158 3571 3449 3640; x_wconf 70' lang='grc' dir='ltr'><strong>’πνεύμων¹</strong></span> <span class='ocrx_word' id='word_1_547' title='bbox 3516 3569 3708 3639; x_wconf 81' lang='grc' dir='ltr'>ὥσπερ</span> 
     </span>
    </p>
   </div>
   <div class='ocr_carea' id='block_1_80' title="bbox 2128 3661 3702 3732">
    <p class='ocr_par' dir='ltr' id='par_1_80' title="bbox 2128 3661 3702 3732">
     <span class='ocr_line' id='line_1_80' title="bbox 2128 3661 3702 3732; baseline -0.001 -18"><span class='ocrx_word' id='word_1_548' title='bbox 2128 3662 2356 3732; x_wconf 87' lang='grc' dir='ltr'>στρῶμα</span> <span class='ocrx_word' id='word_1_549' title='bbox 2406 3662 2617 3715; x_wconf 84' lang='grc' dir='ltr'>ἁπαλὸν</span> <span class='ocrx_word' id='word_1_550' title='bbox 2671 3664 2783 3725; x_wconf 85' lang='grc' dir='ltr'>τοῖς</span> <span class='ocrx_word' id='word_1_551' title='bbox 2823 3661 3064 3731; x_wconf 76' lang='grc' dir='ltr'>ἅλμασιν</span> <span class='ocrx_word' id='word_1_552' title='bbox 3094 3662 3267 3731; x_wconf 81' lang='grc' dir='ltr'>αὐτῆς</span> <span class='ocrx_word' id='word_1_553' title='bbox 3297 3664 3311 3693; x_wconf 90' lang='grc'><strong>¹</strong></span> <span class='ocrx_word' id='word_1_554' title='bbox 3381 3662 3702 3730; x_wconf 80' lang='grc' dir='ltr'>ὲναποδεχό-</span> 
     </span>
    </p>
   </div>
   <div class='ocr_carea' id='block_1_81' title="bbox 2128 3752 3701 3826">
    <p class='ocr_par' dir='ltr' id='par_1_81' title="bbox 2128 3752 3701 3826">
     <span class='ocr_line' id='line_1_81' title="bbox 2128 3752 3701 3826; baseline -0.001 -20"><span class='ocrx_word' id='word_1_555' title='bbox 2128 3771 2307 3824; x_wconf 84' lang='grc' dir='ltr'>μενος,</span> <span class='ocrx_word' id='word_1_556' title='bbox 2342 3754 2589 3822; x_wconf 82' lang='grc' dir='ltr'>ἂπληγον</span> <span class='ocrx_word' id='word_1_557' title='bbox 2618 3754 2789 3825; x_wconf 75' lang='grc' dir='ltr'>αὐτὴν</span> <span class='ocrx_word' id='word_1_558' title='bbox 2819 3753 3069 3826; x_wconf 86' lang='grc' dir='ltr'>διατηρεί</span> <span class='ocrx_word' id='word_1_559' title='bbox 3090 3756 3109 3785; x_wconf 72' lang='grc'>⁸</span> <span class='ocrx_word' id='word_1_560' title='bbox 3145 3754 3240 3807; x_wconf 74' lang='grc' dir='ltr'><strong>καὶ</strong></span> <span class='ocrx_word' id='word_1_561' title='bbox 3265 3752 3499 3821; x_wconf 71' lang='grc' dir='ltr'>ἀϐλαὸἧο</span> <span class='ocrx_word' id='word_1_562' title='bbox 3526 3752 3701 3822; x_wconf 76' lang='grc' dir='ltr'><strong>ἁφρώ·</strong></span> 
     </span>
    </p>
   </div>
   <div class='ocr_carea' id='block_1_82' title="bbox 2123 3841 3704 3914">
    <p class='ocr_par' dir='ltr' id='par_1_82' title="bbox 2123 3841 3704 3914">
     <span class='ocr_line' id='line_1_82' title="bbox 2123 3841 3704 3914; baseline 0 -19"><span class='ocrx_word' id='word_1_563' title='bbox 2123 3842 2247 3905; x_wconf 86' lang='grc' dir='ltr'>δους</span> <span class='ocrx_word' id='word_1_564' title='bbox 2281 3842 2388 3914; x_wconf 80' lang='grc' dir='ltr'><strong>γὰρ</strong></span> <span class='ocrx_word' id='word_1_565' title='bbox 2434 3843 2509 3897; x_wconf 85' lang='grc' dir='ltr'><strong>ῶν</strong></span> <span class='ocrx_word' id='word_1_566' title='bbox 2559 3843 2588 3895; x_wconf 88' lang='grc' dir='ltr'>ὁ</span> <span class='ocrx_word' id='word_1_567' title='bbox 2622 3841 2879 3914; x_wconf 76' lang='grc' dir='ltr'>πνεύμων</span> <span class='ocrx_word' id='word_1_568' title='bbox 2913 3844 3126 3908; x_wconf 69' lang='grc' dir='ltr'>οὐσίας,</span> <span class='ocrx_word' id='word_1_569' title='bbox 3187 3844 3283 3897; x_wconf 74' lang='grc' dir='ltr'>καὶ</span> <span class='ocrx_word' id='word_1_570' title='bbox 3338 3842 3704 3914; x_wconf 80' lang='grc' dir='ltr'>ἀπαλωτέρας</span> 
     </span>
    </p>
   </div>
   <div class='ocr_carea' id='block_1_83' title="bbox 2125 3933 3698 4007">
    <p class='ocr_par' dir='ltr' id='par_1_83' title="bbox 2125 3933 3698 4007">
     <span class='ocr_line' id='line_1_83' title="bbox 2125 3933 3698 4007; baseline -0.003 -19"><span class='ocrx_word' id='word_1_571' title='bbox 2125 3937 2349 4006; x_wconf 75' lang='grc' dir='ltr'>σαρκὸς,</span> <span class='ocrx_word' id='word_1_572' title='bbox 2384 3936 2557 4006; x_wconf 80' lang='grc' dir='ltr'>μέσην</span> <span class='ocrx_word' id='word_1_573' title='bbox 2596 3936 2698 4006; x_wconf 81' lang='grc' dir='ltr'><strong>τὴν</strong></span> <span class='ocrx_word' id='word_1_574' title='bbox 2748 3936 2982 4007; x_wconf 85' lang='grc' dir='ltr'>καρδίαν</span> <span class='ocrx_word' id='word_1_575' title='bbox 3050 3933 3483 4005; x_wconf 72' lang='grc' dir='ltr'>περι).αμ6άνει’</span> <span class='ocrx_word' id='word_1_576' title='bbox 3516 3934 3592 3996; x_wconf 83' lang='grc' dir='ltr'>ὡς</span> <span class='ocrx_word' id='word_1_577' title='bbox 3636 3934 3698 3986; x_wconf 77' lang='grc' dir='ltr'><strong>ἂν</strong></span> 
     </span>
    </p>
   </div>
   <div class='ocr_carea' id='block_1_84' title="bbox 2123 4023 3699 4095">
    <p class='ocr_par' dir='ltr' id='par_1_84' title="bbox 2123 4023 3699 4095">
     <span class='ocr_line' id='line_1_84' title="bbox 2123 4023 3699 4095; baseline -0.002 -19"><span class='ocrx_word' id='word_1_578' title='bbox 2123 4024 2362 4088; x_wconf 72' lang='grc' dir='ltr'>καὶτοὺς</span> <span class='ocrx_word' id='word_1_579' title='bbox 2399 4025 2648 4095; x_wconf 78' lang='grc' dir='ltr'>παλμοὺς</span> <span class='ocrx_word' id='word_1_580' title='bbox 2678 4025 2851 4094; x_wconf 76' lang='grc' dir='ltr'>αὐτῆς</span> <span class='ocrx_word' id='word_1_581' title='bbox 2887 4026 3135 4095; x_wconf 72' lang='grc' dir='ltr'>δέχηται,</span> <span class='ocrx_word' id='word_1_582' title='bbox 3160 4026 3253 4078; x_wconf 76' lang='grc' dir='ltr'><strong>καὶ</strong></span> <span class='ocrx_word' id='word_1_583' title='bbox 3290 4025 3366 4094; x_wconf 75' lang='grc' dir='ltr'>μὴ</span> <span class='ocrx_word' id='word_1_584' title='bbox 3392 4023 3699 4077; x_wconf 79' lang='grc' dir='ltr'>ἁντιτυπιῖιν</span> 
     </span>
    </p>
   </div>
   <div class='ocr_carea' id='block_1_85' title="bbox 2122 4116 3696 4188">
    <p class='ocr_par' dir='ltr' id='par_1_85' title="bbox 2122 4116 3696 4188">
     <span class='ocr_line' id='line_1_85' title="bbox 2122 4116 3696 4188; baseline -0.001 -19"><span class='ocrx_word' id='word_1_585' title='bbox 2122 4118 2259 4187; x_wconf 80' lang='grc' dir='ltr'>αὐτῇ</span> <span class='ocrx_word' id='word_1_586' title='bbox 2329 4117 2565 4188; x_wconf 76' lang='grc' dir='ltr'>ὀδυνᾷ³·</span> <span class='ocrx_word' id='word_1_587' title='bbox 2626 4118 2722 4169; x_wconf 75' lang='grc' dir='ltr'>καὶ</span> <span class='ocrx_word' id='word_1_588' title='bbox 2766 4116 3031 4186; x_wconf 74' lang='grc' dir='ltr'>δεομένην</span> <span class='ocrx_word' id='word_1_589' title='bbox 3098 4117 3445 4188; x_wconf 65' lang='grc' dir='ltr'>περιψύξεως</span> <span class='ocrx_word' id='word_1_590' title='bbox 3487 4116 3576 4170; x_wconf 76' lang='grc' dir='ltr'>διὰ</span> <span class='ocrx_word' id='word_1_591' title='bbox 3602 4119 3696 4186; x_wconf 75' lang='grc' dir='ltr'>τῆς</span> 
     </span>
    </p>
   </div>
   <div class='ocr_carea' id='block_1_86' title="bbox 2121 4208 3172 4280">
    <p class='ocr_par' dir='ltr' id='par_1_86' title="bbox 2121 4208 3172 4280">
     <span class='ocr_line' id='line_1_86' title="bbox 2121 4208 3172 4280; baseline -0.001 -17"><span class='ocrx_word' id='word_1_592' title='bbox 2121 4209 2397 4278; x_wconf 76' lang='grc' dir='ltr'>ἀναπνοῆς</span> <span class='ocrx_word' id='word_1_593' title='bbox 2419 4208 2832 4280; x_wconf 87' lang='grc' dir='ltr'>παραμυθεῖται</span> <span class='ocrx_word' id='word_1_594' title='bbox 2856 4210 2877 4239; x_wconf 74' lang='grc'>⁸</span> <span class='ocrx_word' id='word_1_595' title='bbox 2910 4208 3172 4278; x_wconf 85' lang='grc' dir='ltr'>μετρίως.</span> 
     </span>
    </p>
   </div>
   <div class='ocr_carea' id='block_1_87' title="bbox 2204 4298 3693 4369">
    <p class='ocr_par' dir='ltr' id='par_1_87' title="bbox 2204 4298 3693 4369">
     <span class='ocr_line' id='line_1_87' title="bbox 2204 4298 3693 4369; baseline -0.003 -15"><span class='ocrx_word' id='word_1_596' title='bbox 2204 4303 2357 4355; x_wconf 75' lang='grc' dir='ltr'>Ἐπεὶ</span> <span class='ocrx_word' id='word_1_597' title='bbox 2404 4302 2462 4355; x_wconf 85' lang='grc' dir='ltr'>δὲ</span> <span class='ocrx_word' id='word_1_598' title='bbox 2508 4302 2604 4355; x_wconf 66' lang='grc' dir='ltr'><strong>καὶ</strong></span> <span class='ocrx_word' id='word_1_599' title='bbox 2652 4302 2891 4364; x_wconf 82' lang='grc' dir='ltr'>ἀνέσεως</span> <span class='ocrx_word' id='word_1_600' title='bbox 2933 4303 2991 4353; x_wconf 75' lang='grc' dir='ltr'>αἱ</span> <span class='ocrx_word' id='word_1_601' title='bbox 3022 4299 3250 4362; x_wconf 73' lang='grc' dir='ltr'>ζωτικαὶ</span> <span class='ocrx_word' id='word_1_602' title='bbox 3301 4298 3397 4352; x_wconf 80' lang='grc' dir='ltr'>τοῦ</span> <span class='ocrx_word' id='word_1_603' title='bbox 3446 4300 3693 4369; x_wconf 85' lang='grc' dir='ltr'>σώματος</span> 
     </span>
    </p>
   </div>
   <div class='ocr_carea' id='block_1_88' title="bbox 432 4388 2027 4467">
    <p class='ocr_par' dir='ltr' id='par_1_88' title="bbox 432 4394 2016 4467">
     <span class='ocr_line' id='line_1_88' title="bbox 432 4394 2016 4467; baseline -0.004 -13"><span class='ocrx_word' id='word_1_604' title='bbox 432 4400 598 4454; x_wconf 83' lang='lat' dir='ltr'><strong>sione</strong></span> <span class='ocrx_word' id='word_1_605' title='bbox 645 4412 784 4467; x_wconf 88' lang='lat' dir='ltr'><strong>opus</strong></span> <span class='ocrx_word' id='word_1_606' title='bbox 837 4404 940 4461; x_wconf 90' lang='lat' dir='ltr'><strong>cst,</strong></span> <span class='ocrx_word' id='word_1_607' title='bbox 1010 4409 1078 4449; x_wconf 92' lang='lat' dir='ltr'><strong>ne</strong></span> <span class='ocrx_word' id='word_1_608' title='bbox 1130 4394 1249 4463; x_wconf 87' lang='lat' dir='ltr'><strong>ejus</strong></span> <span class='ocrx_word' id='word_1_609' title='bbox 1304 4395 1523 4449; x_wconf 87' lang='lat' dir='ltr'><strong>habitus</strong></span> <span class='ocrx_word' id='word_1_610' title='bbox 1569 4403 1825 4449; x_wconf 89' lang='lat' dir='ltr'><strong>contento</strong></span> <span class='ocrx_word' id='word_1_611' title='bbox 1875 4394 2016 4448; x_wconf 89' lang='lat' dir='ltr'><strong>labo-</strong></span> 
     </span>
    </p>
   </div>
   <div class='ocr_carea' id='block_1_89' title="bbox 2129 4388 3692 4467">
    <p class='ocr_par' dir='ltr' id='par_1_89' title="bbox 2129 4388 3692 4465">
     <span class='ocr_line' id='line_1_89' title="bbox 2129 4388 3692 4465; baseline -0.003 -20"><span class='ocrx_word' id='word_1_612' title='bbox 2129 4394 2392 4465; x_wconf 65' lang='grc' dir='ltr'>ἐνέργειαι</span> <span class='ocrx_word' id='word_1_613' title='bbox 2422 4394 2672 4456; x_wconf 83' lang='grc' dir='ltr'>δέονται,</span> <span class='ocrx_word' id='word_1_614' title='bbox 2716 4394 2802 4446; x_wconf 77' lang='grc' dir='ltr'>ἵνα</span> <span class='ocrx_word' id='word_1_615' title='bbox 2837 4394 2911 4462; x_wconf 82' lang='grc' dir='ltr'>μὴ</span> <span class='ocrx_word' id='word_1_616' title='bbox 2944 4392 3023 4462; x_wconf 81' lang='grc' dir='ltr'>τῷ</span> <span class='ocrx_word' id='word_1_617' title='bbox 3063 4392 3303 4460; x_wconf 80' lang='grc' dir='ltr'>συντόνῳ</span> <span class='ocrx_word' id='word_1_618' title='bbox 3340 4392 3495 4460; x_wconf 84' lang='grc' dir='ltr'>κόπῳ</span> <span class='ocrx_word' id='word_1_619' title='bbox 3538 4393 3572 4461; x_wconf 77' lang='grc' dir='ltr'>ἡ</span> <span class='ocrx_word' id='word_1_620' title='bbox 3604 4388 3692 4442; x_wconf 74' lang='grc' dir='ltr'>τοῦ</span> 
     </span>
    </p>
   </div>
   <div class='ocr_carea' id='block_1_90' title="bbox 446 4486 2020 4556">
    <p class='ocr_par' dir='ltr' id='par_1_90' title="bbox 446 4486 2020 4556">
     <span class='ocr_line' id='line_1_90' title="bbox 446 4486 2020 4556; baseline -0.002 -13"><span class='ocrx_word' id='word_1_621' title='bbox 446 4507 503 4545; x_wconf 88' lang='lat' dir='ltr'><strong>re</strong></span> <span class='ocrx_word' id='word_1_622' title='bbox 536 4491 889 4553; x_wconf 84' lang='lat' dir='ltr'><strong>obtundatur,</strong></span> <span class='ocrx_word' id='word_1_623' title='bbox 919 4495 1113 4540; x_wconf 87' lang='lat' dir='ltr'><strong>natura</strong></span> <span class='ocrx_word' id='word_1_624' title='bbox 1152 4486 1329 4542; x_wconf 83' lang='lat' dir='ltr'><strong>somni</strong></span> <span class='ocrx_word' id='word_1_625' title='bbox 1354 4486 1553 4555; x_wconf 87' lang='lat' dir='ltr'><strong>reperit</strong></span> <span class='ocrx_word' id='word_1_626' title='bbox 1581 4502 1765 4551; x_wconf 88' lang='lat' dir='ltr'><strong>usum,</strong></span> <span class='ocrx_word' id='word_1_627' title='bbox 1797 4496 2020 4556; x_wconf 86' lang='lat' dir='ltr'><strong>propter</strong></span> 
     </span>
    </p>
   </div>
   <div class='ocr_carea' id='block_1_91' title="bbox 443 4579 2015 4654">
    <p class='ocr_par' dir='ltr' id='par_1_91' title="bbox 443 4579 2015 4654">
     <span class='ocr_line' id='line_1_91' title="bbox 443 4579 2015 4654; baseline -0.004 -16"><span class='ocrx_word' id='word_1_628' title='bbox 443 4599 602 4654; x_wconf 85' lang='lat' dir='ltr'><strong>quem</strong></span> <span class='ocrx_word' id='word_1_629' title='bbox 633 4591 685 4636; x_wconf 91' lang='lat' dir='ltr'><strong>ct</strong></span> <span class='ocrx_word' id='word_1_630' title='bbox 721 4582 964 4651; x_wconf 83' lang='lat' dir='ltr'><strong>sanguis,</strong></span> <span class='ocrx_word' id='word_1_631' title='bbox 1006 4580 1163 4651; x_wconf 87' lang='lat' dir='ltr'><strong>cujus</strong></span> <span class='ocrx_word' id='word_1_632' title='bbox 1211 4579 1264 4634; x_wconf 89' lang='lat' dir='ltr'><strong>in</strong></span> <span class='ocrx_word' id='word_1_633' title='bbox 1294 4579 1533 4649; x_wconf 87' lang='lat' dir='ltr'><strong>jecinore</strong></span> <span class='ocrx_word' id='word_1_634' title='bbox 1574 4580 1630 4633; x_wconf 90' lang='lat' dir='ltr'><strong>lit</strong></span> <span class='ocrx_word' id='word_1_635' title='bbox 1676 4579 2015 4643; x_wconf 86' lang='lat' dir='ltr'><strong>constitutio,</strong></span> 
     </span>
    </p>
   </div>
   <div class='ocr_carea' id='block_1_92' title="bbox 438 4668 2014 4745">
    <p class='ocr_par' dir='ltr' id='par_1_92' title="bbox 438 4668 2014 4745">
     <span class='ocr_line' id='line_1_92' title="bbox 438 4668 2014 4745; baseline -0.004 -16"><span class='ocrx_word' id='word_1_636' title='bbox 438 4675 701 4731; x_wconf 87' lang='lat' dir='ltr'><strong>facillime</strong></span> <span class='ocrx_word' id='word_1_637' title='bbox 747 4684 1164 4745; x_wconf 80' lang='lat' dir='ltr'><strong>progeneratur,</strong></span> <span class='ocrx_word' id='word_1_638' title='bbox 1200 4687 1301 4726; x_wconf 90' lang='lat' dir='ltr'><strong>nec</strong></span> <span class='ocrx_word' id='word_1_639' title='bbox 1352 4687 1457 4724; x_wconf 92' lang='lat' dir='ltr'><strong>non</strong></span> <span class='ocrx_word' id='word_1_640' title='bbox 1494 4671 1836 4735; x_wconf 83' lang='lat' dir='ltr'><strong>alimentum,</strong></span> <span class='ocrx_word' id='word_1_641' title='bbox 1870 4668 2014 4738; x_wconf 86' lang='lat' dir='ltr'><strong>quod</strong></span> 
     </span>
    </p>
   </div>
   <div class='ocr_carea' id='block_1_93' title="bbox 443 4762 2017 4837">
    <p class='ocr_par' dir='ltr' id='par_1_93' title="bbox 443 4762 2017 4837">
     <span class='ocr_line' id='line_1_93' title="bbox 443 4762 2017 4837; baseline -0.003 -17"><span class='ocrx_word' id='word_1_642' title='bbox 443 4768 511 4821; x_wconf 86' lang='lat' dir='ltr'><strong>ab</strong></span> <span class='ocrx_word' id='word_1_643' title='bbox 563 4769 680 4837; x_wconf 88' lang='lat' dir='ltr'><strong>ipso</strong></span> <span class='ocrx_word' id='word_1_644' title='bbox 714 4768 982 4835; x_wconf 78' lang='lat' dir='ltr'><strong>provenit,</strong></span> <span class='ocrx_word' id='word_1_645' title='bbox 1014 4767 1218 4836; x_wconf 81' lang='lat' dir='ltr'><strong>absque</strong></span> <span class='ocrx_word' id='word_1_646' title='bbox 1279 4764 1666 4832; x_wconf 81' lang='lat' dir='ltr'><strong>impedimento</strong></span> <span class='ocrx_word' id='word_1_647' title='bbox 1702 4762 1768 4816; x_wconf 85' lang='lat' dir='ltr'><strong>ad</strong></span> <span class='ocrx_word' id='word_1_648' title='bbox 1827 4777 2017 4816; x_wconf 81' lang='lat' dir='ltr'><strong>omnes</strong></span> 
     </span>
    </p>
   </div>
   <div class='ocr_carea' id='block_1_94' title="bbox 444 4859 2011 4937">
    <p class='ocr_par' dir='ltr' id='par_1_94' title="bbox 444 4859 2011 4937">
     <span class='ocr_line' id='line_1_94' title="bbox 444 4859 2011 4937; baseline -0.005 -17"><span class='ocrx_word' id='word_1_649' title='bbox 444 4875 623 4933; x_wconf 71' lang='lat' dir='ltr'><strong>[artes</strong></span> <span class='ocrx_word' id='word_1_650' title='bbox 659 4865 991 4937; x_wconf 70' lang='lat' dir='ltr'><strong>excernitur.</strong></span> <span class='ocrx_word' id='word_1_651' title='bbox 1053 4862 1208 4917; x_wconf 87' lang='lat' dir='ltr'><strong>Unde</strong></span> <span class='ocrx_word' id='word_1_652' title='bbox 1269 4863 1326 4915; x_wconf 86' lang='lat' dir='ltr'><strong>iit</strong></span> <span class='ocrx_word' id='word_1_653' title='bbox 1374 4869 1431 4914; x_wconf 89' lang='lat' dir='ltr'><strong>ut</strong></span> <span class='ocrx_word' id='word_1_654' title='bbox 1478 4870 1698 4924; x_wconf 87' lang='lat' dir='ltr'><strong>natura,</strong></span> <span class='ocrx_word' id='word_1_655' title='bbox 1755 4871 1878 4928; x_wconf 85' lang='lat' dir='ltr'><strong>post</strong></span> <span class='ocrx_word' id='word_1_656' title='bbox 1924 4859 2011 4912; x_wconf 86' lang='lat' dir='ltr'><strong>dc-</strong></span> 
     </span>
    </p>
   </div>
   <div class='ocr_carea' id='block_1_95' title="bbox 441 4950 2010 5027">
    <p class='ocr_par' dir='ltr' id='par_1_95' title="bbox 441 4950 2010 5027">
     <span class='ocr_line' id='line_1_95' title="bbox 441 4950 2010 5027; baseline -0.004 -15"><span class='ocrx_word' id='word_1_657' title='bbox 441 4965 720 5027; x_wconf 90' lang='lat' dir='ltr'><strong>sumptum</strong></span> <span class='ocrx_word' id='word_1_658' title='bbox 767 4957 1083 5010; x_wconf 84' lang='lat' dir='ltr'><strong>alimentum</strong></span> <span class='ocrx_word' id='word_1_659' title='bbox 1117 4954 1181 5008; x_wconf 91' lang='lat' dir='ltr'><strong>ad</strong></span> <span class='ocrx_word' id='word_1_660' title='bbox 1239 4954 1415 5022; x_wconf 89' lang='lat' dir='ltr'><strong>ipsum</strong></span> <span class='ocrx_word' id='word_1_661' title='bbox 1475 4950 1894 5017; x_wconf 83' lang='lat' dir='ltr'><strong>conﬁciendum,</strong></span> <span class='ocrx_word' id='word_1_662' title='bbox 1945 4951 2010 5005; x_wconf 88' lang='lat' dir='ltr'><strong>ad</strong></span> 
     </span>
    </p>
   </div>
   <div class='ocr_carea' id='block_1_96' title="bbox 442 5042 2009 5115">
    <p class='ocr_par' dir='ltr' id='par_1_96' title="bbox 442 5042 2009 5115">
     <span class='ocr_line' id='line_1_96' title="bbox 442 5042 2009 5115; baseline -0.006 -13"><span class='ocrx_word' id='word_1_663' title='bbox 442 5045 970 5115; x_wconf 48' lang='lat' dir='ltr'><strong>intimatredigatur,</strong></span> <span class='ocrx_word' id='word_1_664' title='bbox 1021 5042 1504 5112; x_wconf 81' lang='lat' dir='ltr'><strong>compellaturque,</strong></span> <span class='ocrx_word' id='word_1_665' title='bbox 1555 5049 1610 5095; x_wconf 83' lang='lat' dir='ltr'><strong>ct</strong></span> <span class='ocrx_word' id='word_1_666' title='bbox 1658 5056 1780 5095; x_wconf 90' lang='lat' dir='ltr'><strong>cum</strong></span> <span class='ocrx_word' id='word_1_667' title='bbox 1820 5042 2009 5095; x_wconf 82' lang='lat' dir='ltr'><strong>eodem</strong></span> 
     </span>
    </p>
   </div>
   <div class='ocr_carea' id='block_1_97' title="bbox 442 5133 2012 5206">
    <p class='ocr_par' dir='ltr' id='par_1_97' title="bbox 442 5133 2012 5206">
     <span class='ocr_line' id='line_1_97' title="bbox 442 5133 2012 5206; baseline -0.004 -13"><span class='ocrx_word' id='word_1_668' title='bbox 442 5140 662 5206; x_wconf 86' lang='lat' dir='ltr'><strong>insitus,</strong></span> <span class='ocrx_word' id='word_1_669' title='bbox 689 5136 780 5206; x_wconf 87' lang='lat' dir='ltr'><strong>qui</strong></span> <span class='ocrx_word' id='word_1_670' title='bbox 803 5136 963 5191; x_wconf 91' lang='lat' dir='ltr'><strong>nobis</strong></span> <span class='ocrx_word' id='word_1_671' title='bbox 990 5135 1231 5190; x_wconf 76' lang='lat' dir='ltr'><strong>calorcst</strong></span> <span class='ocrx_word' id='word_1_672' title='bbox 1252 5142 1573 5199; x_wconf 83' lang='lat' dir='ltr'><strong>concurrat;</strong></span> <span class='ocrx_word' id='word_1_673' title='bbox 1597 5133 1649 5186; x_wconf 88' lang='lat' dir='ltr'><strong>in</strong></span> <span class='ocrx_word' id='word_1_674' title='bbox 1673 5133 1788 5203; x_wconf 87' lang='lat' dir='ltr'><strong>ipsa</strong></span> <span class='ocrx_word' id='word_1_675' title='bbox 1820 5147 2012 5187; x_wconf 69' lang='lat' dir='ltr'><strong>massa:</strong></span> 
     </span>
    </p>
   </div>
   <div class='ocr_carea' id='block_1_98' title="bbox 441 5225 2009 5295">
    <p class='ocr_par' dir='ltr' id='par_1_98' title="bbox 441 5225 2009 5295">
     <span class='ocr_line' id='line_1_98' title="bbox 441 5225 2009 5295; baseline -0.005 -8"><span class='ocrx_word' id='word_1_676' title='bbox 441 5231 851 5293; x_wconf 82' lang='lat' dir='ltr'><strong>constitutione,</strong></span> <span class='ocrx_word' id='word_1_677' title='bbox 925 5227 1414 5295; x_wconf 85' lang='lat' dir='ltr'><strong>concoctioneque,</strong></span> <span class='ocrx_word' id='word_1_678' title='bbox 1487 5226 1733 5281; x_wconf 82' lang='lat' dir='ltr'><strong>salubres</strong></span> <span class='ocrx_word' id='word_1_679' title='bbox 1791 5225 2009 5294; x_wconf 84' lang='lat' dir='ltr'><strong>quidam</strong></span> 
     </span>
    </p>
   </div>
   <div class='ocr_carea' id='block_1_99' title="bbox 508 5422 1662 5494">
    <p class='ocr_par' dir='ltr' id='par_1_99' title="bbox 508 5422 1662 5494">
     <span class='ocr_line' id='line_1_99' title="bbox 508 5422 1662 5494; baseline -0.006 -14"><span class='ocrx_word' id='word_1_680' title='bbox 508 5429 554 5459; x_wconf 82' lang='lat'><strong>&quot;</strong></span> <span class='ocrx_word' id='word_1_681' title='bbox 591 5424 778 5479; x_wconf 85' lang='grc' dir='ltr'>κινοῦν</span> <span class='ocrx_word' id='word_1_682' title='bbox 803 5426 861 5479; x_wconf 90' lang='grc' dir='ltr'>Β.</span> <span class='ocrx_word' id='word_1_683' title='bbox 978 5424 1023 5455; x_wconf 76' lang='grc'><strong>⁸³</strong></span> <span class='ocrx_word' id='word_1_684' title='bbox 1046 5424 1162 5494; x_wconf 71' lang='grc' dir='ltr'><strong>ᾇνω</strong></span> <span class='ocrx_word' id='word_1_685' title='bbox 1184 5424 1252 5494; x_wconf 83' lang='grc' dir='ltr'><strong>Β,</strong></span> <span class='ocrx_word' id='word_1_686' title='bbox 1302 5438 1422 5494; x_wconf 82' lang='lat' dir='ltr'><strong>mox</strong></span> <span class='ocrx_word' id='word_1_687' title='bbox 1455 5422 1662 5494; x_wconf 81' lang='grc' dir='ltr'>διῆκον.</span> 
     </span>
    </p>
   </div>
   <div class='ocr_carea' id='block_1_100' title="bbox 442 5492 1539 5565">
    <p class='ocr_par' dir='ltr' id='par_1_100' title="bbox 442 5492 1539 5565">
     <span class='ocr_line' id='line_1_100' title="bbox 442 5492 1539 5565; baseline -0.004 -16"><span class='ocrx_word' id='word_1_688' title='bbox 442 5496 537 5549; x_wconf 73' lang='grc' dir='ltr'><strong>σὺν</strong></span> <span class='ocrx_word' id='word_1_689' title='bbox 561 5496 713 5565; x_wconf 81' lang='grc' dir='ltr'>αὐτῷ</span> <span class='ocrx_word' id='word_1_690' title='bbox 744 5495 941 5565; x_wconf 73' lang='grc' dir='ltr'>μυελὸν</span> <span class='ocrx_word' id='word_1_691' title='bbox 964 5495 1008 5546; x_wconf 85' lang='grc' dir='ltr'>Β</span> <span class='ocrx_word' id='word_1_692' title='bbox 1042 5493 1135 5565; x_wconf 76' lang='lat' dir='ltr'><strong>P._</strong></span> <span class='ocrx_word' id='word_1_693' title='bbox 1177 5493 1221 5524; x_wconf 81' lang='lat'>”</span> <span class='ocrx_word' id='word_1_694' title='bbox 1254 5492 1448 5565; x_wconf 71' lang='grc' dir='ltr'>πόσαις</span> <span class='ocrx_word' id='word_1_695' title='bbox 1473 5492 1539 5545; x_wconf 66' lang='grc' dir='ltr'><strong>Λζ</strong></span> 
     </span>
    </p>
   </div>
   <div class='ocr_carea' id='block_1_101' title="bbox 440 5563 1309 5637">
    <p class='ocr_par' dir='ltr' id='par_1_101' title="bbox 440 5563 1309 5637">
     <span class='ocr_line' id='line_1_101' title="bbox 440 5563 1309 5637; baseline -0.002 -19"><span class='ocrx_word' id='word_1_696' title='bbox 440 5564 657 5637; x_wconf 75' lang='grc' dir='ltr'>ρωμένη</span> <span class='ocrx_word' id='word_1_697' title='bbox 685 5563 763 5637; x_wconf 50' lang='grc' dir='ltr'><strong>Βς,</strong></span> <span class='ocrx_word' id='word_1_698' title='bbox 812 5563 1207 5637; x_wconf 79' lang='grc' dir='ltr'>συγχυρωμένη</span> <span class='ocrx_word' id='word_1_699' title='bbox 1252 5563 1309 5616; x_wconf 84' lang='lat' dir='ltr'><strong>P.</strong></span> 
     </span>
    </p>
   </div>
   <div class='ocr_carea' id='block_1_102' title="bbox 435 5631 1930 5705">
    <p class='ocr_par' dir='ltr' id='par_1_102' title="bbox 435 5631 1930 5705">
     <span class='ocr_line' id='line_1_102' title="bbox 435 5631 1930 5705; baseline 0 -18"><span class='ocrx_word' id='word_1_700' title='bbox 598 5631 766 5705; x_wconf 63' lang='grc' dir='ltr'>ξ’καὶ</span> <span class='ocrx_word' id='word_1_701' title='bbox 804 5631 1002 5705; x_wconf 54' lang='lat' dir='ltr'><strong>evehi</strong></span> <span class='ocrx_word' id='word_1_702' title='bbox 1052 5631 1223 5705; x_wconf 58' lang='grc' dir='ltr'>αὐτὴν</span> <span class='ocrx_word' id='word_1_703' title='bbox 1282 5632 1355 5703; x_wconf 84' lang='grc' dir='ltr'><strong>μὴ</strong></span> <span class='ocrx_word' id='word_1_704' title='bbox 1412 5632 1514 5705; x_wconf 68' lang='grc' dir='ltr'><strong>όδ.Δ</strong></span> <span class='ocrx_word' id='word_1_705' title='bbox 1548 5631 1606 5696; x_wconf 84' lang='grc' dir='ltr'><strong>Β,</strong></span> <span class='ocrx_word' id='word_1_706' title='bbox 1668 5631 1838 5703; x_wconf 80' lang='grc' dir='ltr'>αὐτὴν</span> <span class='ocrx_word' id='word_1_707' title='bbox 1869 5636 1930 5689; x_wconf 84' lang='lat' dir='ltr'><strong>C.</strong></span> 
     </span>
    </p>
   </div>
   <div class='ocr_carea' id='block_1_103' title="bbox 433 5701 2040 5772">
    <p class='ocr_par' dir='ltr' id='par_1_103' title="bbox 433 5701 2040 5772">
     <span class='ocr_line' id='line_1_103' title="bbox 433 5701 2040 5772; baseline 0.002 -17"><span class='ocrx_word' id='word_1_708' title='bbox 433 5704 500 5772; x_wconf 70' lang='lat' dir='ltr'><strong>P.</strong></span> <span class='ocrx_word' id='word_1_709' title='bbox 595 5702 617 5733; x_wconf 80' lang='grc'><strong><em>⁸</em></strong></span> <span class='ocrx_word' id='word_1_710' title='bbox 650 5703 1013 5772; x_wconf 56' lang='grc' dir='ltr'>ἐπιτελεῖσθαι</span> <span class='ocrx_word' id='word_1_711' title='bbox 1068 5703 1126 5755; x_wconf 81' lang='grc' dir='ltr'>Β.</span> <span class='ocrx_word' id='word_1_712' title='bbox 1179 5701 1224 5733; x_wconf 64' lang='grc'><strong>’⁷</strong></span> <span class='ocrx_word' id='word_1_713' title='bbox 1264 5701 1625 5772; x_wconf 77' lang='grc' dir='ltr'>συννευούσης</span> <span class='ocrx_word' id='word_1_714' title='bbox 1664 5705 1756 5755; x_wconf 79' lang='grc' dir='ltr'><strong>καὶ</strong></span> <span class='ocrx_word' id='word_1_715' title='bbox 1797 5701 1925 5757; x_wconf 73' lang='lat' dir='ltr'><strong>nni.</strong></span> <span class='ocrx_word' id='word_1_716' title='bbox 1980 5704 2040 5760; x_wconf 88' lang='lat' dir='ltr'><strong>C.</strong></span> 
     </span>
    </p>
   </div>
   <div class='ocr_carea' id='block_1_104' title="bbox 1424 5561 2234 5632">
    <p class='ocr_par' dir='ltr' id='par_1_104' title="bbox 1424 5561 2234 5632">
     <span class='ocr_line' id='line_1_104' title="bbox 1424 5561 2234 5632; baseline 0.006 -20"><span class='ocrx_word' id='word_1_717' title='bbox 1424 5563 1489 5595; x_wconf 76' lang='lat'><strong>“&#39;</strong></span> <span class='ocrx_word' id='word_1_718' title='bbox 1547 5561 1799 5632; x_wconf 87' lang='grc' dir='ltr'>πλευρῶν</span> <span class='ocrx_word' id='word_1_719' title='bbox 1862 5563 2112 5629; x_wconf 80' lang='grc' dir='ltr'>σύνθεσις</span> <span class='ocrx_word' id='word_1_720' title='bbox 2172 5565 2234 5617; x_wconf 87' lang='grc' dir='ltr'>Ρ.</span> 
     </span>
    </p>
   </div>
   <div class='ocr_carea' id='block_1_105' title="bbox 2036 5628 3701 5707">
    <p class='ocr_par' dir='ltr' id='par_1_105' title="bbox 2036 5628 3701 5707">
     <span class='ocr_line' id='line_1_105' title="bbox 2036 5628 3701 5707; baseline -0.006 -20"><span class='ocrx_word' id='word_1_721' title='bbox 2036 5634 2057 5666; x_wconf 65' lang='grc'><strong><em>⁸</em></strong></span> <span class='ocrx_word' id='word_1_722' title='bbox 2091 5637 2500 5707; x_wconf 84' lang='grc' dir='ltr'>παραμυθεῖται</span> <span class='ocrx_word' id='word_1_723' title='bbox 2532 5628 2595 5698; x_wconf 53' lang='grc' dir='ltr'><strong>Ᾱζ</strong></span> <span class='ocrx_word' id='word_1_724' title='bbox 2623 5635 2793 5703; x_wconf 81' lang='grc' dir='ltr'>αὐτὴν</span> <span class='ocrx_word' id='word_1_725' title='bbox 2818 5631 3129 5707; x_wconf 33' lang='grc' dir='ltr'>παραμηῼ.</span> <span class='ocrx_word' id='word_1_726' title='bbox 3252 5628 3394 5683; x_wconf 83' lang='grc' dir='ltr'>ῶστε</span> <span class='ocrx_word' id='word_1_727' title='bbox 3433 5628 3620 5707; x_wconf 22' lang='lat' dir='ltr'><strong>Exivi:</strong></span> 
     </span>
    </p>
   </div>
   <div class='ocr_carea' id='block_1_106' title="bbox 2123 4483 3692 4555">
    <p class='ocr_par' dir='ltr' id='par_1_106' title="bbox 2123 4483 3692 4555">
     <span class='ocr_line' id='line_1_106' title="bbox 2123 4483 3692 4555; baseline -0.003 -18"><span class='ocrx_word' id='word_1_728' title='bbox 2123 4485 2376 4553; x_wconf 84' lang='grc' dir='ltr'>σώματος</span> <span class='ocrx_word' id='word_1_729' title='bbox 2432 4485 2544 4549; x_wconf 74' lang='grc' dir='ltr'>ἕξις</span> <span class='ocrx_word' id='word_1_730' title='bbox 2595 4484 2977 4555; x_wconf 75' lang='grc' dir='ltr'>ἀμϐλύνηται,</span> <span class='ocrx_word' id='word_1_731' title='bbox 3010 4484 3101 4536; x_wconf 78' lang='grc' dir='ltr'>τοῦ</span> <span class='ocrx_word' id='word_1_732' title='bbox 3133 4484 3303 4535; x_wconf 73' lang='grc' dir='ltr'>ὕπνου</span> <span class='ocrx_word' id='word_1_733' title='bbox 3338 4484 3371 4552; x_wconf 83' lang='grc' dir='ltr'><strong>ή</strong></span> <span class='ocrx_word' id='word_1_734' title='bbox 3402 4483 3562 4553; x_wconf 86' lang='grc' dir='ltr'>χρεία</span> <span class='ocrx_word' id='word_1_735' title='bbox 3603 4484 3692 4533; x_wconf 78' lang='grc' dir='ltr'><strong>ἐπ-</strong></span> 
     </span>
    </p>
   </div>
   <div class='ocr_carea' id='block_1_107' title="bbox 2119 4572 3693 4649">
    <p class='ocr_par' dir='ltr' id='par_1_107' title="bbox 2119 4572 3693 4649">
     <span class='ocr_line' id='line_1_107' title="bbox 2119 4572 3693 4649; baseline -0.004 -19"><span class='ocrx_word' id='word_1_736' title='bbox 2119 4577 2313 4649; x_wconf 80' lang='grc' dir='ltr'>ενοήθη</span> <span class='ocrx_word' id='word_1_737' title='bbox 2354 4581 2420 4648; x_wconf 83' lang='grc' dir='ltr'>τῇ</span> <span class='ocrx_word' id='word_1_738' title='bbox 2471 4577 2631 4647; x_wconf 67' lang='grc' dir='ltr'>φύσει</span> <span class='ocrx_word' id='word_1_739' title='bbox 2657 4594 2669 4606; x_wconf 90' lang='grc'>·</span> <span class='ocrx_word' id='word_1_740' title='bbox 2712 4577 2838 4629; x_wconf 68' lang='grc' dir='ltr'><strong>ὃτεε⁵</strong></span> <span class='ocrx_word' id='word_1_741' title='bbox 2875 4577 2970 4628; x_wconf 69' lang='grc' dir='ltr'>καὶ</span> <span class='ocrx_word' id='word_1_742' title='bbox 3002 4578 3035 4646; x_wconf 82' lang='grc' dir='ltr'>ἡ</span> <span class='ocrx_word' id='word_1_743' title='bbox 3078 4574 3171 4627; x_wconf 82' lang='grc' dir='ltr'>τοῦ</span> <span class='ocrx_word' id='word_1_744' title='bbox 3219 4575 3431 4644; x_wconf 83' lang='grc' dir='ltr'>ἦπατος</span> <span class='ocrx_word' id='word_1_745' title='bbox 3466 4572 3693 4641; x_wconf 72' lang='grc' dir='ltr'>ἐξαιμαο</span> 
     </span>
    </p>
   </div>
   <div class='ocr_carea' id='block_1_108' title="bbox 2117 4663 3692 4739">
    <p class='ocr_par' dir='ltr' id='par_1_108' title="bbox 2117 4663 3692 4739">
     <span class='ocr_line' id='line_1_108' title="bbox 2117 4663 3692 4739; baseline -0.004 -17"><span class='ocrx_word' id='word_1_746' title='bbox 2117 4689 2280 4734; x_wconf 83' lang='grc' dir='ltr'>τωσις</span> <span class='ocrx_word' id='word_1_747' title='bbox 2314 4670 2725 4739; x_wconf 81' lang='grc' dir='ltr'>ἀνεμποδίστως</span> <span class='ocrx_word' id='word_1_748' title='bbox 2770 4670 3104 4721; x_wconf 79' lang='grc' dir='ltr'>ἐπιτελεῖται</span> <span class='ocrx_word' id='word_1_749' title='bbox 3134 4668 3153 4698; x_wconf 78' lang='grc'><strong>⁸</strong></span> <span class='ocrx_word' id='word_1_750' title='bbox 3175 4708 3188 4732; x_wconf 91' lang='grc'>,</span> <span class='ocrx_word' id='word_1_751' title='bbox 3232 4667 3328 4719; x_wconf 73' lang='grc' dir='ltr'>καὶ</span> <span class='ocrx_word' id='word_1_752' title='bbox 3358 4668 3391 4737; x_wconf 82' lang='grc' dir='ltr'><strong>ἡ</strong></span> <span class='ocrx_word' id='word_1_753' title='bbox 3424 4665 3484 4729; x_wconf 80' lang='grc' dir='ltr'><strong>ἐξ</strong></span> <span class='ocrx_word' id='word_1_754' title='bbox 3528 4663 3692 4719; x_wconf 72' lang='grc' dir='ltr'>αὑτοῦ</span> 
     </span>
    </p>
   </div>
   <div class='ocr_carea' id='block_1_109' title="bbox 2117 4759 3691 4834">
    <p class='ocr_par' dir='ltr' id='par_1_109' title="bbox 2117 4759 3691 4834">
     <span class='ocr_line' id='line_1_109' title="bbox 2117 4759 3691 4834; baseline -0.005 -17"><span class='ocrx_word' id='word_1_755' title='bbox 2117 4767 2214 4834; x_wconf 77' lang='grc' dir='ltr'>τῆς</span> <span class='ocrx_word' id='word_1_756' title='bbox 2247 4765 2450 4833; x_wconf 71' lang='grc' dir='ltr'>τροφῆς</span> <span class='ocrx_word' id='word_1_757' title='bbox 2497 4762 2730 4832; x_wconf 82' lang='grc' dir='ltr'>χορηγία</span> <span class='ocrx_word' id='word_1_758' title='bbox 2784 4762 2923 4832; x_wconf 82' lang='grc' dir='ltr'>πρὸς</span> <span class='ocrx_word' id='word_1_759' title='bbox 2962 4760 3110 4814; x_wconf 71' lang='grc' dir='ltr'>ἅπαν</span> <span class='ocrx_word' id='word_1_760' title='bbox 3157 4759 3346 4829; x_wconf 89' lang='grc' dir='ltr'>μόριον</span> <span class='ocrx_word' id='word_1_761' title='bbox 3395 4760 3691 4826; x_wconf 83' lang='grc' dir='ltr'>ἀποκρινο-</span> 
     </span>
    </p>
   </div>
   <div class='ocr_carea' id='block_1_110' title="bbox 2122 4848 3691 4927">
    <p class='ocr_par' dir='ltr' id='par_1_110' title="bbox 2122 4848 3691 4927">
     <span class='ocr_line' id='line_1_110' title="bbox 2122 4848 3691 4927; baseline -0.006 -18"><span class='ocrx_word' id='word_1_762' title='bbox 2122 4856 2260 4927; x_wconf 84' lang='grc' dir='ltr'>μένη</span> <span class='ocrx_word' id='word_1_763' title='bbox 2299 4853 2611 4926; x_wconf 78' lang='grc' dir='ltr'>μηδαμόθεν</span> <span class='ocrx_word' id='word_1_764' title='bbox 2639 4853 2931 4906; x_wconf 84' lang='grc' dir='ltr'>κωλύεται.</span> <span class='ocrx_word' id='word_1_765' title='bbox 2970 4851 3130 4905; x_wconf 87' lang='grc' dir='ltr'>Ὅθεν</span> <span class='ocrx_word' id='word_1_766' title='bbox 3167 4850 3304 4921; x_wconf 83' lang='grc' dir='ltr'><strong>μετὰ</strong></span> <span class='ocrx_word' id='word_1_767' title='bbox 3334 4850 3434 4921; x_wconf 80' lang='grc' dir='ltr'>τὴν</span> <span class='ocrx_word' id='word_1_768' title='bbox 3464 4848 3691 4920; x_wconf 56' lang='grc' dir='ltr'>τροςὴν,</span> 
     </span>
    </p>
   </div>
   <div class='ocr_carea' id='block_1_111' title="bbox 2121 4939 3693 5019">
    <p class='ocr_par' dir='ltr' id='par_1_111' title="bbox 2121 4939 3693 5019">
     <span class='ocr_line' id='line_1_111' title="bbox 2121 4939 3693 5019; baseline -0.006 -16"><span class='ocrx_word' id='word_1_769' title='bbox 2121 4949 2480 5019; x_wconf 78' lang='grc' dir='ltr'>συννευούσης</span> <span class='ocrx_word' id='word_1_770' title='bbox 2499 4949 2594 5002; x_wconf 75' lang='grc' dir='ltr'><strong>καὶ</strong></span> <span class='ocrx_word' id='word_1_771' title='bbox 2616 4949 2634 4978; x_wconf 79' lang='grc'>⁷</span> <span class='ocrx_word' id='word_1_772' title='bbox 2664 4946 2906 4999; x_wconf 81' lang='grc' dir='ltr'>συνωθου</span> <span class='ocrx_word' id='word_1_773' title='bbox 2915 4946 3082 5015; x_wconf 78' lang='grc' dir='ltr'>μένης</span> <span class='ocrx_word' id='word_1_774' title='bbox 3104 4949 3161 4997; x_wconf 80' lang='grc' dir='ltr'>ὲν</span> <span class='ocrx_word' id='word_1_775' title='bbox 3190 4943 3265 5014; x_wconf 80' lang='grc' dir='ltr'><strong>τῷ</strong></span> <span class='ocrx_word' id='word_1_776' title='bbox 3298 4942 3455 5013; x_wconf 79' lang='grc' dir='ltr'>βάθει</span> <span class='ocrx_word' id='word_1_777' title='bbox 3474 4942 3574 5013; x_wconf 76' lang='grc' dir='ltr'>τῆς</span> <span class='ocrx_word' id='word_1_778' title='bbox 3598 4939 3693 5011; x_wconf 75' lang='grc' dir='ltr'><strong>φύ-</strong></span> 
     </span>
    </p>
   </div>
   <div class='ocr_carea' id='block_1_112' title="bbox 2121 5032 3691 5112">
    <p class='ocr_par' dir='ltr' id='par_1_112' title="bbox 2121 5032 3691 5112">
     <span class='ocr_line' id='line_1_112' title="bbox 2121 5032 3691 5112; baseline -0.008 -17"><span class='ocrx_word' id='word_1_779' title='bbox 2121 5057 2259 5107; x_wconf 88' lang='grc' dir='ltr'>σεως</span> <span class='ocrx_word' id='word_1_780' title='bbox 2282 5041 2411 5112; x_wconf 73' lang='grc' dir='ltr'>περὶ</span> <span class='ocrx_word' id='word_1_781' title='bbox 2441 5042 2542 5109; x_wconf 85' lang='grc' dir='ltr'><strong>τὴν</strong></span> <span class='ocrx_word' id='word_1_782' title='bbox 2569 5041 2669 5109; x_wconf 83' lang='grc' dir='ltr'>τῆς</span> <span class='ocrx_word' id='word_1_783' title='bbox 2694 5038 2900 5108; x_wconf 72' lang='grc' dir='ltr'>τροφῆς</span> <span class='ocrx_word' id='word_1_784' title='bbox 2935 5037 3199 5108; x_wconf 79' lang='grc' dir='ltr'>ἐργασίαν</span> <span class='ocrx_word' id='word_1_785' title='bbox 3219 5074 3237 5102; x_wconf 88' lang='grc'><strong><em>,</em></strong></span> <span class='ocrx_word' id='word_1_786' title='bbox 3265 5036 3362 5088; x_wconf 72' lang='grc' dir='ltr'>καὶ</span> <span class='ocrx_word' id='word_1_787' title='bbox 3388 5032 3485 5087; x_wconf 74' lang='grc' dir='ltr'>τοῦ</span> <span class='ocrx_word' id='word_1_788' title='bbox 3517 5032 3691 5103; x_wconf 74' lang='grc' dir='ltr'>ἐμφό-</span> 
     </span>
    </p>
   </div>
   <div class='ocr_carea' id='block_1_113' title="bbox 2118 5122 3696 5204">
    <p class='ocr_par' dir='ltr' id='par_1_113' title="bbox 2118 5122 3696 5204">
     <span class='ocr_line' id='line_1_113' title="bbox 2118 5122 3696 5204; baseline -0.008 -17"><span class='ocrx_word' id='word_1_789' title='bbox 2118 5152 2209 5187; x_wconf 87' lang='grc' dir='ltr'><strong>του</strong></span> <span class='ocrx_word' id='word_1_790' title='bbox 2238 5132 2443 5204; x_wconf 82' lang='grc' dir='ltr'>θερμοῦ</span> <span class='ocrx_word' id='word_1_791' title='bbox 2466 5133 2647 5185; x_wconf 80' lang='grc' dir='ltr'>ἐκεῖσε</span> <span class='ocrx_word' id='word_1_792' title='bbox 2674 5129 3083 5201; x_wconf 84' lang='grc' dir='ltr'>συντρέχοντος,</span> <span class='ocrx_word' id='word_1_793' title='bbox 3111 5127 3275 5198; x_wconf 80' lang='grc' dir='ltr'>ἀτμοί</span> <span class='ocrx_word' id='word_1_794' title='bbox 3298 5143 3442 5189; x_wconf 88' lang='grc' dir='ltr'>τινες</span> <span class='ocrx_word' id='word_1_795' title='bbox 3467 5122 3696 5196; x_wconf 74' lang='grc' dir='ltr'>χρηστοὶ</span> 
     </span>
    </p>
   </div>
   <div class='ocr_carea' id='block_1_114' title="bbox 2118 5216 3692 5305">
    <p class='ocr_par' dir='ltr' id='par_1_114' title="bbox 2118 5216 3692 5305">
     <span class='ocr_line' id='line_1_114' title="bbox 2118 5216 3692 5305; baseline -0.006 -27"><span class='ocrx_word' id='word_1_796' title='bbox 2118 5227 2176 5277; x_wconf 75' lang='grc' dir='ltr'><strong>έν</strong></span> <span class='ocrx_word' id='word_1_797' title='bbox 2203 5229 2272 5296; x_wconf 81' lang='grc' dir='ltr'>τῇ</span> <span class='ocrx_word' id='word_1_798' title='bbox 2295 5226 2402 5278; x_wconf 82' lang='grc' dir='ltr'><strong>τῶν</strong></span> <span class='ocrx_word' id='word_1_799' title='bbox 2433 5227 2620 5278; x_wconf 86' lang='grc' dir='ltr'>σιτίων</span> <span class='ocrx_word' id='word_1_800' title='bbox 2650 5222 2896 5295; x_wconf 79' lang='grc' dir='ltr'>ζυμὼσει</span> <span class='ocrx_word' id='word_1_801' title='bbox 2917 5224 3013 5276; x_wconf 76' lang='grc' dir='ltr'><strong>καὶ</strong></span> <span class='ocrx_word' id='word_1_802' title='bbox 3038 5225 3106 5291; x_wconf 76' lang='grc' dir='ltr'>τῇ</span> <span class='ocrx_word' id='word_1_803' title='bbox 3136 5221 3301 5289; x_wconf 78' lang='grc' dir='ltr'>πέψει</span> <span class='ocrx_word' id='word_1_804' title='bbox 3319 5220 3341 5251; x_wconf 81' lang='grc'><strong>⁸</strong></span> <span class='ocrx_word' id='word_1_805' title='bbox 3364 5218 3611 5305; x_wconf 68' lang='grc' dir='ltr'>γίνονται</span> <span class='ocrx_word' id='word_1_806' title='bbox 3629 5216 3650 5248; x_wconf 78' lang='grc'><strong>⁸</strong></span> <span class='ocrx_word' id='word_1_807' title='bbox 3676 5229 3692 5243; x_wconf 85' lang='lat'><strong><em>°</em></strong></span> 
     </span>
    </p>
   </div>
   <div class='ocr_carea' id='block_1_115' title="bbox 1768 5414 3701 5497">
    <p class='ocr_par' dir='ltr' id='par_1_115' title="bbox 1768 5414 3701 5497">
     <span class='ocr_line' id='line_1_115' title="bbox 1768 5414 3701 5497; baseline -0.002 -23"><span class='ocrx_word' id='word_1_808' title='bbox 1768 5422 2037 5497; x_wconf 51' lang='lat' dir='ltr'><strong>“opp’qy</strong></span> <span class='ocrx_word' id='word_1_809' title='bbox 2069 5424 2220 5497; x_wconf 74' lang='grc' dir='ltr'>οὗτος</span> <span class='ocrx_word' id='word_1_810' title='bbox 2271 5421 2444 5496; x_wconf 72' lang='grc' dir='ltr'>(οὗτος</span> <span class='ocrx_word' id='word_1_811' title='bbox 2472 5428 2500 5479; x_wconf 83' lang='grc' dir='ltr'><strong>ό</strong></span> <span class='ocrx_word' id='word_1_812' title='bbox 2535 5426 2638 5497; x_wconf 77' lang='grc' dir='ltr'>μῦς</span> <span class='ocrx_word' id='word_1_813' title='bbox 2668 5425 2740 5497; x_wconf 87' lang='grc' dir='ltr'>Ρ)</span> <span class='ocrx_word' id='word_1_814' title='bbox 2792 5424 2984 5497; x_wconf 68' lang='grc' dir='ltr'>ἑαυτόν</span> <span class='ocrx_word' id='word_1_815' title='bbox 3004 5441 3067 5497; x_wconf 70' lang='grc' dir='ltr'><strong>τε</strong></span> <span class='ocrx_word' id='word_1_816' title='bbox 3117 5422 3209 5497; x_wconf 65' lang='grc' dir='ltr'><strong>καὶ</strong></span> <span class='ocrx_word' id='word_1_817' title='bbox 3258 5414 3701 5497; x_wconf 37' lang='grc' dir='ltr'>τὸν-ἐγκείμενον</span> 
     </span>
    </p>
   </div>
   <div class='ocr_carea' id='block_1_116' title="bbox 1638 5492 2211 5558">
    <p class='ocr_par' dir='ltr' id='par_1_116' title="bbox 1638 5492 2211 5558">
     <span class='ocr_line' id='line_1_116' title="bbox 1638 5492 2211 5558; baseline 0.01 -15"><span class='ocrx_word' id='word_1_818' title='bbox 1638 5492 1683 5523; x_wconf 67' lang='grc'>9⁸</span> <span class='ocrx_word' id='word_1_819' title='bbox 1710 5492 1841 5546; x_wconf 77' lang='grc' dir='ltr'>αὐτὸ</span> <span class='ocrx_word' id='word_1_820' title='bbox 1863 5495 1927 5546; x_wconf 80' lang='grc' dir='ltr'>Α.</span> <span class='ocrx_word' id='word_1_821' title='bbox 1957 5495 2117 5558; x_wconf 75' lang='grc' dir='ltr'>αὑτός</span> <span class='ocrx_word' id='word_1_822' title='bbox 2149 5496 2211 5549; x_wconf 86' lang='grc' dir='ltr'>Ρ.</span> 
     </span>
    </p>
   </div>
   <div class='ocr_carea' id='block_1_117' title="bbox 3001 5489 3702 5556">
    <p class='ocr_par' dir='ltr' id='par_1_117' title="bbox 3001 5489 3702 5556">
     <span class='ocr_line' id='line_1_117' title="bbox 3001 5489 3702 5556; baseline -0.003 -13"><span class='ocrx_word' id='word_1_823' title='bbox 3001 5494 3046 5525; x_wconf 68' lang='grc'><strong>9³</strong></span> <span class='ocrx_word' id='word_1_824' title='bbox 3071 5494 3193 5554; x_wconf 85' lang='grc' dir='ltr'>ταῖς</span> <span class='ocrx_word' id='word_1_825' title='bbox 3220 5508 3277 5545; x_wconf 89' lang='grc' dir='ltr'><strong>τε</strong></span> <span class='ocrx_word' id='word_1_826' title='bbox 3325 5489 3386 5544; x_wconf 83' lang='grc' dir='ltr'><strong>Β,</strong></span> <span class='ocrx_word' id='word_1_827' title='bbox 3489 5489 3537 5521; x_wconf 75' lang='grc'><strong>⁵⁸</strong></span> <span class='ocrx_word' id='word_1_828' title='bbox 3574 5489 3702 5556; x_wconf 57' lang='lat'><strong>619-</strong></span> 
     </span>
    </p>
   </div>
   <div class='ocr_carea' id='block_1_118' title="bbox 2316 5496 3679 5629">
    <p class='ocr_par' dir='ltr' id='par_1_118' title="bbox 2316 5496 3679 5629">
     <span class='ocr_line' id='line_1_118' title="bbox 2316 5496 3673 5574; baseline -0.009 -46"><span class='ocrx_word' id='word_1_829' title='bbox 2316 5498 2361 5529; x_wconf 73' lang='lat'><strong>91</strong></span> <span class='ocrx_word' id='word_1_830' title='bbox 2402 5496 2647 5567; x_wconf 82' lang='grc' dir='ltr'>φρουρᾶς</span> <span class='ocrx_word' id='word_1_831' title='bbox 2684 5496 2792 5549; x_wconf 79' lang='lat' dir='ltr'><strong>tun.</strong></span> <span class='ocrx_word' id='word_1_832' title='bbox 2835 5496 2896 5547; x_wconf 88' lang='lat' dir='ltr'><strong>B.</strong></span> <span class='ocrx_word' id='word_1_833' title='bbox 3001 5496 3046 5574; x_wconf 56' lang='lat' dir='ltr'><strong>tia</strong></span> <span class='ocrx_word' id='word_1_834' title='bbox 3071 5496 3193 5554; x_wconf 70' lang='grc' dir='ltr'><strong>ταῖς</strong></span> <span class='ocrx_word' id='word_1_835' title='bbox 3220 5508 3277 5545; x_wconf 78' lang='grc' dir='ltr'><strong>τε</strong></span> <span class='ocrx_word' id='word_1_836' title='bbox 3325 5496 3386 5544; x_wconf 53' lang='grc' dir='ltr'><strong>Β,</strong></span> <span class='ocrx_word' id='word_1_837' title='bbox 3489 5496 3673 5572; x_wconf 47' lang='lat'><strong>&quot;.619</strong></span> 
     </span>
     <span class='ocr_line' id='line_1_119' title="bbox 2342 5559 3679 5629; baseline -0.032 8"><span class='ocrx_word' id='word_1_838' title='bbox 2342 5569 2357 5599; x_wconf 77' lang='grc'>¹</span> <span class='ocrx_word' id='word_1_839' title='bbox 2426 5568 2600 5629; x_wconf 78' lang='grc' dir='ltr'>αὐτῆς</span> <span class='ocrx_word' id='word_1_840' title='bbox 2670 5564 2707 5617; x_wconf 76' lang='grc' dir='ltr'><strong>Β</strong></span> <span class='ocrx_word' id='word_1_841' title='bbox 2751 5567 2811 5619; x_wconf 72' lang='grc' dir='ltr'><strong>(Σ.</strong></span> <span class='ocrx_word' id='word_1_842' title='bbox 2866 5565 3032 5617; x_wconf 83' lang='grc' dir='ltr'>αὐτου</span> <span class='ocrx_word' id='word_1_843' title='bbox 3087 5565 3149 5614; x_wconf 81' lang='grc' dir='ltr'>Α.</span> <span class='ocrx_word' id='word_1_844' title='bbox 3242 5562 3261 5591; x_wconf 78' lang='grc'>³</span> <span class='ocrx_word' id='word_1_845' title='bbox 3302 5560 3593 5629; x_wconf 50' lang='grc' dir='ltr'>διατηροεη</span> <span class='ocrx_word' id='word_1_846' title='bbox 3634 5559 3679 5609; x_wconf 74' lang='grc' dir='ltr'><strong>Β</strong></span> 
     </span>
    </p>
   </div>
   <div class='ocr_carea' id='block_1_119' title="bbox 2342 5563 3149 5635">
    <p class='ocr_par' dir='ltr' id='par_1_119' title="bbox 2342 5563 3149 5635">
     <span class='ocr_line' id='line_1_120' title="bbox 2342 5563 3149 5635; baseline -0.009 -14"><span class='ocrx_word' id='word_1_847' title='bbox 2342 5569 2357 5599; x_wconf 88' lang='grc'>¹</span> <span class='ocrx_word' id='word_1_848' title='bbox 2415 5563 2600 5635; x_wconf 71' lang='grc' dir='ltr'>αὐτῆς</span> <span class='ocrx_word' id='word_1_849' title='bbox 2670 5564 2707 5617; x_wconf 79' lang='grc' dir='ltr'><strong>Β</strong></span> <span class='ocrx_word' id='word_1_850' title='bbox 2751 5567 2811 5619; x_wconf 72' lang='grc' dir='ltr'><strong>(Σ.</strong></span> <span class='ocrx_word' id='word_1_851' title='bbox 2866 5563 3032 5617; x_wconf 74' lang='grc' dir='ltr'>αὐτοῦ</span> 
     </span>
    </p>
   </div>
   <div class='ocr_carea' id='block_1_120' title="bbox 2141 5696 3701 5775">
    <p class='ocr_par' dir='ltr' id='par_1_120' title="bbox 2141 5696 3701 5775">
     <span class='ocr_line' id='line_1_121' title="bbox 2141 5696 3701 5775; baseline -0.006 -17"><span class='ocrx_word' id='word_1_852' title='bbox 2141 5696 2411 5775; x_wconf 66' lang='grc' dir='ltr'>θ’πέμψει</span> <span class='ocrx_word' id='word_1_853' title='bbox 2464 5709 2524 5762; x_wconf 69' lang='grc' dir='ltr'><strong>(Ι.</strong></span> <span class='ocrx_word' id='word_1_854' title='bbox 2586 5696 2649 5739; x_wconf 30' lang='grc'><strong>⁷³</strong></span> <span class='ocrx_word' id='word_1_855' title='bbox 2708 5696 3017 5775; x_wconf 67' lang='grc' dir='ltr'>γινόμενοί.</span> <span class='ocrx_word' id='word_1_856' title='bbox 3055 5703 3116 5775; x_wconf 80' lang='lat' dir='ltr'><strong>B,</strong></span> <span class='ocrx_word' id='word_1_857' title='bbox 3158 5699 3530 5775; x_wconf 36' lang='grc' dir='ltr'>γίνονται-καὶ</span> <span class='ocrx_word' id='word_1_858' title='bbox 3585 5696 3701 5775; x_wconf 69' lang='grc' dir='ltr'>ἀπὸ</span> 
     </span>
    </p>
   </div>
   <div class='ocr_carea' id='block_1_121' title="bbox 433 5766 3704 5847">
    <p class='ocr_par' dir='ltr' id='par_1_121' title="bbox 433 5766 3704 5847">
     <span class='ocr_line' id='line_1_122' title="bbox 433 5766 3704 5847; baseline -0.001 -26"><span class='ocrx_word' id='word_1_859' title='bbox 433 5771 544 5823; x_wconf 84' lang='grc' dir='ltr'><strong>τῶν</strong></span> <span class='ocrx_word' id='word_1_860' title='bbox 612 5770 802 5837; x_wconf 81' lang='grc' dir='ltr'>ἀτμῶν</span> <span class='ocrx_word' id='word_1_861' title='bbox 867 5772 1134 5839; x_wconf 80' lang='grc' dir='ltr'>ὑγρασίαν</span> <span class='ocrx_word' id='word_1_862' title='bbox 1199 5774 1320 5838; x_wconf 78' lang='grc' dir='ltr'>ἥτις</span> <span class='ocrx_word' id='word_1_863' title='bbox 1376 5766 1727 5825; x_wconf 54' lang='grc' dir='ltr'>εἴωθενάπὸ</span> <span class='ocrx_word' id='word_1_864' title='bbox 1777 5774 1886 5827; x_wconf 83' lang='grc' dir='ltr'><strong>τῶν</strong></span> <span class='ocrx_word' id='word_1_865' title='bbox 1943 5776 2223 5847; x_wconf 63' lang='grc' dir='ltr'>ἑψομένων</span> <span class='ocrx_word' id='word_1_866' title='bbox 2278 5766 2548 5844; x_wconf 67' lang='grc' dir='ltr'>γίνεσθαι.</span> <span class='ocrx_word' id='word_1_867' title='bbox 2627 5766 2739 5831; x_wconf 67' lang='grc' dir='ltr'>Καὶ</span> <span class='ocrx_word' id='word_1_868' title='bbox 2793 5766 2932 5844; x_wconf 63' lang='grc' dir='ltr'>αὕτη</span> <span class='ocrx_word' id='word_1_869' title='bbox 2999 5774 3034 5844; x_wconf 78' lang='grc' dir='ltr'><strong>ἡ</strong></span> <span class='ocrx_word' id='word_1_870' title='bbox 3093 5766 3335 5842; x_wconf 81' lang='grc' dir='ltr'>ὑγρασία</span> <span class='ocrx_word' id='word_1_871' title='bbox 3405 5766 3517 5822; x_wconf 78' lang='grc' dir='ltr'><strong>ἀπὸ</strong></span> <span class='ocrx_word' id='word_1_872' title='bbox 3582 5766 3704 5819; x_wconf 81' lang='grc' dir='ltr'><strong>τῶν</strong></span> 
     </span>
    </p>
   </div>
  </div>
