4066 6214
354 384 493 442 {135

350 872 518 928 αὐτοῦ
563 875 939 945 ἐμφράττουσι
968 874 1011 907 ¹⁸
1048 877 1114 946 τῇ
1148 878 1443 949 περιουσίᾳ
1466 879 1511 910 ¹⁸
1558 877 1664 948 τῆς
1700 876 1939 948 ὁμιχλὼ-

348 965 477 1027 δους
511 962 858 1034 παχύτητος’
914 962 1010 1017 τοῦ
1054 964 1186 1033 γοῦν
1218 966 1634 1037 χορηγουμένου
1656 968 1698 998 ¹⁶
1733 968 1827 1019 ἐπὶ
1869 966 1939 1019 τὰ

350 1058 690 1128 αἰσθητήρια
711 1098 725 1121 ,
757 1056 852 1108 καὶ
878 1057 971 1109 ἐπὶ
1008 1056 1077 1110 τὰ
1114 1059 1368 1129 πανταχῆ
1397 1060 1437 1089 ⁸⁷
1476 1059 1735 1130 διήκοντα
1768 1060 1938 1129 νεῦρα

350 1151 444 1204 τοῦ
499 1152 751 1221 σώματος
801 1149 1037 1214 ζωτικοῦ
1084 1152 1400 1224 πνεύματος
1436 1153 1852 1224 ἀμϐλυνομὲνου
1893 1152 1936 1184 ⁸⁸

352 1245 632 1314 ἐνεργεῖν,
684 1242 1048 1313 ἁνενέργητος
1093 1246 1121 1297 ὁ
1170 1244 1458 1315 ἄνθρωπος
1512 1247 1723 1314 γίνεται
1756 1244 1936 1317 νεκρῷ

355 1333 736 1404 παραπλήσιος
766 1335 829 1387 ’9.
894 1334 1062 1387 Ὅθεν
1112 1336 1205 1389 καὶ
1262 1338 1294 1407 ἡ
1342 1337 1839 1407 καταλαμϐάνουσα
1878 1343 1937 1394 τὸ

355 1427 496 1491 ζῶον
526 1425 773 1488 διάθεσις
808 1426 1003 1492 ὕπνος
1035 1425 1291 1495 λέγεται,
1323 1428 1475 1499 παρά
1516 1427 1575 1481 τὸ
1602 1430 1702 1494 τὰς
1732 1431 1937 1500 φρένας

353 1516 706 1580 ὑπονοστεῖν,
743 1515 910 1585 ῆγουν
954 1516 1263 1586 ὑποχωρεῖν
1289 1533 1301 1547 ·
1339 1518 1397 1570 ὲν
1438 1516 1516 1587 τῷ
1553 1516 1706 1588 ὕπνῳ
1740 1520 1848 1590 γὰρ
1879 1522 1936 1573 αἱ

352 1608 451 1662 τοῦ
483 1607 773 1679 ἀνθρώπου
818 1607 1104 1678 αἰσθήσεις
1129 1609 1490 1663 ὑπονοστοῦσι
1531 1612 1576 1642 ²⁰
1609 1612 1732 1665 καθ’
1770 1612 1828 1665 ὃν
1860 1613 1938 1665 εἴ·

351 1717 515 1772 ρηται
546 1700 767 1769 τρόπον.
793 1700 885 1753 Ἓν
914 1699 991 1769 τῷ
1017 1698 1170 1770 ὕπνῳ
1201 1701 1294 1754 καὶ
1323 1702 1376 1754 αἱ
1406 1705 1636 1770 φυσικαὶ
1661 1704 1933 1774 ἐνέργειαι

350 1793 629 1859 γίνονται,
688 1791 782 1843 καὶ
834 1791 892 1843 αἱ
944 1791 1139 1859 πέψεις
1183 1793 1275 1845 καὶ
1324 1792 1788 1864 ἐξαιματώσεις¹¹
1838 1798 1935 1850 καὶ

1575 386 1660 440 DE
1698 385 1987 444 NATUBA
2029 387 2333 447 llOMlNIS.

352 502 536 557 εἰώθει
566 498 678 573 γάρ
703 499 771 555 τὰ
799 500 1040 573 ἑψόμενα
1071 503 1185 557 ἄνω
1210 504 1455 574 πέμπειν
1481 502 1580 573 τὴν
1608 504 1718 558 τῶν
1747 505 1941 577 ἀτμῶν

2045 522 2277 577 vapores
2330 518 2688 578 procreantur
2744 506 2896 578 (nam
2943 520 3065 577 qua:
3133 517 3395 562 concocta

352 593 625 668 ὑγρασίαν
656 594 738 626 η’
789 594 886 647 ἐπὶ
939 594 1033 649 τὸν
1082 595 1387 666 ἐγκέφαλον
1427 590 1522 651 οὖν
1553 598 1594 629 ²¹
1643 598 1819 653 ἄνεισι
1869 598 1941 652 τὰ

351 692 452 764 ἤδη
482 687 863 761 ἐξατμηθέντα
886 691 930 723 ¹¹
970 691 1034 744 ἐκ
1064 693 1165 762 τῆς
1197 691 1446 763 ἑψήσεως
1479 692 1657 764 ὑγρὰ,
1687 695 1781 748 καὶ
1807 693 1941 747 καθ-

350 781 771 854 υγραίνουσιν¹³
806 780 972 837 αὑτὸν
1023 783 1260 848 ἱκανῶς,
1328 785 1426 838 καὶ
1474 784 1575 849 τὰς
1615 783 1942 856 κοιλότητας

3492 396 3625 451 Ιῖὂιί

3476 523 3649 579 sunt,

2044 614 2208 669 supra
2242 600 2311 655 ad
2368 601 2654 656 cerebrum
2705 613 2972 669 vaporum
3041 598 3333 655 humorem
3380 600 3629 659 emittere

2044 693 2261 765 solent),
2297 693 2349 748 hi
2377 709 2634 764 namque,
2667 694 2759 765 qui
2788 709 2853 748 ex
2891 691 3115 748 humida
3142 692 3500 749 concoctione
3532 709 3629 749 va-

2044 799 2203 855 pores
2257 786 2632 851 exhalarunt,
2705 799 2870 856 supra
2926 783 3273 851 efferuntur;
3329 800 3360 839 a
3418 786 3621 854 quibus

2044 891 2168 930 cum
2245 877 2530 932 cerebrum
2599 875 2736 931 satis
2814 875 2880 930 ad
2948 874 3171 929 modum
3234 874 3623 935 humectatur.

2040 982 2171 1020 cava
2246 967 2366 1037 ejus
2434 969 2501 1022 ab
2564 967 2919 1023 exuberantia
2987 966 3297 1036 caliginosa:
3363 966 3628 1020 crassitu-

2038 1058 2219 1123 dinis,
2273 1066 2328 1112 et
2386 1059 2455 1112 ah
2522 1073 2626 1122 eo,
2696 1059 2841 1128 quod
2892 1058 2962 1113 ad
3016 1058 3262 1114 sensoria
3317 1073 3381 1114 ac
3427 1074 3627 1113 nervos

2041 1151 2207 1205 totius
2232 1150 2478 1220 corporis
2506 1150 2875 1217 distribuitur,
2908 1151 3145 1220 cppilata
3181 1150 3503 1215 redduntur,
3539 1151 3624 1205 vi-

2038 1242 2199 1297 talem
2231 1242 2480 1312 spiritum
2507 1243 2743 1312 propriis
2769 1242 2822 1296 in
2875 1242 3182 1297 actionibus
3220 1242 3473 1297 obtusum
3510 1242 3625 1296 ραι.

2037 1334 2131 1395 cit,
2201 1334 2346 1389 unde
2404 1335 2567 1388 homo
2619 1336 2688 1389 ab
2750 1335 2899 1388 omni
2939 1335 3155 1388 actione
3229 1334 3506 1396 innnnnis,
3569 1343 3624 1387 et

2038 1425 2232 1480 similis
2263 1436 2480 1481 mortus
2535 1427 2784 1482 cﬂicilut‘.
2845 1427 3188 1496 Quapropter
3222 1426 3437 1482 allectio
3498 1442 3620 1495 qua:

2038 1516 2315 1571 hominem
2348 1529 2598 1586 occupat,
2637 1517 2802 1580 ὕπνος
2830 1520 3037 1581 Graece,
3087 1533 3315 1572 somnus
3371 1516 3629 1572 videlicet

2038 1617 2407 1677 nuncupatur,
2477 1625 2505 1663 a
2560 1609 2749 1663 Graeco
2805 1610 3135 1663 ύπονωστεϊν
3194 1608 3420 1678 φρέναςς
3475 1608 3620 1676 quod

2037 1699 2204 1753 animi
2233 1715 2511 1755 secessum
2544 1700 2795 1766 diceres;
2854 1700 3148 1769 siquidem,
3185 1699 3404 1753 homine
3425 1715 3623 1753 somno

2036 1802 2322 1863 occupato,
2339 1793 2457 1862 ejus
2481 1808 2697 1859 sensus,
2719 1809 2826 1863 quo
2845 1801 2999 1864 pacto
3020 1793 3379 1855 asseruimus,
3401 1792 3617 1846 cedunt.

350 1884 634 1948 ἀναδόσεις
655 1885 699 1914 ¹²
729 1884 829 1953 τῆς
861 1886 1068 1955 τροφῆς
1098 1885 1232 1956 πρὸς
1257 1886 1438 1939 πάντα
1466 1886 1534 1939 τὰ
1567 1888 1732 1959 μόρια
1765 1889 1934 1959 ἀνεμ-

2042 1879 2174 1934 Nam
2214 1882 2390 1951 sopito
2422 1883 2582 1937 etiam
2634 1883 2870 1946 homine,
2905 1892 3112 1936 natura:
3145 1882 3317 1951 ipsius
3379 1881 3623 1936 actiones

349 1978 617 2041 ποδίστως
647 1977 1028 2030 ἐπιτελοῦνται
1049 2018 1063 2041 ,
1088 1979 1151 2031 ἐκ
1175 1980 1271 2049 τῆς
1304 1978 1445 2032 κατά
1474 1978 1635 2047 φύσιν
1665 1981 1933 2049 κινήσεως

349 2069 763 2140 ἀπρακτοῦντος
814 2068 909 2122 τοῦ
964 2068 1128 2134 ζὼου.
1215 2071 1446 2140 Ἡσυχία
1502 2071 1610 2143 γάρ
1664 2073 1781 2125 ἐστι
1840 2072 1934 2127 καὶ

349 2162 532 2217 παῦλα
555 2162 599 2194 ³³
625 2161 736 2215 τῶν
771 2161 1019 2231 φυσικῶν
1048 2162 1343 2232 ἐνεργειῶν
1370 2164 1397 2215 ὁ
1433 2162 1622 2226 ὕπνος.

423 2430 484 2483 Ei
535 2430 592 2483 δέ
642 2447 769 2483 ποτε
821 2434 1210 2501 στενοχωροῖτο
1273 2432 1372 2502 μὲν
1403 2431 1509 2484 ὑπὸ
1562 2433 1660 2504 τῆς
1720 2433 1931 2489 ἔνδοθεν

348 2524 768 2592 ἀναθυμιάσεως
794 2526 826 2594 ἡ
858 2525 988 2593 περὶ
1027 2526 1093 2577 τε
1126 2525 1458 2593 αἰσθητήρια
1490 2524 1755 2598 διασκευὴ
1781 2567 1796 2590 ,
1830 2544 1932 2579 κω·

348 2613 530 2668 λύοιτο
554 2614 610 2667 δὲ
638 2616 780 2669 κατά
807 2631 933 2668 τινα
968 2614 1159 2685 χρείαν
1180 2617 1226 2646 ’δ
1252 2616 1281 2666 ὁ
1320 2614 1508 2682 ὕπνος,
1541 2617 1745 2687 πλῆρες
1778 2618 1933 2686 γενό-

354 2723 513 2776 μενον
573 2706 683 2759 τῶν
730 2707 922 2776 ἀτμῶν
973 2708 1035 2759 τὸ
1090 2706 1363 2778 νευρῶδες
1417 2707 1549 2760 αὐτὸ
1600 2708 1689 2777 ὑφ’
1736 2708 1929 2762 ἐαυτοῦ

349 2797 596 2865 φυσικῶς
621 2798 971 2853 διατείνεται.
1005 2798 1280 2852 Εἰώθεσαν
1309 2802 1354 2832 ³⁸
1380 2800 1489 2871 γὰρ
1509 2801 1559 2853 oi
1590 2800 1724 2871 μῦες
1750 2803 1841 2856 καὶ
1863 2803 1932 2854 rit

346 2890 518 2960 νεῦρα
561 2889 971 2960 θερμαινόμενα
1025 2890 1367 2944 διίστασθαι’
1421 2893 1556 2963 ὅπερ
1590 2896 1635 2924 ³⁵
1690 2893 1779 2947 διὰ
1831 2895 1930 2963 τῆς

350 2983 622 3045 ἐντάσεως
650 2983 681 3050 ἢ
709 2984 1045 3045 διαστάσεως
1074 2984 1135 3036 τὸ
1172 2983 1445 3054 παχυνθέν
1477 2985 1581 3038 ὑπὸ
1606 2985 1712 3038 τῶν
1738 2988 1928 3056 ἀτμῶν

351 3074 517 3145 μέρος
546 3076 886 3146 ἐκλεπτυνθῇ
912 3092 925 3107 ·
953 3073 1065 3130 οἷόν
1096 3094 1148 3129 τι
1182 3075 1430 3130 ποιοῦσιν
1467 3078 1515 3130 οἱ
1547 3077 1636 3133 διὰ
1666 3079 1767 3150 τῆς
1799 3096 1930 3147 σφο-

344 3166 609 3237 δροτέρας
648 3166 1031 3237 στρεϐλώσεως
1066 3169 1125 3221 τ’)
1157 3169 1301 3239 ὕδωρ
1342 3169 1451 3222 τῶν
1484 3170 1716 3239 ἱματίων
1747 3170 1928 3225 ἐκθλί-

346 3258 556 3321 ϐοντες.
592 3259 703 3312 Καὶ
733 3260 924 3329 ἐπειδὴ
957 3260 1259 3332 κυκλοτερῆ
1288 3261 1358 3314 τὰ
1393 3263 1523 3332 περὶ
1550 3263 1642 3316 τὸν
1674 3264 1931 3333 φάρυγγα

351 3344 494 3422 μέρη
516 3367 531 3382 ο
587 3352 874 3417 πλεονάζει
904 3353 961 3407 δὲ
1017 3354 1078 3406 τὸ
1101 3354 1366 3423 νευρῶδες
1400 3357 1458 3407 ἐν
1486 3356 1719 3419 τούτοις.
1764 3357 1931 3411 Ὅταν

349 3443 442 3495 καὶ
482 3443 591 3496 ἀπὸ
614 3443 822 3497 τούτων
867 3444 1172 3515 ἐξωσθῆναι
1200 3445 1283 3497 δεῖ
1324 3446 1422 3516 τὴν
1454 3447 1646 3516 ἀτμῶν
1676 3447 1930 3517 παχυμέο

350 3548 505 3600 ρειαν
530 3548 543 3560 °
577 3533 934 3588 διατείνονται
960 3535 1004 3565 ⁸³
1033 3535 1083 3586 οἱ
1117 3533 1251 3603 μύες
1297 3533 1391 3587 τοῦ
1429 3536 1697 3604 στόματος
1722 3537 1767 3569 ’⁸
1789 3576 1802 3601 ,
1838 3537 1933 3590 καὶ

345 3624 651 3677 διίστανται
674 3641 687 3654 ’
721 3627 814 3679 καὶ
841 3626 951 3679 τῶν
980 3626 1129 3689 ἐντὸς
1154 3628 1374 3680 πάντων
1406 3630 1487 3691 εἰς
1510 3628 1714 3682 κύκλου
1746 3633 1931 3701 σχῆμα

345 3712 727 3780 διαταθέντων,
756 3718 788 3784 ἡ
819 3717 1119 3786 λιγνυώδης
1147 3716 1328 3788 ἐκείνη
1358 3716 1610 3789 παχύτης
1645 3721 1678 3788 ή
1710 3720 1929 3772 ἐναπει-

347 3803 607 3875 λημμένη
634 3806 679 3838 ¹⁹
726 3809 839 3870 τοῖς
892 3808 1088 3878 μέρεσι
1128 3807 1341 3873 τούτοις
1398 3810 1805 3864 συνδιαπνείται
1862 3813 1927 3882 τῇ

349 3892 568 3965 διεξόδῳ
618 3897 712 3949 τοῦ
767 3897 1098 3967 πνεύματος.
1136 3897 1409 3961 Πολλάκις
1451 3899 1506 3951 δὲ
1543 3900 1635 3953 καὶ
1669 3900 1808 3969 μετὰ
1840 3899 1929 3952 τὸν

350 3985 519 4040 ὕπνον
577 3984 685 4040 οἶδε
737 3989 797 4041 τὸ
847 3989 1092 4042 τοιοῦτον
1150 3990 1510 4061 συμϐαίνεινο
1558 3992 1686 4045 ὅταν
1722 4011 1772 4046 τι
1820 3990 1930 4046 τῶν

348 4077 538 4145 ἀτμῶν
570 4077 792 4131 ἐκείνων
822 4080 1198 4150 περιλειφθείη
1244 4083 1357 4145 τοῖς
1390 4082 1595 4145 τόποις,
1626 4084 1929 4137 ἄπνευστον

351 4171 450 4223 καὶ
483 4170 816 4223 ἀδιάπεπτον
842 4173 908 4225 ³ο.
943 4173 1016 4225 Ού
1057 4172 1215 4240 μόνον
1252 4172 1307 4225 δὲ
1346 4174 1401 4224 αἱ
1436 4172 1629 4241 πέψεις
1663 4175 1758 4227 καὶ
1782 4175 1928 4238 ἐξαι-

353 4259 630 4331 ματώσεις
662 4263 756 4315 καὶ
791 4262 1070 4323 ἀναδόσεις
1101 4263 1241 4314 κατὰ
1280 4263 1372 4314 τὸν
1408 4264 1598 4332 καιρὸν
1628 4264 1722 4316 τοῦ
1759 4263 1927 4317 ὕπνου

348 4352 631 4405 τελοῦνται
655 4394 670 4420 ,
704 4354 839 4407 ἀλλά
867 4355 963 4408 καὶ
991 4354 1033 4386 ³⁸
1064 4354 1133 4406 τὰ
1182 4354 1347 4407 λοιπὰ
1397 4356 1818 4426 περιττώματα,
1862 4359 1931 4411 τὰ

352 4445 455 4513 μὲν
488 4445 665 4516 παχέα
693 4446 1037 4511 λεπτύνεται,
1077 4446 1146 4499 τὰ
1177 4446 1234 4499 δὲ
1269 4447 1446 4500 λεπτᾶ
1471 4449 1567 4501 καὶ
1592 4448 1792 4519 δριμέα
1827 4470 1932 4505 πα-

2038 1980 2091 2026 et
2118 1974 2533 2039 concoctiones,
2563 1973 2956 2042 sanguinisque
2987 1970 3297 2042 procreatio
3318 1970 3486 2037 ﬁunt;
3521 1985 3623 2024 nec

2038 2080 2146 2118 non
2183 2065 2504 2120 alimentum
2552 2064 2617 2119 ad
2662 2060 2905 2133 singulas
2957 2063 3204 2131 corporis
3255 2070 3454 2131 partes,
3502 2061 3622 2131 ipso

2037 2157 2287 2212 animalis
2328 2173 2437 2227 quo
2475 2165 2670 2210 natura
2723 2156 2979 2226 praeditus
3029 2164 3113 2210 est
3156 2164 3335 2209 motus
3375 2163 3616 2223 experte,

2037 2248 2193 2304 facile
2240 2248 2607 2319 progreditur.
2664 2246 2942 2316 Siquidem
3006 2260 3234 2300 somnus
3289 2244 3617 2299 naturalium

2036 2343 2312 2398 actionum
2370 2340 2711 2396 taciturnitas
2761 2357 2825 2394 :tc
2881 2337 3037 2408 quies
3080 2338 3331 2392 habetur.

2106 2435 2162 2488 Si
2227 2449 2352 2488 vero
2420 2432 2732 2487 distributio
2780 2446 2898 2501 quae
2962 2430 3029 2484 ad
3087 2428 3373 2493 sensoria,
3427 2428 3495 2483 ab
3552 2444 3615 2483 ea

2034 2543 2153 2597 qua:
2178 2526 2506 2580 intrinsecus
2529 2525 2606 2587 lit,
2647 2520 2996 2577 exhalatione
3026 2521 3295 2591 procedit,
3348 2517 3617 2586 angustiis

2037 2616 2294 2688 praecludi
2348 2617 2664 2685 contigerit,
2705 2615 2785 2667 vel
2842 2628 3067 2668 somnus
3107 2612 3394 2667 occasione
3434 2610 3617 2679 aliqua

2039 2709 2474 2778 interciperetur,
2502 2721 2624 2761 cuin
2659 2705 2834 2771 locus,
2865 2705 2959 2774 qui
2993 2704 3174 2758 nervis
3228 2703 3477 2758 consitus
3508 2711 3625 2766 est,

2036 2798 2479 2856 exhalationibus
2513 2797 2774 2866 repletur,
2802 2795 2905 2865 ipsi
2936 2804 3129 2865 sponte
3156 2811 3255 2849 sua
3291 2805 3498 2849 natura:
3527 2810 3616 2848 or-

2040 2892 2161 2947 dine
2196 2890 2598 2945 distenduntur.
2639 2885 2771 2941 Nam
2823 2896 2939 2941 tum
2964 2886 3217 2950 musculi,
3287 2895 3399 2941 tum
3435 2887 3626 2950 nervi,

2037 2984 2273 3038 calorem
2304 2980 2617 3043 sentientes,
2644 2978 2876 3033 distendi
2900 2987 3469 3048 consueverunt,quo,
3502 2993 3614 3048 pra:

2036 3075 2122 3131 sui
2158 3074 2471 3129 extensione
2519 3087 2584 3126 ac
2624 3070 2961 3133 dilatatione,
3018 3085 3144 3140 pars
3186 3085 3307 3140 qua:
3348 3086 3610 3140 vaporum

2037 3183 2200 3223 causa
2242 3173 2626 3229 crassescerat,
2655 3164 2873 3219 subtilis
2910 3163 3223 3219 redderetur
3258 3180 3271 3216 :
3318 3165 3422 3219 tale
3452 3164 3611 3236 quid-

2036 3263 2178 3329 piam
2207 3259 2391 3331 39in
2430 3258 2533 3313 illis
2588 3257 2681 3328 qui
2728 3272 2936 3326 pannos
2969 3256 3215 3311 madidos
3239 3257 3613 3312 vehementius

2037 3364 2288 3422 torquere
2320 3350 2523 3416 solent,
2552 3364 2707 3419 aquae
2731 3346 3098 3418 exprimendae
3144 3347 3312 3417 gratia
3335 3386 3350 3411 ,
3390 3363 3614 3403 cernere

2033 3451 2137 3499 est.
2172 3442 2236 3497 Et
2274 3442 2534 3512 quoniam
2582 3450 2763 3510 partes
2786 3455 2907 3510 quze
2943 3439 3011 3494 ad
3054 3448 3239 3509 guttur
3282 3440 3611 3506 consistunt,

2035 3532 2321 3589 circularis
2360 3531 2550 3585 forma:
2581 3539 2728 3593 sunt,
2775 3529 2921 3598 ipsas
2972 3529 3371 3599 multiplicibus
3426 3530 3627 3584 nervis

2034 3625 2243 3679 obsitas
2294 3637 2415 3677 esse
2473 3620 2825 3675 manifestum
2882 3620 3134 3673 habetur.
3184 3619 3432 3690 Cumque
3478 3621 3615 3691 ipsis

2035 3722 2435 3771 crasseseentes
2494 3727 2724 3781 vapores
2762 3712 3031 3781 expellere
3083 3713 3455 3767 necessarium
3514 3714 3608 3779 sit,

2035 3806 2290 3866 musculi.
2324 3805 2416 3875 qui
2462 3804 2514 3857 in
2551 3818 2646 3857 ore
2691 3812 2837 3866 sunt,
2896 3801 3281 3857 distenduntur
3318 3805 3611 3875 seiungun-

2037 3911 2271 3968 turqne;
2304 3907 2357 3952 et
2396 3912 2521 3951 cum
2562 3893 2747 3949 omnia
2781 3909 2903 3963 quae
2949 3894 3097 3949 intus
3136 3895 3407 3951 exsistunt
3439 3896 3612 3951 circu-

2036 4000 2163 4056 laris
2213 4000 2396 4072 ﬁgura:
2426 3997 2555 4058 sint,
2616 4010 2934 4066 vaporosam
2985 3994 3157 4058 illam,
3204 4011 3325 4064 quae
3366 3995 3612 4065 partibus

2036 4093 2167 4162 ipsis
2216 4089 2538 4159 complicata
2587 4095 2725 4151 erat,
2755 4085 3207 4149 crassitudinem,
3262 4086 3426 4141 simul
3485 4102 3609 4140 cum

2037 4184 2175 4252 ipso,
2238 4182 2290 4234 in
2342 4179 2667 4235 oscitatione
2719 4177 3030 4248 egrediente
3075 4178 3293 4247 spiritu.
3334 4178 3612 4233 exhalant.

2034 4272 2164 4328 Tale
2205 4272 2478 4342 quoddam
2525 4287 2552 4324 a
2594 4285 2788 4325 somno
2826 4270 2989 4324 etiam
3045 4268 3439 4339 expergefactis
3494 4269 3613 4339 ple-

2034 4379 2267 4433 rumque
2295 4363 2516 4418 evenire
2543 4362 2700 4427 solet,
2733 4377 2857 4417 cum
2902 4376 3092 4416 eorum
3123 4360 3304 4430 aliqua
3349 4376 3612 4430 vaporum

2036 4456 2238 4525 portio,
2274 4469 2382 4509 non
2425 4455 2672 4519 decocta,
2722 4469 2823 4509 nec
2862 4453 3084 4518 emissa,
3118 4452 3253 4508 locis
3288 4453 3344 4507 in
3388 4452 3494 4508 illis
3522 4469 3612 4507 re-

345 4535 571 4604 χύνεται
602 4540 932 4610 συμμέτρως
954 4556 969 4571 ·
1001 4540 1093 4592 καὶ
1135 4534 1500 4610 εύκρατοῦται
1524 4542 1568 4573 δ’
1614 4542 1710 4595 καὶ
1755 4561 1926 4613 μετα-

2039 4548 2185 4619 liqua
2236 4546 2423 4602 fuerit.
2486 4545 2675 4602 Somni
2729 4555 2908 4601 autem
2962 4553 3225 4615 tempore,
3283 4559 3393 4599 non
3448 4543 3610 4599 modo

345 4628 608 4683 ϐάλλεται
632 4647 647 4663 ο
687 4632 781 4685 καὶ
825 4633 893 4687 τὰ
927 4633 1159 4704 περιττά
1201 4633 1337 4704 πρὸς
1381 4634 1631 4705 ἔκκρισιν
1666 4638 1926 4692 κατεπεί-

345 4735 529 4785 γεται.
564 4722 678 4775 Καὶ
711 4722 921 4794 μάρτυς
955 4724 987 4795 ἡ
1024 4728 1192 4795 πεῖρα
1215 4727 1309 4778 τοῦ
1341 4726 1577 4806 χρόνους
1612 4729 1773 4794 εὐθὺς
1817 4731 1926 4802 γὰρ

344 4814 727 4884 ἀνισταμένων
760 4818 916 4886 ἡμῶν
950 4817 1009 4881 ἐξ
1043 4815 1235 4880 ὕπνου.
1270 4820 1405 4890 πρὸς
1440 4819 1670 4891 οὔρησιν
1704 4825 1800 4877 καὶ
1829 4825 1927 4895 τὴν

343 4905 458 4957 τῶν
487 4906 730 4975 στερρῶν
756 4906 1105 4977 ἀποπάτησιν
1136 4910 1430 4979 τρέχομεν.

2037 4639 2444 4702 concoctiones,
2480 4637 2873 4708 sanguinisque
2902 4635 3229 4706 procreatio,
3260 4634 3613 4705 dispensatio-

2037 4749 2261 4803 nesque,
2306 4734 2399 4788 sed
2432 4730 2641 4800 reliqua
2674 4728 2834 4782 etiam
2867 4737 3237 4792 excrementa,
3271 4726 3618 4783 constituun—

2039 4836 2146 4880 tur.
2184 4823 2448 4890 Quorum,
2511 4837 2632 4891 qua:
2686 4834 2874 4875 crassa
2927 4828 3075 4883 sunt,
3118 4829 3431 4882 tenuantur.
3496 4835 3618 4888 qua:

2037 4930 2163 4969 vero
2212 4913 2373 4969 exilia
2416 4913 2715 4979 acerbeque
2744 4950 2759 4972 ,
2815 4911 3094 4965 moderate
3146 4920 3490 4966 crassescunt
3552 4927 3616 4964 ac

339 4997 401 5051 in
460 5000 779 5071 sanguinem
830 5012 1259 5069 commutantur,
1309 5015 1362 5059 et
1412 5014 1705 5076 temperata
1751 5008 1910 5070 liunt,
1969 5016 2024 5062 et
2077 5014 2554 5070 transmutanlur;
2593 5019 2692 5058 ttec
2769 5018 2875 5058 non
2921 5020 3043 5073 quae
3103 5019 3437 5073 supervacua
3488 5015 3619 5059 sunt

339 5095 411 5149 ad
460 5096 825 5150 cxcretionetn
858 5095 1190 5165 diriguntur.

1267 5096 1399 5152 Nam
1436 5100 1791 5169 experientia,
1867 5100 2127 5169 temporis
2183 5097 2424 5169 optimus
2470 5096 2621 5151 testis
2646 5094 2894 5149 habetur.
2932 5096 3068 5150 Cum
3120 5097 3359 5166 primum
3421 5114 3616 5152 somno

340 5187 673 5255 excitamur,
712 5197 825 5244 tum
864 5189 929 5243 ad
973 5191 1200 5257 humidi,
1233 5200 1346 5247 tum
1381 5194 1512 5249 sicci
1559 5197 1799 5252 alimenti
1828 5208 2303 5254 cxcrementorunt
2334 5202 2692 5267 purgamenta
2727 5192 2974 5247 ferimur.

340 5323 534 5403 ἀτμῶν
558 5326 652 5377 καὶ
679 5322 789 5403 ἀπὸ
817 5324 924 5376 τῶν
936 5322 1381 5403 ’ἐξατμισθέντων
1406 5331 1466 5382 ἐκ
1496 5330 1593 5398 τῆς
1618 5332 1720 5403 eoi;
1732 5350 1895 5397 σεως·
1917 5332 2122 5403 ἐπὶ-τὸν
2145 5330 2448 5401 ἐγκέφαλον
2468 5333 2665 5391 ἄνεισι,
2686 5329 2781 5403 καὶ
2803 5328 2993 5403 τοῦτον
3024 5329 3225 5403 ἱκανῶς
3238 5327 3610 5403 ,καθυγραίνει

339 5372 913 5469 ξάιςιξξδιχιειέριξ
934 5372 1377 5469 sperasset"
1406 5372 1834 5469 ἴδ’έξρίῖιῖςῖέςῖῖ

340 5420 444 5448 και
468 5420 567 5457 τας
592 5420 910 5465 κυιλυτητας
934 5420 1240 5463 ιμψρυιττει
1272 5420 1334 5453 ι’.
1414 5420 1455 5432 ⁸⁷
1476 5420 1497 5453 ε

340 5466 404 5537 Β.
438 5464 799 5537 καθυγραίνει
824 5465 913 5537 (LL
965 5463 1449 5537 ¹⁸ἐμφράττοντες

341 5536 387 5567 ¹⁷
432 5533 714 5605 πανταχοῦ
746 5536 787 5586 Β
817 5535 854 5587 (Σ
882 5533 942 5587 Ρ.

340 5678 391 5707 ²³
430 5675 722 5744 ἀνάπαυλα
752 5675 813 5729 Β.
922 5675 966 5705 ’⁸
998 5694 1029 5744 χ

343 5746 391 5777 ⁸⁷
432 5746 579 5799 διατ.
609 5743 704 5800 οὖν
739 5747 801 5800 Β.

347 5833 476 5871 στον
502 5818 543 5870 Β
573 5817 614 5875 C
637 5820 702 5872 P.
778 5818 819 5849 ³⁸
863 5815 999 5871 ἀλλὰ
1023 5816 1132 5891 γὰρ
1159 5815 1249 5873 καὶ
1290 5823 1349 5875 Β.

1037 5676 1186 5747 eoin:
1216 5680 1280 5734 A-

1622 5400 1741 5455 σίαν
1771 5405 1834 5457 Α.
1913 5400 2069 5457 ¹¹οὕν
2099 5400 2210 5457 om.
2242 5400 2303 5457 Β.

1622 5474 1665 5507 ¹⁸
1694 5475 1759 5526 τῆ
1790 5473 1950 5526 οὐσία
1976 5476 2043 5526 Α.
2123 5473 2167 5503 ¹⁶
2196 5472 2259 5526 τὸ
2283 5491 2303 5526 1

1024 5475 1449 5566 'ipgopar'rovts;
1622 5475 1665 5507 ¹⁸
1694 5475 1759 5541 τῇ
1790 5475 1950 5546 οὐσίᾳ
1976 5476 2043 5527 Α.
2123 5475 2167 5503 ¹⁶
2196 5475 2259 5526 τὸ
2283 5475 2689 5543 χορηγούμενον

1094 5535 1335 5615 ζωτικὸν
1355 5559 1595 5615 Δπνευμα
1625 5543 2038 5615 ἁμϐλυνόμενον
2077 5543 2139 5595 Β.
2170 5541 2607 5615 ἀναϐλυνομένου

339 5604 479 5661 απλ.
510 5604 713 5660 ome.
742 5606 789 5636 ¹⁰
821 5604 1181 5661 ὑπονοστοῦσι
1211 5612 1458 5665 τουτέστι
1498 5604 1840 5685 ὕποχωροῦσι
1876 5604 1925 5668 Ῥ
1961 5615 2121 5682 ὑποχ.
2172 5615 2215 5666 Α
2258 5612 2298 5664 Β
2325 5612 2387 5666 C.

340 5678 391 5707 ²³
430 5675 722 5729 ἀνάπαυλα
752 5675 813 5729 Β.
922 5675 966 5705 ’⁸
998 5676 1186 5739 χροίης
1216 5680 1280 5734 Λ.
1357 5684 1401 5714 ’⁸
1432 5682 1716 5736 εἰώθεισαν
1754 5687 1797 5736 Α
1834 5685 1874 5739 C
1906 5685 1963 5737 Ρ.
2041 5686 2086 5715 ’τ’
2119 5685 2267 5739 ὅπως
2295 5682 2336 5733 Β
2359 5698 2387 5734 u

1432 5699 1716 5736 ειωυεισαν
1754 5699 1797 5736 Α
1834 5699 1874 5737 ιλ
1906 5699 1963 5737 Γ.

913 5746 957 5777 ⁸⁸
988 5745 1084 5799 τοῦ
1113 5745 1271 5807 στόμ.
1306 5766 1413 5807 om.
1449 5753 1508 5807 Β.
1540 5752 1634 5805 τοῦ
1667 5752 1918 5807 σώματος
1937 5756 1996 5807 (3.

1212 5767 1271 5819 μ.
1306 5766 1413 5807 om.
1449 5753 1508 5815 Β,
1540 5753 1634 5805 τοῦ
1667 5753 1918 5822 σώματος
1937 5756 1996 5807 (3.
2113 5756 2156 5785 ³⁸
2194 5753 2596 5823 ἐναπειλημένη
2630 5753 2689 5804 Β.
2769 5753 2813 5782 ³⁰
2836 5753 2905 5804 ἀπ

1212 5822 1249 5873 t‘t
1290 5823 1349 5875 Β.
1429 5823 1471 5854 ³³
1506 5824 1566 5876 οὐ
1593 5827 1876 5894 κρατεῖται
1906 5826 1968 5889 Α,
2002 5824 2098 5879 καὶ
2130 5823 2501 5893 ἐξαματοῦται
2524 5823 2616 5877 καὶ
2652 5822 2807 5893 εύκρ.
2844 5824 2905 5877 Ρ.

2382 5402 2426 5432 ¹²
2448 5398 2845 5470 ἐξατμισθέντα
2876 5400 2917 5450 Β
2944 5398 3012 5470 (Σἒ
3082 5399 3125 5430 ¹³
3156 5398 3615 5470 καθυγραίνοντες

2123 5473 2167 5503 ¹⁶
2196 5472 2259 5526 τὸ
2283 5467 2689 5543 χορηγούμενον
2716 5469 2777 5522 Β.
2804 5470 2899 5522 καὶ
2924 5468 3018 5521 τοῦ
3047 5469 3454 5538 χορηγουμένου
3478 5467 3519 5522 C
3550 5470 3611 5523 P.

2126 5583 2139 5593 .
2170 5541 2607 5593 ἀναϐλυνοιιένου
2642 5541 2703 5593 C.
2822 5542 2862 5571 '9
2894 5541 2987 5591 καὶ
3024 5558 3069 5591 ν.
3098 5556 3157 5591 π.
3190 5540 3231 5593 G
3267 5540 3367 5592 Ρκ.
3396 5557 3443 5591 ν.
3476 5556 3617 5593 παι)⁸

2502 5556 2607 5594 ινου
2642 5556 2703 5594 ιλ.
2822 5556 2862 5571 ιτ
2894 5556 2987 5591 και
3024 5558 3069 5591 ν.
3098 5556 3157 5591 π.
3190 5556 3231 5593 u
3267 5556 3367 5592 ι’κ.
3396 5557 3443 5591 ν.
3476 5556 3614 5608 παρ-

2502 5613 2544 5643 ¹¹
2588 5613 2642 5664 ai
2671 5611 2855 5679 ἐξαιμ.
2900 5610 2938 5661 Β
2967 5611 3027 5662 Ρ.
3103 5610 3148 5679 ’ᾖ
3188 5612 3242 5663 αἱ
3273 5608 3425 5663 ἀναδ.
3475 5609 3516 5661 Β
3554 5611 3614 5665 P.

2041 5678 2267 5746 ’δ’ὅπως
2295 5682 2336 5733 Β
2359 5697 2529 5749 usque
2559 5680 2625 5734 ad
2661 5678 2934 5750 παχυνθὲν
2966 5696 3076 5736 οιη.
3107 5678 3171 5735 C.
3199 5680 3257 5735 it.
3290 5679 3326 5733 Ρ
3357 5682 3407 5734 in
3442 5690 3613 5743 textu,

2113 5752 2606 5833 ’f_éva:rst_).qpévn_
2630 5752 2701 5833 B._
2769 5752 2813 5782 ’°
2836 5751 3083 5833 ἀπεπτόν
3113 5770 3171 5807 τε
3202 5752 3294 5805 καὶ
3326 5752 3614 5807 ἀδιάπνευα
