4054 6216
496 363 635 419 “35

1798 360 2079 417 MELETII
2120 362 2428 420 MONACHI

3610 366 3751 423 H36

566 479 611 532 Α
632 493 827 535 somno
842 480 1027 545 etiam,
1045 479 1360 534 morborum
1382 479 1873 551 aegritudinemque
1892 480 1974 535 vis
1992 490 2052 537 at

2247 477 2369 535 Οἵδε
2407 480 2465 534 δὲ
2493 479 2537 512 ³³
2582 480 2610 532 ό
2648 478 2813 543 ὖπνος
2856 478 2949 532 καὶ
2997 478 3323 549 νοσημάτων
3376 481 3757 550 σφοδρότητας

493 587 601 638 que
630 570 965 626 vehementia
984 569 1208 624 obtundi
1234 570 1389 625 solet.
1416 568 1640 637 Quin,et
1672 572 1841 626 animi
1862 571 2066 628 sollici-

495 664 729 724 tudines,
761 662 1105 730 doloresque,
1124 660 1309 726 solari,
1338 674 1531 718 etesse
1548 664 1904 734 gaudiicansa
1922 679 2067 720 som-

495 770 597 809 nus
620 754 785 808 uovit.
810 752 944 807 Cum
964 754 1108 807 enim
1135 753 1378 809 dilllciles
1399 754 1575 809 morbi
1599 755 1664 810 ad
1679 755 1888 811 felicem
1917 756 2065 811 vale-

495 844 699 898 tudinis
724 854 975 898 eventum
998 853 1301 908 mutantur,
1334 847 1659 911 amicorum,
1683 858 2062 919 cognatorum.

490 949 619 1003 que,
643 941 805 1002 atque
827 933 1198 999 familiarium,
1238 942 1352 989 tum
1379 937 1551 1006 ipsius
1580 937 1777 1001 allecti,
1806 938 2062 1007 gaudium

491 1026 863 1095 subsequitur,
893 1026 1037 1094 quod
1065 1041 1173 1081 non
1205 1042 1270 1081 ex
1312 1029 1528 1098 propria
1570 1030 1739 1085 nostri
1765 1031 2061 1095 voluntate,

491 1118 585 1172 sed
622 1131 809 1172 eorum
857 1133 979 1187 quae
1033 1118 1349 1173 acciderunt
1395 1136 1556 1174 causa
1610 1122 1896 1190 provenire
1940 1137 2063 1178 cerc-

492 1219 603 1263 tutn
648 1218 750 1264 est.
779 1210 882 1276 Qui
926 1211 1070 1264 enim
1118 1212 1313 1266 valenti
1361 1227 1590 1282 corpore
1624 1213 1789 1267 vitam
1833 1216 2059 1285 peragit,

490 1302 649 1371 eique
696 1310 893 1357 cuncta
938 1319 1062 1372 qua:
1108 1303 1284 1358 oculis
1327 1305 1665 1375 auribusque
1716 1306 2058 1362 animadver-

490 1393 572 1457 tit,
598 1393 840 1447 animum
884 1395 1178 1460 oblectant,
1208 1411 1309 1450 nec
1353 1396 1455 1451 sibi
1505 1397 1802 1467 quidquam
1847 1399 2060 1454 adversi

488 1484 820 1553 suspicatur,
857 1486 1057 1553 gaudio
1096 1485 1347 1540 afﬁcitur.
1381 1487 1483 1553 Qui
1533 1505 1681 1553 vero,
1727 1492 1809 1545 vel
1856 1504 2056 1548 contu-

490 1572 665 1626 meliis
709 1574 989 1630 insecutus
1022 1584 1126 1640 est,
1156 1576 1236 1630 vel
1273 1575 1533 1629 damnum
1568 1577 1756 1642 sentit,
1785 1579 1900 1633 sive
1924 1595 2061 1649 pau-

488 1671 694 1729 perlate
735 1665 1017 1733 premitur,
1042 1680 1216 1736 neque
1242 1667 1392 1721 illum
1418 1682 1658 1737 unquam
1684 1683 1809 1738 spes
1840 1671 2062 1726 laetioris

488 1754 721 1809 tortume
784 1754 978 1810 fovet:
1040 1773 1164 1812 eum
1229 1757 1446 1812 tristitia
1492 1758 1629 1813 allici
1679 1774 1902 1816 necesse
1953 1772 2058 1817 est.

553 1890 688 1946 Nam
714 1892 860 1947 risus
893 1894 1137 1949 deﬂuens
1168 1910 1195 1948 a
1226 1895 1423 1965 gaudio
1459 1895 1703 1951 nascitur
1730 1912 1745 1963 ;
1780 1912 1809 1951 a
1839 1896 2058 1952 tristitia

482 2003 613 2040 vero
657 1990 892 2057 gemitus
934 1996 989 2041 et
1032 1988 1290 2059 lacrymm
1338 1999 1789 2060 progenerantur.
1870 1989 2057 2060 Siqui-

482 2079 603 2131 dem
672 2078 901 2134 aﬂectus
971 2079 1169 2134 animo:
1238 2079 1349 2151 40
1401 2079 1493 2150 qui
1554 2080 1830 2150 voluptate
1887 2093 2056 2144 caret,

482 2169 703 2226 tristitia
741 2179 847 2235 est,
879 2188 1002 2242 quae
1031 2188 1155 2228 cum
1196 2172 1382 2228 Grmce
1434 2171 1577 2243 λύπη
1635 2173 1869 2240 dicatur,
1906 2174 2059 2244 παρά

479 2261 542 2314 τὸ
567 2260 735 2329 λύειν,
776 2263 923 2333 quod
994 2264 1190 2317 solvere
1247 2263 1483 2328 diceres,
1534 2279 1597 2317 ex
1628 2278 1695 2318 eo
1728 2263 1894 2328 dicta,
1927 2265 2055 2333 quia

479 2355 667 2409 oculos
726 2352 781 2408 in
849 2353 1118 2426 lacrymas
1170 2356 1365 2410 solvat.
1431 2353 1557 2409 Sive
1607 2371 1637 2408 a
1677 2353 2051 2424 λυμαίνεσθαι,

477 2445 626 2513 quod
683 2444 808 2499 [ιεάὶ
859 2446 1183 2515 explicares,
1249 2448 1407 2517 quasi
1469 2447 1716 2516 quaedam
1769 2448 2053 2503 oculorum

480 2535 632 2589 laesio
657 2536 749 2590 sit.
782 2534 975 2591 Passio
1001 2537 1145 2591 enim
1179 2536 1336 2606 plena
1361 2538 1587 2605 doloris,
1625 2539 1825 2595 solutio
1858 2539 2055 2593 anima:

476 2636 579 2683 est.
612 2627 882 2682 Gaudium
932 2644 1081 2697 vero,
1140 2628 1395 2684 allectum
1454 2639 1700 2685 votorum
1742 2639 2051 2701 compotem

475 2735 617 2785 esse,
682 2720 904 2791 quidam
987 2728 1252 2775 statuunt.
1309 2720 1588 2793 Lacrymaa
1636 2730 1860 2783 autem,
1931 2737 2054 2792 quae

476 2811 665 2866 Graeco
694 2814 914 2867 nomine
962 2813 1173 2885 δάκρυα
1204 2825 1610 2882 nuncupantur,
1670 2807 1780 2866 οἷον
1820 2814 2052 2883 δάκρυον

472 2901 684 2965 τίὲστι,
716 2904 871 2972 quasi
899 2920 1160 2957 remorsus
1199 2906 1413 2975 quidam
1454 2905 1521 2957 sit
1571 2918 1741 2957 :nam
1802 2904 2052 2974 lacrytnm

476 3009 505 3046 ε
539 3008 781 3048 remorso
809 2994 973 3049 corde
1032 2996 1361 3064 proveniunt
1397 3013 1410 3048 :
1448 2996 1530 3050 ha:
1568 3006 1745 3050 autem
1808 2997 1886 3050 sic
1922 3010 2049 3065 pro-

475 3093 750 3138 creantur.
784 3084 917 3139 Cum
954 3085 1117 3139 humo
1178 3087 1396 3141 tristitia
1430 3096 1751 3158 occupatur,
1784 3104 1903 3157 qua:
1927 3088 2049 3141 ani-

474 3189 619 3228 mam
654 3176 943 3240 contrahit,
1002 3178 1290 3232 concussio
1338 3194 1460 3248 qua:
1488 3181 1793 3250 angustiam
1860 3179 2043 3246 infert,
2074 3216 2118 3274 Ο

474 3279 596 3333 quae
630 3265 779 3320 intus
809 3275 937 3320 sunt
975 3267 1181 3322 viscera
1204 3279 1456 3339 occupat,
1493 3270 1637 3326 unde
1671 3271 1903 3342 plurima
1949 3272 2046 3325 hu-

477 3370 689 3410 merum
746 3357 1017 3413 exhalatio
1064 3359 1132 3414 ad
1196 3361 1481 3416 cerebrum
1534 3363 1719 3418 tendit.
1750 3363 1885 3418 Cum
1919 3379 2046 3421 vero

474 3462 605 3502 cava
643 3448 761 3519 ejus
822 3448 1168 3508 exhalatione
1222 3468 1287 3508 ex
1325 3454 1543 3509 tristitia
1573 3456 1924 3525 proveniente
1959 3471 2045 3512 re-

474 3539 706 3607 plentur,
738 3541 803 3595 az]
836 3542 1118 3597 oculorum
1155 3544 1363 3600 tunicas
1392 3545 1586 3599 humor
1637 3546 1951 3616 impellitur,
1991 3557 2045 3604 et

473 3631 539 3686 ad
594 3634 1011 3690 ostentationem
1074 3635 1229 3691 inviti
1265 3646 1446 3693 motus
1499 3638 1761 3709 disjectus
1797 3640 2043 3696 humoris

474 3724 707 3793 pondus,
741 3741 838 3781 ceu
867 3741 992 3781 cum
1047 3729 1330 3785 nubeculae
1365 3730 1418 3783 in
1451 3745 1629 3786 rorem
1674 3732 1914 3787 converti
1955 3747 2047 3789 so-

475 3818 605 3882 lent,
634 3818 700 3872 ad
737 3820 842 3873 ima
867 3821 1058 3886 tendit,
1078 3830 1133 3875 et
1165 3821 1269 3876 hoc
1294 3831 1453 3892 pacto
1484 3832 1889 3879 crassescentes
1921 3825 2044 3881 illos

471 3925 699 3980 vapores
730 3910 781 3965 in
802 3912 1071 3983 lacrymas
1105 3913 1304 3968 resolvi
1340 3913 1624 3985 contingit.
1658 3913 1811 3970 Unde
1828 3915 2041 3984 ﬂentes,

2171 571 2492 642 ἀμϐλύνειν,
2526 571 2621 625 καὶ
2671 570 2909 640 ψυχικάς
2949 571 3190 638 ἀγωνίας
3222 572 3315 623 καὶ
3355 570 3532 633 λύπας
3567 589 3757 643 παρα-

2171 662 2493 733 μυθεῖσθαι,
2522 663 2617 716 καὶ
2646 661 2823 734 χαρὰν
2865 663 3135 732 ἐμποιεῖν.
3176 661 3242 714 Ἢ
3272 661 3380 733 γάρ
3413 663 3478 716 ἐκ
3503 662 3758 732 χαλεπῆς

2167 755 2482 824 ἀρρωστίας
2539 754 2676 823 πρὸς
2739 752 2931 821 ὑγείαν
2984 753 3030 784 ³δ
3092 754 3363 822 γενομένη
3418 754 3603 823 κρίσις
3657 755 3757 806 ἐπ’

2167 846 2356 915 ἀγαθῷ
2380 846 2445 911 ³⁸,
2478 847 2569 898 καὶ
2611 845 2783 914 φίλων
2814 846 2905 898 καὶ
2940 846 3217 913 συγγενῶν
3254 846 3350 897 καὶ
3380 845 3619 907 οἰκείων,
3650 847 3759 899 καὶ

2166 937 2333 990 αὐτοῦ
2362 937 2456 989 τοῦ
2491 936 2794 1007 κάμνοντος
2816 936 2860 968 ³⁸
2903 936 3138 1006 ὑπάρχει
3171 935 3338 1005 χαρά.
3366 934 3524 1005 Λύπη
3554 935 3613 988 δὲ
3651 937 3757 988 καὶ

2166 1028 2311 1099 χαρά
2358 1029 2434 1093 ³⁷,
2478 1029 2581 1081 ούκ
2608 1029 2650 1060 ³⁸
2682 1030 2746 1080 ὲκ
2793 1028 3201 1099 προαιρέσεως,
3245 1026 3361 1079 ἀλλ’
3398 1028 3461 1079 ἐκ
3504 1027 3607 1097 τῆς
3635 1027 3757 1080 τῶν

2166 1119 2573 1191 συμϐαινόντων
2627 1115 2956 1179 ἀκολουθίας
2983 1116 3027 1148 ²⁹
3082 1114 3453 1168 συνίστανται.
3521 1112 3581 1167 Ὀ
3633 1111 3758 1183 γὰρ

2165 1212 2304 1263 κατά
2340 1211 2430 1262 τὸν
2469 1209 2580 1279 βίον
2615 1207 3012 1279 εύθηνούμενος
3034 1207 3113 1271 ⁸⁸,
3156 1205 3372 1259 ἀκούων
3404 1222 3463 1258 τε
3494 1205 3590 1259 καὶ
3620 1205 3758 1275 βλέ-

2163 1320 2280 1356 πων
2322 1303 2391 1356 τά
2424 1303 2574 1371 αὐτῷ
2623 1300 2979 1370 καταθύμια,
3027 1298 3137 1352 τῶν
3163 1297 3438 1351 δυσκόλων
3483 1297 3539 1351 δέ
3572 1315 3628 1349 τι
3665 1298 3755 1367 μὴ

2163 1394 2479 1466 προσδοκῶν
2502 1392 2654 1465 αὐτῷ
2681 1393 2725 1425 ⁵⁸
2755 1391 3088 1462 γενήσεσθαι
3110 1389 3156 1421 δ’
3190 1388 3371 1461 χαίρει
3395 1406 3410 1420 ·
3441 1390 3469 1443 δ
3496 1389 3553 1442 δὲ
3581 1389 3754 1441 πενόο

2165 1503 2344 1557 μενος,
2394 1486 2428 1556 ἢ
2476 1484 2851 1554 τυπτόμενος,
2898 1483 2934 1552 ἢ
2983 1480 3393 1552 ζημιούμενος,
3434 1479 3469 1550 ἦ
3520 1495 3575 1531 τι
3627 1477 3752 1530 τῶν

2162 1578 2261 1629 οὐκ
2286 1577 2330 1608 ⁸⁸
2358 1574 2583 1643 ἀγαθῶν
2610 1574 2700 1628 ἀεὶ
2730 1571 3069 1645 προσδοκῶν,
3103 1571 3325 1640 ἀνάγκη
3350 1567 3644 1623 λυπεῖσθαι
3668 1569 3747 1621 “.

2231 1901 2272 1953 Τ
2280 1900 2485 1952 ίκτεται
2508 1898 2552 1929 ⁸⁸
2576 1896 2691 1961 οὖν,
2720 1898 2784 1951 ἐκ
2808 1898 2853 1929 ’⁵⁸
2890 1897 2988 1969 μὲν
3014 1899 3112 1968 τῆς
3140 1896 3336 1967 χαρᾶς,
3364 1895 3614 1964 διάχυσις
3641 1894 3749 1947 καὶ

2159 1994 2332 2061 γέλως
2350 2008 2362 2021 ·
2399 1991 2464 2042 ὲκ
2486 1988 2542 2040 δὲ
2572 1988 2670 2058 τῆς
2700 1989 2910 2060 λύπης,
2945 1986 3244 2056 στεναγμοί
3274 2003 3334 2039 τε
3373 1988 3469 2039 καὶ
3496 1985 3746 2056 δάκρυα.

2162 2089 2317 2141 Ἐστι
2341 2088 2397 2143 δὲ
2423 2089 2569 2159 λύπη
2588 2084 2829 2145 διάθεσις
2850 2083 3029 2153 ψυχῆς
3053 2079 3256 2152 ἡδονῶν
3279 2079 3623 2150 ἑστερημένη
3654 2080 3707 2110 ⁸⁷
3728 2096 3744 2109 ο

2158 2181 2469 2253 παράγεται
2502 2182 2561 2234 δὲ
2600 2180 2768 2245 λύπη
2800 2175 2951 2248 παρά
3003 2173 3065 2227 τὸ
3109 2172 3260 2225 λύειν
3287 2173 3414 2235 τοὺς
3450 2164 3610 2234 ὦπας
3653 2174 3746 2234 εἰς

2154 2274 2365 2344 δάκρυα
2388 2274 2432 2304 ⁸⁸
2459 2313 2473 2337 ,
2506 2272 2602 2327 καὶ
2629 2266 2990 2341 λυμαίνεσθαι
3017 2264 3241 2327 τούτους
3269 2281 3283 2294 ·
3323 2263 3515 2333 λυώπη
3560 2262 3606 2295 δ’
3647 2262 3745 2326 τίς
3812 2328 3815 2331 _

2154 2361 2314 2419 οὖσα.
2346 2363 2516 2427 Λύσις
2544 2363 2653 2433 γάρ
2691 2362 2791 2429 τῆς
2818 2359 2995 2429 ψυχῆς
3024 2360 3140 2411 ἐστι
3174 2355 3234 2409 τὸ
3263 2355 3434 2419 πάθος
3469 2355 3531 2408 τὸ
3564 2354 3745 2423 λυπηο

2159 2454 2249 2525 ρόν
2274 2469 2288 2483 ο
2325 2452 2503 2525 χαρὰν
2553 2453 2610 2504 δὲ
2650 2449 2923 2522 ὁρίζονται
2957 2449 3054 2518 τὴν
3084 2446 3193 2499 τῶν
3239 2446 3595 2516 καταθυμίων
3640 2448 3745 2497 ὲκ-

2155 2541 2462 2613 πλήρωσιν.
2500 2540 2572 2592 Τὸ
2608 2539 2666 2592 δὲ
2716 2538 2982 2606 δάκρυον
3010 2532 3122 2589 οἷόν
3153 2553 3205 2588 τι
3236 2536 3458 2589 δάκνυόν
3489 2537 3609 2586 ἐστι
3633 2535 3693 2566 ⁸⁸
3720 2551 3740 2565 ο

2152 2630 2556 2701 δακνομένης⁵¹
2596 2629 2706 2698 γάρ
2754 2627 2855 2696 τῆς
2908 2626 3090 2696 ψυχῆς
3116 2624 3162 2655 ⁸⁸
3212 2623 3490 2693 ἐξέρχεται.
3534 2621 3595 2673 τὸ
3623 2620 3737 2674 δά-

2153 2738 2338 2793 κρυον.
2386 2720 2450 2774 Ἦ
2483 2720 2540 2773 δὲ
2568 2719 2779 2788 γένεσις
2812 2716 2977 2771 αὐτοῦ
3002 2717 3201 2769 τοιάδε·
3251 2714 3364 2783 Τῆς
3389 2711 3738 2780 ἐπελθούσης

2152 2813 2306 2877 ἀνίας
2324 2812 2400 2883 τῷ
2423 2810 2694 2884 ἀνθρώπῳ
2717 2811 2763 2842 ⁵³
2785 2810 2886 2880 τὴν
2908 2809 3085 2879 ψυχὴν
3110 2804 3525 2875 συστελλούσης,
3558 2804 3737 2873 βρασ-

2157 2904 2340 2976 μώδης
2397 2901 2728 2974 στενοχωρία
2764 2904 2877 2962 τοῖς
2925 2899 3136 2954 ἔνδοθεν
3181 2896 3485 2964 ἐπιγίνεται
3517 2893 3733 2962 σπλάγ-

2151 3014 2300 3068 χνοις
2322 3012 2336 3025 ·
2379 2993 2440 3060 ἐξ
2472 2990 2539 3067 ἦς
2571 2994 2937 3061 ἀναθυμίασις
2972 2992 3196 3061 πλείστη
3231 2990 3417 3059 ὑγρῶν
3465 2986 3604 3058 πρὸς
3632 2986 3734 3039 τὸν

2149 3090 2451 3159 ἐγκέφαλον
2493 3089 2701 3159 γίνεται
2726 3102 2741 3117 ·
2771 3088 2899 3140 ὅταν
2941 3085 2997 3137 δὲ
3028 3083 3193 3137 αὑτοῦ
3235 3081 3305 3135 τά
3333 3081 3491 3133 κοῖλα
3522 3078 3632 3132 τῶν
3658 3081 3731 3131 ὲκ

2151 3184 2253 3253 τῆς
2301 3183 2478 3253 λύπης
2523 3181 2941 3251 ἀναθυμιάσεων
2983 3176 3357 3248 πληρωθῶσι,
3418 3173 3561 3245 πρὸς
3600 3172 3732 3235 τοὺς

2152 3274 2448 3344 ὀφθαλμῶν
2471 3275 2517 3305 ⁸³
2550 3272 2853 3327 ἀπωθεῖται
2894 3270 3129 3341 χιτῶνας
3157 3269 3258 3338 τὴν
3289 3267 3559 3338 ὑγρασίαν
3585 3281 3601 3295 °
3631 3266 3731 3319 καὶ

2151 3371 2217 3439 τῇ
2246 3367 2337 3421 τοῦ
2369 3366 2667 3437 ἀδουλήτου
2692 3366 2738 3397 ⁸⁸
2769 3364 2916 3434 δήξει
2945 3364 2991 3397 ⁵⁵
3014 3362 3109 3417 τοῦ
3141 3361 3310 3434 ὑγροῦ
3351 3358 3732 3423 ἀποσκευαζό-

2156 3477 2316 3531 μενον
2359 3459 2421 3512 τὸ
2453 3458 2618 3530 βάρος
2649 3457 3053 3527 καταφέρεται,
3088 3455 3278 3527 ῶσπερ
3325 3454 3487 3521 νέφος
3516 3454 3597 3513 εἰς
3625 3450 3731 3519 ψει-

2151 3549 2312 3610 κάδα.
2367 3547 2540 3612 οὕτως
2585 3546 2680 3601 τοῦ
2711 3545 2918 3617 πάχους
2934 3546 2979 3579 ⁸⁷
3018 3543 3129 3598 τῶν
3159 3541 3349 3613 ἀτμῶν
3382 3538 3729 3598 διαλυθέντος

2151 3642 2230 3704 είς
2269 3639 2527 3711 δάκρυον.
2587 3638 2757 3692 Ἔνθα
2800 3637 2897 3691 καὶ
2947 3635 3114 3706 ἡδονή
3144 3634 3229 3698 τίς
3276 3634 3432 3697 ἐστι,
3492 3629 3655 3699 φησὶν
3697 3630 3729 3681 ὁ

2152 3733 2325 3803 μέγας
2357 3730 2658 3795 Βασίλειος,
2688 3732 2801 3794 τοῖς
2825 3728 3188 3799 λυπουμένοις
3215 3724 3345 3797 περὶ
3370 3724 3462 3777 τὸν
3487 3722 3688 3794 θρῆνον
3706 3734 3724 3748 ’

2148 3822 2519 3886 λανθανόντως
2547 3821 2635 3875 διὰ
2660 3820 2756 3875 τοῦ
2789 3819 3000 3875 κλαίειν
3028 3817 3361 3889 κενουμένου
3393 3815 3580 3877 αὐτοῖς
3625 3808 3724 3864 τοῦ

2146 3914 2497 3985 βαρύνοντος.

474 4017 531 4061 ιιι
560 4023 790 4076 magnus
820 4006 1049 4063 Basilius
1098 4018 1395 4073 asseverat,
1460 4009 1589 4064 dum
1643 4011 1773 4080 ipsis
1803 4012 1945 4080 quod
1978 4011 2257 4068 cerebrum
2310 4010 2567 4080 degravat
2623 4007 2955 4071 exinanitur,
3014 4005 3292 4074 voluptate
3351 4001 3587 4073 quadam
3619 4000 3726 4057 sub

472 4105 620 4156 luctu
661 4103 860 4157 latente
907 4104 1237 4161 alliciuntur.

544 4257 617 4309 Ex
642 4257 744 4312 bac
768 4297 782 4321 ,
806 4259 1051 4326 inquam,
1082 4275 1244 4330 quam
1265 4262 1606 4317 asseruimus
1639 4264 1906 4318 viscerum
1938 4282 2038 4319 an-

470 4349 670 4416 gustia,
703 4363 768 4404 ac
801 4348 1032 4416 plurima
1069 4351 1435 4417 exhalatione,
1469 4369 1595 4407 cum
1643 4364 1696 4409 et
1722 4356 2040 4425 respiratio-

470 4440 555 4494 nls
608 4441 973 4495 instrumenta
1036 4441 1490 4511 comprimantur,
1549 4458 1925 4514 saepenumero
1971 4448 2040 4501 ab

470 4535 583 4603 ipsa
614 4542 805 4588 natura
827 4533 1054 4605 spiritus
1086 4541 1292 4590 tractus
1319 4534 1668 4591 violentiores
1689 4537 2035 4606 emittuntur,

470 4626 682 4696 quohis
704 4643 825 4697 qua:
862 4636 1157 4683 evenerant
1187 4627 1477 4683 dilatandis
1542 4629 1817 4699 suppetias
1876 4633 2035 4687 ades-

468 4729 566 4775 set.
627 4719 726 4774 Cui
775 4720 993 4789 quidem
1036 4720 1303 4776 accidenti
1363 4720 1600 4776 tristitia:
1663 4736 1862 4777 nomen
1931 4721 2036 4776 im-

466 4826 671 4879 pones;
708 4822 1060 4883 quapropter,
1110 4813 1395 4883 gemitum,
1454 4812 1561 4867 hoc
1614 4812 2037 4868 exbalationem-

462 4917 566 4971 que
607 4917 1005 4973 nuncupamus.
1063 4905 1257 4959 Anima
1317 4919 1553 4974 namque
1593 4905 1709 4975 ipsa
1760 4920 1854 4976 per
1894 4906 2036 4960 hunc

462 4995 722 5060 gemitum
757 5010 877 5049 sese
904 4997 1076 5065 quasi
1120 4997 1311 5060 reﬁcit,
1367 4996 1436 5050 ab
1480 4997 1574 5051 illo
1597 4998 1794 5052 ardore
1827 4997 1920 5065 qui
1964 4997 2035 5050 ob

460 5084 1189 5154 supervenientemtristitize
1248 5102 1537 5141 maerorem
1576 5088 1627 5139 in
1676 5087 1839 5142 corde
1873 5102 2023 5141 cras-

530 5306 574 5335 ³³
606 5303 714 5373 γάρ
745 5302 804 5357 Β.
878 5302 1270 5378 ’δ’ὑγμείανβη
1333 5305 1377 5378 ³ξ⁵
1413 5303 1497 5356 ἐπ’
1529 5304 1749 5378 ἀγαθῶν
1783 5306 1843 5359 C.
1906 5307 1957 5378 “A
1979 5324 2031 5357 κ.
2075 5324 2130 5359 α.
2162 5307 2257 5360 τοῦ
2307 5308 2756 5378 κάμνοντοςῄοιιι.
2785 5308 2846 5359 Β.
2925 5308 2970 5341 ³⁷
3010 5308 3060 5361 λ.
3093 5306 3149 5378 δὲ
3182 5306 3277 5359 καὶ

754 5376 867 5428 καὶ.
898 5375 1000 5426 οὐκ
1036 5371 1095 5426 Ρ.
1174 5373 1216 5406 ³⁸
1250 5374 1405 5427 άκολ.
1445 5389 1556 5427 orn.
1590 5374 1650 5426 Β.
1687 5390 1807 5428 mox
1839 5376 2175 5429 συνίσταται.

1890 5445 1938 5477 ⁸⁸
1964 5463 2061 5515 πρ.
2088 5446 2313 5515 εὔδηλον
2349 5448 2431 5500 ὃτι
2454 5445 2703 5499 λυπεῖται
2732 5447 2797 5500 Ρ.

1285 5515 1331 5545 ⁸⁸
1368 5516 1459 5581 qui
1497 5514 1655 5570 habet
1683 5515 1791 5567 ἀπό
1823 5532 1918 5580 pro
1941 5512 2038 5569 οὖν
2062 5520 2145 5570 ἐκ.

1656 5585 1703 5616 ⁸⁰
1732 5585 2018 5640 τίδάκνιον
2063 5587 2114 5638 τί
2147 5588 2262 5639 ἐστι
2306 5588 2370 5650 Δ,
2398 5582 2523 5647 ζοίον
2577 5585 2805 5640 δάκνυον
2851 5582 3054 5652 ἐστι’Β,
3092 5582 3203 5641 οἶόν
3228 5604 3281 5639 τι
3319 5582 3551 5641 δάκνυον
3578 5588 3618 5640 (3
3645 5587 3705 5640 Ρ.

458 5375 725 5453 “μῴή

453 5442 558 5497 τοῦθ
585 5442 794 5511 γενᾹΒ.
873 5444 919 5475 ⁸³
959 5442 1216 5510 γενέσθαι
1254 5446 1316 5496 Ρ.
1394 5444 1439 5476 ⁸³
1478 5445 1576 5497 οὐκ
1610 5461 1719 5498 unt.
1751 5445 1813 5497 Α.

452 5514 548 5569 οὖν
588 5516 648 5567 Β.
674 5514 919 5568 τίκτεται
954 5514 1012 5567 δὲ
1038 5514 1079 5567 C
1107 5515 1171 5567 P.

455 5582 499 5614 ⁵³
534 5586 614 5646 είς
648 5584 694 5637 δ.
724 5587 853 5648 τοὺς
873 5578 1029 5647 ὦπας
1069 5584 1131 5638 Β.
1207 5585 1251 5615 ⁸³
1295 5578 1466 5654 λυόπη
1492 5584 1551 5638 Β.

523 5653 877 5728 δαπξΥωμένης
900 5656 966 5709 Α.
1010 5654 1087 5728 _”
1118 5656 1343 5728 καρδίας
1442 5656 1568 5728 llP.
1645 5656 1691 5728 ’ἦ
1730 5656 1820 5728 τον
1853 5656 2140 5728 ἄνθρωπον
2181 5658 2239 5710 Β.
2316 5658 2361 5689 ⁸⁸
2386 5657 2495 5708 τῶν
2536 5655 2659 5728 ὀφθ.
2693 5656 2733 5707 Β
2832 5658 2894 5709 Ρ.

1652 5726 1697 5758 ⁵³
1728 5727 1797 5779 τά
1817 5725 2226 5781 ἀναπνευστικά
2258 5725 2736 5847 στενοχωρούμενα
2767 5725 2974 5797 ὄργανα
3028 5727 3086 5781 Β.
3155 5729 3200 5761 ⁸³
3244 5726 3609 5782 πεπτωκότων
3637 5730 3699 5778 Δ.

1652 5798 1680 5847 ἰ.
1720 5813 1766 5847 ν.
1802 5797 1979 5847 λύπης
2002 5815 2111 5847 nm.
2152 5801 2207 5847 Β.
2241 5800 2346 5847 ὑπὸ
2380 5814 2430 5847 τ.
2464 5796 2510 5847 λ.
2534 5798 2572 5847 (Σ
2641 5834 2657 5847 .

606 5722 650 5754 ³⁷
691 5722 751 5775 τὸ
785 5722 957 5795 πάχος
1010 5724 1072 5778 Β.
1106 5722 1227 5780 mox
1282 5724 1550 5778 διαλυθέν.

2228 4265 2321 4318 Ἐκ
2340 4264 2398 4318 δὲ
2424 4265 2525 4333 τῆς
2552 4262 2849 4333 εἰρημένης
2868 4261 2978 4315 τῶν
3010 4261 3333 4331 σπλάγχνων
3356 4258 3721 4330 στενοχωρίας

2145 4356 2367 4426 καὶτῆς
2416 4356 2619 4427 πολλῆς
2665 4352 3118 4423 ἀναθυμιάσεως,
3155 4353 3250 4405 καὶ
3299 4350 3409 4405 τῶν
3440 4354 3720 4406 ἀνάπνευ-

2145 4447 2346 4501 στικῶν
2419 4445 2944 4517 στενοχωρουμένων
2997 4445 3247 4514 ὀργάνων
3287 4444 3333 4477 ⁸⁸
3357 4485 3373 4512 ,
3438 4443 3721 4514 βιαιοτέρα

2143 4540 2402 4603 πολλάκις
2434 4540 2467 4611 ή
2502 4538 2636 4609 ὁλκὴ
2663 4535 2755 4592 τοῦ
2812 4536 3124 4606 πνεύματος
3177 4535 3427 4604 γίνεται,
3478 4534 3587 4588 ὑπὸ
3619 4533 3719 4604 τῆς

2142 4632 2357 4702 φύσεως
2391 4633 2525 4701 πρὸς
2555 4631 2655 4701 τὴν
2705 4629 2816 4683 τῶν
2851 4627 3333 4699 συμπεπτωκότων
3351 4630 3397 4661 ⁸⁸
3428 4627 3716 4697 διαστολὴν

2136 4723 2198 4775 τὸ
2243 4721 2517 4775 στενωθὲν
2546 4719 2903 4793 εὑρυνούσης.
2933 4719 3006 4772 Τὸ
3032 4718 3090 4772 δὲ
3120 4718 3363 4772 τοιοῦτον
3394 4717 3718 4788 σύμπτωμα

2136 4814 2315 4885 λύπης
2345 4813 2463 4867 ὲστί
2488 4830 2502 4846 ο
2540 4813 2623 4866 διὸ
2653 4812 2960 4883 στεναγμὸν
2996 4811 3129 4865 αὐτὸ
3174 4812 3269 4865 καὶ
3301 4810 3649 4880 ἀποπιεσμδν
3671 4808 3714 4840 ⁸⁸

2135 4906 2497 4977 ὀνομάζομεν.
2542 4907 2867 4961 Ἀνακτᾶται
2894 4904 3002 4975 γὰρ
3024 4905 3082 4959 ἐν
3110 4904 3285 4975 τούτῳ
3305 4903 3384 4973 τῷ
3419 4899 3712 4979 στεναγμῷ

2135 4991 2244 5051 οἷον
2275 4998 2474 5068 ἑαυτὴν
2503 4998 2536 5068 ή
2573 4996 2743 5069 ψυχὴ,
2786 4999 2854 5068 τῇ
2892 4996 3182 5068 ἀποκρίσει
3205 4996 3305 5065 τῆς
3340 4994 3711 5066 παχυνθείσης

2135 5092 2192 5142 ὲν
2216 5093 2284 5161 τῇ
2317 5090 2515 5163 καρδίᾳ
2536 5089 2625 5143 διὰ
2647 5091 2747 5159 τῆς
2782 5088 2959 5159 λύπης
2982 5089 3025 5122 ⁸¹
3065 5089 3293 5161 αἱθάλης
3316 5130 3331 5155 ,
3362 5088 3459 5143 καὶ
3490 5091 3557 5160 τῇ
3592 5087 3710 5141 ἀντ·

2253 5330 2257 5351 ι
2307 5308 2609 5378 κάμνοντος
2647 5320 2756 5361 om.
2785 5308 2846 5359 B.
2925 5308 2970 5341 ³⁷
3010 5308 3060 5361 λ.
3093 5306 3149 5359 δὲ
3182 5306 3277 5359 καὶ
3321 5326 3372 5376 χ.
3415 5321 3527 5361 om.
3575 5308 3617 5359 Β
3649 5306 3708 5361 C.

2253 5378 2297 5408 ὀ
2339 5376 2797 5463 ξνευὶθηνοηύμενρὶς
2829 5374 3313 5463 Βιιεὺθυνούμενος
3477 5378 3521 5408 δ’
3564 5377 3713 5463 αύτῷ

2260 5464 2313 5499 ον
2349 5448 2431 5500 ὃτι
2454 5447 2703 5499 λυπεῖται
2732 5447 2797 5500 Ρ.
2872 5448 2917 5479 ⁸⁸
2956 5451 3183 5517 τήκεται
3211 5447 3277 5499 Α.
3325 5448 3573 5500 τίκτεται
3616 5448 3712 5516 μὲν

2260 5518 2302 5548 ⁸⁷
2345 5520 2457 5571 haec
2506 5532 2613 5570 om.
2651 5518 2715 5568 Α.
2775 5517 3169 5571 ὲστεριγιιένης
3226 5516 3268 5568 Ρ
3304 5515 3449 5571 λύπη
3503 5534 3613 5570 om.
3648 5518 3708 5571 P.

2363 5533 2457 5571 11³0
2506 5532 2613 5570 01η.
2651 5532 2715 5568 Α.
2775 5532 3169 5625 εστεριγμενης
3226 5532 3268 5568 Γ
3306 5532 3450 5585 λύπη
3503 5534 3613 5570 0111.
3648 5532 3708 5581 I’,

2398 5582 2523 5625 'nrnu
2577 5585 2805 5625 δᾶνυιιῆυ
2851 5589 2960 5625 ἔφη
2994 5587 3033 5625 η
3092 5604 3119 5625 n
3142 5587 3203 5625 riu
3228 5604 3277 5625 er
3319 5587 3551 5625 δᾶνυηηυ
3578 5588 3618 5625 (ἶ
3646 5587 3685 5625 Ρ

2970 5659 3015 5691 ⁸³
3052 5656 3339 5711 ἀδουλίτου
3366 5658 3428 5712 C.
3502 5657 3550 5687 "
3579 5655 3703 5724 δόξη

454 5793 499 5825 ⁸⁸
526 5795 852 5862 ποτνιασμὸν
879 5793 941 5862 Α,
976 5796 1384 5864 ἀποπνειασμὺν
1421 5795 1477 5849 Β.
1556 5796 1593 5825 ⁶¹
1634 5796 1680 5849 δ.
1720 5813 1766 5850 ν.
1802 5797 1979 5868 λύπης
2002 5815 2111 5854 om.
2152 5801 2207 5852 Β.
2241 5800 2346 5853 ὑπὸ
2380 5793 2510 5851 τῙλΣ
2534 5798 2572 5851 C
2595 5793 2657 5849 Ρ.
