4054 6216
488 306 632 362 usa
1797 301 2081 359 MELE'I‘II
2124 304 2435 363 MONACHI
2974 264 2977 265 ί
3438 288 3441 289 ί
3625 302 3769 359 tuo

556 426 654 482 Dei
683 442 811 482 vero
842 427 896 481 iu
929 427 1016 481 his
1080 426 1206 480 item
1240 424 1400 479 nobis
1450 432 1537 480 est
1567 424 1831 481 auxilium
1868 428 2065 497 implo-
2096 450 2141 506 Α

486 519 744 583 randum,
794 535 904 589 quo
952 518 1234 588 proposito
1273 527 1464 575 nostro
1496 521 1553 574 in
1604 521 1796 575 horum
1862 533 2063 577 conatu

490 612 806 681 opituletur,
843 626 910 664 ne
969 610 1181 665 scilicet
1225 611 1508 680 sapientiae
1554 612 1675 682 ejus
1705 629 1845 683 opus
1874 616 2066 686 depre-

489 703 723 758 hendere
751 711 1035 768 conantes,
1055 703 1124 756 ab
1142 703 1356 758 inscitia
1390 718 1491 759 nos
1520 705 1642 773 plus
1669 706 1840 759 nimio
1861 707 2066 776 impru-

486 795 780 863 dentiaque
840 794 1042 848 irretiri
1088 796 1345 863 patiatur.
1397 795 1702 867 Siquidem,
1759 798 1853 868 qtti
1898 813 2067 867 supra

486 887 629 941 vires
655 885 934 955 quidpiam
960 887 1280 951 moliuntur,
1314 888 1367 941 in
1390 888 1619 944 modicis
1645 889 1810 944 etiam
1839 888 2072 944 frustra-

486 978 529 1031 ri
572 976 768 1033 solent.
831 976 1333 1045 Verumenimvero,
1372 980 1426 1034 in
1460 980 1565 1035 hoc
1595 989 1815 1043 conatu,
1844 980 2070 1036 minime

484 1069 703 1139 quidem
752 1070 997 1141 segnitia:
1017 1071 1321 1126 vacandum
1368 1072 1880 1143 desperandumque
1928 1073 2072 1128 video

486 1175 608 1229 tur;
631 1178 757 1217 nam
790 1164 906 1233 ipse
931 1175 1010 1220 est
1042 1166 1136 1235 qui
1160 1166 1275 1220 ait:
1309 1185 1327 1217 ι
1351 1166 1454 1232 Qui
1480 1168 1610 1237 petit
1637 1167 1858 1237 accipit,
1893 1176 1948 1222 et
1970 1167 2064 1237 qui

484 1256 679 1326 quaerit
703 1258 930 1323 invenit,
976 1274 1042 1314 ac
1079 1259 1318 1329 pulsanti
1351 1260 1643 1329 aperietur.
1684 1281 1703 1311 ι

2244 429 2439 481 Ἔσται
2466 426 2562 480 καὶ
2607 427 2665 480 ἐν
2705 425 2883 495 τούτῳ
2932 423 2980 456 ⁸⁵
3017 422 3153 494 εὑχὴ
3182 423 3335 495 παρά
3378 423 3589 495 Κυρίου
3626 426 3766 480 Θεοῦ

2170 519 2265 573 τοῦ
2304 518 2571 591 βοηθῆσαι
2602 519 2736 588 ἡμῖν
2768 519 2883 580 τοῖς
2934 515 3298 586 διανοήμασιν
3347 514 3440 567 ἐπὶ
3488 514 3671 587 ταύτῃ
3701 519 3770 587 τῇ

2175 615 2398 684 σκέψειο
2434 615 2584 679 ὅπως
2620 614 2694 685 μὴ
2726 611 3114 683 πληθυνθῶσιν
3153 614 3209 665 αί
3260 611 3477 680 ἄγνοιαι
3512 630 3642 683 μου,
3674 617 3772 665 καὶ

2175 709 2231 761 αἱ
2262 708 2546 762 ἀσυνεσίαι
2571 726 2676 779 μου
2701 706 3097 769 πλεονάσωσιν,
3126 703 3268 775 ἔργα
3299 703 3493 774 σοφίας
3526 705 3704 759 αὑτοῦ
3724 707 3771 739 ⁸³

2172 801 2422 869 ἀνάγνως
2451 801 2548 854 καὶ
2586 799 2817 870 ἀμαθῶς
2868 798 3184 867 ὲρευνῶντι.
3222 798 3285 851 Oi
3332 798 3443 868 γάρ
3474 798 3587 851 τῶν
3628 798 3774 867 ὑπὲρ

2172 891 2403 963 δύναμιν
2432 892 2709 963 ἐφιέμενοι
2745 892 2844 946 καὶ
2876 890 2988 944 τῶν
3021 890 3259 961 μετρίων
3293 891 3773 961 ἀποτυγχάνουσι.

2173 984 2322 1055 Πλὴν
2365 986 2466 1038 οὑκ
2496 983 2836 1055 ἀποκνητέοί
2883 982 3005 1035 οὑδὲ
3042 982 3427 1050 ἀπογνωστέον
3450 982 3552 1053 τῆς
3581 983 3775 1054 ἐγχει-

2177 1078 2407 1147 ρήσεως·
2441 1077 2603 1141 αὑτὸς
2632 1077 2741 1147 γάρ
2763 1077 2912 1129 ἐστιν
2931 1076 2962 1127 ὁ
2985 1075 3032 1107 ⁸⁸
3058 1093 3077 1126 ι
3104 1075 3219 1137 Πᾶς
3246 1076 3274 1128 ὁ
3297 1075 3469 1129 αίτῶν
3496 1073 3778 1145 λαμσάνεε

2172 1168 2366 1222 εἰπών·
2396 1171 2492 1223 καὶ
2528 1170 2560 1222 ὁ
2596 1167 2779 1239 ζητῶν
2808 1166 3059 1238 εὑρήσει,
3088 1167 3187 1220 καὶ
3218 1164 3299 1237 τῷ
3326 1165 3585 1237 κρούοντι
3613 1168 3777 1221 ἀνοι-

2171 1264 2422 1332 γήσεται.
2456 1281 2476 1315 ι

1332 1369 1409 1425 De
1435 1373 1673 1442 partibus
1696 1388 1813 1443 qua
1842 1371 2106 1427 similares
2136 1371 2590 1441 dissimilaresque
2615 1371 2886 1426 dicuntur.

554 1485 744 1543 Partes
793 1502 915 1557 qua:
966 1496 1157 1542 nostro
1216 1486 1269 1540 in
1314 1501 1545 1565 corpore
1593 1499 1764 1554 sunt,
1813 1492 2062 1559 quaedam

482 1580 701 1649 quidem
731 1579 1023 1645 similares,
1057 1580 1302 1650 quaedam
1335 1595 1462 1634 vero
1483 1580 1840 1637 dissimilares
1866 1582 2065 1636 haben-

485 1683 591 1725 tur.
660 1672 725 1725 lit
786 1672 1057 1725 similar-es
1122 1671 1364 1740 quidem,
1418 1669 1695 1738 simplices
1744 1679 1799 1727 et
1874 1673 2063 1742 primze

2244 1486 2366 1541 Τῶν
2401 1488 2458 1540 ὲν
2488 1488 2600 1549 τοῖς
2628 1484 2877 1556 σώμασιν
2917 1484 3077 1557 ἡμῶν
3110 1482 3317 1555 μερῶν,
3345 1480 3415 1535 τὰ
3448 1481 3546 1552 μὲν
3576 1483 3777 1551 ὁμοιο-

2174 1582 2317 1652 μερῆ
2347 1580 2599 1649 λέγεται,
2630 1578 2701 1632 τὰ
2729 1579 2786 1631 δὲ
2830 1579 3225 1649 ἀνομοιομερῆ.
3275 1576 3611 1646 Ὀμοιομερῆ
3661 1574 3777 1643 μὲν

2167 1673 2237 1724 τὰ
2268 1669 2417 1724 ἁπλᾶ
2449 1671 2542 1723 καὶ
2573 1669 2787 1740 πρῶταο
2827 1662 2960 1734 οἷον,
2988 1663 3159 1738 αἷμα,
3204 1664 3422 1735 φλέγμα
3442 1704 3456 1729 ,
3493 1663 3625 1734 χολὴ
3661 1666 3766 1734 μέ-

483 1771 631 1827 sunt,
666 1771 725 1815 ut
780 1760 1027 1829 sanguis,
1067 1760 1285 1830 pituita,
1342 1762 1591 1831 flavaque
1646 1770 1699 1816 et
1739 1771 1855 1816 atra
1910 1762 2057 1818 bilis.

2176 1763 2327 1816 >.αινα
2367 1761 2463 1814 καὶ
2509 1760 2676 1832 ξανθή
2697 1761 2766 1813 ⁸⁷.
2817 1762 2884 1813 Ἀ
2925 1759 2985 1814 δὲ
3024 1756 3329 1827 στοιχεῖα⁸¹
3358 1754 3454 1808 τοῦ
3504 1753 3770 1826 σώματός

485 1849 607 1905 llaec
638 1859 690 1904 et
718 1849 966 1918 corporis
989 1858 1117 1903 sunt
1150 1848 1437 1912 elementa,
1468 1862 1531 1902 ex
1582 1846 1803 1918 quibus,
1843 1864 1905 1902 ac
1935 1863 2059 1902 cum

482 1943 699 2011 quibus,
729 1942 1036 2003 cerebrum,
1074 1940 1427 2006 membrana‘,
1469 1942 1727 2007 musculi,
1755 1941 1925 2001 nervi,
1955 1957 2064 1996 tne-

480 2033 626 2087 dulla
645 2048 767 2102 qute
794 2031 845 2085 in
880 2030 1099 2085 ossibus
1116 2039 1219 2095 est,
1240 2046 1364 2085 ossa
1388 2028 1527 2100 ipsa,
1546 2028 1757 2093 dentes,
1778 2030 2060 2101 cartilago,

481 2124 664 2179 rarnis
702 2124 755 2177 in
794 2138 851 2177 se
884 2124 1191 2177 convoluta:
1246 2121 1500 2189 durities,
1553 2120 1700 2192 quod
1736 2122 1811 2175 illi
1846 2122 2060 2184 ἀδένας,

481 2236 579 2274 nos
611 2218 861 2272 tonsillas
883 2217 1137 2281 dicimus,
1177 2216 1493 2286 ligamenta,
1526 2216 1735 2271 cerebri
1760 2215 2060 2285 panniculi,

480 2312 649 2373 librae,
685 2311 800 2379 pili,
850 2325 1083 2380 ungues,
1117 2324 1268 2373 caro,
1303 2325 1471 2375 venae,
1531 2309 1765 2372 arteriae,
1823 2317 2059 2375 meatus,

479 2403 669 2472 adeps,
722 2401 888 2465 cutis,
926 2402 1093 2466 tendi,
1139 2401 1195 2455 bi
1250 2410 1452 2467 autem,
1504 2399 1962 2471 quemadmodum
2009 2409 2063 2454 et

481 2493 734 2557 musculi,
768 2510 833 2549 ex
877 2493 1185 2564 ligamentis
1223 2492 1617 2561 venalibusque
1657 2490 1809 2546 ﬁbris
1835 2506 2061 2561 compo-

478 2584 568 2639 siti
610 2594 783 2640 sunt:
816 2594 868 2640 ct
910 2584 1028 2639 haec
1060 2584 1278 2654 quidem
1332 2583 1590 2639 similaria
1649 2591 1703 2637 et
1746 2582 1918 2654 prima
1968 2584 2059 2637 ha-

479 2679 700 2733 bentur.
734 2676 812 2733 Ex
840 2677 949 2743 his,
1003 2676 1437 2742 dissimilarium,
1466 2686 1520 2731 et
1572 2694 1692 2746 quae
1727 2677 2065 2732 instrumen-

482 2768 611 2823 tulia
640 2778 787 2835 sunt,
810 2768 1136 2839 compositio
1159 2769 1236 2833 lit,
1259 2767 1455 2838 capitis
1485 2767 1757 2832 videlicet,
1797 2766 2061 2838 pectoris,

479 2878 765 2926 manuum,
796 2861 994 2931 pedum
1018 2870 1283 2915 eteorum
1306 2876 1426 2928 qua:
1449 2875 1511 2914 ex
1542 2860 1878 2915 similaribus
1914 2875 2066 2915 com—

480 2955 656 3019 posita
677 2963 823 3008 sunt.
848 2952 1059 3007 Etenim
1076 2967 1269 3006 omnes
1291 2951 1655 3007 dissimilarcs
1689 2961 1872 3022 partes
1907 2968 1972 3007 ex
1995 2953 2065 3008 si-

2165 1856 2322 1920 εἰσιν,
2359 1854 2417 1920 ἐξ
2447 1848 2521 1907 ὧν
2553 1854 2646 1907 καὶ
2698 1854 2818 1923 μεθ’
2852 1845 2928 1906 ὧν
2957 1852 3003 1884 ⁸⁸
3058 1848 3362 1919 ἐγκέφαλος
3386 1889 3401 1911 ,
3453 1850 3725 1919 μήνιγγες
3746 1890 3767 1910 .

2167 1947 2337 2017 μύες,
2370 1945 2536 2018 νεῦρα
2564 1985 2579 2007 ,
2621 1945 2815 2018 μυελὸς
2859 1947 2886 1999 ὁ
2936 1946 2994 1998 ὲν
3044 1945 3157 2007 τοῖς
3206 1942 3460 2005 ὀστέοις,
3510 1940 3651 1994 αὐτὰ
3692 1942 3769 1995 τὰ

2164 2040 2302 2093 ὀστᾶ
2322 2040 2393 2103 ὀ,
2428 2039 2651 2109 χόνδρος
2669 2080 2683 2103 ,
2721 2037 2938 2101 ἁδένες,
2975 2035 3267 2104 σύνδεσμοι
3287 2072 3303 2096 ,
3343 2032 3542 2103 ὑμένες
3561 2072 3577 2095 ,
3605 2028 3721 2094 ῐνες
3742 2073 3763 2098 ,

2162 2129 2379 2201 τρίχες,
2423 2129 2649 2199 ὄνυχες,
2686 2127 2889 2199 σάρκες
2915 2167 2929 2191 ,
2966 2125 3191 2195 φλέϐες,
3228 2124 3527 2195 ἀρτηρίαι,
3561 2122 3761 2192 πόροι,

2164 2222 2391 2295 πιμελὴ,
2419 2222 2622 2292 δέρμα,
2652 2221 2900 2283 τένοντες
2921 2219 2989 2284 ⁹¹,
3024 2218 3273 2271 σύνθετοι
3301 2217 3359 2270 δὲ
3387 2208 3536 2269 οὗτοι
3566 2213 3763 2282 ῶσπερ

2163 2317 2257 2368 καὶ
2288 2315 2336 2368 oi
2372 2314 2532 2385 μῦες,
2564 2314 2627 2367 ἐκ
2660 2329 2721 2365 τε
2754 2310 3074 2381 συνδέσμων
3104 2310 3199 2363 καὶ
3230 2306 3516 2377 νευρωδὼν
3553 2306 3683 2358 ἰνῶν
3710 2307 3763 2335 ’⁸

2165 2405 2539 2476 συγκείμενοι·
2559 2403 2737 2458 ταῦτα
2761 2402 2863 2473 μὲν
2884 2396 2978 2455 οὖν
3001 2400 3072 2453 τὰ
3092 2395 3398 2471 ὁμοιομερῆ
3419 2397 3512 2451 καὶ
3536 2395 3763 2465 πρῶτα.

2176 2498 2266 2566 Ἐξ
2288 2491 2364 2552 ὧν
2390 2498 2459 2551 τὰ
2482 2496 2852 2567 ἀνομοιομερῆ
2874 2495 2969 2549 καὶ
2996 2492 3265 2566 ὀργανικὰ
3293 2487 3659 2556 συνετέθησαν
3687 2487 3762 2519 "-

2162 2587 2298 2657 οἷον,
2335 2590 2569 2662 κεφαλὴ,
2601 2589 2807 2660 θώραξ,
2844 2590 3057 2658 χεῖρες,
3096 2585 3283 2654 πόδες,
3304 2582 3398 2636 καὶ
3420 2582 3522 2635 ὅσα
3546 2581 3612 2632 ἐκ
3640 2579 3770 2632 τῶν

2163 2679 2509 2752 ὁμοιομερῶν
2569 2678 2826 2748 συνέστη.
2884 2678 3000 2731 Πᾶν
3072 2675 3182 2746 γὰρ
3242 2670 3639 2743 ἀνομοιομερὲς
3704 2670 3766 2735 ἐξ

2165 2771 2511 2845 ὁμοιομερῶν
2533 2772 2870 2841 συνέστηκεν
2888 2785 2902 2799 ο
2933 2771 2998 2822 ἐκ
3025 2767 3236 2821 τούτων
3256 2766 3313 2819 δὲ
3344 2766 3405 2817 τὸ
3436 2763 3766 2834 σύμμετρον

2166 2866 2199 2938 ἢ
2230 2865 2585 2937 ἀσύμμετρον
2622 2863 2784 2934 σῶμα
2811 2879 2825 2894 ⁸
2863 2862 2963 2933 τῆς
2990 2862 3038 2893 ’⁸
3070 2858 3414 2931 συμμετρίας
3450 2859 3508 2910 ὲν
3529 2855 3765 2925 τέτρασι

2167 2956 2380 3020 τούτοις
2409 2955 2796 3027 θεωρουμένης
2819 2954 2887 2986 ’⁸ο
2923 2954 2982 3005 ὲν
3016 2952 3293 3022 σχήματι,
3325 2949 3385 3001 ὲν
3412 2946 3664 3017 ἀριθμῷ,
3705 2948 3766 2997 ἐν

483 3045 768 3100 milaribus
801 3044 1135 3114 compositas
1175 3060 1298 3100 esse
1331 3055 1541 3099 certum
1573 3053 1676 3111 est;
1712 3044 1890 3099 abhis
1917 3045 2063 3099 enim

2176 3048 2426 3119 μεγέθει,
2460 3050 2517 3100 ἐν
2561 3047 2709 3101 θέσει
2731 3062 2744 3075 ⁸
2784 3044 2987 3114 ὁμοίως
3020 3043 3116 3096 καὶ
3157 3041 3259 3110 τῆς
3285 3038 3677 3110 ἀσυμμετρίας
3704 3036 3767 3088 ὲν

478 3138 744 3192 roucinne
778 3138 1216 3204 inconcinneque
1264 3136 1568 3206 composita
1599 3152 1828 3207 corpora
1865 3139 2067 3194 consti-

2176 3144 2281 3206 τοῖς
2328 3140 2621 3195 ἀνάπαλιν.
2674 3139 2747 3191 Τὸ
2791 3138 2900 3207 γὰρ
2940 3135 3137 3197 κάλλος
3167 3133 3261 3186 τοῦ
3305 3132 3562 3201 σώματος
3598 3130 3763 3201 εὑρυο

481 3237 726 3281 tuuntur.
747 3227 1101 3281 Concinnitas
1118 3227 1263 3282 enim
1294 3227 1348 3280 in
1368 3227 1454 3281 liis
1476 3236 1731 3295 quatuor,
1766 3230 1956 3298 figura,
1978 3247 2070 3285 nu-

2176 3230 2314 3302 θμία
2348 3231 2466 3283 ἐστὶ
2519 3228 2719 3299 μελῶν,
2767 3228 2885 3299 μετ’
2918 3226 3191 3297 εὑχροίας.
3240 3223 3412 3276 Τοῦτο
3454 3221 3511 3273 δὲ
3546 3220 3765 3289 γίνεται

483 3334 653 3382 mero,
671 3319 1217 3388 magnitudineatque
1236 3318 1341 3371 situ
1366 3319 1639 3384 cernitur;
1670 3319 2071 3377 inconcinnitas

2176 3321 2457 3395 εὐκράτως
2489 3322 2591 3391 μὲν
2624 3322 2733 3374 τῶν
2775 3318 3140 3391 ὁμοιομερῶν,
3181 3314 3517 3387 συμμέτρως
3562 3312 3620 3365 δὲ
3650 3312 3766 3365 τῶν

479 3426 629 3474 vero,
666 3410 717 3464 in
739 3410 824 3466 his
850 3426 968 3480 quae
998 3410 1066 3464 ab
1104 3409 1185 3464 his
1209 3410 1421 3465 diversa
1444 3409 1731 3464 habentur.
1783 3409 2074 3467 Enimvero

2176 3414 2482 3486 ὀργανικῶν
2532 3412 2792 3485 ἐχόντων.
2863 3409 3087 3483 Ἀρεταὶ
3136 3407 3247 3478 γὰρ
3299 3406 3551 3477 σώματος
3603 3402 3766 3471 ὑγεία.

481 3504 729 3575 corporis
792 3503 1140 3575 pulchritudo
1208 3519 1273 3557 cx
1345 3502 1616 3557 concinna
1698 3503 2069 3560 membrorum

2176 3507 2288 3561 ἐστὶ
2327 3506 2424 3559 καὶ
2449 3505 2630 3578 ῥώμηο
2674 3505 2873 3568 κάλλος
2901 3504 2994 3558 καὶ
3019 3502 3296 3574 ἀρτιότης,
3332 3500 3504 3570 ἤγουν
3532 3496 3758 3566 ὁλοκλη-

481 3597 894 3666 compositione,
948 3598 991 3651 si
1017 3594 1193 3650 bonus
1247 3594 1400 3649 color
1460 3593 1622 3660 adsit,
1682 3603 1914 3650 constat.
1958 3593 2073 3651 Hoc

2177 3600 2286 3670 ρία.
2328 3599 2549 3669 Ἀρεταὶ
2592 3597 2649 3652 δὲ
2679 3598 2878 3668 ψυχῆς,
2916 3595 3214 3668 φρόνησις,
3257 3590 3621 3662 σωφροσύνη,
3669 3590 3764 3641 ἀν-

482 3699 665 3744 autem
721 3690 801 3755 fit,
867 3705 992 3744 eum
1063 3689 1335 3744 similares
1401 3686 1508 3760 43
1552 3696 1769 3758 partes,
1838 3688 2075 3744 salubris

2176 3691 2325 3765 δρεία
2350 3694 2397 3724 ’⁸
2432 3690 2529 3744 καὶ
2559 3689 2900 3759 δικαιοσύνη.

486 3783 932 3852 temperamenti,
998 3798 1061 3837 ac
1126 3781 1566 3836 instrumentalia
1624 3781 1739 3851 ipsa
1805 3782 2073 3837 concinne
2112 3782 2917 3840 fuerinteonstituta.Virtutes
2973 3796 3209 3848 namque
3230 3777 3758 3850 corporis,sauitas,

484 3890 547 3931 ac
585 3874 869 3939 fortitudo,
930 3874 1238 3944 formaque,
1286 3889 1499 3929 necnon
1573 3871 1881 3944 integritas,
1956 3873 2220 3941 perfectio
2282 3876 2534 3935 videlicet
2593 3887 2742 3932 sunt.
2775 3876 2880 3932 Sed
2930 3877 3128 3932 animae
3150 3878 3406 3941 virtutes,
3442 3874 3758 3945 prudentia,

484 3971 867 4040 temperantia,
900 3969 1166 4025 fortitudo
1205 3985 1270 4024 ac
1300 3968 1516 4038 justitia
1562 3977 1710 4024 sunt.

554 4062 1129 4132 Siquidem,fortitudo
1149 4062 1415 4131 corporis,
1434 4061 1776 4117 concinnitas
1809 4050 1874 4116 ac
1900 4061 2067 4117 robur

485 4164 589 4219 est,
612 4155 757 4224 quod
783 4155 866 4209 his
908 4156 1002 4225 qui
1050 4156 1115 4210 ad
1149 4157 1349 4209 malam
1387 4155 1751 4210 valetudinem
1796 4155 2068 4224 proclives

485 4249 644 4315 liunt,
667 4256 952 4317 repugnat.
976 4247 1220 4302 Virilitas
1245 4256 1449 4311 autem,
1487 4246 1685 4301 anima:
1714 4245 1976 4302 fortitudo
2003 4264 2069 4303 ac

486 4335 654 4389 robur
669 4343 775 4401 est,
803 4351 925 4405 qua:
947 4350 1138 4406 graves
1157 4337 1556 4399 meditationes,
1579 4336 1771 4392 mortis
1796 4337 2064 4403 videlicet,

2260 4064 2544 4132 ’Δναλογεῖ
2570 4064 2612 4095 ’⁷
2663 4058 2756 4117 οὑν
2800 4065 2833 4132 ἡ
2865 4064 2961 4116 τοῦ
2997 4062 3249 4134 σώματος
3295 4061 3455 4135 ῥώμη
3487 4059 3625 4133 πρὸς
3662 4058 3762 4129 τὴν

2173 4159 2273 4225 τῆς
2294 4155 2475 4227 ψυχῆς
2501 4154 2757 4225 ἀνδρείαν
2782 4157 2852 4188 ’⁸ο
2884 4158 2916 4227 ή
2957 4156 3054 4226 μὲν
3080 4156 3191 4226 γὰρ
3218 4155 3375 4227 ῥώμη
3401 4154 3622 4208 εὑτονία
3644 4152 3762 4205 ἐστὶ

2179 4247 2462 4318 σώματος,
2509 4247 2607 4301 καὶ
2661 4248 2817 4317 ίσχὺς
2870 4247 3374 4316 δυσανταγώνιστος
3422 4248 3537 4308 τοῖς
3594 4242 3756 4296 νοσὰ-

2175 4342 2327 4405 ζουσι
2353 4342 2399 4372 ⁹⁹
2440 4340 2501 4395 τὸ
2534 4340 2697 4411 σῶμα
2736 4340 3084 4412 δυναμένοιςο
3121 4340 3148 4409 1)
3191 4339 3249 4392 δὲ
3278 4337 3505 4408 ἀνδρεία
3544 4339 3561 4369 ¹
3598 4335 3757 4408 ῥώμη

485 4427 817 4491 formidinis,
839 4427 1041 4482 laboris
1067 4427 1568 4490 incommodorum,
1598 4430 1957 4499 voluptatum,
2000 4445 2065 4486 ac

2176 4432 2352 4503 ψυχῆς
2396 4434 2491 4488 καὶ
2540 4434 2693 4505 ἰσχὺς
2723 4434 2859 4505 πρὸς
2891 4433 2989 4498 τὰς
3045 4433 3321 4503 ὑπομονὰς
3359 4430 3468 4484 τῶν
3516 4429 3760 4499 ἰσχυρῶν

483 4521 869 4576 universorum
890 4535 1011 4589 qme
1047 4518 1230 4591 gravia
1263 4518 1724 4589 lormidolosaque
1753 4529 2067 4586 censentur,

483 4614 757 4669 sustinere
784 4613 995 4668 nititur.
1018 4612 1239 4667 Justitia
1262 4620 1439 4667 autem
1481 4612 1727 4681 corporis
1764 4612 2068 4681 pulchritu»

483 4707 599 4763 dini
658 4709 947 4764 similatur.
973 4707 1076 4763 Sed
1110 4706 1569 4779 pulchritudinem
1597 4705 1791 4776 ipsam,
1826 4705 1877 4759 in
1900 4722 2072 4761 mem-

485 4802 708 4856 brorum
732 4802 1097 4857 concinnitate
1116 4816 1238 4855 eum
1259 4800 1495 4854 salubris
1530 4798 1683 4854 color
1715 4799 1904 4863 aderit,
1936 4814 2069 4853 con-

487 4892 838 4962 templabere.
868 4894 938 4946 At
964 4893 1174 4962 justitia
1217 4893 1330 4962 ipsa
1374 4900 1475 4959 est,
1516 4892 1736 4961 quando
1779 4891 2073 4961 unicuique

484 4983 667 5038 omnia
702 5000 800 5054 pro
829 4985 1091 5055 dignitate
1117 4985 1361 5054 largitur.
1390 4982 1698 5038 Prudentia:
1724 4998 1852 5038 vero
1878 4998 2075 5054 corpo-

485 5074 565 5128 ris
598 5073 880 5142 integritas
916 5073 1113 5131 similis
1144 5073 1221 5127 ﬁt.
1260 5072 1569 5127 Prudentia:
1591 5089 1827 5143 namque
1850 5089 2071 5138 munus,

484 5184 549 5224 ea
598 5183 722 5239 quin
750 5167 934 5222 anima
969 5167 1135 5222 semel
1166 5178 1313 5222 recte
1337 5167 1773 5236 deprehenderit,
1808 5168 2068 5237 perlicere

483 5270 602 5328 est,
658 5259 1118 5331 quemadmodum
1168 5260 1498 5329 integritatis
1543 5275 1607 5315 ea
1652 5274 1775 5329 quae
1834 5260 1900 5314 ad
1946 5274 2070 5315 cor-

485 5355 636 5425 poris
690 5354 935 5410 membra
994 5353 1245 5408 attinent.

556 5516 604 5548 “
641 5517 698 5570 δὲ
737 5518 795 5569 ὲν
827 5532 877 5568 τ.
916 5513 978 5566 Β.
1090 5514 1135 5543 ⁸³⁵
1175 5510 1342 5564 αὑτοῦ
1373 5526 1483 5567 om.
1517 5510 1583 5563 Α.
1687 5506 1735 5538 ⁵⁸
1763 5509 1790 5559 ὁ
1831 5505 2003 5560 εἰπὼν
2030 5506 2069 5560 Β

489 5585 535 5615 ’⁸
571 5586 708 5639 ὀστᾶ
736 5585 946 5647 ὀδόντες
969 5586 1034 5639 Ρ.
1140 5583 1183 5615 ⁹¹
1224 5581 1470 5644 τένεντες
1505 5583 1567 5635 Α.
1670 5582 1715 5610 ’³
1759 5580 1884 5630 ἰνῶν
1914 5594 2025 5631 om.
2053 5578 2117 5629 A.
2220 5578 2267 5608 νδ
2310 5578 2571 5648 συνετέθη
2600 5579 2639 5630 Β
2670 5579 2731 5632 Ρ.
2837 5578 2883 5611 ⁸⁵
2923 5578 3017 5631 τοῦ
3044 5579 3103 5632 Β.
3199 5578 3247 5609 ⁹⁸
3288 5578 3670 5699 θεωρουμένου
3702 5578 3756 5631 Β.

490 5653 538 5685 ’⁸
570 5655 762 5721 ἀνδρία
793 5654 851 5708 Β.
928 5657 971 5687 ⁹⁷
1013 5654 1359 5721 ἀναλογεῖται
1389 5654 1448 5705 Β.
1551 5652 1597 5683 9⁸
1637 5650 1859 5718 ἀνδρίαν
1888 5650 1927 5701 Β
1960 5649 2023 5704 Ρ.
2080 5718 2089 5721 _
2117 5649 2161 5721 ‘1'
2199 5648 2416 5721 νοσούσι
2442 5650 2501 5712 Β,
2531 5648 2769 5710 νοσίξειν
2793 5649 2853 5703 C.
2926 5651 2974 5721 _r‘
3016 5650 3209 5721 ἀνδρία
3242 5649 3283 5700 Β
3305 5650 3379 5721 Ρ.-
3416 5650 3465 5721 λ’
3540 5650 3756 5721 ανάξομσ

1339 5730 1359 5755 ⁸
1398 5725 1457 5774 τὸ
1498 5722 1593 5792 μὲν
1636 5691 1766 5790 γάρΓ
1789 5721 1849 5774 Β.
1946 5721 1965 5751 ⁵
2010 5718 2187 5789 μελῶν
2236 5719 2274 5770 Β
2332 5718 2371 5774 C
2415 5691 2501 5773 Ρ.¹
2585 5721 2603 5749 ’³
2655 5691 2891 5775 έκάστου
2924 5719 2963 5771 Β
2992 5721 3054 5772 Ρ.
3118 5691 3171 5750 ’⁷
3213 5718 3606 5792 συμπλήρωσις
3634 5712 3737 5773 ΒΡ

490 5653 538 5685 ’⁸
570 5655 762 5723 ἀνδρία
793 5654 851 5708 Β.
928 5657 971 5687 ⁹⁷
1013 5654 1359 5723 ἀναλογεῖται
1389 5654 1448 5705 Β.
1539 5652 1597 5723 7”
1637 5650 1859 5723 ἀνδρίαν

490 5723 679 5794 φὸσοψ
725 5740 782 5775 π.
846 5726 896 5794 7’
939 5728 970 5791 ἡ
1021 5741 1129 5777 οιιι.
1172 5725 1232 5778 Β.

492 5793 513 5827 ⁸
553 5793 669 5847 haec
701 5808 809 5845 om.
844 5793 886 5842 Β
909 5796 963 5865 _C
1008 5795 1069 5846 P.

2177 4526 2509 4595 φαντασιῶνο
2542 4526 2776 4580 θανάτου
2796 4529 2838 4589 ¹,
2872 4526 3058 4590 πόνου,
3099 4523 3496 4593 ταλαιπωρίας,
3526 4520 3756 4593 ἡδονῶν,

2178 4616 2272 4669 καὶ
2312 4616 2529 4670 πάντων
2555 4616 2663 4670 τῶν
2691 4616 2882 4671 δεινῶν
2918 4633 2978 4669 τε
3015 4615 3111 4669 καὶ
3143 4614 3392 4687 φοϐερῶν
3436 4610 3579 4666 εἶναι
3606 4629 3759 4681 νομι-

2178 4709 2440 4780 ζομένων.
2477 4708 2566 4781 Τῷ
2597 4708 2653 4762 δὲ
2683 4709 2870 4763 κάλλει
2895 4711 2930 4780 ἡ
2952 4709 2972 4741 ³
3001 4707 3321 4779 δικαιοσύνη
3355 4706 3671 4775 προσέοικε·
3700 4703 3760 4755 τὸ

2178 4801 2285 4874 γὰρ
2314 4802 2334 4833 δ
2362 4800 2555 4865 κάλλος
2585 4802 2643 4854 ὲν
2685 4800 2999 4873 συμμετρίᾳ
3030 4799 3282 4868 σώματος
3303 4803 3325 4833 ⁸
3359 4800 3475 4869 μετ’
3505 4796 3758 4869 εὑχροίας

2176 4897 2412 4946 νοεῖται*
2461 4895 2493 4963 ἡ
2543 4893 2599 4945 δὲ
2628 4891 2941 4963 δικαιοσύνη
2976 4893 3035 4945 ἐν
3081 4895 3148 4962 τῇ
3196 4892 3426 4962 διανομῇ
3479 4890 3591 4942 τῶν
3640 4889 3758 4943 κατ’

2175 4987 2336 5053 ἀξίαν
2362 4986 2577 5057 ἑκάστῳ
2604 4987 2647 5039 ⁸.
2682 4986 2761 5057 Τῇ
2808 4985 2864 5038 δὲ
2898 4987 3165 5056 φρονήσει
3197 4987 3230 5054 ἡ
3278 4986 3571 5055 ἀρτιότης·
3620 4982 3759 5051 πλή-

2178 5098 2348 5151 ρωσις
2371 5080 2391 5112 ⁷
2428 5080 2537 5151 γάρ
2568 5082 2717 5133 ἐστιν
2746 5082 2778 5150 ἡ
2813 5079 3077 5150 φρόνησις
3105 5078 3214 5132 τῶν
3245 5080 3345 5149 τῆς
3369 5078 3553 5147 ψυχῆς
3583 5074 3761 5146 ὀρθῶν

2176 5171 2558 5241 καταλήψεων,
2598 5170 2788 5242 ὥσπερ
2834 5173 2867 5243 ἠ
2913 5172 3171 5243 ἀρτιότης
3215 5170 3323 5224 τῶν
3361 5169 3457 5223 τοῦ
3507 5166 3761 5238 σώματος

2180 5264 2377 5339 μελῶν.
2406 5266 2484 5336 Τῇ
2512 5265 2568 5317 δὲ
2596 5265 2757 5335 ὑγεία
2785 5266 2819 5335 ἡ
2855 5263 3179 5335 σωφροσύνη
3200 5265 3241 5317 ⁸.

2188 5507 2230 5538 ⁸⁷
2276 5507 2323 5573 ξ.
2352 5508 2445 5561 καὶ
2484 5508 2606 5577 μέλ.
2643 5508 2704 5562 Β.
2804 5508 2848 5539 ⁸⁸
2892 5507 2986 5561 καὶ
3030 5525 3114 5561 στ.
3142 5507 3184 5561 Β
3218 5508 3302 5578 Ρ.
3394 5508 3442 5539 ⁸⁹
3489 5504 3611 5578 μεθ’
3639 5505 3756 5578 ﬁt}.

2220 5578 2267 5608 νδ
2310 5578 2571 5648 συνετέθη
2600 5579 2639 5630 Β
2670 5579 2731 5632 Ρ.
2837 5578 2883 5611 ⁸⁵
2923 5578 3017 5631 τοῦ
3044 5579 3103 5632 Β.
3199 5578 3247 5609 ⁹⁸
3288 5576 3670 5648 θεωρουμένου
3702 5576 3759 5631 Β.
