4066 6214
368 377 496 431 ΗΜ

1500 342 1511 351 ’
1598 387 1683 442 DE
1722 386 2009 448 mum
2051 390 2361 449 uoumts.

3496 396 3635 451 lli!

443 492 636 562 Ὑγεία
684 490 743 547 δέ
792 496 941 548 ἐστιν
990 494 1174 563 εὐεξία
1222 499 1559 574 σύμμετρος
1594 508 1627 575 ἠ
1672 506 1730 560 δὲ
1767 507 1933 573 εὐεξία

2122 509 2342 567 Sanitas
2378 528 2505 566 vero
2543 520 2655 575 est,
2691 527 2816 566 cum
2853 519 3149 582 temperate
3181 524 3383 581 corpus
3414 511 3634 569 salubre

358 587 517 655 ὐγεία
548 587 939 660 ἑπιτεταμένη.
971 591 1286 663 Παρέπεται
1335 594 1392 647 δὲ
1429 599 1496 667 τῇ
1531 598 1693 669 ὑγεία
1721 600 1940 667 κάλλος,

354 680 541 746 εὐεξία
560 720 576 743 ,
607 680 887 753 ἀρτιότηςο
917 684 1114 748 κάλλος
1134 727 1149 752 ,
1185 687 1245 739 οὐ
1272 686 1334 741 τδ
1362 688 1471 741 ἀπὸ
1501 692 1873 762 κομμωτικῶν
1895 696 1939 758 ⁸,

354 772 384 841 ἢ
431 772 491 824 τὺ
535 771 605 825 δι’
649 773 1069 844 ἐπιχρισμάτων
1097 776 1140 807 ⁸⁸
1186 777 1500 848 προσώπων
1533 782 1573 814 ⁸⁸
1618 785 1711 837 καὶ
1761 783 1938 855 βαφῆς

352 863 579 935 τριχῶν,
623 865 761 919 ἀλλὰ
800 866 862 919 τὺ
892 870 1016 921 κατ’
1059 869 1495 943 ἐπακολούθησιν
1526 876 1628 946 τῆς
1672 876 1864 945 ὑγείας
1899 880 1941 909 ι’

353 956 771 1027 συνιστάμενον·
799 958 921 1012 κατ’
946 960 1246 1031 εὐκρασίαν
1270 962 1367 1016 τοῦ
1399 965 1643 1036 ἐμφύτου
1684 968 1890 1041 θερμοῦ
1918 1008 1933 1033 ,

350 1047 460 1100 τῶν
484 1064 545 1101 τε
584 1050 933 1123 ὁμοιομερῶν
973 1054 1069 1107 καὶ
1104 1054 1214 1107 τῶν
1255 1055 1570 1128 ὀργανικῶν
1619 1060 1798 1131 μελῶν
1838 1062 1936 1116 καὶ

354 1139 579 1209 μορίων.
626 1138 690 1194 Ἦ
730 1140 842 1214 γὰρ
872 1142 1034 1212 ὑγεία
1073 1146 1343 1217 εὐκρασία
1384 1148 1503 1201 ἐστὶ
1530 1149 1639 1203 τῶν
1695 1151 1756 1203 ὲν
1802 1152 1934 1221 ἡμῖν

350 1231 565 1300 χυμῶν’
600 1230 698 1284 καὶ
740 1231 848 1288 τῶν
875 1233 1127 1303 φυσικῶν
1161 1238 1257 1291 καὶ
1280 1238 1529 1311 ψυχικῶν
1558 1242 1654 1295 καὶ
1683 1240 1933 1305 ζωτικῶν

347 1322 634 1393 δυνάμεων
660 1327 1148 1398 ἁπαρεμπόδιστος
1170 1330 1213 1363 ¹³
1241 1332 1496 1403 ἐνέργεια
1520 1333 1614 1387 τοῦ
1642 1334 1809 1407 ηθους
1832 1334 1933 1405 τῆς

346 1414 527 1485 ψυχῆς
560 1416 655 1469 καὶ
685 1416 780 1470 τοῦ
809 1418 1065 1489 σώματος
1091 1423 1271 1487 καλῶς
1304 1424 1748 1496 διαφαινομένου.

2045 604 2280 658 exsistit.
2345 604 2448 658 Sed
2515 605 2653 659 bona
2730 605 3032 669 habitudo,
3095 604 3344 675 corporis
3405 611 3630 661 extensa

2047 694 2296 749 valetudo
2316 702 2420 751 est.
2461 694 2596 749 Nam
2647 694 3017 765 pulchritudo,
3055 694 3308 763 bonaque
3344 691 3628 757 habitudo,

2047 800 2145 841 nec
2183 803 2290 843 non
2349 788 2655 859 integritas,
2717 787 3004 842 sanitatem
3037 796 3365 859 sequuntur,
3404 801 3513 840 non
3534 785 3626 839 illa

2045 879 2233 949 utique
2248 878 2593 949 pulchritudo
2609 893 2729 949 quae
2744 878 2991 935 subtrahi
3010 887 3209 949 potest,
3236 878 3326 932 illa
3352 877 3624 941 videlicet,

2043 984 2166 1039 quae
2190 970 2242 1023 in
2278 970 2733 1027 medicaminibus
2760 969 2942 1035 faciei,
2960 969 3370 1038 inﬁciendisque
3383 968 3625 1024 crinibus

2041 1069 2311 1128 versatur,
2334 1063 2427 1117 sed
2453 1078 2576 1133 qua:
2591 1078 2715 1118 cum
2737 1064 2970 1118 sanitate
3000 1061 3320 1118 continuato
3343 1058 3534 1114 ordine
3552 1057 3626 1113 ob

2040 1154 2352 1223 temperiem
2394 1154 2544 1210 insiti
2591 1156 2686 1226 qui
2711 1157 2764 1209 in
2789 1156 2948 1210 nobis
2991 1164 3075 1209 est
3093 1153 3312 1218 caloris,
3352 1150 3626 1217 simulque

2039 1244 2414 1308 similiarium,
2479 1246 3096 1313 instrumentaliumque
3145 1242 3408 1313 partium.
3446 1251 3624 1292 mem-

2040 1333 2758 1405 brorumqueconstituitur.
2784 1336 3006 1398 Verum,
3043 1337 3250 1388 sanitas
3282 1332 3397 1399 ipsa
3427 1329 3624 1382 humo-

2041 1441 2160 1479 rum
2183 1426 2275 1495 qui
2301 1427 2355 1480 in
2371 1428 2527 1483 nobis
2543 1439 2673 1484 sunt
2689 1431 2830 1483 bona
2859 1427 3148 1497 temperies
3166 1433 3267 1488 est,
3284 1433 3337 1477 et
3355 1421 3496 1476 actio
3519 1433 3620 1472 na-

350 1506 605 1560 turalium
649 1507 1160 1579 animaliumqueac
1186 1512 1431 1568 vitalium
1465 1515 1784 1570 facultatum
1810 1529 1932 1584 qua:
1972 1514 2121 1569 nullo
2152 1516 2542 1587 impedimento
2578 1518 2770 1585 fertur,
2830 1534 2953 1573 cum
2978 1525 3033 1571 et
3081 1515 3277 1569 animae
3299 1521 3352 1568 et
3373 1508 3621 1579 corporis

350 1613 491 1661 tuos,
530 1614 627 1655 seu
656 1600 865 1656 indoles
900 1603 1186 1673 perspicua
1234 1605 1601 1674 pulcherrime
1661 1608 1930 1664 redditur.

422 1692 578 1745 Ἐστι
620 1692 678 1745 δὲ
715 1692 897 1764 ψυχῆς
937 1696 1037 1766 μὲν
1066 1691 1200 1767 ἦθος
1242 1698 1467 1770 ποιότης
1508 1701 1553 1732 ⁸⁸
1580 1701 1761 1755 τοιάδε
1816 1702 1927 1753 ἀπ-

2108 1702 2317 1759 Etenim
2365 1704 2561 1757 anima:
2618 1718 2755 1763 ntus.
2810 1703 3044 1771 qualitas
3100 1699 3308 1754 scilicet
3370 1696 3490 1765 ejus
3539 1702 3620 1747 ta-

344 1783 734 1857 εσκιῤῥωμένη
766 1786 862 1838 καὶ
888 1785 1323 1860 δυσαπόδλητος,
1350 1792 1600 1845 τουτέστι
1625 1792 1799 1861 παγία
1830 1792 1924 1845 καὶ

2035 1797 2095 1855 lis
2134 1805 2238 1859 est,
2287 1810 2410 1863 qua:
2469 1792 2769 1847 fortissime
2825 1791 2879 1845 in
2943 1790 3221 1859 proposito
3280 1792 3617 1856 permaneat.

345 1877 426 1938 είς
465 1874 578 1940 ἕξιν
609 1876 861 1932 ἐλθοῦσα.
906 1877 1164 1949 Σώματος
1203 1882 1262 1936 δέ
1295 1884 1442 1936 ἐστιν
1482 1879 1615 1955 ἦθος
1641 1886 1669 1938 6
1696 1884 1926 1938 ἑκάστου

346 1967 551 2039 κόσμος
574 2007 590 2033 ,
617 1969 788 2039 ἤγουν
811 1970 1093 2042 τιλειότης
1121 1974 1153 2043 ἡ
1181 1973 1271 2027 διὰ
1301 1975 1400 2044 τῆς
1438 1975 1545 2029 τῶν
1584 1977 1769 2047 ἄκρων
1805 1993 1929 2029 στε-

346 2062 559 2131 ρήσεως
586 2062 687 2132 τῆς
715 2080 774 2114 τε
801 2063 1077 2135 ὑπεροχῆς
1108 2065 1204 2120 καὶ
1234 2066 1441 2131 ἐνδείας
1471 2066 1823 2140 θεωρουμένη
1860 2070 1925 2122 ⁸⁸.

356 2153 627 2223 Ἀκοσμία
654 2154 712 2206 δὲ
736 2155 764 2208 ὅ
785 2171 846 2208 τε
875 2156 1214 2228 πλεονασμὸς
1243 2158 1337 2212 καὶ
1365 2160 1397 2230 ἡ
1437 2158 1695 2229 ἔλλειψις.
1739 2161 1796 2213 '0
1821 2161 1928 2231 γὰρ

345 2244 662 2310 πλεονάζων
686 2247 831 2311 τινὸς
866 2247 1082 2319 μορίου,
1115 2248 1192 2313 ὥς
1215 2248 1365 2314 τινές
1387 2252 1525 2305 εἰσιν
1553 2252 1924 2319 ἐξαδάκτυλοι,

347 2336 380 2403 ἢ
411 2335 724 2407 λειπόμενοι
748 2338 790 2370 ¹⁸
819 2341 1000 2410 χειρὸς
1033 2341 1066 2411 ἦ
1093 2340 1272 2407 ποδὸς,
1302 2342 1337 2413 ἢ
1378 2342 1693 2414 ὀφθαλμοῦ,
1720 2344 1755 2414 ἦ
1786 2361 1930 2407 τινος

344 2427 512 2481 ἄλλου
556 2429 780 2500 μορίου,
812 2430 1058 2502 ἀκοσμός
1096 2432 1213 2486 ἐστι
1260 2434 1356 2487 καὶ
1402 2432 1779 2506 ἀσύμμετρος·
1834 2437 1930 2488 καὶ

345 2518 463 2572 ἔστι
487 2519 647 2574 τοῦτο
685 2522 837 2594 παρὰ
871 2523 965 2578 τὸν
1001 2525 1235 2596 ἀριθμὸν
1277 2526 1523 2597 σφάλμα.
1563 2528 1725 2581 Ἀλλὰ
1768 2528 1863 2582 καὶ
1901 2531 1929 2583 ό

350 2613 501 2683 παρὰ
552 2613 612 2666 τὸ
668 2617 855 2685 σχῆμά
910 2632 961 2669 τι
1001 2616 1168 2687 ἔχων
1217 2610 1331 2671 οἷον
1393 2617 1749 2689 διαστρόφους
1801 2619 1929 2684 τοὺς

348 2704 666 2777 ὀφθαλμοὺς
709 2707 744 2778 ἢ
791 2708 918 2773 τοὺς
950 2709 1119 2773 πόδας
1139 2748 1154 2773 ,
1184 2708 1338 2781 ἢτὴν
1383 2712 1539 2782 χεῖρα
1582 2711 1804 2782 μείζονα
1830 2712 1929 2781 τῆς

349 2799 564 2871 ἑτέρας.
616 2799 917 2870 Ἑσφάλθαι
941 2801 1000 2854 δὲ
1037 2801 1256 2869 λέγεται
1279 2803 1321 2833 ¹⁷
1353 2803 1449 2856 καὶ
1476 2805 1503 2857 6
1529 2805 1680 2874 παρὰ
1711 2803 1811 2875 τὴν
1845 2803 1929 2857 θέ-

351 2908 456 2944 σιν·
489 2885 598 2945 οἴον
628 2891 818 2963 ἔντερα
857 2894 915 2945 ὲν
962 2892 1139 2963 ἰσχίῳ,
1179 2893 1211 2964 ἢ
1245 2894 1420 2964 μηρὸν
1461 2894 1565 2960 ἔξω
1595 2896 1862 2965 κοτύλης,
1895 2894 1927 2966 ἢ

348 2985 451 3054 τὴν
476 2986 635 3056 χεῖρα
660 2986 702 3017 ¹⁸
731 2988 1071 3056 συμφυεῖσαν
1094 2988 1163 3056 τῇ
1184 2985 1487 3057 ὠμοπλάτη
1519 2989 1583 3050 ¹⁹,
1610 2986 1644 3057 ῆ
1675 3005 1726 3039 τι
1753 2986 1931 3039 τοιοῦ-

349 3092 462 3131 τον.
509 3075 742 3147 Ὁμοίως
764 3078 857 3131 καὶ
882 3078 910 3130 ό
939 3076 1092 3148 παρὰ
1118 3077 1179 3131 τὸ
1206 3077 1455 3147 μέγεθος,
1481 3078 1555 3141 ὡς
1580 3078 1725 3149 ἔχειν
1755 3096 1928 3147 κεφα-

2032 1897 2086 1945 et
2134 1900 2256 1955 quae
2301 1882 2495 1937 abduci
2549 1896 2655 1933 non
2717 1880 2876 1935 facile
2923 1890 3106 1952 queat,
3158 1886 3441 1939 constans,
3501 1881 3618 1928 sta-

2033 1978 2286 2046 bilisque,
2321 1981 2376 2029 et
2434 1973 2484 2026 in
2524 1971 2768 2026 habitum
2829 1972 3077 2025 veniens.
3131 1969 3224 2022 Est
3271 1976 3455 2022 autem
3492 1979 3619 2019 cor-

2034 2070 2182 2141 poris
2225 2083 2362 2130 mos,
2398 2062 2766 2135 pulchritudo,
2809 2063 3071 2133 perfectio
3131 2059 3381 2115 videlicet
3429 2055 3618 2126 cujus-

2032 2162 2160 2217 libet
2210 2159 2399 2229 partis,
2443 2169 2607 2226 quam
2646 2168 2873 2208 cernere
2901 2161 3009 2215 est,
3037 2166 3162 2204 cum
3212 2163 3413 2218 corpus
3436 2147 3503 2200 ab
3529 2144 3621 2199 his

2032 2269 2153 2323 qua:
2192 2257 2523 2319 exsuperant
2566 2262 2630 2302 ac
2672 2245 2934 2301 deficiunt
2982 2251 3295 2312 exemptum
3347 2238 3613 2294 redditur.

2036 2344 2365 2401 Deformitas
2405 2355 2535 2395 vero
2580 2339 2702 2409 ejus
2745 2349 2848 2401 est,
2896 2335 3007 2408 Μ
3049 2350 3171 2391 cum
3203 2340 3402 2404 praeter
3444 2327 3620 2399 legiti-

2032 2455 2180 2493 mum
2227 2445 2435 2490 natura:
2468 2433 2715 2488 ordinem
2750 2441 3146 2500 supervacuum
3193 2422 3324 2495 quid
3364 2422 3419 2476 in
3445 2435 3619 2474 mem-

2031 2530 2165 2593 bris,
2194 2535 2285 2581 aut
2310 2525 2567 2580 deﬁciens
2616 2524 2695 2575 tit.
2724 2520 3046 2588 Cuicunque
3072 2515 3221 2571 enim
3258 2526 3386 2583 pars
3432 2508 3619 2579 aliqua

2031 2627 2345 2688 exsuperat,
2378 2626 2437 2670 ut
2463 2614 2555 2685 qui
2585 2614 2734 2668 senis
2772 2612 2957 2681 digitis
2986 2608 3246 2679 praeditus
3287 2604 3501 2666 visitur,
3528 2609 3621 2653 aut

2032 2726 2221 2778 manu,
2254 2724 2348 2765 seu
2385 2707 2521 2777 pede
2555 2703 2779 2759 mutilus
2807 2701 3062 2766 exsistit,
3095 2699 3210 2753 sive
3264 2694 3490 2778 alterius
3523 2707 3620 2746 ex-

2032 2820 2157 2875 pers
2194 2802 2339 2858 oculi
2366 2809 2468 2864 est,
2497 2799 2581 2853 vel
2614 2798 2717 2851 alia
2749 2795 2941 2866 quavis
2974 2799 3126 2862 parte
3154 2795 3324 2851 caret,
3356 2777 3623 2840 deformis

2033 2896 2502 2962 inconcinnusque
2550 2891 2798 2955 habetur,
2848 2898 2901 2944 et
2950 2888 3053 2941 hoc
3077 2882 3298 2955 quidem
3351 2889 3455 2946 est,
3491 2893 3617 2932 cum

2032 3003 2231 3059 corpus
2271 2986 2385 3042 suis
2431 2984 2676 3039 numeris
2709 2981 2934 3036 minime
2965 2977 3277 3033 absolutum
3344 2969 3614 3027 redditur.

2035 3081 2140 3136 Sed
2187 3089 2241 3135 et
2286 3093 2408 3149 quae
2469 3077 2534 3131 ad
2598 3076 2829 3130 fortnam
2868 3073 3174 3144 pertinent,
3225 3066 3376 3123 verbi
3424 3062 3620 3135 gratia,

351 3168 449 3239 λὴν
470 3169 516 3201 ⁸⁸
540 3168 919 3239 ὑπερμεγέθη,
946 3168 978 3239 ἢ
1005 3172 1343 3240 μικροτέραν
1363 3170 1457 3223 τοῦ
1495 3170 1637 3223 κατὰ
1676 3170 1859 3239 φύσιν·
1895 3171 1929 3244 ἢ

2035 3189 2155 3229 cum
2181 3172 2236 3226 in
2268 3171 2450 3240 aliquo
2474 3167 2688 3223 distorti
2723 3164 2869 3220 oeuli
2922 3171 3017 3217 aut
3060 3160 3222 3230 pedes
3269 3154 3621 3244 conspiciun-

356 3262 479 3329 ῥῖνα
507 3260 541 3332 ἢ
574 3261 853 3334 ὀφθαλμόν
878 3264 942 3297 ⁸⁸·
979 3262 1011 3333 ἢ
1057 3264 1152 3316 καὶ
1181 3262 1313 3316 αὐτὸ
1352 3262 1499 3316 ἅπαν
1528 3264 1590 3317 τὸ
1632 3263 1812 3335 σῶμα,
1859 3240 1933 3328 ὡς

2044 3275 2153 3329 tttr,
2189 3261 2304 3316 slve
2359 3277 2481 3317 cum
2548 3258 2714 3313 altera
2760 3269 2955 3309 manus
3005 3252 3231 3305 alteram
3264 3246 3497 3303 excedit.
3555 3240 3623 3295 Et

351 3348 402 3398 οί
433 3347 691 3416 γίγαντες
725 3348 760 3420 ἢ
788 3350 1161 3422 ἀνθρωπίσκοι
1186 3353 1257 3407 ”.

2041 3356 2187 3426 quod
2240 3354 2306 3409 ad
2359 3355 2524 3408 situm
2574 3349 3076 3421 perfectionemque
3128 3343 3342 3405 attinet,
3387 3347 3447 3394 ut
3493 3349 3619 3426 cum

355 3442 535 3497 femur
572 3459 601 3497 a
631 3442 888 3513 junctura
925 3452 1123 3508 exstat,
1176 3451 1229 3498 et
1258 3459 1455 3499 manus
1501 3445 1737 3515 scapulae
1761 3425 2092 3511 adnectitur,
2148 3461 2244 3501 seu
2300 3445 2353 3498 in
2404 3445 2526 3498 aliis
2586 3439 2845 3495 membris
2894 3435 3172 3506 quidpiam
3200 3431 3404 3493 talef‘tt,
3439 3426 3490 3482 id
3516 3425 3626 3480 fru-

352 3534 547 3590 stratio
577 3541 941 3603 nuncupatur.
978 3533 1177 3587 Eodem
1203 3541 1379 3601 pacto,
1408 3545 1462 3588 et
1492 3549 1612 3604 qua:
1642 3535 2036 3606 magnitudinis
2062 3546 2210 3599 sunt,
2266 3544 2468 3588 utcum
2522 3540 2688 3602 caput
2724 3540 2917 3584 natura
2981 3527 3099 3596 plus
3136 3523 3306 3577 nimio
3362 3535 3619 3589 magnum

330 3627 448 3680 "aut
471 3626 633 3680 breve
654 3627 729 3689 tit,
763 3626 845 3680 vel
872 3640 1060 3688 nasus,
1084 3625 1198 3681 sive
1231 3626 1443 3692 oculus,
1479 3634 1574 3682 aut
1605 3643 1729 3683 cum
1765 3636 1935 3683 totum
1972 3643 2170 3698 corpus
2219 3627 2461 3681 immane
2522 3632 2613 3677 aut
2666 3622 2947 3692 pusillum,
2985 3626 3043 3672 ut
3106 3616 3408 3688 gigantum.
3435 3625 3499 3666 ac
3524 3610 3620 3680 qui

350 3718 504 3785 nani,
534 3734 630 3774 seu
668 3719 993 3789 pumiliones
1039 3720 1394 3788 appellantur,
1462 3722 1623 3777 alicui
1658 3723 1941 3793 contingit.

418 3811 543 3865 Τῶν
567 3810 676 3883 γὰρ
704 3813 761 3865 ἐν
801 3812 935 3882 ἡμῖν
969 3810 1165 3882 μελῶν,
1203 3812 1272 3865 τὰ
1305 3814 1402 3883 μὲν
1436 3815 1572 3884 πρὸς
1598 3815 1660 3867 τὸ
1700 3815 1822 3886 ζῇν,
1854 3815 1923 3868 τὰ

346 3905 405 3958 δὲ
436 3905 571 3976 πρὸς
616 3905 678 3958 τδ
720 3900 777 3958 εὖ
811 3905 911 3976 ζῇν
945 3904 1095 3957 ἐστιν
1126 3903 1425 3976 ἐπιτήδεια·
1472 3906 1540 3959 τὰ
1585 3907 1685 3976 μὲν
1730 3902 1825 3960 οὖν
1856 3911 1923 3940 η·

348 3997 486 4069 πρὸς
519 3998 582 4051 τὸ
624 3997 724 4068 ζῇν
751 3999 1016 4066 γεγονότα
1058 3996 1223 4069 κύρια
1266 3999 1552 4069 τυγχάνει·
1600 3995 1732 4064 οἷον,
1768 4000 1929 4069 ἐγκέ-

2094 3812 2228 3868 Nam
2264 3813 2634 3867 membrorum
2680 3808 2736 3864 in
2782 3805 2975 3871 nobis,
3006 3801 3252 3875 qumdam
3316 3795 3382 3852 ad
3432 3796 3618 3849 viven—

2027 3910 2200 3971 dum,
2263 3905 2511 3975 quaedam
2566 3917 2693 3956 vero
2743 3899 2808 3954 ad
2867 3898 3003 3953 bene
3070 3895 3358 3947 vivendum
3421 3886 3615 3941 idonea

2031 4013 2193 4069 sunt;
2240 4010 2293 4056 et
2357 4016 2420 4054 ea
2488 3997 2708 4068 quidem
2764 4009 2885 4065 qua:
2950 3991 3015 4045 ad
3077 3985 3367 4042 vivendum
3423 3980 3616 4034 idonea

347 4090 535 4159 φαλος,
566 4090 786 4161 καρδία,
814 4090 1051 4162 γαστὴρ,
1103 4090 1199 4144 καὶ
1232 4089 1277 4121 ’³
1300 4086 1453 4163 ἧπαρ
1474 4132 1487 4155 ,
1518 4093 1613 4145 καὶ
1648 4091 1927 4162 πνεύμωνο

2035 4101 2183 4160 sunt,
2228 4090 2536 4154 cerebrum,
2598 4102 2730 4148 cor,
2779 4084 2974 4153 jecur,
3026 4077 3249 4149 pulmo.
3319 4080 3617 4139 venterque

346 4180 421 4237 ὧν
452 4184 734 4238 παθόντων
759 4185 985 4256 τελευτᾷ
1010 4180 1071 4237 τό
1096 4183 1257 4249 ζῶονο
1280 4187 1349 4239 τὰ
1377 4185 1432 4238 δὲ
1458 4186 1594 4257 πρὸς
1621 4187 1683 4241 τὸ
1712 4182 1923 4259 εὗξζῇν,

2035 4186 2315 4250 habentur,
2340 4181 2538 4252 quibus
2563 4177 2799 4242 oblaesis,
2852 4173 3053 4228 animal
3080 4168 3358 4226 interitum
3389 4164 3613 4237 patitur.

341 4276 610 4347 ὀφθαλμοί
641 4280 748 4330 εἱσι
768 4317 784 4341 ,
832 4278 929 4330 καὶ
975 4279 1134 4340 πόδες
1176 4278 1270 4331 καὶ
1315 4282 1498 4349 χεῖρες
1522 4319 1537 4344 ,
1568 4279 1662 4332 καλ⁵
1695 4281 1761 4335 τὰ
1790 4281 1926 4334 ἄλλα

2035 4277 2158 4342 Qua:
2209 4289 2338 4331 vero
2379 4272 2447 4329 ad
2474 4273 2610 4328 bene
2645 4269 2961 4333 vivendum,
3008 4262 3173 4327 oculi,
3196 4261 3383 4331 pedes,
3420 4271 3618 4312 manus

345 4365 533 4435 μόρια·
558 4364 763 4419 τούτων
789 4368 897 4437 γὰρ
930 4365 1233 4429 παθόντων,
1262 4367 1328 4438 ζῇ
1365 4368 1462 4438 μὲν
1491 4367 1553 4420 τὸ
1586 4366 1747 4435 ζῶον,
1777 4369 1843 4440 ζῇ
1868 4369 1925 4422 δὲ

2035 4371 2255 4441 aliaeque
2305 4376 2487 4439 partes
2547 4374 2694 4429 sunt,
2744 4362 2946 4432 quibus
2990 4374 3115 4414 cum
3151 4354 3369 4411 adversi
3404 4350 3611 4419 aliquid

342 4457 402 4509 οὗ
435 4457 635 4521 καλῶς-
1959 4475 2003 4529 ι)
2033 4463 2293 4529 evenerit,
2325 4461 2490 4515 vitam
2552 4458 2754 4513 animal
2786 4470 2895 4510 non
2930 4462 3108 4507 tamen
3159 4457 3302 4502 recte
3340 4442 3609 4515 producit.

412 4550 514 4603 Διὰ
545 4550 704 4605 τοῦτο
745 4550 853 4622 γὰρ
879 4550 975 4604 καὶ
1002 4550 1073 4604 τὰ
1098 4551 1427 4622 αἰσθητήρια
1459 4552 1526 4605 δι’
1558 4553 1929 4624 ὑπερϐάλλουο

343 4660 447 4696 σαν
484 4643 834 4715 κηδεμονίαν,
884 4644 1052 4697 διπλᾶ
1086 4645 1387 4715 πεποίηκεν
1409 4645 1452 4675 ³⁵
1479 4646 1505 4697 6
1536 4645 1686 4709 Θεός·
1724 4646 1810 4698 ἴνα
1836 4644 1931 4698 τοῦ

341 4735 531 4806 ἑτέρου
582 4735 875 4800 παθόντος,
910 4737 969 4789 τὸ
993 4736 1450 4807 περιλειπόμενον
1492 4735 1640 4807 σώζῃ
1702 4737 1803 4807 τὴν
1849 4738 1933 4790 αἴ-

344 4827 562 4899 σθησιν.
598 4829 703 4882 Δύο
736 4829 845 4900 γὰρ
884 4828 1156 4898 ὀφθαλμοὶ
1181 4828 1273 4881 καὶ
1305 4823 1420 4882 ὦτα
1456 4829 1570 4882 δύω
1607 4829 1701 4881 δύο
1732 4829 1934 4900 πόρους

339 4922 439 4989 τῆς
467 4921 850 4992 όσφρήσεως¹⁸
875 4925 931 4974 ἐν
952 4924 1014 4991 τῇ
1043 4920 1151 4992 ῥινὶ
1174 4921 1497 4991 πεποίηκεν,
1523 4922 1617 4975 καὶ
1639 4922 1731 4975 δύο
1756 4922 1929 4992 γλώτ-

339 5027 440 5074 τας
499 5012 635 5064 πᾶσι
680 5014 795 5076 τοῖς
842 5010 1002 5076 ζώοις
1045 5011 1325 5080 ἐνέφυσεν·
1368 5011 1506 5064 ἀλλὰ
1553 5014 1663 5076 τοῖς
1720 5012 1817 5082 μὲν
1858 5012 1933 5065 δι-

342 5102 628 5175 ηρημένας
654 5143 669 5169 ,
696 5103 772 5167 ὡς
797 5105 911 5166 τοῖς
944 5103 1122 5172 ὄφεσι,
1146 5107 1257 5166 τοῖς
1285 5104 1343 5157 δὲ
1377 5122 1553 5176 συνημ
1566 5106 1730 5175 μένας
1758 5105 1803 5135 ²⁶
1839 5105 1931 5157 καὶ

342 5198 757 5267 συνηνωμένας,
798 5196 873 5259 ὡς
915 5199 1027 5261 τοῖς
1059 5196 1392 5268 ἀνθρώποις.
1432 5197 1595 5250 Ἀλλὰ
1618 5197 1724 5250 τῶν
1751 5197 1850 5268 μὲν
1883 5199 1924 5229 ⁸⁷

340 5287 617 5341 πλείστων
678 5288 1055 5360 αίσθητηρίων
1105 5287 1575 5359 διαφθειρομένων
1630 5289 1783 5342 οὐδὲν
1842 5291 1926 5352 είς

340 5379 515 5451 αὐτὴν
553 5379 652 5450 τὴν
686 5379 832 5452 ζωὴν
875 5379 1322 5434 καταδλάπτεται
1368 5382 1428 5435 τὸ
1482 5381 1620 5447 ζῶον
1690 5383 1833 5452 ἁφῆς
1867 5381 1923 5434 δὲ

2102 4551 2212 4608 llac
2243 4553 2309 4607 de
2333 4566 2499 4606 causa
2530 4549 2695 4612 Deus,
2723 4564 2832 4617 pra:
2860 4545 3027 4599 nimia
3058 4541 3140 4597 sui
3168 4554 3299 4594 cura
3341 4535 3607 4605 geminata

2033 4646 2084 4697 in
2121 4643 2276 4699 nobis
2302 4641 2548 4697 sensoria
2579 4637 2889 4699 constituit,
2932 4643 2990 4687 ut
3024 4633 3198 4687 altero
3230 4629 3438 4691 vitiato,
3464 4624 3609 4694 quod

2036 4738 2300 4807 reliquum
2332 4748 2435 4799 est,
2476 4748 2671 4788 sensus
2716 4730 2888 4785 cilicia
2928 4734 3280 4795 exsequatur.
3330 4718 3609 4790 Siquidem

2034 4830 2277 4898 geminos
2351 4827 2558 4889 oculos,
2611 4823 2944 4893 totidemque
3012 4833 3194 4882 aures,
3254 4825 3608 4880 meatusque,

2035 4918 2125 4988 qui
2158 4917 2379 4973 olfactui
2423 4915 2749 4979 inserviunt,
2781 4914 2834 4968 in
2864 4926 2999 4967 uaso
3023 4908 3341 4976 constituit;
3364 4915 3417 4961 et
3438 4903 3611 4975 gemi-

2036 5026 2158 5063 uam
2212 5009 2452 5079 linguam
2502 5007 2787 5063 universis
2808 5007 2863 5061 in
2905 5004 3237 5061 animalibus
3273 4998 3613 5073 procreavit,

2032 5103 2122 5157 sed
2149 5102 2200 5155 in
2230 5100 2509 5155 nonnullis
2532 5099 2776 5167 bifidam,
2806 5110 2866 5153 ut
2897 5098 2949 5153 in
2973 5105 3287 5167 serpentum
3310 5107 3508 5165 genere
3531 5088 3612 5143 vi-

2029 5194 2167 5249 situr
2206 5212 2220 5250 :
2267 5194 2320 5249 in
2376 5193 2691 5248 hominibus
2719 5234 2736 5260 ,
2796 5204 3101 5248 consertam
3140 5192 3613 5257 cohaerentemque

2028 5289 2354 5359 procreavit.
2391 5287 2550 5355 Nam,
2614 5288 2832 5343 tametsi
2866 5288 3100 5359 plurima
3134 5303 3198 5342 ex
3232 5285 3496 5341 sensoriis
3529 5282 3608 5336 vi-

2031 5382 2153 5436 tiari
2184 5382 2467 5445 acciderit,
2517 5383 2723 5438 nullum
2777 5391 2957 5437 tamen
2988 5382 3111 5435 vita:
3147 5379 3440 5435 discrimen
3498 5374 3614 5432 aui-

412 5536 433 5566 ’
475 5533 822 5609 xopp_t'§tzt7)v
945 5532 1299 5609 aoppuﬂxuw
1471 5536 1513 5609 Ψ
1553 5535 1615 5609 τὺ
1648 5536 1717 5589 δι’
1758 5537 2179 5609 ἑπὶᾷχρωμάτων
2205 5538 2269 5601 Α,
2305 5537 2369 5609 τό
2401 5536 2662 5609 οιιιεΒΟ.
2738 5538 2782 5609 ᾼ¹¹
2829 5535 3122 5609 προσώπου
3165 5536 3308 5609 Βῂιξ,
3391 5536 3606 5609 υπατ-

340 5604 793 5688 ιπακολουρῆσοιν
826 5607 922 5686 καὶ
1208 5606 1298 5670 ὐγ.
1331 5607 1402 5688 Β..
1470 5604 2167 5688 ίξριτταρεμποδίστωὶῐί...
2213 5608 2255 5688 ξ⁵
2289 5604 2467 5688 ψυχῆς
2508 5608 2589 5688 BL
2650 5609 2690 5641 ’⁵
2718 5604 2892 5688 ’θεωρζ
2918 5606 3178 5688 ᾀρτιότης
3213 5607 3250 5657 Β
3271 5607 3336 5660 Ρ.
3414 5607 3457 5637 ¹⁶
3497 5605 3606 5659 λεια

344 5674 581 5745 πόμενος
613 5675 673 5728 Β.
753 5674 793 5706 ¹⁷
834 5674 1079 5744 ὲσφὰλοη
1127 5675 1344 5742 λέγεται
1375 5680 1440 5729 Λ.
1521 5678 1561 5709 ⁸⁸

354 5813 401 5846 ’³
431 5816 688 5886 ἐποίησεν

1602 5676 1633 5745 ἢ
1666 5676 1852 5748 χεῖραν
1883 5678 1940 5730 Β.
2020 5677 2060 5707 ²⁹
2100 5677 2177 5746 τῷ
2202 5676 2517 5748 ᾠμοπλάτει
2552 5676 2608 5732 Β.

343 5744 456 5797 out.
499 5744 770 5867 ὑπερμεὲ
815 5745 875 5797 Β.
952 5746 991 5776 ³⁸
1034 5745 1348 5813 ὀφθαλμοὺς
1376 5746 1416 5800 Β
1457 5746 1516 5800 Ρ.
1578 5744 1710 5800 ³³Ἲί
1738 5744 1788 5800 οἱ
1815 5748 1933 5801 ἀνθ.
1962 5749 2019 5799 Β.

354 5813 401 5846 ’³
431 5816 688 5867 ἐποίησεν
787 5814 850 5867 C.
893 5816 938 5847 "
970 5814 1064 5867 δύο
1087 5818 1186 5867 τῆς
1210 5816 1369 5867 όσφο.
1400 5835 1525 5867 ποο.
1561 5818 1619 5867 Β.
1702 5822 1745 5851 ²⁶
1792 5820 2019 5867 συντιμέκ.

787 5814 850 5870 C.
893 5816 938 5847 "
970 5814 1064 5869 δύο
1087 5818 1186 5886 τῆς
1210 5816 1369 5887 ὀσφρ.
1400 5835 1525 5887 πορ.
1561 5818 1619 5871 Β.
1702 5822 1745 5851 ²⁶
1792 5820 2094 5889 συνημένας
2122 5819 2178 5872 Β.

2718 5679 2763 5708 ³⁰
2803 5676 2860 5730 π.
2891 5678 2953 5731 τὸ
2980 5694 3103 5746 μεγ.
3138 5676 3276 5747 ἔχων
3301 5694 3425 5745 κεφ.
3456 5690 3601 5747 mox.

2099 5744 2162 5778 ηδ
2200 5746 2291 5803 οὖν
2319 5764 2425 5799 niti.
2455 5748 2512 5801 B.
2548 5750 2642 5801 καὶ
2666 5748 2735 5799 τὰ
2774 5748 2874 5816 μὲν
2897 5750 2937 5803 (ᾇ
2957 5750 3019 5802 Ρ.
3065 5744 3071 5746 ⁷
3097 5748 3142 5781 ¹³
3168 5744 3273 5802 ’καὶ
3303 5744 3516 5818 γαστὴρ
3544 5744 3601 5801 Β.

2258 5821 2300 5852 ²⁷
2344 5820 2433 5871 καὶ
2462 5819 2569 5873 τῶν
2598 5819 2696 5890 μὲν
2726 5820 2787 5875 Β.
