4066 6214
447 363 595 419 Ηιό

1760 356 2042 413 MELETII
2083 354 2399 411 MONACHI

3576 350 3718 407 HN

443 476 555 532 mal
581 475 765 541 subit;
801 484 945 530 tactu
997 489 1126 530 vero
1175 475 1481 545 deperdita,
1530 475 1694 530 simul
1721 484 1776 530 et
1815 476 2019 530 animal

2135 473 2522 543 ὶπολλυμένης,
2551 469 2955 525 συναπόλλυται
2988 467 3081 523 καὶ
3106 468 3151 500 ’⁸
3181 468 3243 522 τδ
3271 467 3431 533 ζῶον.
3463 466 3580 520 Πᾶν
3606 469 3730 553 γὰρ(

443 584 570 625 eum
588 565 709 639 ipse
726 569 885 638 perit.
914 566 1193 636 Siquidem
1207 582 1369 622 omne
1388 568 1596 621 animal
1614 576 1817 622 tactum
1838 568 2020 634 habet,

444 656 569 713 aliis
582 672 711 713 vero
726 656 991 719 sensoriis
1007 659 1265 713 omnibus
1288 674 1396 713 non
1417 658 1604 713 omnia
1624 658 1850 728 praedita
1869 667 2022 724 sunt,

446 749 540 803 sed
561 748 810 818 quedam
832 748 1131 818 aliquibus,
1162 749 1581 819 perfectioribus
1608 760 1788 806 autem
1838 750 2023 806 omnia

442 838 808 908 contigerunt.
824 836 1136 905 Enimvero,
1157 840 1320 894 homo
1342 850 1546 897 tactum
1565 849 1891 911 gnstumque
1907 858 2029 896 exa-

444 929 685 986 ctissime
709 931 936 986 sortitus
961 932 1280 1005 est,quibus
1303 934 1408 987 alia
1444 933 1703 988 animalia
1722 932 1829 1005 (‘5
1859 949 2025 988 exsu-

444 1029 618 1092 perat.
647 1022 846 1078 Tribus
875 1037 1001 1079 vero
1019 1039 1142 1093 quae
1158 1024 1365 1093 reliqua
1391 1033 1539 1089 sunt,
1557 1024 1663 1079 illis
1680 1023 1906 1079 inferior
1932 1025 2027 1078 ha-

445 1114 623 1169 betur.
642 1116 703 1169 Et
715 1114 860 1169 aliud
874 1114 1089 1184 quidem
1109 1114 1330 1181 animal,
1346 1116 1493 1170 aliud
1510 1132 1574 1170 ex
1591 1116 1850 1172 sensoriis
1863 1118 2028 1172 homi-

446 1222 570 1260 nem
597 1206 784 1270 vincit,
801 1208 1091 1263 canisvero
1113 1210 1285 1263 tribus
1304 1209 1489 1275 simul,
1508 1209 1717 1276 auditu,
1735 1210 1877 1273 visu,
1894 1210 2029 1264 olfa-

445 1305 669 1364 ctuque,
689 1303 749 1349 ut
763 1296 817 1349 in
838 1296 923 1351 his
938 1297 1030 1365 qui
1043 1297 1210 1352 odore
1224 1296 1366 1351 feras
1378 1299 1666 1368 vestigant,
1687 1313 1908 1353 cernere
1923 1308 2027 1355 est.

516 1378 636 1435 Non
707 1382 870 1437 modo
926 1392 1109 1437 autem
1172 1386 1459 1455 geminatis
1522 1388 1785 1443 sensoriis
1846 1404 2029 1444 rerum

446 1467 672 1523 Creator
734 1485 834 1525 nos
894 1471 1211 1542 insignivit,
1275 1475 1369 1529 sed
1432 1475 1550 1545 ipsa
1612 1476 1813 1546 duplici
1865 1494 2029 1534 sensu

447 1562 670 1630 praedita
723 1579 845 1620 esse
894 1564 1095 1631 voluit,
1154 1567 1347 1633 altero,
1402 1570 1495 1639 qui
1545 1584 1734 1624 eorum
1789 1572 2030 1640 peculia--

448 1654 525 1708 ris
573 1662 678 1720 est,
722 1656 894 1711 altero
951 1666 1146 1713 tactus.
1215 1657 1284 1714 Ut
1322 1660 1495 1727 visus,
1556 1660 1671 1729 ipse
1721 1662 1867 1717 enim
1918 1672 2029 1718 tum

446 1747 659 1811 colores
693 1748 997 1819 distinguit,
1043 1759 1158 1805 tum
1190 1767 1312 1821 qua:
1352 1753 1522 1808 calida
1566 1753 1868 1825 frigidaque
1905 1765 2032 1811 sunt

2129 563 2267 627 ζῶον
2305 564 2449 633 ἁφὴν
2486 562 2599 632 ἔχει
2623 604 2637 626 ,
2671 561 2772 625 τὰς
2813 560 2870 614 δὲ
2916 559 3082 622 ἄλλας
3121 559 3407 628 αἰσθήσεις
3445 558 3507 610 ού
3537 558 3719 613 πάντα

2131 653 2309 714 πάσας
2330 654 2399 716 ’³,
2442 652 2555 705 ἀλλ’
2586 652 2737 715 ἐνίας
2769 650 2907 703 ἐνια’
2957 650 3139 712 πάσας
3172 649 3229 701 δὲ
3260 648 3374 718 ἔχει
3412 647 3484 701 τὰ
3513 646 3722 701 τελεώ-

2127 765 2262 819 τερα
2295 749 2361 803 ³⁶.
2425 748 2482 801 Ὀ
2536 748 2593 801 δὲ
2664 746 2951 817 ἄνθρωπος
2996 748 3065 811 τῇ
3108 745 3220 814 ἀφῇ
3268 743 3360 796 καὶ
3403 744 3471 812 τῇ
3524 744 3721 810 γεύσει

2130 841 2291 894 πλέον
2317 840 2430 911 ἔχει
2466 841 2575 893 τῶν
2621 840 2795 893 ἄλλων
2822 838 2998 902 ζώων,
3047 838 3143 890 καὶ
3180 836 3609 907 κάκριϐεστάτως
3647 836 3720 897 ³¹,

2131 934 2221 986 καί
2246 950 2327 985 τοι
2352 936 2469 994 ταῖς
2501 933 2690 996 άλλαις
2714 932 2890 1005 τρισὶν
2920 930 3253 1001 ἡττώμενος.
3286 928 3449 981 ⁸Ἀλλο
3477 929 3579 997 μὲν
3605 930 3721 997 γὰρ

2134 1022 2270 1085 ζῶον
2303 1023 2423 1075 κατ’
2451 1022 2617 1092 ἄλλην
2639 1022 2733 1074 καὶ
2764 1020 2933 1089 ἄλλην
2955 1020 2997 1051 ³³
3028 1019 3289 1087 αἰσθησιν
3316 1021 3380 1072 ἐκ
3404 1018 3513 1071 τῶν
3544 1019 3721 1087 τριῶν

2134 1114 2450 1167 πλεονεκτεῖ
2477 1113 2568 1166 τὸν
2597 1113 2884 1183 ἄνθρωπον
2910 1113 2974 1143 ³³·
2999 1112 3027 1164 ὁ
3047 1110 3105 1164 δὲ
3140 1109 3287 1163 κύων
3313 1112 3370 1162 ἐν
3390 1112 3507 1171 ταῖς
3535 1111 3720 1181 τρισὶν

2132 1204 2266 1275 ἅμα·
2298 1204 2553 1274 ὀξύτερον
2596 1204 2705 1275 γὰρ
2750 1205 2845 1257 καὶ
2893 1203 3085 1256 ἀκούει
3109 1203 3177 1265 ³⁵,
3225 1202 3321 1255 καὶ
3366 1201 3720 1272 βλέπει,καὶ

2130 1299 2505 1368 ὀσφραίνεται,
2542 1298 2617 1361 ὡς
2639 1298 2796 1368 δῆλον
2829 1300 2897 1351 ἐκ
2929 1296 3039 1352 τῶν
3067 1296 3409 1366 ἰχνευόντων.

2204 1390 2278 1442 Ού
2322 1389 2481 1459 μόνον
2511 1388 2568 1441 δὲ
2597 1388 2761 1441 διπλᾶ
2789 1387 3023 1441 δέδωκεν
3051 1387 3184 1455 ἡμῖν
3212 1384 3281 1438 τά
3319 1382 3656 1453 αἰσθητήρια
3685 1386 3721 1436 ὁ

2132 1479 2506 1551 Δημιουργδς,
2540 1478 2676 1533 ἀλλά
2721 1480 2816 1532 καὶ
2860 1477 3030 1539 αὐτὰς
3072 1476 3298 1545 ἐποίησε
3342 1475 3536 1538 διπλᾶς
3565 1475 3719 1545 ἔχειν

2132 1566 2413 1635 αἰσθήσεις
2436 1571 2501 1601 ’δ’
2559 1569 2654 1641 τὴν
2702 1571 2800 1641 μὲν
2844 1567 2954 1622 τῶν
3004 1568 3150 1621 ἰδίων
3182 1566 3482 1637 αἰσθητῶν,
3530 1566 3719 1639 si;sz

2132 1660 2231 1729 τῆς
2262 1660 2427 1729 ἁφῆς.
2468 1659 2556 1723 Ὠς
2590 1662 2624 1731 ἡ
2650 1659 2792 1729 δψιςο
2830 1659 2923 1712 καὶ
2954 1657 3064 1727 γὰρ
3096 1658 3165 1710 τὰ
3205 1657 3475 1727 χρώματα
3495 1657 3716 1728 διακρί-

2134 1769 2235 1814 νει,
2267 1752 2358 1804 καὶ
2384 1752 2490 1803 τῶν
2518 1750 2737 1822 θερμῶν
2772 1750 2868 1803 καὶ
2903 1749 3127 1820 ψυχρῶν
3147 1749 3197 1782 ⁸⁵
3227 1746 3713 1817 ἀντιλαμϐάνεται

445 1837 826 1906 deprehendit,
891 1840 985 1896 sed
1050 1842 1167 1896 hinc
1220 1843 1437 1912 quidem
1492 1860 1595 1914 qua
1654 1860 1876 1915 corpus,
1937 1860 2029 1900 co-

2135 1842 2271 1895 ἀλλά
2295 1843 2503 1897 τούτων
2536 1843 2658 1913 μὲν,
2705 1842 2781 1905 ὡς
2812 1840 2990 1912 σῶμα’
3028 1840 3139 1894 τῶν
3177 1840 3234 1893 δὲ
3273 1841 3583 1911 χρωμάτων
3616 1840 3719 1893 καὶ

447 1927 593 1982 lores
637 1943 787 1995 vero,
835 1938 888 1984 et
919 1944 1041 1999 quae
1099 1932 1390 2002 splendore
1422 1935 1665 2004 praedita,
1715 1951 1822 2006 qua
1870 1936 2021 1991 visus

2135 1935 2231 1989 τῶν
2271 1934 2590 2004 αύγοειδῶν,
2619 1935 2693 1998 ὡς
2736 1933 2884 2005 ὄψις.
2915 1933 3027 1988 Καὶ
3059 1932 3246 2003 μέντοι
3273 1932 3371 1987 καί⁵
3394 1932 3473 2003 τῷ
3511 1934 3715 2001 γεωδε·

448 2017 853 2073 animadvertit.
884 2018 1176 2077 Enimvero
1230 2032 1425 2089 tactus,
1458 2032 1643 2095 utpote
1667 2026 1760 2095 qui
1786 2026 2021 2081 maxime

2135 2030 2302 2099 ττάτῳ
2328 2028 2372 2059 ³⁷
2409 2028 2503 2081 καὶ
2532 2028 2980 2098 σωματικωτάτῳ
3000 2026 3107 2078 τῶν
3133 2025 3537 2097 αἰσθητηρίων,
3574 2027 3717 2096 ὅπερ

448 2114 723 2175 terrenus,
760 2125 1137 2180 supremaque
1174 2114 1525 2181 corpulentiae
1547 2124 1741 2183 praeter
1763 2115 1867 2169 alia
1894 2131 2021 2171 sen-

2135 2121 2265 2172 εστίν
2296 2120 2329 2185 ή
2380 2118 2513 2187 ἁφὴ,
2550 2118 2652 2186 τῆς
2700 2116 2939 2185 γεώδους
2989 2116 3203 2186 φύσεως
3245 2116 3588 2170 αἰσθάνεται.
3623 2116 3715 2187 Τῷ

447 2201 593 2255 seria
629 2209 734 2265 est,
780 2188 913 2273 quae
956 2213 1185 2261 terrena».
1218 2214 1426 2260 naturae
1462 2217 1610 2273 sunt,
1659 2208 2020 2277 comprehen-

2135 2208 2181 2261 δὲ
2206 2208 2490 2279 ἀεροειδεί,
2515 2207 2622 2261 τῶν
2642 2205 2736 2260 τοῦ
2759 2206 2918 2277 ἀέρος
2938 2205 3279 2275 παθημάτων
3294 2205 3382 2258 διὰ
3398 2205 3501 2273 τῆς
3518 2206 3711 2274 ἀκοῆς⁴

446 2289 545 2344 dit.
595 2290 726 2356 Quae
784 2308 915 2348 vero
955 2309 1128 2350 aerea:
1157 2296 1434 2366 qualitatis
1464 2296 1761 2361 habentur,
1802 2298 2021 2353 auditus

2135 2301 2223 2353 καὶ
2252 2301 2328 2371 τῷ
2357 2300 2699 2368 σπογγοειδεῖ
2724 2299 2768 2330 ³⁸
2799 2302 2895 2371 τῆς
2926 2297 3198 2369 γλώττης,
3243 2296 3337 2351 καὶ
3363 2296 3442 2367 τῷ
3465 2296 3708 2350 ὑδατοει-

449 2379 755 2436 ministerio
798 2384 892 2452 qui
953 2386 1097 2441 aeris
1157 2387 1431 2455 particeps
1464 2397 1566 2451 est,
1602 2387 2016 2458 dignoseuntur.

2135 2394 2206 2446 δεῖ
2233 2392 2309 2463 τῷ
2333 2391 2379 2423 ³⁸
2411 2393 2554 2446 κατά
2588 2393 2685 2462 τὴν
2730 2391 2942 2460 γεῦσιν,
2982 2388 3093 2443 τῶν
3140 2390 3332 2461 χυμῶν
3369 2389 3717 2459 ἀντιλαμϐά-

449 2473 519 2525 At
557 2488 587 2525 a
637 2473 844 2543 lingua,
880 2464 1021 2545 qua:
1059 2478 1367 2547 spongiosze
1409 2479 1696 2549 cujusdam
1740 2481 2022 2550 qualitatis

2135 2503 2298 2539 νεταιο
2336 2485 2569 2539 ἕκαστον
2613 2485 2723 2555 γάρ
2753 2485 2861 2538 τῶν
2897 2485 3175 2554 αἰσθητῶν
3218 2484 3308 2539 διὰ
3354 2483 3462 2537 τῶν
3484 2479 3714 2536 οίῑιείων

449 2571 558 2627 est,
600 2578 847 2635 sapores,
880 2568 976 2638 qui
1006 2570 1166 2638 aquei
1200 2570 1610 2640 quodammodo
1646 2581 1795 2636 sunt,
1828 2584 2022 2644 gustus

2135 2576 2503 2650 αἰσθητηρίων
2549 2578 2917 2649 γνωρίζεσθαι
2964 2576 3234 2644 πέφυκεν.

452 2654 628 2711 οίῐίείο
658 2656 1185 2735 deprehenduntur:
1225 2662 1494 2732 siquidem
1552 2664 1808 2722 universa
1867 2683 2063 2737 genera
2102 2684 2291 2724 eorum
2333 2686 2455 2739 qua:
2481 2671 2583 2726 sub
2613 2686 2835 2725 sensum
2887 2671 3145 2737 cadunt,
3184 2668 3554 2739 peculiaribus
3585 2684 3716 2725 seu-

37 4501 39 4542 |

38 4674 40 4747 Ῠ

38 4814 39 4869 1

452 2747 617 2803 soriis
655 2750 1019 2805 animadverti
1050 2760 1241 2822 suapte
1282 2767 1477 2808 natura
1517 2754 1712 2811 idonea
1756 2767 1903 2812 sunt.

524 2837 638 2894 ilac
674 2839 841 2911 igitur
889 2842 1122 2910 ratione,
1167 2860 1292 2900 cum
1327 2856 1565 2917 quatuor
1593 2849 1861 2906 elementa
1894 2852 2025 2918 sint,

452 2933 531 2987 uti
548 2942 603 2988 et
629 2949 828 2990 sensus
850 2936 1073 2991 totidem
1092 2945 1297 3003 essent,
1314 2954 1535 2995 necesse
1554 2939 1752 2997 fuerat.
1766 2942 1871 2997 Sed
1889 2960 2026 3014 quo-

453 3024 602 3078 niam
621 3040 811 3096 vapor,
836 3027 1174 3098 odorumque
1199 3044 1392 3099 genus,
1411 3030 1551 3085 inter
1568 3046 1751 3087 aerem
1796 3050 2025 3102 aquam-

2210 2851 2355 2904 Ἔδει
2397 2851 2577 2906 τοίνυν
2605 2851 2749 2905 κατά
2787 2849 2979 2905 τοῦτον
3012 2852 3103 2906 τὸν
3134 2850 3318 2919 λόγον,
3365 2852 3558 2923 ἐπειδὴ
3586 2852 3713 2906 τέσ-

2135 2960 2275 3014 σαρα
2304 2947 2541 3013 στοιχεῖα
2573 2944 2702 3009 εἰσί,
2739 2944 3018 3015 τέσσαρας
3048 2939 3189 2997 εἶναι
3225 2944 3323 2998 καί⁸
3363 2943 3463 3006 τάς
3515 2943 3715 3015 αἰσθή-

2135 3051 2269 3097 σεις.
2315 3034 2455 3088 Ἀλλ’
2502 3035 2801 3107 ἐπειδήπερ
2853 3038 2881 3091 ὁ
2934 3035 3107 3107 ἀτμὸς
3158 3038 3250 3089 καὶ
3295 3036 3355 3090 τὸ
3391 3035 3502 3089 τῶν
3535 3037 3715 3107 ὀδμῶν

454 3132 583 3186 que,
609 3117 798 3173 media:
822 3119 1107 3189 cujusdam
1129 3129 1339 3176 natura:
1360 3122 1491 3186 sint,
1513 3138 1635 3178 aere
1667 3132 1845 3180 tamen
1874 3141 2026 3182 cras-

2135 3126 2289 3194 γένος
2317 3126 2525 3197 μεταξὺ
2553 3126 2652 3198 τὴν
2700 3126 2862 3196 φύσιν
2887 3126 2933 3159 ⁸ο
2968 3128 3108 3181 εἰσιν
3140 3129 3303 3198 ἀέρος
3336 3127 3434 3182 καὶ
3484 3128 3678 3193 ὕδατος
3698 3148 3711 3161 ’
3770 3202 3775 3203 ν

454 3211 641 3277 sioris,
668 3228 810 3282 aqua
833 3229 964 3270 vero
1013 3215 1318 3271 subtilioris
1348 3217 1598 3282 habetur,
1637 3218 1741 3274 hac
1772 3219 1839 3274 de
1865 3235 2031 3275 causa

454 3310 652 3359 natura
673 3306 922 3373 quintum
947 3307 1107 3363 nobis
1129 3308 1440 3364 sensorium
1465 3309 1693 3367 interius
1710 3311 1903 3382 largita
1927 3321 2029 3368 εει.

524 3473 683 3538 Quod
733 3490 900 3541 vero,
957 3487 1070 3532 tum
1129 3494 1413 3550 vaporum,
1474 3490 1590 3537 tum
1639 3483 1869 3539 odorum
1931 3501 2033 3540 na-

456 3573 577 3617 tura
608 3578 733 3620 aere
781 3567 1021 3623 crassior
1052 3582 1157 3633 est,
1203 3586 1268 3625 ex
1303 3571 1389 3628 his
1433 3572 1527 3643 qui
1587 3573 1803 3629 narium
1847 3591 2029 3643 muco,

454 3668 551 3709 seu
601 3658 859 3713 catarrho
913 3660 1181 3729 laborant,
1236 3673 1578 3735 perspectum
1627 3666 1891 3734 redditur,
1939 3672 2031 3740 qui

452 3761 580 3802 cum
638 3764 822 3805 aerem
882 3753 1187 3820 attrahunt,
1257 3772 1487 3826 vapores
1543 3758 2035 3831 opilationisugra-

454 3838 529 3893 tia
586 3841 1016 3915 haudquaquam
1091 3848 1355 3913 sentiunt,
1419 3850 1514 3905 sed
1568 3850 1660 3905 diu
1728 3853 2033 3907 sensorium

453 3944 485 3984 a
545 3936 782 3993 sensatis
839 3937 1310 4009 deprehendendis
1367 3941 1611 3997 immune
1655 3944 2032 4009 continentes,

452 4028 772 4100 perdurant.
820 4031 1032 4086 Etenim
1084 4049 1278 4089 sensus
1331 4035 1446 4103 ipse
1493 4036 1743 4090 alteratio
1783 4052 1890 4090 non
1929 4047 2032 4102 est,

453 4121 552 4176 sed
605 4122 703 4191 qui
781 4122 957 4191 ipsam
1028 4124 1405 4179 alterationem
1478 4126 1866 4195 deprehendit;
1908 4144 2033 4183 nam

453 4227 577 4281 qua:
623 4211 726 4266 sub
759 4226 982 4266 sensum
1016 4214 1241 4277 cadunt,
1274 4216 1584 4270 alteratioui
1633 4216 1870 4271 obnoxia
1914 4219 2037 4272 red-

454 4302 679 4356 duntur.
732 4301 1121 4358 Alterationem
1173 4321 1303 4360 vero
1332 4322 1527 4361 sensus
1581 4306 1888 4379 distinguit.

526 4392 804 4465 Siquidem
841 4395 1087 4450 sensoria
1130 4396 1372 4466 quinque
1401 4399 1685 4467 habentur,
1713 4401 1807 4455 sed
1839 4418 2035 4457 sensus

2135 3216 2296 3291 ἀέρος
2352 3218 2451 3289 μὲν
2480 3220 2588 3289 γάρ
2635 3221 2755 3273 ἐστι
2794 3220 3280 3293 παχυμερέστερος
3299 3220 3365 3286 ⁸⁸,
3416 3219 3609 3283 ὕδατος
3642 3222 3714 3275 λδι

2134 3309 2637 3381 λεπτομερέστερος
2656 3312 2724 3376 ⁵⁸,
2754 3310 2948 3364 τούτου
2980 3311 3140 3384 χάριν
3188 3313 3221 3382 ἡ
3254 3312 3527 3383 ὄσφρησις
3567 3313 3711 3383 πέμ-

2137 3418 2270 3455 πτον
2298 3402 2454 3473 ἐδόθη
2490 3405 2621 3473 ἡμῖν
2640 3403 2685 3435 ⁸³
2717 3404 3096 3475 αἰσθητήριον.

2212 3495 2332 3547 ὐτι
2366 3494 2425 3547 δέ
2453 3496 2485 3564 ὴ
2516 3494 2626 3548 τῶν
2661 3494 2851 3565 ἀτμῶν
2891 3496 2985 3547 καὶ
3010 3495 3192 3565 ὀδμῶν
3230 3495 3395 3564 φύσις
3430 3495 3713 3567 παχυτέρα

2137 3585 2379 3639 ἐστὶτοῦ
2412 3586 2576 3657 ἀέρος
2614 3586 2777 3657 δῆλον
2825 3586 2892 3640 ἐκ
2914 3586 3024 3640 τῶν
3054 3586 3290 3656 κόρυζαν
3331 3587 3364 3658 ἢ
3399 3588 3714 3659 κατάρρουν

2136 3676 2369 3747 ἐχόντων
2390 3675 2469 3709 ⁸⁵⁸
2515 3676 2767 3740 ἕλκοντες
2800 3676 2909 3748 γὰρ
2952 3677 3044 3732 τὸν
3072 3677 3210 3748 ἀέρα
3237 3677 3346 3731 τῶν
3378 3678 3569 3749 ἀτμῶν
3617 3678 3715 3732 οὐκ

2136 3768 2628 3839 ἀντιλαμϐάνονται
2652 3769 2742 3821 διὰ
2770 3769 2871 3840 τὴν
2900 3767 3194 3839 ἐμφραξιν,
3224 3768 3361 3824 ἀλλὰ
3397 3768 3715 3841 διαρκοῦσιν

2136 3861 2230 3915 ἐπί
2251 3861 2387 3914 πολὺ
2418 3862 2741 3933 ἀναίσθητον
2767 3861 2867 3932 τὴν
2894 3863 3148 3933 αἴσθησιν
3179 3862 3438 3933 φέροντες
3455 3864 3524 3917 ⁸⁸.
3560 3861 3716 3916 Ἐστι

2136 3953 2192 4006 δέ
2226 3956 2258 4024 ἡ
2307 3953 2562 4025 αἴσθησις
2597 3956 2697 4008 ούκ
2731 3954 3040 4021 ἀλλοίωσις,
3092 3954 3231 4011 ἀλλά
3269 3956 3568 4023 διάγνωσις
3623 3958 3717 4010 ἀλ·-

2140 4044 2444 4109 λοιώσεως*
2493 4046 2801 4099 ἀλλοιοῦται
2837 4046 2936 4116 μὲν
2965 4046 3075 4117 γάρ
3104 4046 3170 4099 τά
3200 4045 3564 4118 αἰσθητήρια,
3595 4048 3715 4101 δια-

2138 4136 2314 4206 κρίνει
2347 4137 2403 4189 δέ
2437 4137 2853 4208 τὴνάλλοίωσιν
2878 4139 2912 4209 ἠ
2942 4138 3216 4209 αἴσθησις.

2214 4398 2367 4451 Ἐστι
2390 4397 2449 4451 δὲ
2477 4400 2806 4471 αἰσθητήρια
2840 4400 2938 4471 μὲν
2967 4399 3160 4455 πέντεο
3187 4398 3441 4470 αἴσθησις
3465 4399 3522 4453 δέ
3550 4398 3650 4470 μία
3681 4402 3715 4469 ἡ

455 4502 600 4543 unus
646 4496 751 4551 est,
809 4489 903 4558 qui
961 4488 1157 4543 anima:
1208 4490 1439 4545 habetur
1492 4506 1614 4560 quae
1646 4507 1740 4561 per
1785 4496 2028 4550 sensoria

2135 4486 2361 4560 ψυχικὴ,
2406 4491 2439 4560 ἡ
2488 4492 2836 4562 γνωρίζουσα
2877 4491 2965 4545 διὰ
2998 4491 3107 4545 τῶν
3138 4490 3513 4562 αἰσθητηρίων
3554 4490 3625 4543 τά
3657 4493 3716 4545 ἐν

457 4579 573 4650 ipsa
606 4580 923 4637 affectiones
953 4597 1074 4651 quae
1113 4582 1213 4651 ipsi
1264 4582 1523 4637 eveniunt
1554 4584 1846 4655 diguoscit.
1893 4588 2029 4642 Cum

453 4671 599 4726 enim
628 4673 809 4728 album
848 4673 1120 4744 inspicere
1152 4676 1443 4748 contingit,
1476 4692 1542 4731 ex
1569 4691 1633 4731 eo
1665 4678 1806 4746 quod
1838 4693 2033 4733 sensus

457 4762 767 4818 ministerio
796 4763 908 4835 46
932 4764 1384 4835 deprehenderat,
1412 4767 1553 4822 idem
1579 4767 1805 4822 allectus
1835 4767 2031 4821 animze

456 4849 780 4907 innascitur.
809 4850 1011 4908 Eadem
1057 4856 1188 4910 item
1219 4855 1358 4910 ratio
1388 4864 1443 4910 et
1471 4855 1539 4910 de
1580 4856 1701 4911 aliis
1771 4855 2034 4910 sensoriis

459 4941 707 4996 habenda
757 4950 854 4998 εει.
921 4941 1056 4998 Nam
1095 4944 1240 4999 aliud
1275 4962 1492 5009 sensus,
1542 4946 1689 5000 aliud
1724 4947 2031 5001 sensorium

455 5042 559 5097 est,
602 5042 657 5088 et
679 5034 825 5089 aliud
855 5041 1156 5103 sensatum,
1184 5023 1328 5091 aliud
1368 5037 1643 5092 sensibile.

529 5122 738 5179 Sensus
787 5124 953 5194 igitur
981 5137 1067 5180 est
1108 5126 1307 5181 animae
1359 5126 1441 5181 vis
1475 5143 1597 5197 qua:
1653 5128 1807 5197 agit;
1836 5144 2033 5197 quam-

456 5212 643 5268 obrem
699 5215 803 5271 hoc
875 5224 1035 5285 pacto
1113 5215 1414 5272 deﬁnitioni
1477 5217 1775 5286 subjacet:
1826 5217 2033 5272 Sensus

457 5316 544 5361 est
587 5308 812 5379 spiritus
857 5308 1260 5376 intellectualis,
1296 5310 1391 5381 qui
1448 5325 1478 5364 a
1540 5309 1928 5381 principalibus
1964 5310 2033 5364 ad

2137 4581 2272 4649 αὐτῇ
2298 4578 2343 4610 ⁸⁸
2394 4581 2665 4651 γενόμενα
2718 4581 2889 4652 πάθη.
2924 4582 3092 4635 Ὅταν
3133 4580 3239 4651 γάρ
3287 4580 3481 4633 λευκὸν
3512 4580 3716 4650 [δῶμεν

2136 4672 2412 4739 ἐγγινεταί
2444 4689 2498 4724 τι
2538 4672 2709 4736 πάθος
2733 4675 2798 4745 τῇ
2830 4674 2975 4743 ψυχῇ
3009 4675 3075 4726 ἐκ
3102 4672 3203 4742 τῆς
3230 4671 3447 4742 λήψεως
3475 4670 3520 4701 ⁸⁷
3548 4670 3714 4723 αὑτοῦ

2136 4763 2223 4816 διὰ
2261 4767 2356 4834 τῆς
2403 4764 2734 4836 αἰσθήσεως.
2796 4766 3032 4836 Ὀμοίως
3077 4765 3174 4819 καί¹
3224 4764 3320 4817 ἐπὶ
3369 4764 3480 4816 τῶν
3513 4762 3717 4816 λοιπῶν

2138 4855 2531 4926 αἰσθητηρίων.
2566 4858 2735 4910 ’Δλλο
2778 4857 2835 4910 δέ
2866 4859 3015 4909 ἐστιν
3042 4854 3318 4925 αἴσθησις,
3352 4856 3443 4907 καὶ
3471 4855 3600 4909 ἄλλο
3628 4855 3715 4906 αἰ-

2142 4944 2465 5015 σθητήριον·
2530 4945 2625 5000 καὶ
2660 4946 2788 5000 ἀλλο
2846 4945 3125 5018 αἰσθητὸν,
3181 4946 3274 4998 καὶ
3329 4944 3461 5000 ἄλλο
3522 4945 3716 5013 αἰσθη-

2140 5037 2290 5089 τικόν
2312 5036 2374 5089 ⁸⁸.

2210 5126 2473 5197 Αἴσθησις
2526 5128 2625 5197 μὲν
2680 5128 2773 5181 οὖν
2805 5129 2954 5181 ἐστιν
3001 5129 3033 5199 ἡ
3063 5126 3362 5199 ἐνεργοῦσα
3387 5126 3592 5196 ψυχικὴ
3624 5126 3713 5179 δύ-

2138 5237 2201 5271 να
2210 5236 2324 5289 μις,
2354 5219 2434 5272 διὸ
2456 5220 2547 5272 καὶ
2569 5218 2742 5283 οὕτως
2762 5220 2933 5289 αὐτὴν
2954 5218 3226 5290 ὁρίζονται
3242 5235 3255 5249 °
3283 5218 3508 5287 Πνεῦμα
3532 5217 3719 5287 νοερὸν

2142 5312 2248 5365 ἀπὸ
2278 5311 2369 5366 τοῦ
2410 5312 2739 5384 ἡγεμονικοῦ
2788 5312 2881 5366 ἐπὶ
2908 5312 2978 5365 τά
3015 5312 3220 5383 ὄργανα
3253 5312 3553 5381 τεταμένον
3576 5311 3650 5342 δ”
3683 5311 3715 5378 ἢ

530 5463 574 5537 ξε
615 5464 709 5518 κιιί⁸
743 5477 854 5537 om_.
884 5462 962 5537 B._
1023 5464 1543 5537 ¹⁸λνπάντωςπᾴσας
1570 5465 1631 5529 Β,
1649 5464 1856 5537 τεάντας
1874 5464 2052 5528 πάσας
2228 5467 2271 5497 ³ο
2310 5467 2618 5536 τελειότερα
2644 5467 2703 5521 Β.
2778 5469 2818 5500 ³¹
2843 5466 3246 5537 ἀκριϐεστάτας
3270 5466 3311 5516 Β
3514 5466 3586 5537 7³³
3626 5465 3719 5537 καὶ

458 5532 627 5606 ἀλλην
653 5534 862 5606 ριιιηΒ
924 5535 986 5590 (3.
1064 5535 1109 5568 ³³
1183 5535 1275 5589 τοῦ
1328 5533 1617 5606 ἀνθρώπου
1677 5535 1738 5588 Β.
1815 5535 1859 5566 ³³⁵
1926 5537 2021 5588 καὶ
2056 5535 2313 5606 ὀξύτερον
2350 5538 2443 5606 dx.
2509 5532 2567 5591 ll.
2645 5538 2689 5568 ³³
2754 5532 3207 5605 διπλ.’ἐποίησεν
3254 5539 3297 5606 όί
3319 5536 3450 5597 Θεὸς
3497 5536 3577 5604 ἕχ.
3618 5535 3717 5597 τὰς

465 5603 613 5678 erigi).
791 5605 837 5637 ³⁸
870 5606 983 5659 τῶν
1023 5606 1187 5678 ψυχρ.
1216 5606 1280 5678 Βἐ
1352 5606 1406 5678 ³⁷,
1432 5602 1815 5678 γεωδεστάτων
1858 5606 1919 5659 Α.
1947 5606 1989 5637 ³⁸
2031 5604 2185 5673 ἐντῷ
2205 5602 2298 5658 σπ.
2346 5605 2405 5658 Β.
2445 5608 2487 5639 ³9
2514 5607 2587 5678 -τὸ
2609 5607 2667 5678 Β.
2694 5607 2801 5659 τῶν
2834 5609 2895 5659 Ρ.
2916 5606 3017 5678 Α⁸⁰τ

461 5672 503 5726 C
535 5669 596 5723 Ρ.
666 5674 707 5704 ⁸⁸
740 5669 1220 5747 παχυμερέστέρα.
1251 5676 1311 5729 Β.
1397 5669 1953 5746 Μ’λετττοίθεερέστερει
1985 5678 2045 5729 Β.
2146 5669 2189 5707 ‘3
2211 5678 2345 5746 ἡμῖν
2376 5692 2484 5732 om.
2511 5676 2573 5738 Β,
2602 5677 2757 5746 ἐδόθη
2788 5676 2953 5731 ἔνδοθι

465 5742 661 5819 κατάξι’.
699 5742 795 5819 Β.-
835 5744 880 5775 ⁸³
903 5746 1292 5819 περιφέροντες
1319 5746 1378 5812 Β,
1410 5764 1498 5815 γρ.
1528 5746 1860 5818 αἰσθητήρια
1886 5749 1945 5799 Ρ.
2024 5746 2071 5781 ⁸⁸
2096 5748 2276 5811 αὐτοῖς
2302 5746 2357 5799 Β.
2438 5747 2479 5779 ⁸⁷
2509 5747 2862 5819 καταλήψεως
2896 5749 2953 5799 Ρ.

465 5742 661 5818 macie:
699 5742 794 5818 B._
835 5744 880 5775 ⁸³
897 5742 1292 5818 περιφέροντες
1319 5746 1378 5812 Β,
1410 5764 1498 5815 γρ.
1528 5742 1860 5818 αἰσθητήρια
1886 5742 1945 5799 Ρ.

462 5824 570 5862 υιιι.
614 5810 672 5863 Β.
753 5810 796 5842 δ’
830 5810 1157 5873 τεταγμένον
1197 5816 1258 5881 Β.

2146 5605 2185 5673 ᾦ
2205 5605 2298 5658 σπ.
2346 5605 2405 5658 Β.
2445 5608 2487 5639 ³9
2525 5607 2587 5659 τὸ
2609 5607 2667 5665 Β.
2694 5607 2801 5659 τῶν
2834 5609 2895 5659 Ρ.
2926 5606 2971 5637 ⁸⁸
2990 5609 3055 5729 τη
3090 5606 3249 5673 φύσει
3280 5605 3343 5668 Β,
3373 5606 3474 5674 τῆς
3503 5606 3712 5673 φύσεως

2146 5678 2189 5707 ⁸³
2211 5678 2345 5746 ἡμῖν
2376 5692 2484 5732 om.
2511 5676 2573 5738 Β,
2602 5677 2757 5746 ἐδόθη
2788 5676 2998 5731 ἔνδοθεν
3056 5679 3093 5729 ’.
3186 5676 3380 5746 “A199.
3413 5673 3706 5746 ἐχόντωνῇ

3035 5746 3077 5777 ⁸⁸
3112 5746 3203 5799 καὶ
3231 5744 3358 5798 ἄλλο
3398 5743 3709 5815 αἰσθητικὸν
