4054 6216
273 346 417 402 Ηιὸ
1518 356 1605 413 DE
1645 357 1828 417 NATU

1973 362 2276 421 HOMINIS.
3397 367 3536 425 1146

269 462 329 517 οἱ
341 478 445 526 τως
465 478 478 491 ·
530 460 761 534 δύναμις
791 463 970 538 ψυχῆς
1020 468 1385 545 ἀντιληπτικὴ
1413 475 1521 528 τῶν
1555 476 1833 548 αἰσθητῶν

1963 480 2400 538 instrumentalia
2456 480 2751 554 porrigitur
2801 480 2963 549 ;sive
3000 482 3107 537 hoc
3156 490 3315 553 pacto
3365 498 3540 539 :sen-

279 559 341 609 Ὀ
376 556 433 610 δὲ
481 554 709 610 Πλάτων
738 557 840 628 τὴν
885 560 1138 632 αἴσθησιν
1169 564 1457 635 δυνάμεως
1496 568 1591 621 καὶ
1616 568 1852 639 ὀργάνου

269 648 563 701 κοινωνίαν
591 649 727 719 πρὸς
774 651 842 704 τὰ
871 653 1027 717 ἐκτὸς
1067 654 1312 725 ὁρίζεται
1334 673 1347 687 ο
1400 659 1645 712 τουτέστι
1674 660 1853 731 ψυχῆς

268 739 364 790 καὶ
391 738 678 808 σώματος·
717 742 749 811 ἡ
783 742 893 813 γὰρ
938 743 1167 814 δύναμις
1194 745 1401 816 ψυχῆς,
1434 748 1496 800 τὸ
1540 748 1597 801 δὲ
1612 749 1852 825 ,ὄργανον

270 831 522 900 σὼματος
548 849 563 863 ο
593 832 762 903 ἄμφω
799 834 855 887 δὲ
882 835 970 888 διὰ
1012 839 1312 905 φαντασίας
1346 840 1711 912 ἀντιληπτικὰ
1742 841 1851 895 τῶν

267 921 490 987 ἔξωθεν.

336 1191 702 1264 Αἰσθητὴριον
763 1191 819 1245 δέ
867 1194 1018 1247 ἐστιν
1072 1192 1302 1263 ὄργανον
1356 1195 1457 1267 τῆς
1507 1197 1847 1270 ἀντιλήψεως

267 1283 375 1338 τῶν
401 1283 696 1354 αἰσθητῶν,
735 1283 769 1353 ἢ
793 1283 853 1335 τὸ
890 1283 1142 1351 αἴσθησιν
1171 1285 1294 1339 τινὰ
1334 1288 1847 1358 ὲμπεπιστευμένον

265 1377 498 1447 δργανον
519 1377 601 1408 ⁸⁰·
659 1374 917 1447 αἰσθητὸν
978 1375 1035 1428 δὲ
1080 1376 1141 1428 τὸ
1184 1376 1439 1449 αἰσθήσει
1498 1380 1841 1435 ὑποπίπτονο

265 1466 587 1539 αἰσθητικὸν
612 1466 691 1532 δὲ,
720 1466 853 1519 αὐτὸ
880 1465 942 1519 τὸ
974 1466 1365 1538 αἰσθανόμενον
1395 1471 1547 1535 ζῶον.
1581 1472 1845 1543 Αἴσθησις

267 1562 371 1631 μὲν
415 1556 529 1626 οὖν,
560 1556 670 1613 οἷον
702 1559 921 1631 ὅρασις,
955 1559 1246 1632 ὄσφρησις,
1290 1562 1430 1631 ἀκοὴ
1450 1603 1465 1627 ,
1498 1564 1719 1631 γεῦσις,
1752 1567 1843 1620 καὶ

264 1654 401 1723 ἁφή.
452 1652 818 1723 Αἱσθητήριον
861 1651 941 1714 δὲ,
991 1652 1112 1723 ἦτοι
1143 1654 1172 1706 ό
1198 1652 1501 1725 ὀφθαλμὸς,
1540 1660 1573 1726 ὴ
1599 1658 1644 1689 ⁸⁸
1672 1660 1777 1728 ῥὶς,
1806 1662 1839 1731 ἠ

263 1744 484 1813 γλῶσσα
545 1743 642 1797 καὶ
690 1742 759 1796 τὰ
809 1743 966 1813 χείλη
988 1744 1057 1810 ⁵⁸,
1088 1744 1125 1798 ἃ.
1171 1746 1265 1798 κο.)⁵
1295 1745 1503 1817 ὄργανα
1549 1748 1843 1820 αἰσθητικά

1958 588 2055 628 sus
2121 581 2205 629 est
2268 574 2466 629 animat
2528 573 2659 638 vis,
2715 590 2837 645 qua
2878 583 3097 630 sensata
3157 575 3535 645 deprehendit.

1954 665 2106 721 Plato
2136 682 2263 721 vero
2308 682 2528 723 sensum
2562 667 2766 737 ipsum,
2805 667 3077 722 facultatis
3113 673 3169 721 et
3212 668 3539 723 instrumen-

1955 756 2017 821 ti,
2040 758 2144 812 hoc
2174 768 2257 813 est
2282 758 2477 813 animat
2503 766 2558 813 et
2583 758 2850 827 corporis,
2885 758 2951 813 ad
2979 774 3040 812 ca
3073 773 3194 827 quae
3225 766 3377 811 extra
3410 768 3537 812 sunt

1953 848 2504 905 communicationem
2531 864 2652 905 esse
2710 850 2900 905 statuit
2937 866 2952 904 :
3002 865 3127 902 nam
3161 849 3262 912 vis,
3318 849 3532 911 animae,

1954 938 2378 993 instrumentum
2433 953 2565 993 vero
2604 938 2855 1008 corporis
2915 938 3147 992 habetur
3183 957 3195 991 :
3239 946 3535 1006 utrumque

1952 1027 2095 1081 enim
2128 1042 2222 1096 per
2249 1027 2692 1095 imaginationem
2723 1041 2787 1081 ea
2817 1042 2938 1096 qua:
2965 1025 3239 1081 exteriora
3281 1033 3410 1078 sunt
3439 1023 3535 1077 de-

1950 1119 2285 1188 prehendere
2330 1127 2529 1187 potest.

2019 1208 2341 1263 Sensorium
2414 1223 2649 1278 namque
2711 1208 3133 1262 instrumentum
3214 1217 3329 1271 est,
3384 1205 3531 1274 quod

1950 1308 2170 1353 scnsata
2218 1297 2626 1367 deprehendere
2686 1304 2912 1367 potest;
2964 1297 3047 1351 vel
3103 1296 3529 1353 instrumentum

1949 1390 2194 1461 aliquod,
2237 1390 2383 1460 quod
2421 1405 2618 1447 sensus
2664 1389 2886 1460 quidam
2925 1404 3047 1446 esse
3079 1389 3340 1444 creditur.
3392 1388 3531 1455 Sen-

1947 1492 2124 1538 satum
2176 1489 2357 1536 autem
2418 1491 2542 1545 est,
2590 1479 2735 1551 quod
2787 1480 2891 1535 sub
2959 1494 3179 1535 sensum
3239 1480 3404 1535 cadit.
3458 1481 3527 1536 At

1947 1565 2226 1638 s’ensibile,
2272 1574 2476 1629 animal
2517 1572 2696 1644 ipsum
2745 1572 2889 1643 quod
2947 1581 3225 1627 sensatum
3275 1573 3525 1642 percipit.

1948 1664 2156 1721 Sensus
2203 1664 2370 1735 igitur
2424 1677 2507 1720 est
2536 1703 2553 1730 ,
2599 1673 2661 1720 ut
2706 1664 2860 1719 verbi
2921 1663 3094 1734 gratia
3152 1664 3346 1729 visus,
3391 1664 3528 1718 olfa-

1944 1767 2064 1813 ctus
2085 1797 2100 1821 ,
2137 1758 2384 1823 auditus,
2409 1767 2600 1826 gustus
2646 1764 2700 1811 et
2732 1765 2933 1812 tactus.
2958 1754 3277 1810 Sensorium
3297 1770 3446 1820 vero,
3470 1763 3530 1809 ut

264 1832 756 1903 προσαγορεύεται.
805 1832 1077 1905 Δίσθητὸν
1114 1834 1170 1888 δὲ
1190 1835 1238 1867 ⁸³
1270 1837 1300 1889 ὁ
1343 1836 1513 1903 λίθος,
1566 1838 1626 1892 τὸ
1657 1840 1835 1908 ξύλον,

1943 1847 2155 1910 oculus,
2189 1862 2378 1913 nasus,
2412 1846 2616 1917 lingua,
2638 1856 2692 1901 et
2722 1860 2846 1916 quae
2869 1845 3099 1914 reliqua,
3136 1859 3256 1914 qua:
3276 1845 3526 1901 sensoria

263 1929 360 1981 καὶ
386 1928 563 1982 πάντα
601 1926 669 1980 τὰ
704 1925 956 1996 αἰσθήσει
988 1927 1033 1959 ⁸⁸
1062 1928 1435 1985 ὑποπίπτοντα
1460 1948 1474 1962 ο
1520 1933 1839 2003 αἰσθητικὸν

261 2019 320 2073 δὲ
345 2019 372 2070 ὁ
401 2016 691 2085 Στέφανος,
738 2018 766 2068 ό
813 2016 1016 2087 Πέτρος
1038 2016 1106 2082 ⁸⁸,
1139 2017 1168 2069 ὁ
1202 2017 1486 2085 Μελέτιος,
1519 2021 1613 2073 καὶ
1662 2022 1842 2077 πάντα

262 2112 363 2164 ὅσα
394 2109 530 2164 ἄλλα
560 2107 881 2162 αἰσθάνεται
914 2107 1028 2172 ζῶα
1049 2126 1062 2140 ·
1104 2110 1302 2178 Ἔγνω
1323 2111 1454 2179 γὰρ,
1486 2111 1652 2182 φησὶ,
1682 2112 1840 2178 ,ϐοῦς

262 2202 370 2256 τὸν
396 2198 779 2270 κτησάμενον
798 2199 844 2231 ⁸⁸
875 2200 975 2252 καὶ
1012 2198 1153 2267 ὄνος
1183 2200 1295 2269 τὴν
1328 2201 1568 2271 φάτνην
1596 2204 1700 2258 τοῦ
1727 2222 1836 2258 κυ-

252 2292 394 2358 ρίου
423 2290 632 2347 αὐτοῦ.
665 2292 727 2344 Εἰ
754 2291 811 2343 δὲ
842 2290 985 2345 κατὰ
1014 2292 1112 2362 τὴν
1142 2293 1397 2364 αἴσθησιν
1424 2296 1491 2347 τὰ
1532 2295 1700 2364 ἄλογα
1729 2300 1840 2360 τοῖς

260 2384 501 2454 λογικοῖς
529 2383 836 2455 ἀνθρώποις
858 2387 1127 2447 κοινωνεῖ,
1150 2384 1334 2446 καλῶς
1357 2404 1505 2451 τινες
1527 2388 1633 2441 τῶν
1653 2389 1840 2443 ἀνατοο

264 2476 443 2547 μικῶς
476 2475 875 2547 ίστορησάντων
930 2477 1064 2546 μηδὲ
1108 2476 1250 2531 κατὰ
1294 2476 1393 2549 τὴν
1443 2479 1538 2532 τοῦ
1587 2480 1838 2551 σώματος

262 2567 398 2622 πολὺ
418 2566 701 2639 διαφέρειν
724 2566 841 2620 ένια
864 2566 971 2620 τῶν
1000 2565 1153 2630 ζώων
1185 2566 1437 2635 σύνταξιν
1460 2572 1553 2623 καὶ
1575 2572 1839 2642 ἁρμονίαν

262 2661 374 2714 τῶν
401 2660 595 2726 ὀστῶν,
622 2659 714 2713 καὶ
741 2661 839 2731 τὴν
864 2659 973 2719 τῶν
1000 2659 1249 2728 ὲγκάτων
1282 2660 1532 2715 σύνθεσιν
1565 2663 1833 2733 ἔγραψαν·

262 2755 359 2806 καὶ
389 2752 590 2823 μᾶλλον
617 2753 727 2807 τῶν
758 2751 933 2807 ἄλλων
964 2751 1120 2816 ζώων
1147 2753 1238 2807 τὸν
1261 2745 1355 2806 ὗν·
1398 2756 1480 2808 ὅτι
1515 2757 1612 2809 καὶ
1644 2758 1710 2810 ἐκ
1729 2758 1840 2811 τῶν

263 2844 444 2898 αὐτῶν
492 2844 774 2916 στοιχείων
800 2842 869 2896 τὰ
900 2841 1105 2897 τούτων
1151 2843 1379 2915 σώματα
1416 2847 1741 2919 συνεστάθη,
1780 2847 1838 2916 ἐξ

262 2931 338 2991 ὧν
374 2939 468 2991 καὶ
493 2937 562 2991 τὰ
587 2937 699 2991 τῶν
735 2935 1044 3007 ἀνθρώπων
1070 2952 1083 2967 ·
1118 2935 1187 2990 τὰ
1218 2936 1328 3009 γὰρ
1355 2938 1660 3010 ὁμοιομερῆ
1686 2939 1840 2994 οὐδὲν

262 3030 511 3103 διαφέρει
540 3030 649 3083 τῶν
689 3030 1017 3101 ἀμφοτέρων
1061 3030 1212 3099 παρὰ
1259 3030 1482 3103 μικρόν⁸
1538 3032 1588 3084 εί
1637 3032 1733 3086 καὶ
1771 3031 1839 3087 τὰ

263 3124 364 3193 τῆς
386 3119 797 3194 διοργαγὼσεως
838 3120 1181 3192 ὲνήλλακται,
1214 3123 1308 3176 καὶ
1344 3122 1413 3177 τὰ
1446 3124 1544 3194 τῆς
1573 3122 1835 3191 γεύσεως.

277 3215 335 3268 '0
376 3215 485 3286 γὰρ
504 3215 550 3247 ³⁷
583 3213 716 3276 Θεὸς
756 3213 909 3266 ἔθετο
945 3212 1015 3266 τὰ
1047 3213 1186 3284 μέλη
1213 3213 1271 3266 ἓν
1299 3213 1532 3268 ἕκαστον
1575 3214 1752 3269 αὐτῶν
1778 3217 1835 3268 ὲν

261 3309 339 3379 τῷ
368 3307 581 3379 σώματι
609 3304 792 3369 καθὼς
820 3305 1075 3377 ⁴ἠθέλησε.

1942 1936 2307 1991 instrumenta
2365 1944 2771 2007 nuncupantur.
2806 1935 2875 1991 At
2897 1945 3215 2001 sensatum,
3247 1944 3321 1999 ut,
3363 1934 3524 2005 lapis,

1939 2027 2167 2098 lignum,
2200 2036 2507 2098 cunctaque
2529 2044 2651 2098 qua:
2673 2027 2867 2083 cadere
2895 2027 3000 2083 sub
3038 2043 3262 2084 sensum
3288 2034 3523 2097 queunt.

1942 2119 2212 2174 Sensibile
2236 2130 2438 2183 autem,
2468 2131 2527 2175 ut
2583 2119 2799 2183 Petrus,
2854 2119 3183 2188 Stephanus,
3245 2119 3522 2183 Meldius,

1937 2219 1992 2264 et
2022 2210 2287 2279 reliquum
2328 2226 2490 2265 omne
2528 2212 2845 2266 animalium
2895 2212 3240 2281 sensibilium
3296 2226 3469 2282 genus
3506 2227 3521 2264 :

1940 2300 2149 2369 agnovit
2184 2301 2328 2353 enim
2361 2300 2460 2369 (ut
2494 2299 2774 2370 Scriptura
2812 2300 3089 2370 loquitur)
3130 2301 3222 2356 bos
3252 2316 3523 2370 possesso-

1941 2403 2047 2441 rem
2092 2405 2267 2453 suum,
2310 2401 2360 2442 et
2400 2390 2581 2443 asinus
2612 2406 2840 2459 prwsepc
2869 2391 3073 2445 domini
3107 2389 3193 2444 sui
3218 2392 3258 2443 ¹.
3298 2389 3355 2443 Si
3396 2404 3529 2445 vero

1940 2479 2166 2535 rationis
2200 2479 2440 2550 expertia
2493 2481 2805 2537 hominibus
2854 2481 2969 2552 ipsa
3002 2482 3241 2553 praaditis
3279 2497 3375 2551 per
3398 2496 3525 2536 sen-

1940 2587 2062 2626 sum
2098 2572 2276 2641 ipsum
2327 2574 2758 2640 communicant,
2809 2582 2958 2629 recte
3012 2574 3231 2644 quidem
3273 2574 3523 2629 nonnulli

1938 2664 2031 2734 qui
2083 2662 2479 2717 dissectionum
2537 2664 2794 2718 historias
2844 2664 3301 2734 perscripserunt,
3337 2679 3437 2719 nec
3464 2665 3523 2719 in

1940 2756 2187 2825 corporis
2225 2754 2456 2821 fabrica,
2488 2770 2664 2824 neque
2696 2756 2750 2810 in
2783 2755 2992 2821 ossium
3024 2742 3321 2820 structura,
3345 2757 3522 2811 visce-

1941 2862 2174 2917 rumque
2200 2846 2795 2916 compositioneinesse
2828 2848 3155 2917 quibusdam
3189 2863 3313 2903 cum
3344 2848 3521 2911 homi-

1942 2953 2011 2992 ne
2074 2938 2369 3008 plurimum
2441 2936 2777 2992 discriminis
2828 2938 3130 2991 litterarum
3192 2935 3521 2990 mandarunt

1942 3029 2333 3094 monumentis,
2380 3030 2524 3099 quod
2585 3031 2759 3099 magis
2802 3030 2856 3083 in
2918 3030 3003 3084 his
3034 3044 3157 3099 quae
3199 3028 3363 3098 paulo
3392 3034 3521 3081 ante

1942 3127 2365 3181 memoravimus
2437 3126 2768 3179 animalibus
2822 3133 3004 3194 patet;
3077 3121 3518 3193 quandoquidem

1940 3218 2131 3274 iisdem
2158 3234 2224 3273 ex
2269 3218 2555 3274 elementis
2598 3234 2786 3273 eorum
2818 3234 3069 3289 corpora,
3113 3216 3313 3286 quibus
3338 3225 3393 3270 et
3424 3217 3522 3270 ho-

1943 3310 2152 3364 minum
2182 3310 2486 3381 composita
2519 3318 2680 3376 sunt;
2721 3325 2914 3380 parum
2950 3308 3246 3363 admodum
3283 3306 3337 3361 in
3367 3307 3524 3363 simio

262 3401 466 3461 laribus
511 3400 652 3455 inter
682 3408 973 3470 utrumque
1001 3414 1173 3467 genus
1203 3401 1541 3459 discriminis
1584 3404 1836 3471 habetur,
1898 3408 2003 3461 etsi
2057 3407 2547 3462 instrumentorum
2587 3406 2987 3476 compositione
3059 3404 3290 3459 invicem
3333 3410 3524 3473 gustu-

262 3508 370 3561 que
395 3492 721 3563 discrepent.
768 3489 1048 3560 Siquidem
1079 3490 1222 3548 Deus
1243 3533 1257 3557 ,
1288 3493 1353 3548 ad
1388 3495 1619 3565 propria
1686 3496 1987 3552 voluntatis
2049 3498 2359 3563 arbitrium,
2390 3498 2759 3567 pulcherrimo
2827 3497 3021 3552 ordine
3051 3498 3105 3551 in
3145 3511 3337 3551 eorum
3370 3509 3514 3565 quo-

260 3585 392 3640 libet
419 3599 647 3655 corpore
684 3583 792 3658 47
818 3583 1065 3639 membra
1102 3583 1393 3654 disposuit.

331 3678 407 3732 Τὸ
444 3676 602 3748 σῶμα
647 3677 704 3731 δὲ
750 3676 844 3730 τοῦ
890 3676 1178 3749 ἀνθρώπου
1229 3679 1331 3732 οὐκ
1379 3678 1528 3733 ἔστιν
1564 3680 1621 3733 ἓν
1655 3681 1834 3751 μέλος,

259 3768 397 3824 ἀλλὰ
431 3767 619 3823 πολλά.
657 3768 778 3821 Ὅτι
807 3768 902 3822 καὶ
950 3770 1032 3832 εἰς
1079 3768 1322 3840 κεφαλὴν
1377 3770 1697 3840 διαιρεῖται,
1743 3772 1837 3824 καὶ

261 3865 342 3927 εἰς
381 3863 602 3933 στέρνον
644 3860 739 3915 καὶ
781 3861 1137 3932 ἐπιγάστριον
1183 3862 1276 3914 καὶ
1319 3861 1706 3934 ὑπογάστριον,
1743 3863 1838 3916 καὶ

261 3958 417 4028 ῥάχιν
444 3957 537 4009 καὶ
578 3954 773 4024 ὀσφὺν,
817 3954 912 4008 καὶ
944 3956 1133 4025 χεῖρας
1166 3953 1260 4008 καὶ
1302 3952 1490 4016 πόδας.
1524 3954 1637 4007 Kal.
1666 3954 1699 4025 ἡ
1739 3954 1838 4025 μὲν

261 4046 470 4118 κεφαλὴ
500 4046 743 4117 περιέχει
772 4045 1095 4114 ἐγκέφαλον,
1135 4044 1468 4117 ὀφθαλμοὺς,
1507 4046 1659 4116 ῥῖνα,
1695 4038 1837 4108 ὦτα,

261 4139 438 4208 στόμα
468 4136 561 4190 καὶ
589 4136 659 4190 τὰ
702 4134 811 4188 ἔσω
838 4132 933 4188 τοῦ
978 4134 1247 4206 στόματος
1267 4151 1280 4165 ⁸
1312 4135 1559 4202 γλῶτταν
1582 4134 1628 4167 ⁸⁸
1656 4134 1801 4207 λέγω
1818 4175 1833 4199 ,

259 4230 353 4284 καὶ
379 4228 631 4294 ὀδόντας,
677 4226 774 4281 καὶ
822 4226 1116 4297 φάρυγγα,
1154 4227 1249 4280 καὶ
1276 4227 1347 4280 τὰ
1376 4227 1516 4281 κατὰ
1548 4228 1738 4299 μέρος.
1763 4225 1837 4280 Τὸ

256 4319 315 4373 δὲ
346 4319 594 4390 στέρνον,
642 4317 923 4389 πνεύμονα
970 4319 1065 4372 καὶ
1113 4317 1364 4389 καρδίαν.
1430 4317 1490 4372 '0
1537 4318 1833 4390 τράχηλος,

258 4414 611 4469 κατακλεῖδα.
657 4414 724 4467 Ai
754 4412 1012 4484 πλευραὶ,
1040 4411 1133 4465 τὸν
1166 4411 1526 4476 ύπεζωκόταο
1594 4413 1628 4484 ή
1657 4413 1835 4484 ῥάχις,

260 4506 589 4570 σπονδύλους
618 4509 711 4560 καὶ
741 4504 939 4577 μυελόν
960 4504 1029 4559 ³⁹.
1074 4504 1139 4558 Ἦ
1168 4504 1225 4558 δὲ
1254 4503 1446 4575 ὀσφὺς,
1480 4504 1716 4576 νεφροὺς
1743 4506 1837 4559 καὶ

254 4599 326 4653 τὰ
362 4598 633 4669 ούρηδόχα
657 4597 702 4630 ⁶⁰
753 4598 976 4667 ἀγγεῖα.
1007 4597 1081 4650 Τὸ
1120 4596 1178 4650 δὲ
1209 4594 1586 4665 ἐπιγάστριον,
1634 4596 1837 4666 στόμα-

256 4708 373 4762 χον,
417 4686 594 4764 ἧπαρ,
628 4692 876 4763 σπλῆνα,
922 4693 1017 4746 καὶ
1044 4692 1144 4761 τὴν
1192 4690 1305 4745 ἄνω
1353 4688 1617 4761 γαστέρα.
1672 4689 1745 4741 Τὸ
1778 4689 1835 4743 δὲ

260 4785 651 4854 ὑπογάστριον,
703 4783 927 4857 ἔντερα,
968 4781 1224 4853 πιμελὴν,
1272 4780 1705 4851 περιττώματα,
1741 4781 1836 4833 καὶ

256 4878 326 4931 τὰ
354 4876 497 4931 κατὰ
543 4875 641 4935 τὴν
688 4875 852 4948 ἥϐην.
899 4875 966 4928 Ai
993 4877 1197 4946 χεῖρες,
1252 4873 1580 4944 βραχίονας,
1626 4871 1832 4943 ὤμους,

256 4969 485 5039 πήχεις,
531 4968 808 5039 καρποὺς,
857 4966 1177 5029 δακτύλους.
1230 4967 1293 5019 Ol
1346 4964 1543 5031 πόδες,
1599 4964 1831 5036 μηροὺς,

256 5063 481 5130 γόνατα,
511 5062 722 5133 σφυρὰ,
753 5060 1072 5124 δακτύλους.

2014 3681 2265 3738 Hominis
2313 3691 2495 3737 autem
2547 3697 2749 3752 corpus
2788 3697 2896 3736 non
2960 3694 3129 3733 unum
3192 3676 3521 3741 membrum,

1943 3776 2036 3830 sed
2070 3777 2225 3845 plura
2253 3776 2503 3830 habetur.
2532 3773 2597 3827 Et
2626 3774 2886 3843 quoniam
2918 3773 2973 3827 in
3004 3780 3190 3841 caput,
3226 3779 3279 3824 et
3308 3776 3520 3837 pectus,

1942 3871 1996 3918 et
2031 3864 2367 3933 superiorem
2432 3880 2496 3919 ac
2525 3863 2845 3918 inferiorem
2885 3870 3149 3925 ventrem,
3177 3860 3521 3928 spinamque,

1939 3966 1996 4011 et
2032 3956 2282 4020 lumbos,
2338 3971 2405 4011 ac
2453 3972 2652 4012 manus
2703 3956 2979 4025 pedesque
3028 3952 3311 4008 dividitur.
3350 3951 3524 4021 Caput

1941 4051 2158 4121 quidem
2224 4050 2548 4113 cerebrum,
2603 4050 2828 4115 oculos,
2871 4062 3102 4113 nasum,
3162 4060 3348 4109 aures,
3409 4043 3523 4098 oris

1943 4151 2173 4216 hiatum,
2205 4159 2259 4205 et
2298 4165 2420 4221 quae
2461 4150 2516 4204 in
2557 4164 2651 4204 ore
2687 4150 2837 4204 intus
2863 4146 3193 4211 consistunt,
3229 4154 3289 4199 ut
3316 4145 3521 4215 lingua,

1944 4241 2155 4308 dentes,
2203 4240 2391 4297 fauces
2440 4240 2697 4312 gutturis,
2739 4248 2794 4293 et
2840 4253 2962 4308 quae
3012 4235 3382 4307 particulatim
3422 4248 3513 4287 no-

1946 4331 2229 4384 minantur
2280 4329 2543 4384 continet.
2602 4326 2660 4382 In
2703 4336 2925 4398 pectore
2960 4340 3094 4381 vero
3143 4324 3416 4395 pulmonis
3471 4331 3524 4375 et

1943 4422 2125 4477 cordis
2176 4421 2351 4477 locus.
2388 4420 2601 4475 Collum
2638 4419 2965 4475 claviculam
3011 4418 3273 4471 continet.
3332 4413 3437 4467 Sed
3468 4420 3522 4466 et

1942 4521 2131 4577 costae,
2172 4513 2548 4568 membranam
2601 4528 2724 4582 quae
2771 4512 2919 4582 ipsas
2954 4512 3121 4581 tegit;
3167 4508 3323 4577 spina
3373 4520 3518 4571 vero,

1942 4605 2222 4660 vertebras
2286 4619 2351 4659 ac
2404 4603 2722 4659 medullam.
2769 4602 2837 4656 At
2870 4600 3062 4664 lumbi,
3112 4612 3294 4659 renes,
3330 4605 3381 4650 et
3414 4594 3519 4647 hu-

1946 4697 2075 4751 midi
2109 4695 2466 4761 excrementi,
2497 4711 2591 4750 seu
2622 4694 2796 4748 urinae
2851 4690 3212 4760 receptacula.
3262 4685 3521 4756 Superior

1944 4800 2074 4840 vero
2124 4793 2313 4840 venter
2366 4784 2421 4839 in
2468 4784 2834 4848 stomachum,
2869 4780 3045 4850 jecur,
3090 4781 3310 4844 lienem,
3347 4791 3400 4832 et
3428 4793 3519 4833 su-

1941 4877 2213 4947 periorem
2284 4876 2393 4930 alvi
2462 4883 2674 4945 partem
2742 4875 3023 4929 dividitur.
3091 4872 3322 4928 Inferior
3390 4885 3519 4925 vero

1938 4979 2147 5033 venter,
2186 4969 2239 5022 in
2286 4967 2570 5033 intestina,
2608 4967 3015 5038 pinguedinem,
3050 4972 3422 5027 excrementa,
3466 4970 3520 5016 et

1939 5075 2061 5129 quae
2102 5059 2170 5123 ad
2223 5058 2396 5129 pubes
2431 5060 2610 5130 posita
2660 5068 2809 5116 sunt.
2867 5057 3081 5124 Manus,
3117 5060 3173 5114 in
3206 5056 3517 5118 brachium,

258 5157 521 5213 humerus
549 5197 564 5221 ,
607 5157 862 5224 cubitos,
903 5154 1165 5226 palmam,
1210 5154 1429 5225 digitos.
1478 5154 1650 5212 Pedes
1685 5170 1836 5223 vero,
1876 5154 1930 5209 in
1969 5154 2167 5224 femur,
2234 5171 2434 5227 gcnua,
2458 5172 2646 5222 crura,
2688 5156 2991 5222 malleolos,
3059 5157 3217 5221 talos,
3260 5169 3325 5210 ac
3381 5152 3520 5221 digi-

258 5258 345 5304 tos
382 5249 724 5305 dividuntur.

323 5342 511 5397 Ταῦτα
550 5343 608 5398 δὲ
649 5344 828 5399 πάντα
856 5340 951 5395 καὶ
980 5340 1115 5395 ἄλλα
1162 5339 1407 5408 πλείονα,
1455 5344 1549 5396 καὶ
1580 5343 1719 5413 μέλη
1745 5341 1835 5397 λέ-

255 5451 446 5505 γονται
470 5436 564 5489 καὶ
602 5436 764 5508 μέρη,
788 5434 881 5488 καὶ
911 5434 1098 5505 μόρια,
1132 5432 1226 5487 καὶ
1245 5433 1399 5489 τόποι
1452 5437 1575 5489 κατ’
1603 5435 1737 5488 αὑτό
1770 5452 1829 5488 τε

329 5548 347 5579 ⁸
377 5545 483 5601 lsa.
521 5561 560 5613 ι,
592 5546 646 5601 5.

2014 5342 2139 5399 Haec
2185 5352 2368 5399 autem
2420 5345 2625 5408 omnia,
2653 5355 2709 5400 et
2746 5348 2850 5401 alia
2882 5348 3156 5418 pleraque,
3187 5352 3303 5397 tum
3348 5354 3519 5394 mem‘

1940 5434 2035 5490 bra
2078 5476 2094 5499 ,
2142 5444 2255 5489 tum
2314 5445 2496 5504 partes
2546 5439 2935 5509 particulaequc
2997 5453 3060 5494 ac
3111 5438 3232 5489 loca
3299 5446 3518 5501 separa-

327 5661 379 5736 εξ
415 5659 534 5736 haec
562 5658 764 5736 ou_t.__B.
835 5662 883 5736 ξ]
914 5663 945 5729 ἡ
985 5678 1095 5736 om.
1134 5661 1174 5713 Β
1205 5661 1288 5736 Ρ.-
1371 5664 1413 5695 ³³
1450 5664 1543 5736 καὶ
1578 5662 1834 5736 τὰᾼλοιπὰ
1950 5664 2013 5736 Ρ.
2042 5733 2062 5736 Δ
2089 5664 2136 5696 ⁸³
2166 5666 2425 5735 αἰσθητὸν
2454 5668 2511 5721 δὲ
2542 5665 2656 5723 οἷον
2694 5668 2753 5722 Ρ.
2836 5669 2879 5700 ⁵³
2912 5669 2979 5736 τῇ
3008 5666 3156 5719 αἰσθ.
3190 5664 3231 5718 Β
3257 5665 3315 5719 Ρ.
3406 5667 3450 5699 ⁸⁵
3487 5670 3518 5720 ό

257 5735 327 5788 Π.
357 5728 654 5811 δξτέφηΒ
683 5729 743 5785 ι’.
800 5732 877 5811 ,⁸⁸
911 5728 1242 5811 κτισάμενον
1270 5734 1326 5786 Β,
1423 5734 1465 5765 ⁵⁷
1502 5736 1582 5788 ὅτι
1609 5733 1715 5804 γὰρ
1746 5735 1809 5786 Δ.
1881 5734 1925 5767 ⁸⁸
1960 5733 2212 5802 γλῶσσαν
2244 5738 2285 5789 Β
2316 5728 2375 5793 Ρ.
2452 5739 2497 5771 δ’
2532 5738 2784 5811 μυελούς.
2816 5737 2877 5793 Β.
2953 5728 2998 5771 δι’
3024 5737 3284 5808 ούροδόχα
3313 5736 3351 5790 Β
3377 5740 3418 5794 (ἑ
3448 5738 3511 5807 Ρ,

280 5801 402 5857 καθ’
438 5802 611 5856 ἑαυτά
638 5817 695 5855 τε
728 5800 822 5854 καὶ
857 5800 1178 5874 συνημμένα
1206 5802 1265 5858 Ρ.
