4054 6216
548 344 679 399 “Eii

1868 328 2152 387 MELETII
2192 326 2506 384 MONACIII

3694 333 3826 392 H53

546 464 779 530 demque
805 456 1099 513 sentientes
1143 451 1277 507 illud
1310 458 1690 522 procrearunt,
1726 460 1781 503 ct
1824 452 1898 505 uti
1925 466 2120 521 supera

2239 450 2284 503 ἓν
2320 447 2690 503 συνάπτεσθαι
2725 447 2886 501 πάλιν
2913 450 3012 512 τὰς
3040 453 3189 521 τρεῖς
3216 452 3282 517 ’⁸,
3317 453 3416 524 τὴν
3448 453 3699 525 οὐσιὼδη
3737 460 3826 510 καὶ

544 550 939 620 contempletur
993 543 1390 600 formaverunt.
1445 541 1601 607 Quod
1664 556 1792 596 vero
1838 542 1967 612 ipsa!
2019 552 2129 596 tres

546 654 751 698 sutura:
822 640 876 693 in
930 653 1100 692 unum
1163 637 1345 692 denuo
1408 643 1637 697 coeant,
1709 636 2125 689 substantialem

546 732 959 800 naturalemque
992 744 1056 784 ac
1102 729 1267 783 unius
1300 726 1557 797 potentiae
1590 726 1852 780 unitatem
1883 726 1987 780 sub
2021 742 2127 780 una

546 832 817 894 potestate
846 828 1260 892 repraesentant.
1286 818 1352 871 At
1380 818 1528 872 illam
1559 832 1683 886 qua:
1710 816 1763 870 in
1798 816 2014 870 iemina:
2037 831 2130 870 ca-

546 917 655 986 pite
682 932 790 971 una
832 926 1022 969 sutura
1060 921 1163 978 est,
1201 926 1323 981 quae
1353 910 1638 965 circularis
1676 910 1924 975 habetur,
1961 909 2130 978 impe-

547 1009 690 1061 rium
744 1007 886 1076 quod
923 1003 1338 1074 comprehendit
1367 1000 1718 1068 continetque
1748 1000 2001 1054 universa
2028 1015 2129 1054 sa:-

546 1098 687 1162 cula,
713 1113 775 1151 ac
811 1096 1095 1167 potestatis
1121 1095 1285 1149 totius
1316 1092 1466 1146 orbis
1491 1092 1777 1157 unitatem,
1819 1101 1873 1145 et
1900 1091 2010 1144 vim
2043 1090 2127 1144 di-

547 1192 687 1245 vina:
749 1190 1005 1259 potentia:
1054 1185 1207 1241 omni
1269 1186 1377 1239 line
1411 1190 1689 1238 carentem
1736 1191 2129 1251 repraesentare

546 1298 610 1337 ac
663 1281 898 1353 ﬁgurare
934 1285 1254 1335 sanxerunt.
1292 1274 1359 1329 Et
1406 1273 1872 1345 quemadmodum
1902 1289 2023 1343 qua:
2056 1273 2125 1327 ad

2232 540 2466 611 φυσικὴν
2497 540 2752 609 ἑνότητα,
2792 540 2888 592 καὶ
2924 541 2986 592 τὸ
3026 540 3085 593 ἓν
3117 543 3320 613 κράτος
3369 544 3703 609 ἐξεικονίζει
3733 546 3825 619 τῆς

2233 636 2362 701 μιᾶς
2393 633 2738 702 κυριότητος.
2789 633 2853 685 Ἱί
2879 632 2937 685 δὲ
2971 634 3065 685 ἐπὶ
3093 636 3193 703 τῆς
3221 635 3468 705 κεφαλῆς
3493 636 3592 690 τοῦ
3634 637 3828 704 Otho;

2232 726 2332 794 μία
2363 724 2511 795 ραφὴ
2544 724 2799 795 κυκλικὴ,
2834 724 2936 795 τὴν
2970 727 3325 798 περιεκτικὴν
3363 729 3461 782 καὶ
3493 731 3827 801 συνεκτικὴν

2227 815 2323 868 τοῦ
2361 816 2564 877 παντὸς
2609 814 2979 887 κυκλοτεροῦς
3022 818 3231 886 κόσμου
3284 818 3582 890 μοναδικὴν
3627 820 3829 873 δεσποο

2227 908 2400 961 τείανδ
2435 908 2652 979 καὶτῆς
2689 910 2819 977 μιᾶς
2847 908 2943 962 καὶ
2969 909 3308 980 Θεοπρεποῦς
3337 911 3633 981 δυνάμεως
3674 913 3806 966 ἁπει

2231 1000 2356 1072 ρίαν
2413 999 2758 1071 συμϐολικῶς
2813 1001 3185 1072 παρεμφαίνει
3248 1004 3342 1056 καὶ
3394 1004 3827 1075 παραδείκνυσι.

2229 1094 2339 1147 Καὶ
2367 1094 2625 1165 καθάπερ
2658 1095 2751 1147 ἐπὶ
2780 1096 2880 1164 τῆς
2914 1096 3110 1166 νοητῆς
3144 1094 3363 1165 φύσεως
3393 1095 3488 1149 τοῦ
3525 1096 3828 1168 ἀνθρώπου

2228 1186 2355 1257 τρία
2386 1186 2506 1240 καθ’
2552 1186 2825 1257 ἑκατέραν
2857 1185 3121 1256 εὕρηνται
3163 1187 3547 1259 διοργάνωσιν,
3584 1188 3694 1241 τοῦ
3737 1191 3831 1259 ἄρ-

2231 1281 2385 1348 ρενος
2429 1278 2573 1345 λέγω
2624 1280 2719 1331 καὶ
2772 1279 2870 1348 τῆς
2897 1281 2941 1310 ’⁷
2998 1278 3211 1348 θήλεοςο
3271 1279 3432 1345 νοῦς,
3482 1280 3679 1348 λόγος,
3739 1281 3831 1333 καὶ

547 1374 964 1431 intellectualem
1018 1370 1258 1426 hominis
1305 1368 1536 1439 ﬁguram
1596 1368 1852 1430 attinent,
1902 1367 2005 1421 tria
2069 1367 2123 1421 in

2239 1367 2467 1437 πνεῦμα·
2501 1366 2677 1430 οὕτως
2706 1368 2801 1421 καὶ
2833 1368 2925 1420 ιξπῖ⁵
2956 1368 3054 1438 τῆς
3086 1369 3350 1438 αἰσθητῆς
3381 1369 3549 1422 αὑτοῦ
3579 1368 3831 1437 φύσεως,

547 1469 833 1537 utriusque
873 1475 988 1519 tum
1025 1464 1215 1523 maris,
1255 1470 1370 1515 tum
1411 1460 1627 1515 feminae
1684 1459 1933 1529 corporis
1988 1460 2403 1528 constitutione,
2494 1476 2671 1524 mens,
2732 1461 2980 1527 verbum,
3045 1470 3100 1515 et
3148 1461 3373 1531 spiritus
3415 1471 3641 1531 reperta
3684 1473 3831 1524 sunt,

547 1554 623 1617 ita
650 1570 703 1616 et
735 1563 799 1614 de
836 1558 1074 1614 scnsuali
1123 1556 1239 1626 ejus
1266 1564 1459 1608 natura
1488 1554 1712 1610 dixeris.

622 1651 833 1705 Etenim
861 1649 1100 1705 anterior
1117 1648 1311 1718 capitis
1333 1661 1459 1716 pars
1482 1645 1637 1701 frons
1666 1644 1887 1709 dicitur,
1908 1645 1978 1700 ab
1997 1645 2130 1715 ipsis

2305 1646 2418 1717 Τῆς
2442 1641 2535 1700 οὖν
2553 1645 2797 1717 κεφαλῆς
2817 1645 2877 1698 τὸ
2900 1644 3000 1714 μὲν
3022 1644 3334 1717 ἔμπροσθεν
3352 1645 3525 1715 αὐτῆς
3541 1643 3834 1713 μέτωπον

553 1741 802 1813 μέτωπον
837 1736 947 1793 οἷον
972 1740 1281 1811 ὑπέρωπον,
1336 1738 1494 1807 quasi
1546 1737 1720 1799 oculis
1749 1737 2127 1791 innninentem

2239 1737 2474 1806 λέγεται’
2526 1732 2639 1791 οἷον
2680 1736 3031 1805 ὑπέρωπον,
3064 1737 3125 1791 τὸ
3168 1737 3426 1807 ὑπεράνω
3472 1736 3585 1788 τῶν
3640 1738 3832 1804 ὡπῶν,

551 1843 757 1902 partem
778 1834 927 1887 dicas
954 1850 966 1886 :
993 1832 1182 1886 oculos
1213 1830 1358 1884 enim
1381 1829 1483 1899 ipsi
1512 1828 1621 1882 ὅπα
1638 1837 1976 1900 nuncupant.
1998 1827 2131 1883 Pars

2239 1832 2405 1901 ἤγουν
2459 1831 2568 1884 τῶν
2620 1828 2917 1898 ὀφθαλμῶν
2941 1830 3007 1861 ⁸⁸·
3049 1828 3111 1883 τὸ
3163 1829 3218 1882 δὲ
3276 1829 3472 1901 μικρὸν
3520 1832 3830 1902 ἀνωτέρω,

550 1940 679 1981 vero
696 1941 815 1996 qua:
833 1925 994 1995 paulo
1008 1925 1076 1978 ah
1098 1924 1214 1994 ipsa
1232 1922 1410 1977 fronte
1436 1937 1656 1977 sursum
1681 1924 1874 1987 tendit,
1891 1922 2135 1990 sinciput

2239 1921 2463 1992 βρέγμα
2486 1922 2551 1953 ³⁸·
2608 1921 2692 1974 ὅτι
2748 1920 2965 1990 δίυγρος
3016 1921 3110 1974 καὶ
3157 1920 3368 1983 ἁπαλός
3421 1922 3573 1974 ἐστιν
3628 1924 3662 1975 ό
3716 1923 3833 1975 κατ’

550 2020 774 2083 dicitur,
803 2034 966 2089 quam
992 2017 1160 2074 Grieci
1192 2018 1408 2089 βρέγμα
1437 2016 1731 2087 appellant.
1763 2013 1917 2081 Quod
1948 2022 2130 2067 autem

552 2113 762 2167 inloco
819 2112 912 2166 illo
973 2113 1256 2166 cercbrum
1317 2111 1452 2165 satis
1503 2108 1795 2164 admodum
1851 2107 2132 2161 humidum

556 2205 827 2273 molleque
858 2205 930 2259 sit
961 2220 1125 2273 supra
1159 2203 1524 2258 ostendimus.
1561 2206 1629 2254 At
1676 2200 1913 2255 medium
1938 2200 2132 2271 capitis

553 2307 736 2350 vertex
754 2308 1120 2364 nuncupatur,
1137 2295 1400 2365 quidquid
1421 2296 1490 2348 ab
1507 2294 1641 2363 ipsis
1664 2291 1898 2363 κορυφὴ,
1932 2293 2013 2345 ὅτι
2033 2293 2129 2345 τοῦ

555 2386 702 2457 κάρα
727 2387 874 2439 ἐστὶν
896 2386 1252 2457 ὀροφὴ,‹ιιιο(ι
1282 2386 1478 2455 capitis
1499 2384 1773 2451 fastigium
1801 2399 1923 2438 csse
1937 2383 2037 2453 51
2058 2382 2134 2436 in-

553 2476 950 2547 terpretareris.
970 2475 1101 2542 Quae
1126 2493 1254 2529 vero
1274 2477 1469 2545 capitis
1498 2477 1764 2546 posterior
1797 2488 1920 2542 pars
1939 2480 2021 2527 cst
2037 2486 2132 2526 oc-

554 2570 705 2640 ciput
745 2570 1064 2640 appellatur,
1097 2585 1219 2640 qua:
1251 2572 1320 2625 ab
1370 2573 1502 2638 ipsis
1546 2568 1701 2629 ἴνιον,
1748 2566 1890 2635 quod
1918 2564 2133 2619 descen-

2234 2016 2413 2065 ἐκεῖνο
2441 2013 2501 2064 τδ
2524 2014 2686 2082 μέρος
2715 2012 2822 2075 ἕως
2850 2012 2987 2065 πολύ
3014 2014 3052 2066 ⁸.
3078 2013 3151 2065 Τὸ
3174 2012 3231 2065 δὲ
3252 2012 3420 2082 μέσον
3450 2014 3726 2083 κορυφὴ,
3754 2015 3831 2066 ὅτι

2234 2105 2331 2158 τοῦ
2364 2104 2509 2175 κάρα
2550 2106 2700 2157 ἐστὶν
2730 2106 2926 2176 ὀροφή.
2959 2105 3032 2158 Τὸ
3071 2104 3129 2157 δὲ
3170 2104 3400 2160 ὄπισθεν
3440 2107 3602 2160 ἰνίον
3628 2108 3676 2172 ³,
3727 2107 3830 2161 ἀπὸ

2235 2199 2331 2252 τοῦ
2372 2202 2431 2253 ὲν
2460 2203 2524 2271 τῇ
2561 2200 2865 2255 καταϐάσει
2904 2202 3006 2271 τῆς
3034 2202 3284 2273 κορυφῆς
3314 2204 3337 2235 ³
3365 2202 3520 2256 κάτω
3569 2205 3759 2258 ξέναν
3798 2205 3829 2273 ἢ

2236 2291 2344 2343 ἀπὸ
2369 2291 2462 2343 τοῦ
2483 2291 2735 2345 ἐντεῦθεν
2757 2292 3024 2363 ἄρχεσθαι
3052 2294 3153 2357 τὰς
3176 2290 3313 2357 ἶνας,
3337 2295 3509 2365 ἤγουν
3536 2296 3607 2348 τὰ
3635 2296 3829 2366 νεῦρα·

2235 2383 2292 2435 αἱ
2335 2382 2392 2435 δὲ
2424 2378 2543 2447 ἶνες
2590 2384 2684 2438 τοῦ
2733 2384 2875 2438 εἶναι
2912 2403 2970 2437 τε
3006 2387 3100 2438 καὶ
3145 2387 3469 2440 συνεστάναι
3514 2389 3833 2457 παρέχουσι

2235 2475 2313 2547 τῷ
2350 2476 2562 2547 σώματι
2590 2479 2631 2509 δ’
2684 2478 2984 2548 ἐπειδήπερ
3018 2479 3187 2532 ἵενται
3239 2478 3326 2531 διὰ
3370 2478 3460 2532 τοῦ
3513 2478 3830 2549 σώματος·

2237 2567 2478 2621 τοιοῦτον
2499 2568 2555 2621 δέ
2586 2570 2701 2622 ἔστι
2726 2574 2822 2622 καὶ
2856 2571 2945 2623 τό·
3358 2553 3363 2557 ’

552 2678 671 2716 sum
703 2663 934 2725 diceres,
969 2662 1097 2731 quia
1132 2676 1162 2714 a
1192 2660 1393 2716 vertice
1418 2659 1676 2715 deorsum
1708 2655 1914 2710 tendat.
1945 2655 2069 2711 Sive
2103 2658 2247 2725 quod
2289 2660 2438 2712 nervi
2477 2660 2602 2714 inde
2631 2661 2902 2728 oriantur,
2929 2677 3070 2731 quos
3102 2661 3177 2716 illi
3211 2663 3327 2726 ἶνας
3352 2661 3624 2717 dictitant.
3663 2662 3829 2718 Nervi

552 2772 684 2811 vero
730 2757 853 2811 inde
893 2752 1007 2818 ἶνες
1058 2755 1185 2810 dicti
1246 2765 1393 2820 sunt,
1456 2755 1537 2807 ὃτι
1591 2751 1653 2805 τὸ
1708 2745 1869 2814 εἶναι,
1904 2751 1998 2803 καὶ
2068 2769 2131 2803 συ

2239 2755 2387 2807 τάναι
2432 2752 2509 2824 τῷ
2562 2754 2773 2826 σώματι
2826 2757 3147 2828 παρέχουσι,
3216 2758 3361 2828 quod
3424 2773 3546 2813 esse
3598 2769 3661 2812 ct
3700 2776 3831 2814 con—

554 2850 891 2904 διὶιιιιίοιιιιιιι
922 2852 1133 2919 corpori
1195 2851 1456 2913 tribuant,
1522 2847 1781 2917 quoniam
1862 2846 2037 2916 ipsum
2108 2862 2136 2901 ρ

2243 2865 2307 2903 us
2358 2850 2607 2904 ambiunt
2655 2868 2669 2904 :
2714 2850 2782 2905 de
2839 2851 2925 2906 his
2969 2861 3022 2906 et
3068 2852 3209 2923 apud
3288 2852 3584 2908 llomerum
3646 2853 3828 2925 legere

554 2953 657 3005 cst,
692 2944 783 3013 qui
818 2944 893 2997 ait
941 2962 953 2995 :

626 3054 748 3108 Non
788 3070 998 3109 carnem
1025 3056 1244 3109 retinent
1274 3054 1444 3120 nervi,
1482 3070 1587 3107 non
1631 3054 1864 3123 amplius
1912 3071 2055 3109 ossa.

2314 3059 2396 3111 Οὺ
2428 3058 2537 3128 γὰρ
2561 3059 2647 3113 ἕτι
2676 3058 2901 3127 σάρκες
2924 3074 2988 3112 τε
3016 3057 3115 3112 καὶ
3143 3056 3325 3112 ὀστέα
3349 3054 3483 3124 ἶνας
3512 3057 3760 3128 ἔχουσι.

627 3168 760 3234 Quae
782 3182 959 3224 autem
1002 3170 1069 3223 ad
1105 3170 1455 3224 membranas
1482 3179 1664 3239 partes
1697 3174 1957 3240 utrinque
2010 3184 2137 3224 sunt

2317 3174 2401 3227 Τὰ
2436 3173 2492 3226 δὲ
2538 3174 2675 3244 πρὸς
2725 3176 2995 3244 μήνιγγας
3035 3172 3185 3227 ἐνθεν
3236 3173 3493 3226 κακεῖοεν
3539 3177 3821 3243 κρόταροι

560 3270 804 3328 tempora
839 3260 1199 3328 appellantur,
1262 3276 1386 3330 qua:
1433 3260 1499 3313 ab
1542 3260 1650 3315 illis
1694 3259 1992 3331 κρόταφοι,
2056 3259 2137 3312 ὅτι

2242 3266 2515 3335 λέγονται,
2546 3266 2629 3319 ὅτι
2660 3266 2920 3336 κρούουσι
2964 3265 3063 3336 τὴν
3098 3266 3243 3336 ἁφὴν
3279 3266 3603 3337 βαλλόμενοι
3624 3268 3670 3330 ⁸,
3721 3260 3821 3319 οἷον

561 3349 816 3422 κρούουσι
900 3350 997 3421 τὴν
1092 3352 1237 3422 ἁφὴν
1317 3350 1645 3421 παλλόμενοι
1672 3390 1688 3417 ,
1769 3350 1916 3421 quod
1996 3359 2141 3405 tactu
2240 3356 2563 3427 κρούταφοι·
2600 3356 2633 3428 ἢ
2668 3358 2751 3410 ὃτι
2778 3357 2876 3427 τῆς
2912 3356 3157 3427 κόρσεως
3191 3357 3487 3411 ἅπτονται·
3522 3359 3747 3426 κόρσας
3773 3358 3821 3409 δὲ

560 3445 878 3501 cxsilientes
926 3445 1217 3515 quatiunt,
1267 3446 1346 3501 vel
1406 3445 1553 3516 quod
1624 3461 1691 3501 ex
1759 3446 1876 3517 pari
1926 3446 2137 3516 pulsum

2239 3449 2272 3517 ἡ
2309 3448 2541 3518 κεφαλὴ,
2582 3451 2738 3519 παρᾶ
2768 3448 2829 3501 τὸ
2860 3446 3251 3520 κορυφοῦσθαι·
3302 3449 3334 3520 ἢ
3371 3450 3481 3503 ἀπὸ
3508 3450 3606 3504 τοῦ
3646 3450 3824 3519 κείρει

562 3539 821 3609 utrinque
863 3541 1058 3600 edant.
1101 3540 1242 3607 quml
1289 3540 1360 3592 ιΙΙί
1416 3540 1870 3608 συγκεκροτίσθαι
1914 3541 2137 3602 dii-unt;

563 3634 679 3689 sive
720 3633 865 3704 quod
902 3632 1063 3701 capiti
1115 3632 1477 3702 applirantur,
1510 3632 1654 3702 quod
1701 3631 1777 3686 illi
1834 3631 2023 3703 κόρσιν
2086 3630 2137 3684 di

2239 3642 2295 3692 Il,
2326 3632 2403 3683 vcl
2437 3649 2463 3683 a
2490 3631 2794 3703 κεῖρεσθαι,

564 3726 850 3799 κορσωτὴρ
883 3740 913 3778 a
966 3725 1255 3780 tondendis
1278 3726 1520 3782 crinibus
1554 3737 1743 3781 tonsor
1770 3734 2136 3794 nuncupatur.

634 3819 834 3874 Totum
866 3828 1045 3872 autem
1061 3832 1123 3873 os
1137 3818 1282 3888 quod
1303 3827 1467 3889 caput
1486 3818 1679 3886 ambit,
1704 3819 1934 3873 invicem
1967 3818 2142 3887 pecti-

563 3911 733 3965 uatim
762 3912 1085 3966 coeuntibus
1119 3911 1326 3965 suturis
1356 3909 1522 3964 modo
1561 3924 1672 3979 quo
1716 3909 1869 3979 prius
1892 3895 2145 3963 diximus

563 4006 801 4061 divisum
836 4013 953 4072 est;
992 4022 1087 4076 per
1124 4020 1264 4074 quas
1299 4004 1575 4074 duplicato
1605 4005 1812 4061 ossium
1838 4004 2051 4068 ordine,
2081 4018 2144 4057 ea

564 4112 687 4165 qua
715 4097 783 4151 ad
814 4097 1098 4152 cerebrum
1126 4098 1379 4162 attinent,
1417 4105 1473 4150 et
1504 4112 1629 4151 cum
1667 4096 1777 4152 illis
1825 4096 2142 4158 cerbelluni,

566 4187 712 4257 quod
729 4195 784 4241 et
812 4188 964 4241 calva
992 4197 1362 4258 nuncupatur,
1390 4187 1828 4255 distinguuntur,
1853 4203 2017 4258 quam
2050 4202 2141 4242 so-

568 4278 681 4333 lum
710 4277 985 4333 hominem
1010 4286 1205 4349 praeter
1238 4280 1424 4335 omnia
1459 4279 1718 4333 animalia
1750 4279 1950 4333 habere
1984 4278 2144 4332 dicti--

2240 3539 2385 3601 σθαι,
2415 3537 2473 3602 ἐξ
2500 3531 2559 3590 οὗ
2594 3541 2684 3591 καὶ
2717 3538 3049 3607 κορσωτὴρ,
3084 3540 3111 3591 ὀ
3139 3540 3236 3603 τὰς
3268 3540 3459 3610 τρίχας
3489 3540 3821 3610 ἀποκείρων.

2855 3631 3000 3699 quod
3048 3631 3260 3685 tondere
3320 3633 3652 3702 explicares.
3688 3632 3823 3685 unde

2312 3815 2384 3870 Τὸ
2409 3814 2465 3867 δὲ
2506 3813 2635 3886 περὶ
2662 3813 2760 3884 τὴν
2791 3813 3035 3886 κεφαλὴν
3070 3816 3218 3870 ᾶπαν
3252 3813 3443 3867 ὀστοῦν
3488 3814 3821 3886 διῃρημένον

2242 3908 2389 3960 ἐστὶν
2412 3908 2517 3961 ὑπό
2545 3906 2860 3977 ὲμὸολίμων
2892 3906 3081 3977 ραφῶν
3111 3906 3234 3960 καθ’
3264 3907 3323 3960 ὃν
3354 3907 3575 3978 εἴρηται
3599 3910 3821 3978 τρόπον’

2238 4000 2308 4053 δι’
2339 3993 2413 4052 ὧν
2456 3999 2525 4052 τὰ
2554 3999 2687 4070 περὶ
2711 3998 2800 4052 τὸν
2838 3998 3143 4069 ἐγκέφαλον
3181 3999 3603 4069 διαχωρεζονται
3635 4001 3825 4053 διπλο-

2243 4088 2473 4142 σύνοετα
2495 4088 2651 4151 ὀστᾶ,
2686 4088 2780 4143 καὶ
2816 4090 2849 4160 ἡ
2891 4090 3305 4161 παρεγκεφαλὶς
3331 4089 3371 4154 ⁸,
3405 4090 3470 4159 ῆν
3516 4091 3615 4142 καὶ
3640 4107 3827 4159 παραυ

2248 4183 2531 4253 κρανίδα¹¹
2581 4182 2858 4237 καλοῦσιν·
2891 4183 2958 4254 ἢν
3008 4184 3181 4253 μόνην
3215 4182 3361 4253 ἔχειν
3395 4182 3487 4236 τὸν
3533 4183 3827 4253 ἄνθρωπον

2248 4275 2498 4344 λέγουσιν
2526 4275 2667 4345 ὑπὲρ
2697 4275 2876 4329 πάντα
2903 4273 2973 4327 τὰ
3002 4272 3139 4337 ζῶα·
3178 4276 3254 4338 ὡς
3282 4269 3423 4329 εἶναι
3454 4275 3513 4341 ἒξ
3560 4276 3701 4329 ὀστᾶ
3730 4278 3827 4345 τῆς

567 4380 706 4427 tant.
728 4369 914 4440 Itaque
929 4381 1112 4440 caput,
1136 4369 1364 4424 cuneale
1383 4379 1610 4440 excepto
1637 4369 1786 4440 quod
1819 4369 2137 4440 sphenoides

2251 4367 2494 4437 κεφαλῆς
2524 4368 2692 4438 χωρὶς
2714 4366 2805 4420 τοῦ
2851 4365 3224 4437 σφηνοειδοῦς·
3255 4368 3443 4440 πρόσω
3476 4368 3577 4440 μὲν
3614 4370 3681 4423 τὸ
3705 4370 3828 4440 μέτ-

569 4464 649 4519 illi
690 4470 1031 4533 nuncupant,
1061 4476 1157 4517 sex
1202 4461 1424 4516 ossibus
1447 4471 1698 4529 constat;
1730 4461 1969 4517 anterior
1997 4460 2142 4531 quod

568 4554 828 4625 sinciput,
852 4553 1123 4625 posterior
1144 4551 1292 4623 quod
1313 4552 1531 4622 occiput
1554 4553 1774 4608 dicitur.
1808 4551 1940 4618 Qua:
1965 4562 2144 4607 autem

567 4649 637 4703 ad
676 4659 967 4717 utramque
999 4661 1187 4702 aurem
1233 4642 1585 4713 adhibentur,
1626 4646 1873 4717 lapidosa
1900 4660 2027 4701 ossa
2061 4660 2149 4714 ap-

571 4741 865 4812 pellantur.
917 4738 972 4792 ln
1004 4739 1355 4795 eminentiori
1404 4755 1537 4796 vero
1576 4739 1767 4810 capitis
1825 4747 1999 4809 parte,
2038 4737 2147 4791 duo

565 4833 840 4902 sincipitia
890 4840 1037 4897 sunt,
1072 4848 1308 4902 quorum
1336 4841 1649 4904 utrumque,
1683 4848 1792 4887 una
1840 4832 1895 4885 in
1926 4832 2145 4900 longum

569 4937 839 4996 porrecta.
865 4934 1055 4979 sutura
1086 4925 1371 4980 communi
1394 4920 1726 4980 inserviente
1757 4921 1932 4979 oﬂicio
1954 4922 2145 4975 utitur.

528 5048 535 5051 -
572 5016 653 5072 Ex
699 5018 783 5072 his
811 5031 1051 5086 namque
1085 5017 1327 5081 ossibus,
1359 5032 1482 5085 quae
1521 5032 1615 5071 sex
1650 5029 1882 5071 numero
1918 5012 2148 5070 asserui-

569 5127 715 5177 mus,
755 5124 820 5164 ea
847 5124 968 5179 quas
1002 5108 1070 5162 ad
1110 5109 1349 5178 sinciput
1369 5108 1546 5177 posita
1580 5119 1730 5175 sunt,
1768 5107 2017 5161 molliora
2045 5121 2149 5159 cu:-

568 5203 700 5259 teris
747 5201 1222 5271 imbecillioraque
1274 5200 1566 5255 habentur.
1627 5199 1698 5252 At
1729 5199 1863 5253 illud
1896 5197 2043 5267 quod
2081 5199 2146 5250 ad

567 5296 784 5364 occiput
811 5295 1019 5350 locatur
1037 5308 1122 5360 os,
1138 5291 1361 5348 densius
1379 5291 1724 5359 validiusque
1747 5307 1762 5357 ;
1784 5289 1980 5345 frontis
1994 5303 2144 5352 vero,

568 5387 760 5442 media:
783 5388 923 5442 inter
955 5396 1246 5455 utrumque
1272 5384 1555 5457 qualitatis
1573 5383 1828 5438 habetur.
1852 5381 2145 5436 Enimvero

638 5569 687 5600 “
716 5567 784 5620 τὰ
811 5567 939 5638 τρία
960 5568 1023 5619 Β.
1065 5568 1109 5600 ³⁷
1145 5564 1241 5619 τοῦ
1276 5565 1341 5620 Β.
1416 5564 1640 5635 θ’ὑπερ.
1663 5564 1794 5628 τοὺς
1828 5556 1987 5626 ὦπας
2004 5562 2137 5633 ἔχον⁴

638 5634 681 5688 ιδ
702 5638 806 5688 τῆς
834 5639 1081 5688 κοουωῆε
1105 5637 1147 5688 Β
1169 5638 1230 5688 Ρ.
1327 5636 1349 5668 ⁸
1376 5637 1491 5688 τοῖς
1518 5635 1737 5688 σώμασι
1768 5634 1947 5688 παρέγ
1979 5634 2040 5688 Β.

2252 5562 2451 5633 βέγμα.
2478 5567 2544 5616 Δ.
2590 5564 2604 5594 ⁸
2640 5563 2837 5616 πολλοῦ
2859 5563 2917 5618 C.
2976 5565 2996 5595 ²
3032 5564 3161 5619 ἰνίον
3192 5563 3232 5616 Β
3263 5562 3329 5626 C,
3369 5564 3520 5634 ὴνίον
3550 5565 3616 5618 Α.
3717 5564 3740 5595 ³
3773 5562 3828 5630 τῇ

2239 5634 2476 5688 ιὸόμενοι
2506 5634 2566 5688 Β.
2609 5634 2935 5688 παλλόμενοι
2968 5634 3031 5688 Ρ.
3069 5634 3168 5688 τὴν
3224 5635 3467 5688 κεφαλὴν
3503 5634 3829 5688 παλλόμενοι

571 5635 681 5689 ἀπὸ
702 5638 806 5704 τῆς
834 5635 1081 5708 κορυφῆς
1105 5637 1147 5688 Β
1169 5638 1230 5689 Ρ.
1327 5636 1349 5668 ⁸
1376 5637 1491 5699 τοῖς
1518 5635 1737 5705 σώμασι
1768 5635 1949 5705 παρέχ
1979 5635 2040 5688 Β.
2138 5635 2159 5665 ⁵
2189 5635 2476 5701 λαὸόμενοι
2506 5635 2566 5700 Β,
2609 5635 2779 5687 παλλό
2827 5651 2935 5687 ενοι
2968 5635 3031 5695 Ρ,
3069 5635 3168 5705 τὴν
3224 5635 3467 5707 κεφαλὴν
3503 5635 3755 5705 παλλόμε

568 5704 633 5779 Q.
698 5706 1063 5779 ξπαραγκεφ.
1114 5707 1210 5779 καὶ
1242 5707 1310 5778 ἢν
1344 5708 1409 5779 Α.
1487 5705 1949 5779 ξπαρεγκρανίδα
1981 5705 2020 5760 C
2048 5702 2113 5771 P,
2182 5704 2203 5735 ⁸
2242 5703 2667 5779 ἐκατέρωθενθθ,
2702 5652 2959 5776 ὲκέέερον
2988 5703 3051 5760 C.
3095 5706 3116 5737 ’
3157 5706 3274 5760 ἐστι
3300 5705 3360 5761 Β.
3427 5707 3471 5739 ¹⁰
3509 5705 3569 5761 τὸ
3607 5706 3743 5760 ἰνίον

571 5634 681 5708 ᾁπδ
702 5638 806 5708 τῆς
834 5634 1081 5708 κορυφῆς
1105 5637 1147 5688 Β
1169 5638 1230 5708 Ρ.
1260 5707 1265 5708 ί
1327 5636 1349 5668 ⁸
1376 5634 1737 5708 τοῖςσώμασι
1768 5634 1949 5708 παρᾷχ

576 5776 617 5812 ιι
651 5774 921 5846 μέντοιΒ.
956 5778 997 5808 ⁸¹
1031 5779 1148 5830 ἐστι
1178 5774 1466 5848 ἐγκεφάλῳ
1486 5777 1549 5831 Ρ.

2248 4481 2423 4527 ωπον,
2446 4464 2673 4517 ὄπισθεν
2701 4463 2759 4517 δὲ
2782 4464 2841 4517 τὸ
2865 4465 3019 4518 ἰνίον·
3044 4463 3345 4535 ὲτέρωϐεν⁸
3369 4464 3426 4518 δὲ
3447 4464 3557 4517 τῶν
3574 4464 3736 4518 ὢτων
3762 4465 3825 4517 τὰ

2245 4554 2339 4607 δύο
2362 4553 2624 4622 λιθοειδῆ
2652 4556 2944 4626 λεγόμενα.
2978 4556 3072 4619 Εἰς
3102 4556 3159 4609 δὲ
3188 4556 3248 4609 τὸ
3291 4556 3628 4628 ὑψηλότερον
3662 4557 3826 4628 μέρος

2246 4650 2315 4703 τὰ
2351 4647 2445 4702 δύο
2495 4649 2806 4719 βρέγματα,
2861 4649 3004 4720 ἆπερ
3056 4648 3239 4719 έχουσι
3279 4649 3464 4720 κοινὴν
3517 4649 3700 4722 ῥαφὴν
3730 4650 3823 4717 τὴν

2248 4742 2391 4796 κατὰ
2418 4742 2591 4812 μῆκος
2615 4743 2854 4795 εὐθεῖαν.
2878 4741 3095 4797 Τούτων
3116 4743 3174 4796 δὲ
3192 4742 3303 4796 τῶν
3325 4743 3385 4809 ἒξ
3405 4744 3605 4808 ὀστῶν,
3633 4744 3703 4796 τὰ
3731 4743 3823 4813 μὲν

2245 4836 2341 4889 τοῦ
2371 4835 2680 4906 βρέγματος
2711 4838 3015 4904 χαυνότατά
3044 4839 3138 4890 τεο
3166 4838 3261 4891 καὶ
3290 4836 3664 4890 ἀσθενέστατα
3697 4838 3819 4888 εἱσι.

2248 4929 2592 4982 Πυκνότατον
2618 4929 2675 4980 δὲ
2701 4931 2793 4981 καὶ
2823 4928 3178 4999 ἰσχυρότατον
3198 4929 3258 4982 τὸ
3280 4928 3541 4982 κατ’ἰνίον
3568 4929 3611 4958 ¹⁰
3666 4927 3821 4995 μέσον

2246 5017 2303 5071 δὲ
2348 5019 2585 5087 ἀμφοῖν,
2632 5018 2693 5070 τὸ
2735 5018 2877 5071 κατὰ
2937 5018 3225 5089 μέτωπον·
3262 5017 3371 5071 τῶν
3414 5018 3473 5070 δὲ
3515 5016 3826 5073 λιθοειδῶν

2247 5109 2419 5163 ὀστῶν
2447 5108 2507 5162 τὸ
2540 5108 2642 5179 μέν
2672 5127 2724 5161 τι
2750 5110 2790 5141 ¹¹
2831 5108 2996 5181 μέρος
3032 5110 3293 5174 λιθοειδές
3324 5112 3463 5171 ἐστι,
3489 5110 3550 5163 τὸ
3586 5110 3643 5163 δὲ
3667 5109 3828 5162 ὀστῶο

2247 5200 2336 5264 δες
2367 5200 2556 5271 μανόν.
2591 5199 2655 5252 Ἦ
2682 5200 2738 5253 δὲ
2766 5201 3210 5271 παρεγκεφαλὶς
3235 5202 3485 5272 ὀμοφυής
3515 5203 3633 5254 ἐστι
3664 5203 3710 5232 ⁸⁸
3744 5201 3827 5253 καὶ

2251 5292 2551 5363 ὀμόχροια’
2598 5291 2730 5363 ἄλλη
2766 5292 2821 5344 δὲ
2871 5292 3019 5362 ραφὴ
3067 5295 3100 5363 ἡ
3152 5293 3335 5346 ὲπὰνω
3368 5292 3465 5344 τοῦ
3522 5291 3827 5362 βρέγματος

2250 5384 2612 5455 διερχομένη,
2645 5384 2742 5437 καὶ
2774 5383 2911 5455 πρὸς
2948 5383 3017 5435 τὰ
3053 5380 3335 5453 πεταλὼδη
3378 5383 3517 5437 ὀστᾶ
3543 5382 3656 5437 τῶν
3698 5382 3830 5437 κατὰ

3717 5562 3828 5630 Ιτῇ

2837 5721 2959 5776 ερον
3095 5703 3274 5760 "tati
3300 5705 3360 5761 Β.
3424 5703 3471 5739 ³ο
3509 5705 3569 5761 τὸ
3607 5703 3743 5760 ἰνίον
3775 5704 3826 5756 Β,
