4054 6216
334 342 474 402 uss
1576 349 1664 405 DE
1704 350 1991 410 unum
2033 354 2337 414 HouiNIs.
3460 384 3600 442 “5‘

330 458 397 512 τὰ
422 452 541 512 ὦτα
568 457 841 527 κειμένων
865 459 1304 529 ἀποτελευτῶσα,
1334 464 1589 537 καὶπρὸς
1615 466 1717 538 τὴν
1744 485 1911 539 κορυ-

2017 473 2225 527 ossium
2281 490 2403 544 quae
2462 477 2704 548 lapidosa
2747 479 3159 555 diximus‘pars
3189 490 3409 558 quidem
3437 510 3603 555 saxea

329 550 438 622 φὴν
462 549 882 620 έπισχιζομένη.
918 555 1286 624 σταυροειδῶς
1324 558 1504 610 ἐκεῖσε
1534 558 1915 614 διατυποῦταυ

2024 575 2126 627 est,
2152 581 2279 634 pars
2295 582 2423 621 vero
2448 570 2513 622 ad
2537 585 2750 625 osseam
2773 560 3091 658 q‘ualitatem
3121 578 3384 639 laxiorem
3408 590 3598 659 vergit.

330 642 388 694 αί
418 641 477 694 δὲ
520 640 771 695 τοιαῦται
810 643 989 723 ῥαφαὶ
1026 645 1123 708 τὰς
1164 646 1411 700 κάτωθεν
1448 651 1821 721 ἁνερχομένας
1853 654 1917 705 ἐκ

2024 653 2094 708 At
2147 658 2444 714 cerbcllum
2485 662 2737 716 eumdem
2770 640 2951 719 ortum
2990 683 3151 737 quem
3190 683 3244 727 et
3291 640 3598 745 cerebrriam,

329 732 607 801 στομάχου
640 732 735 786 καὶ
756 734 994 804 γαστρὸς
1016 736 1398 806 έξατμίζουσιν
1421 740 1822 809 ἀναθυμιάσεις
1848 744 1913 796 ’³.

2022 762 2087 801 ac
2118 749 2353 803 colorem
2407 751 2586 806 habet.
2645 754 2761 809 Alia
2816 764 2998 811 autem
3055 770 3244 815 sutura
3293 781 3414 834 qua:
3436 785 3600 839 supra

327 821 566 891 sinciput
588 824 853 892 procedit,
897 833 950 879 et
980 826 1047 879 ad
1074 841 1198 880 ossa
1227 844 1349 896 quae
1376 828 1629 885 foliorum
1690 833 2105 891 similitudinem
2170 855 2278 909 pra:
2307 857 2365 897 se
2429 842 2630 908 ferunt,
2694 846 2800 918 52
2824 866 3054 920 quaeque
3077 854 3142 907 ad
3168 821 3332 911 aures
3356 859 3458 912 sita
3477 821 3605 915 situt

326 916 547 981 desinit,
575 932 699 971 cum
728 918 780 971 in
808 919 1008 974 vertice
1040 921 1297 987 ﬁndatur,
1324 924 1457 979 inibi
1480 928 1659 1001 crucis
1717 930 1945 1000 eﬂigiem
1987 933 2183 1005 ﬁgurat
2221 956 2234 991 :
2273 953 2368 1007 per
2421 940 2521 996 has
2569 916 2806 1013 namque
2841 916 3112 1013 'suturas,
3166 952 3605 1011 exhalationibus

327 1023 449 1076 qua
516 1025 546 1064 a
610 1011 894 1066 stomacho
979 1029 1198 1069 sursum
1282 1018 1511 1089 alvoque
1566 1020 1913 1091 deferuntur,
1949 1038 2101 1080 extra
2158 1031 2488 1097 evaporandi
2547 1011 2793 1101 pervium
2852 1038 2955 1093 iter
3013 1050 3177 1110 patet.

398 1102 798 1170 Περιείληπται
832 1103 889 1156 δὲ
924 1108 951 1158 ὁ
986 1107 1292 1178 ἐγκέφαλος
1322 1112 1428 1164 ὑπὸ
1461 1113 1555 1165 δύο
1589 1115 1838 1185 ὑμένων·
1886 1117 1916 1169 ὁ

2089 1121 2387 1177 Cerebrum
2413 1133 2596 1180 autem
2627 1129 2827 1198 duplici
2865 1134 3180 1190 membrana
3234 1142 3595 1210 comprehen-

331 1193 429 1262 μὲν
460 1194 567 1263 γάρ
592 1194 941 1266 ὑπέστρωται
982 1199 1136 1269 αὐτῷ
1163 1201 1229 1266 ”,
1276 1205 1305 1255 ὁ
1336 1203 1391 1256 δὲ
1430 1204 1725 1260 ἐπίκειται·
1752 1208 1780 1260 ὃ
1822 1210 1920 1263 καὶ

2018 1211 2186 1277 ditur,
2220 1214 2391 1269 altera
2421 1217 2640 1285 quidem
2692 1220 2793 1289 ipsi
2845 1238 2944 1277 ceu
3002 1227 3181 1282 cubile
3206 1230 3596 1301 substernitur,

328 1282 722 1351 δικτυῶδεςη
770 1288 1007 1357 πλέγμα
1056 1292 1208 1363 παρὰ
1257 1294 1367 1347 τῶν
1424 1297 1626 1369 ἰατρῶν
1674 1299 1917 1368 λέγεται.

2017 1303 2186 1357 altera
2235 1322 2466 1374 superne
2498 1310 2791 1376 accumbit,
2836 1331 2998 1383 quam
3052 1320 3342 1378 reticulare
3390 1333 3596 1382 textum

330 1375 731 1445 Περιπλέκεται
762 1374 856 1431 οὖν
901 1381 960 1431 τὸ
984 1383 1178 1435 ὀστοῦν
1212 1385 1358 1437 ἅπαν
1399 1389 1427 1439 ὁ
1464 1390 1848 1457 περικράνιος
1877 1393 1919 1425 ¹⁶

330 1467 622 1489 \_--l.--_.__
670 1471 809 1489 --"'-_
856 1470 936 1489 κί’
1100 1475 1140 1489 αι
1253 1477 1265 1489 ι
1393 1478 1419 1489 ιι
1520 1481 1560 1489 .-
1670 1482 1682 1489 .
1778 1482 1787 1489 .

2017 1396 2213 1450 medici
2246 1397 2516 1453 dictitant.
2538 1398 2661 1456 Ossi
2695 1404 2913 1472 quidem
2955 1411 3099 1478 quod
3125 1413 3278 1468 calva
3308 1431 3596 1489 nuncupa-

330 1467 622 1537 λεγόμενος
666 1471 772 1537 μῦς
798 1487 810 1500 ο
846 1470 1068 1537 τούτους
1096 1475 1151 1527 δὲ
1181 1477 1313 1539 τοὺς
1337 1478 1498 1547 μῦίις
1519 1481 1560 1511 ¹⁷
1599 1482 1913 1553 καὶμήνιγσ

2713 1467 2727 1472 -
2972 1467 2985 1478 .
3254 1467 3276 1468 η
3308 1467 3563 1489 -τ---ν-ιη-

2019 1494 2148 1551 tur,
2184 1490 2418 1543 musculi
2462 1507 2601 1561 quos
2656 1496 2923 1554 calvarios
2966 1501 3156 1559 dicunt
3214 1500 3614 1580 abducuntur,

330 1576 442 1626 τας
475 1560 723 1615 καλοῦσι.

2020 1580 2121 1635 hos
2145 1583 2363 1651 quidem
2391 1588 2670 1643 musculos
2697 1600 2748 1643 et
2764 1593 3129 1651 .membranas
3159 1603 3464 1657 nominant.

403 1652 511 1704 Kal
544 1653 645 1721 ὅρα
691 1646 793 1706 ὧδε
828 1654 1020 1722 σοφίαν
1057 1658 1425 1731 Δημιουργοῦ,
1466 1660 1608 1715 διατί
1634 1663 1677 1695 ¹⁸
1710 1665 1785 1735 μὴ
1831 1666 1918 1720 διὰ

2090 1646 2256 1741 Atqui
2325 1673 2378 1727 in
2444 1675 2549 1731 hoc
2604 1677 2733 1732 item
2803 1679 3080 1739 Creatoris
3132 1688 3454 1757 sapientiam
3500 1693 3598 1746 ad-

333 1747 485 1813 μιᾶς
511 1748 780 1815 μήνιγγος
819 1748 910 1801 τὸν
957 1750 1262 1819 ἐγκέφαλον
1308 1755 1732 1825 περιεφύλαξεν,
1778 1760 1913 1813 ἀλλά

2018 1758 2307 1817 miratioue
2387 1768 2647 1836 prosequi
2727 1768 2918 1837 decet,
2989 1789 3225 1843 quanam
3291 1779 3359 1833 de
3430 1797 3594 1838 causa

326 1835 417 1886 διὰ
455 1836 581 1887 δύο·
617 1837 710 1889 καὶ
757 1837 966 1891 τούτων
1003 1840 1424 1912 ἐνηλλαγμένων
1470 1846 1710 1916 ἐχουσῶν
1739 1849 1780 1879 ¹⁹
1810 1850 1906 1919 τὴν

2017 1853 2296 1907 cerebrum
2353 1855 2530 1924 ipsum
2602 1860 2782 1914 tutelae
2843 1863 3007 1920 unius
3072 1869 3401 1926 membranas
3462 1889 3595 1928 neu-

328 1927 539 1980 οἰκείαν
563 1927 824 1984 διάθεσιν.
859 1930 921 1982 Ἠ
951 1932 1049 2001 μὲν
1072 1933 1180 2004 γάρ
1200 1935 1314 1988 ἐστι
1337 1940 1559 2008 παχεῖα,
1585 1942 1616 2009 ἡ
1639 1940 1695 1993 δὲ
1719 1942 1912 2016 λεπτή.

2018 1942 2265 2013 liquam,
2315 1948 2410 2002 sed
2480 1950 2713 2005 duarum
2788 1954 3122 2024 crediderit,
3168 1975 3292 2029 quae
3352 1963 3591 2019 vicissim

330 2020 390 2071 Εἰ
430 2020 537 2089 γάρ
579 2020 653 2091 μὴ
694 2020 867 2085 οὕτως
910 2023 1072 2076 αὑτὸν
1114 2025 1174 2079 ὲν
1222 2029 1452 2093 ταύταις
1491 2031 1735 2104 ἐνείλησέ
1759 2036 1805 2066 ³ο
1853 2054 1912 2089 τε

2016 2038 2229 2106 propria
2283 2040 2369 2094 sui
2428 2040 2787 2112 dispositione
2850 2058 3095 2105 utuntur.
3169 2051 3372 2109 Harum
3446 2059 3592 2112 enim

327 2111 423 2164 καὶ
453 2113 832 2181 περιέσιριγξε,
863 2115 959 2167 καὶ
984 2110 1095 2169 οἷον
1122 2117 1611 2189 διεσπαργάνωσεν
1631 2164 1646 2189 ,
1679 2124 1909 2196 ἔμελλεν

2015 2128 2184 2182 altera
2236 2146 2443 2197 crassa,
2485 2134 2655 2190 altera
2719 2139 2877 2194 exilis
2916 2151 3019 2197 est.
3072 2141 3188 2198 Nisi
3228 2146 3374 2200 enim
3431 2163 3461 2202 a
3511 2165 3594 2203 re-

326 2202 579 2256 ἀνιᾶσθαι
618 2205 858 2277 ὑπὸξτῆς
887 2208 981 2261 τοῦ
1025 2208 1184 2264 ὀστοῦ
1227 2214 1651 2283 προσψαύσεως,
1699 2235 1911 2290 τραχυ-

2014 2232 2133 2270 ι·υιη
2163 2218 2357 2287 opiﬁce
2406 2221 2510 2277 hoc
2555 2233 2715 2293 pacto
2755 2228 2858 2283 sub
2904 2229 3107 2300 duplici
3153 2234 3470 2291 membrana
3506 2202 3592 2291 in-

326 2293 486 2363 τέρου
516 2296 554 2325 ἰ
578 2294 727 2359 ὄντος
758 2298 851 2350 καὶ
880 2298 1262 2369 σκληροτέρου.
1290 2303 1389 2356 Διὰ
1418 2304 1573 2359 τοῦτο
1602 2308 1806 2377 μεταξὺ
1832 2310 1927 2341 ²¹’¹

2015 2308 2258 2363 volutum
2299 2315 2886 2389 comprehensumque,
2950 2335 3003 2376 et
3053 2339 3151 2377 ceu
3214 2323 3403 2381 fasciis
3460 2342 3593 2383 cou-

327 2386 424 2439 τοῦ
446 2387 604 2439 ὀστοῦ
640 2390 733 2440 καὶ
760 2389 851 2441 τοῦ
889 2391 1197 2460 ἐγκεφάλου
1228 2395 1327 2462 τὴν
1362 2395 1565 2469 λεπτὴν
1596 2398 1763 2470 ἔθηκε
1798 2404 1906 2473 μή-

2016 2403 2262 2458 strictum
2291 2407 2575 2463 cerebrum
2621 2423 2783 2478 esset,
2834 2415 2903 2470 ab
2957 2417 3166 2472 ossium
3214 2428 3471 2475 contactu
3524 2423 3594 2475 ob

326 2496 511 2548 νιγγα.
552 2481 710 2535 Ἀλλά
752 2483 890 2554 αὐτὴ
917 2485 936 2514 ¹
983 2486 1014 2555 ἡ
1087 2486 1289 2557 μήνιγξ
1330 2491 1431 2558 τῆς
1472 2490 1570 2559 μὲν
1619 2490 1713 2545 τοῦ
1753 2494 1910 2561 ἐγκε-

2014 2507 2204 2547 eorum
2265 2495 2522 2552 duritiem
2576 2503 3043 2574 asperitatemque
3102 2508 3290 2564 laesum
3337 2509 3405 2565 iri
3460 2510 3592 2565 illud

332 2570 503 2639 φάλου
533 2572 719 2636 οὐσίας
746 2573 765 2604 ³
791 2574 973 2644 ὀλίγον
1000 2576 1116 2629 ἐστὶ
1152 2576 1511 2650 σκληροτέρα,
1539 2580 1633 2635 τοῦ
1667 2582 1723 2634 δὲ
1750 2581 1909 2636 ὀστοῦ

2014 2586 2273 2641 credibile
2299 2588 2494 2644 fuerat.
2548 2590 2723 2663 Hujus
2787 2570 2978 2666 gratia.
3015 2601 3157 2656 inter
3187 2619 3250 2659 os
3303 2603 3593 2675 ipsumque

327 2654 562 2734 ὑπάρχει
633 2666 1036 2738 μαλακωτέραο
1123 2668 1353 2739 ἔμελλεν
1430 2667 1523 2725 οὖν
1600 2674 1696 2726 καὶ
1766 2673 1905 2745 αὑτὴ

2632 2654 2651 2663 ,
2787 2654 2816 2666 υ
2973 2654 2978 2657 γ
3194 2654 3247 2659 --
3304 2654 3585 2675 κτα---ν-

2011 2677 2291 2732 cerebrum
2336 2682 2567 2736 mediam
2626 2686 2821 2741 exilem
2864 2692 3240 2749 membranam
3286 2697 3585 2751 constituit.

326 2754 610 2824 πάσχουσά
642 2775 692 2810 τι
728 2758 834 2811 ὑπὸ
865 2760 973 2813 τῶν
1006 2759 1226 2827 ἔξωθεν,
1274 2762 1431 2831 ἄγειν
1459 2764 1551 2817 τὸν
1599 2766 1905 2835 ἐγκέφαλον

2015 2764 2495 2825 Verumeuimvero
2527 2811 2541 2835 ,
2620 2776 2936 2833 membrana
3020 2781 3135 2836 haec
3204 2785 3322 2853 ipsa
3383 2787 3588 2841 cerebri

324 2847 407 2907 εἰς
448 2847 795 2915 συμπάθειαν

2007 2855 2313 2911 substantia
2359 2858 2521 2926 paulo
2566 2863 2832 2930 asperior,
2888 2882 3013 2921 osse
3045 2884 3174 2924 vero
3199 2873 3416 2927 mollior
3457 2883 3585 2939 est;

323 2956 487 3010 quam
527 2942 570 2996 si
604 2943 672 2998 ab
700 2943 786 2999 his
815 2960 936 3015 qure
963 2954 1116 3001 extra
1160 2946 1416 3005 eveniunt
1458 2952 1782 3025 quandoque
1811 2953 2003 3009 oblaedi
2034 2953 2339 3023 contigerit,
2394 2953 2572 3024 ipsum
2632 2959 2827 3015 iisdem
2879 2966 3229 3031 passionibus
3287 2968 3585 3024 obnoxium

323 3034 659 3090 redderetur.

393 3125 493 3179 Διά
534 3125 695 3181 τοῦτο
723 3130 979 3199 ἐποίησεν
1024 3134 1082 3186 ὲν
1128 3134 1205 3207 τῷ
1245 3136 1396 3207 μέσῳ
1439 3137 1605 3209 ἄλλην
1654 3139 1900 3210 μήνιγγα
1927 3140 1971 3202 C

2073 3133 2185 3190 [Iac
2220 3135 2403 3206 itaque
2436 3137 2503 3191 de
2535 3153 2722 3203 causa,
2761 3140 2925 3195 aliam
2951 3144 3279 3200 crassiorem
3313 3151 3585 3207 membra-

324 3220 639 3289 παχυτέραν
658 3237 671 3250 ο
700 3221 795 3274 τοῦ
820 3223 920 3293 μὲν
947 3226 1257 3296 ἐγκεφάλου
1290 3230 1434 3284 κατὰ
1460 3230 1596 3284 πολὺ
1624 3228 1903 3301 ὑπάρχου-

2004 3240 2131 3281 nam
2155 3224 2223 3280 de
2247 3226 2426 3281 medio
2451 3228 2755 3295 constituit,
2777 3246 2898 3300 quae
2921 3232 3146 3288 cerebro
3163 3234 3321 3306 longe
3350 3243 3586 3297 crassior

326 3325 425 3362 σαν
456 3311 850 3384 σκληροτέραν,
877 3315 973 3369 τοῦ
1004 3318 1058 3371 δὲ
1092 3319 1252 3373 ὀστοῦ
1284 3322 1449 3377 πάλιν
1478 3321 1896 3392 μαλακωτέραν.

2002 3318 2376 3388 asperiorque,
2401 3333 2528 3374 osse
2557 3335 2688 3375 vero
2724 3322 2844 3392 ipso
2872 3324 3091 3379 mollior
3117 3334 3222 3381 est.
3251 3327 3460 3401 Itaque,
3495 3349 3586 3390 ce-

326 3400 484 3462 Ὦςτε
512 3402 606 3454 τὸν
638 3405 942 3474 ἐγκέφαλον
992 3410 1413 3478 μεσολαϐεῖσθαι
1442 3411 1547 3466 ὑπὸ
1573 3414 1671 3484 τῆς
1696 3412 1902 3484 λεπτῆς

2004 3410 2223 3464 rebrum
2264 3411 2367 3465 sub
2393 3421 2652 3483 utraque,
2683 3415 2811 3469 exili
2839 3416 3092 3473 videlicet
3130 3429 3186 3476 et
3207 3400 3390 3479 crassa
3416 3441 3586 3482 mem-

324 3493 419 3546 καὶ
451 3496 686 3566 παχείας
715 3500 1001 3569 μήνιγγος·
1024 3503 1233 3573 ὁμιλεῖν
1256 3504 1314 3558 δὲ
1342 3505 1442 3575 τὴν
1472 3505 1575 3574 μὲν
1598 3506 1801 3577 λεπτὴν
1825 3506 1902 3576 τῷ

2002 3503 2195 3569 brana,
2214 3505 2452 3560 medium
2473 3507 2741 3573 consistit,
2770 3524 3005 3578 quarum
3054 3528 3175 3582 qua:
3203 3516 3361 3571 exilis
3384 3526 3468 3572 est
3493 3534 3582 3575 ce-

323 3586 632 3659 ὲγκεφάλῳ,
667 3589 767 3663 τὴν
798 3592 855 3646 δὲ
884 3598 1119 3664 παχεῖαν
1140 3595 1216 3666 τῷ
1245 3596 1408 3668 ὀστῷ·
1434 3596 1578 3652 ὥστε
1614 3594 1778 3672 ἦττον
1806 3600 1899 3652 ὑπ’

2004 3595 2163 3650 rebro
2192 3596 2518 3665 applicatur,
2552 3596 2793 3653 crassior
2828 3613 2959 3653 vero
3002 3602 3114 3656 ossi
3149 3606 3413 3685 occurrit,
3446 3624 3583 3677 quo-

324 3677 492 3732 αύτοῦ
522 3680 771 3751 πάσχειν.
819 3685 884 3739 Ἦ
931 3686 989 3740 δὲ
1035 3687 1209 3760 λεπτὴ
1256 3689 1460 3760 μήνιγξ
1504 3690 1902 3765 περιλαμϐάνει

2002 3685 2185 3741 minus
2214 3686 2282 3741 ab
2312 3686 2428 3755 ipso
2480 3687 2768 3742 cerebrum
2823 3689 3023 3745 damna
3078 3694 3324 3750 sentiret.
3378 3682 3580 3753 Verum

323 3769 415 3825 τὸν
442 3772 744 3843 ἐγκέφαλον
774 3779 835 3831 οὐ
867 3780 1027 3849 μόνον
1061 3782 1205 3847 ὅλον,
1237 3782 1378 3837 ἀλλὰ
1400 3783 1498 3837 καὶ
1527 3784 1596 3837 τὰ
1635 3784 1774 3857 μέσα
1804 3785 1903 3839 αύ-

2001 3776 2159 3831 cxilis
2195 3779 2510 3832 membrana
2532 3820 2546 3844 ,
2582 3795 2689 3834 non
2730 3783 2894 3837 modo
2932 3784 3030 3838 toti
3064 3787 3292 3841 cerebro
3338 3789 3582 3844 obvolvi-

322 3861 438 3917 τοῦ.
478 3865 589 3920 Καὶ
620 3867 678 3921 ἐν
706 3868 783 3940 τῷ
826 3871 993 3924 παντὶ
1026 3872 1410 3943 μεσολαϐοῦσα
1439 3878 1768 3947 περικρατιῖ
1803 3876 1902 3946 τὴν

2004 3878 2116 3935 tur,
2172 3886 2357 3925 verum
2385 3872 2549 3925 etiam
2579 3887 2675 3942 per
2696 3874 2872 3928 media
2913 3875 3081 3945 ipsius
3109 3878 3302 3948 pergit.
3362 3878 3429 3934 Et
3453 3897 3576 3935 cum

321 3956 513 4010 οὐσίαν
555 3959 721 4013 αὑτοῦ
746 3976 760 3990 ·
804 3961 948 4016 ὥστε
977 3964 1052 4034 μὴ
1092 3965 1472 4022 διολισθαίνειν
1513 3969 1608 4021 καὶ
1661 3968 1902 4041 διαρρεῖν

2004 3961 2185 4016 media
2244 3962 2366 4031 ejus
2426 3963 2681 4019 universa
2734 3966 3150 4036 complectatur,
3214 3970 3578 4027 substantiam

319 4046 407 4100 διὰ
432 4047 531 4120 τὴν
558 4052 795 4119 φυσικὴν
822 4052 1118 4124 ὑγρότητα.
1145 4055 1412 4129 Καθάπερ
1441 4058 1550 4129 γὰρ
1574 4058 1792 4130 ὁρῶμεν
1820 4061 1902 4114 ὅτι

2002 4053 2151 4110 illius
2204 4055 2442 4126 undique
2490 4056 2752 4122 continet,
2787 4073 2857 4114 ne
2884 4075 2996 4129 prae
3046 4075 3112 4115 eo
3158 4062 3252 4133 qui
3283 4063 3337 4118 in
3363 4065 3479 4134 ipso
3498 4078 3582 4123 est

319 4140 416 4193 καὶ
448 4142 540 4194 ἐπὶ
582 4143 694 4196 τῶν
726 4144 891 4213 ῥοιῶν
922 4146 1122 4216 ὑμένες
1170 4147 1561 4221 διαφράττουσι
1610 4150 1738 4214 τοὺς
1770 4151 1902 4204 κόκ-

2002 4147 2238 4203 naturali
2266 4148 2494 4205 humore
2509 4149 2783 4205 dilabatur
2798 4166 2863 4206 ac
2886 4152 3149 4224 proﬂuat;
3168 4156 3328 4227 cujus
3345 4160 3423 4215 rei
3439 4161 3579 4216 mala

318 4248 484 4295 κους.
516 4236 611 4289 καὶ
656 4235 786 4308 ὅλην
820 4238 992 4309 αὐτὴν
1036 4238 1510 4309 περιλαμϐάνουσι
1539 4239 1562 4273 ⁸
1593 4239 1692 4312 τὴν
1725 4242 1898 4312 ῥοιὰν,

2001 4256 2123 4313 quae
2144 4241 2340 4312 punica
2356 4252 2741 4314 nuncupantur
2755 4260 2876 4301 esse
2886 4248 3136 4318 exemplo
3155 4260 3405 4319 possunt.
3419 4250 3577 4319 Nam,

315 4322 490 4388 οὓτως
537 4326 631 4378 καὶ
676 4329 770 4381 ἐπὶ
811 4329 905 4383 τοῦ
947 4330 1255 4399 ἐγκεφάλου
1310 4330 1405 4384 καὶ
1455 4330 1560 4401 τῆς
1604 4332 1901 4403 εἰρημένης

2002 4342 2119 4387 tum
2154 4348 2325 4404 grana
2368 4350 2491 4405 qua:
2520 4335 2575 4389 in
2606 4335 2726 4406 ipso
2751 4346 2879 4393 sunt
2907 4338 3296 4397 membranula:
3326 4345 3576 4413 quaedam

318 4416 578 4485 μήνιγγος
620 4417 770 4473 ἐστιν
814 4421 963 4476 ἰδεῖν.
1012 4420 1185 4475 Τοῦτο
1211 4423 1307 4477 καὶ
1341 4423 1434 4476 ἐπὶ
1474 4422 1571 4477 τοῦ
1602 4424 1897 4495 λεγομένου

2002 4425 2254 4497 saepiunt,
2285 4435 2397 4482 tum
2430 4437 2604 4484 totum
2636 4430 2839 4486 malum
2880 4433 3287 4503 amplectuntur
3313 4449 3329 4487 :
3362 4434 3468 4505 53
3498 4438 3578 4492 sic

314 4509 568 4574 κρανίου
595 4509 748 4565 ἐστι’
780 4513 1057 4584 σκοπῆσαι
1078 4532 1093 4547 ·
1118 4514 1308 4569 ὀστοῦν
1348 4515 1406 4569 δέ
1433 4516 1552 4569 ἐστι
1577 4485 1771 4582 τοῦτο’,
1799 4516 1899 4589 τὴν

2078 4485 2095 4497 _
2240 4485 2251 4492 ,
3317 4485 3324 4487 .
3362 4485 3466 4505 ,ν
3498 4485 3574 4492 ,η

1973 4500 2057 4571 ἐι
2093 4517 2148 4571 in
2181 4518 2427 4586 cerebro,
2467 4535 2534 4575 ac
2576 4522 2632 4575 in
2673 4523 2790 4594 ipsa
2833 4524 2901 4580 de
2953 4541 3060 4596 qua
3113 4527 3353 4583 diximus
3401 4544 3574 4585 mem-

313 4598 412 4652 τοῦ
449 4602 750 4673 πολεμικοῦ
783 4606 1008 4675 κρανίου
1050 4607 1504 4679 ἀπομιμούμενον
1527 4607 1676 4663 θέσιν
1698 4626 1757 4662 τε
1800 4609 1897 4663 καὶ

2004 4609 2173 4665 brana
2219 4625 2445 4667 cernere
2474 4621 2558 4667 est
2598 4631 2612 4667 :
2656 4613 2771 4669 haec
2832 4625 3013 4671 autem
3067 4617 3368 4673 similitudo
3422 4630 3475 4675 et
3516 4622 3570 4677 in

313 4695 527 4761 χρείαν.
570 4697 783 4771 ’Ὠσπερ
809 4700 918 4772 γὰρ
963 4701 1141 4755 έκεῖνο
1180 4700 1513 4773 κυκλοτερές
1539 4701 1596 4755 τέ
1624 4704 1773 4766 ἐστι,
1803 4703 1899 4757 καὶ

1997 4700 2149 4757 calva
2195 4701 2413 4767 visitur,
2461 4719 2585 4774 quae
2628 4704 2795 4775 galeae
2826 4721 2935 4775 qua
2972 4708 3025 4761 in
3078 4708 3221 4764 bello
3253 4710 3463 4768 utimur
3494 4713 3570 4767 si-

311 4784 412 4856 τὴν
432 4787 561 4858 ὅλην
584 4790 942 4859 ἀσφαλίξεται
967 4792 1236 4864 κεφαλὴν,
1262 4792 1438 4857 οὕτως
1464 4793 1559 4846 καὶ
1581 4792 1643 4846 τὸ
1674 4793 1897 4863 κρανίον

1994 4793 2140 4848 milis
2178 4801 2293 4859 est,
2340 4803 2397 4848 et
2435 4794 2691 4850 eumdem
2736 4796 2902 4851 situm
2970 4812 3035 4855 ac
3092 4801 3330 4857 colorem
3385 4804 3566 4860 habet.

313 4878 411 4929 καὶ
437 4878 570 4932 αὐτὸ
591 4882 922 4954 κυκλοτερὲς
944 4883 1027 4949 ὃν,
1057 4884 1152 4939 τὸν
1182 4884 1486 4953 ἐγκέφαλον
1509 4884 1890 4953 ἀσφαλίζεται.

1991 4884 2464 4951 Quemadmodum
2502 4885 2648 4940 enim
2686 4887 2839 4958 galea
2879 4888 2995 4959 ipsa
3045 4890 3299 4948 circulari
3338 4893 3567 4950 formata

311 4967 476 5024 Ὅθεν
504 4972 607 5026 ’καὶ
646 4975 819 5044 αὐτῆς
854 4976 957 5046 τῆς
990 4977 1365 5049 προσηγορίας
1392 4978 1413 5009 ⁸
1445 4978 1654 5048 ἔτυχεν.

1990 4978 2200 5034 ambitu
2265 4978 2364 5033 toti
2411 4978 2556 5047 quod
2612 4978 2759 5035 intus
2803 4988 2887 5036 est
2932 4982 3098 5038 tutela
3143 4985 3567 5040 munimentum-

308 5075 415 5128 que
462 5064 698 5129 exsistit,
757 5066 831 5121 ita
882 5076 935 5122 et
973 5068 1148 5133 calva,
1202 5084 1326 5123 cum
1363 5068 1610 5123 eamdem
1659 5067 1888 5124 formam
1928 5084 2039 5140 prae
2071 5085 2130 5126 se
2174 5068 2331 5136 ferat,
2362 5070 2648 5127 cerebrum
2677 5073 2782 5128 sub
2840 5088 2901 5130 se
2932 5075 3003 5131 ab
3027 5076 3179 5132 omni
3244 5078 3366 5133 labe
3391 5079 3567 5135 reddit

307 5166 641 5224 exemptum.
670 5156 827 5213 Unde
855 5160 1140 5213 cerebrum
1174 5161 1319 5230 quod
1352 5161 1405 5215 in
1434 5160 1610 5231 capite
1643 5163 1715 5216 sit
1735 5160 2034 5231 ἐγκέφαλος
2079 5162 2481 5219 deuominatur.

379 5246 514 5300 Οὐδὲ
540 5248 700 5302 τοῦτο
730 5243 824 5303 οῦν
864 5247 924 5313 ἐξ
950 5250 1067 5313 ἑνὸς
1107 5250 1267 5304 ὀστοῦ
1300 5252 1741 5319 κατεσκεύασεν,
1767 5252 1884 5308 ἀλλ’

2060 5254 2180 5311 Νοη
2247 5256 2394 5312 enim
2459 5257 2610 5313 calva
2686 5258 2806 5329 ipsa
2861 5258 3080 5331 singulo
3134 5275 3262 5318 osse
3304 5273 3557 5329 constat,

303 5337 369 5390 ὲκ
395 5338 670 5412 διαφόρων
707 5342 903 5410 ὀστῶν,
936 5343 1030 5397 καὶ
1061 5343 1122 5397 ού
1152 5346 1576 5417 κεχωρισμένων
1608 5344 1879 5419 ἀλλήλων,

1987 5346 2084 5403 sed
2132 5346 2362 5404 diversis
2421 5348 2643 5406 ossibus
2705 5349 3098 5422 distinguitur,
3148 5368 3271 5423 qua:
3325 5354 3559 5412 discreta

294 5512 301 5517 '
375 5497 420 5528 ’⁸
568 5497 793 5589 ϐοάκϐζ
819 5502 1351 5589 οτρῑιυιςιερομηιξυπιῃ
1376 5513 1555 5589 caput.
1606 5505 1737 5589 mp}
1761 5505 1892 5589 έγὲε

1952 5506 2067 5589 ξλου
2106 5504 2224 5577 (sic
2256 5504 2333 5589 P.)
2363 5506 2479 5589 καὶ.
2500 5506 2910 5589 μηνίγγωνικαὶ
2936 5508 3085 5589 ius!
3111 5510 3461 5589 σφαιροειδὴς
3494 5517 3553 5589 λη

216 5598 219 5599 ν
298 5567 516 5653 κεφαλὴ
559 5570 852 5653 κειξαλρῖον
884 5573 941 5653 βἱ
1016 5574 1062 5605 ¹⁸
1094 5574 1260 5653 αὐτοῦ
1288 5575 1350 5629 Β.
1421 5567 1474 5653 ⁸⁸⁷⁸
1506 5567 1883 5653 δυκτιῶδεςᾙ,
1908 5567 1920 5577 ’
1963 5580 2007 5610 ⁸⁸
2027 5567 2182 5653 Δὅπερ
2201 5567 2518 5653 metm}:
2563 5567 2576 5579 ’
2601 5567 2997 5653 ⁸ξ²¹ἰύμένας
3049 5567 3324 5653 ’7Α¹⁸’ὀιάτί
3349 5567 3462 5653 ,γάρ
3494 5567 3552 5638 ΒῘ

301 5639 348 5723 1:
368 5635 615 5723 ταύταις,
640 5635 1075 5723 ἐνηλλαγμένως
1082 5715 1093 5723 ⁸
1116 5645 1373 5723 ἐχούσαις
1405 5647 1470 5723 ᾼ,
1497 5647 1703 5723 ταύτας
1732 5635 2492 5723 ἐνηλλαγμέναςξὲχὸύσας
2600 5648 2646 5723 _'°
2666 5635 2981 5723 ὲνὲίλισέ-Β.
3057 5650 3117 5723 ’ξ
3150 5635 3462 5723 παχυτέροῦ

298 5708 400 5791 ξω
425 5708 522 5791 καὶ
549 5707 858 5791 μέσουήτοί
877 5707 1109 5785 ’μεταξὺ
1141 5707 1201 5791 BL
1232 5784 1261 5791 Α
1297 5716 1319 5748 ³
1345 5707 1440 5770 καὶ
1459 5707 1605 5791 αὐτὴ
1636 5707 1698 5775 Βξ
1791 5707 1824 5752 ³’
1843 5707 2032 5783 οὐσίας
2085 5707 2179 5774 τοῦ
2198 5707 2412 5788 ’ἔγκειρ.
2442 5719 2506 5779 Β.
2597 5719 2620 5753 ⁸
2650 5719 3052 5791 περιλαμϐάνει
3084 5718 3147 5779 Β.
3232 5707 3264 5755 ’δ
3288 5707 3464 5780 ἔνεστι
3490 5722 3552 5781 ll.

294 5776 319 5810 ⁸
342 5775 729 5853 ταύτηςέτυχς
763 5775 864 5855 τῆς
887 5775 1120 5856 προσηγ.
1163 5784 1204 5837 Β
1227 5784 1289 5841 Ρ.

1866 5934 1971 5942 .-.η..
2794 5922 2839 5946 Δ
