4066 6214
354 230 492 287 H57

1585 229 1673 283 DE
1712 223 1996 283 NATUBA
2035 222 2336 281 HOMINIS;

3451 230 3589 287 1158

351 345 446 401 καὶ
473 341 672 415 ἐκροὰς
704 340 787 394 ὅτι
820 339 1077 405 πλείστας
1108 343 1183 404 ὡς
1214 342 1426 414 κυρίως
1454 342 1714 415 ἐποίησεν
1747 342 1915 412 ἔχειν,

2030 353 2182 407 quam
2236 339 2475 394 diximus
2522 353 2686 394 causa
2720 338 2964 394 habetur.
3016 339 3097 394 Ad
3146 339 3295 406 hac,
3346 342 3591 401 ﬂuxuum

348 440 439 493 ἵνα
481 436 525 467 ’³
557 433 633 505 μὴ
669 432 739 486 τά
785 433 1178 504 περιττώματα
1226 433 1499 502 γενόμενα
1548 436 1592 465 ⁸³
1642 433 1914 486 πλείστων

345 528 500 599 αὖτῷ
533 525 960 596 συμπτωμάτων
987 525 1136 579 αῐτια
1168 526 1395 593 γένηται
1424 526 1492 577 ³⁸.

419 703 633 769 Ὠσπερ
666 697 848 751 τοίνυν
879 696 975 749 ἐπὶ
998 696 1100 767 τῆς
1150 696 1193 728 ³⁸
1219 696 1456 767 γαστρὸς
1486 695 1781 767 βλέπομεν,
1822 698 1919 751 καλ⁸

347 790 780 860 διαγινώσκομεν
815 787 917 856 τὴν
958 786 1245 856 ἐνέργειαν
1291 786 1465 856 αὐτῆς
1494 788 1560 842 ἐκ
1592 787 1704 841 τῶν
1733 805 1920 858 περιτ-

347 882 621 952 τωμάτων
644 895 659 909 ·
690 878 786 932 καὶ
814 877 984 947 εἰμὲν
1016 873 1353 943 πεπεμμένα
1386 875 1431 907 ³³
1476 875 1592 928 ἐστὶ
1623 874 1692 927 τὰ
1717 875 1915 945 διαχω-

350 976 590 1047 ρήματα.
615 970 847 1039 λέγομεν
869 967 966 1037 τὴν
988 969 1236 1037 γαστέρα
1259 966 1440 1030 καλῶς
1464 965 1681 1020 πέττειν
1701 983 1714 996 ο
1746 965 1921 1030 οὕτως

349 1069 444 1122 καὶ
477 1066 571 1119 ἐπὶ
597 1064 693 1117 τοῦ
727 1061 1029 1131 ἐγκεφάλου
1057 1064 1123 1116 ἐκ
1145 1061 1256 1116 τῶν
1286 1060 1725 1132 περιττωμάτων
1754 1057 1921 1113 αὐτοῦ

348 1157 446 1220 τάς
472 1153 758 1225 ἐνεργείας
778 1151 1122 1222 γνωρίζομεν
1150 1166 1165 1181 '
1202 1150 1339 1221 πρὸς
1372 1150 1481 1220 γὰρ
1512 1150 1634 1211 ταῖς
1659 1147 1922 1219 ἀνωτέρω

351 1245 673 1318 εἰρημέναις
716 1243 941 1313 ῥαφαῖς,
972 1238 1333 1309 καθαίρεσῦαι
1357 1238 1519 1290 αὑτὸν
1557 1237 1652 1290 καὶ
1688 1234 1776 1289 διὰ
1817 1253 1920 1305 μυ-

351 1340 570 1410 κτήρων
601 1335 698 1389 κα)⁸
728 1332 882 1386 ὥτων
912 1333 1008 1385 καὶ
1031 1330 1347 1402 ὀφθαλμῶν,
1367 1329 1462 1383 καὶ
1490 1328 1581 1381 τοῦ
1618 1326 1917 1397 λεγομένου

352 1431 631 1501 τρήματος
653 1472 667 1498 ,
699 1425 728 1477 ὃ
753 1422 958 1495 χώνην
996 1422 1143 1485 τινὲς
1171 1420 1462 1490 ὠνόμασαν
1495 1418 1604 1473 ἀπὸ
1643 1419 1740 1488 τῆς
1785 1417 1921 1487 πρὸς

356 1521 572 1591 ἐκείνην
605 1515 942 1587 ὁμοιώσεως,
959 1518 988 1569 6
1014 1514 1116 1583 τῆς
1143 1514 1362 1583 φύσεως
1389 1502 1777 1583 ἐμηχανήσατο
1805 1509 1920 1563 Κύ-

355 1631 474 1682 ριος
508 1612 574 1665 ³³.
607 1609 800 1679 Χώνην
846 1609 903 1661 δὲ
932 1608 993 1661 τὸ
1038 1608 1227 1678 τρῆμα
1264 1606 1540 1673 λέγουσιν,
1592 1602 1784 1673 ἐπειδὴ
1815 1602 1924 1655 άπὸ

354 1679 654 1776 εὐρυτέροις
700 1697 911 1768 βάσεως
956 1695 1283 1767 ἀρχόμενον,
1331 1696 1411 1757 εἰς
1462 1694 1924 1764 στενοχωρὸτερον
1955 1679 1997 1734 Β

354 1793 580 1862 τελευτᾷ
609 1790 774 1860 πόρον
814 1789 878 1844 ³⁸.

442 1966 597 2021 Ἐπεὶ
621 1965 678 2018 δὲ
710 1964 807 2018 καὶ
848 1962 982 2033 μῦες
1021 1960 1208 2015 πολλοὶ
1237 1960 1378 2014 κατὰ
1411 1960 1510 2031 τὴν
1550 1957 1792 2028 κεφαλὴν
1832 1960 1930 2011 καὶ

353 2055 501 2113 κατὰ
529 2054 621 2107 τὸν
652 2051 955 2121 ἐγκέφαλόν
976 2051 1101 2115 εἱσι,
1137 2048 1340 2119 μᾶλλον
1361 2048 1417 2101 δὲ
1440 2048 1699 2103 καὶκατὰ
1726 2047 1930 2109 παντὸς

353 2149 446 2205 τοῦ
480 2149 733 2220 σώματος
759 2187 773 2211 ,
805 2147 1049 2217 εἴπωμεν
1079 2145 1182 2215 τὴν
1209 2143 1402 2197 τούτου
1432 2143 1476 2175 ⁸⁸
1509 2142 1792 2213 ἐνέργειαν
1835 2142 1930 2194 καὶ

355 2242 544 2313 χρείαν
574 2239 622 2272 ⁸⁸
660 2237 779 2292 οἵαν
810 2236 891 2308 τῷ
934 2237 1138 2307 ἡνιόχῳ
1166 2238 1194 2289 6
1226 2234 1444 2306 χαλινὸς
1476 2234 1535 2287 ἐν
1580 2232 1660 2303 τῷ
1697 2233 1925 2303 ἅρματι.

358 2334 574 2403 Ὥσπερ
600 2330 710 2401 γάρ
750 2330 837 2383 ἐπ’
866 2329 1044 2383 ἐκεῖνό
1076 2330 1196 2381 ἐστι
1238 2327 1339 2399 μὲν
1375 2329 1404 2380 6
1435 2326 1652 2398 ἡνίοχος
1674 2366 1687 2391 ,
1732 2326 1842 2377 εἰσὶ
1872 2324 1928 2377 δὲ

357 2425 455 2479 καὶ
505 2424 655 2496 ἠνίαι
683 2466 697 2491 ,
734 2424 827 2478 καὶ
866 2421 1002 2494 μετὰ
1038 2421 1139 2486 τὰς
1172 2420 1331 2493 ἡνίας
1376 2420 1405 2473 6
1452 2418 1671 2491 χαλινὸς
1701 2457 1717 2483 ,
1756 2419 1937 2488 ἠρτηο’

360 2516 520 2587 μένος
559 2518 604 2547 ³⁷
639 2516 740 2587 μὲν
773 2514 882 2570 άπὸ
923 2514 1034 2567 τῶν
1080 2512 1270 2581 ἠνίων,
1304 2510 1691 2582 συνδεδεμένος
1720 2509 1778 2562 δέ
1815 2510 1931 2571 τοῖς

357 2609 547 2671 ῖπποις
566 2648 581 2674 ,
609 2609 717 2661 είσ¹ι
740 2608 797 2661 δὲ
822 2608 917 2661 καὶ
945 2607 1101 2661 αὐτοὶ
1119 2608 1168 2659 οί
1192 2606 1378 2660 ἵπποιο
1403 2603 1579 2665 οὕτως
1600 2602 1695 2655 καὶ
1715 2601 1809 2655 ἐπὶ
1834 2599 1930 2655 τοῦ

354 2703 628 2773 ἡμετέρου
664 2699 952 2771 σώματος·
990 2701 1201 2771 ἠνιοχεῖ
1238 2699 1337 2770 μὲν
1368 2696 1503 2751 αὐτὸ
1537 2698 1565 2751 6
1600 2695 1929 2764 ἐγκέφαλος,

355 2792 508 2864 ἡνίαι
557 2793 601 2824 ³⁸
632 2792 689 2845 δὲ
740 2791 905 2846 αὐτοῦ
945 2792 1015 2843 τά
1071 2791 1274 2861 νεῦρα⁹
1313 2789 1524 2861 χαλινοὶ
1570 2788 1628 2841 δέ
1661 2786 1829 2841 αὑτοῦ
1882 2789 1932 2842 οἱ

359 2882 497 2955 μῦες
520 2897 537 2913 θ
570 2881 727 2935 ίπποὶ
757 2880 814 2933 δὲ
838 2881 907 2934 τά
934 2880 1100 2934 λοιπὰ
1132 2880 1321 2951 μόρια.
1360 2879 1468 2931 Καὶ
1494 2878 1523 2930 ὁ
1557 2878 1659 2948 μὲν
1689 2876 1933 2946 ἐγκέφα-

2020 429 2360 484 exeretiones
2412 429 2578 498 capiti
2618 438 2677 483 ut
2729 430 2960 499 principi
2993 435 3130 499 partt
3179 444 3363 485 rerum
3404 431 3591 501 Opifex

2022 519 2248 590 largitus
2269 529 2371 585 est,
2410 537 2478 576 ne
2500 522 2706 577 scilicet
2738 524 2786 575 sl
2823 531 3167 576 excrementa
3193 522 3488 593 intercepta
3513 524 3591 579 fo-

2025 619 2164 677 rent,
2184 612 2434 680 plurimis
2461 613 2681 668 casibus
2712 614 3008 667 obnoxium
3034 613 3369 669 redderetur.

2094 700 2561 767 Quemadmodum
2602 702 2765 774 igitur
2803 703 2857 756 in
2892 703 2997 757 alvi
3026 705 3388 760 excrementis
3440 706 3596 762 nobis

2023 794 2307 862 perspicue
2352 803 2501 865 patet
2551 796 2796 861 (etenim,
2832 796 2878 851 si
2904 805 3310 851 excrementum
3352 799 3497 867 quod
3529 800 3596 853 al;

2023 884 2139 953 ipsa
2170 886 2436 940 emittitur
2468 899 2789 941 concoctum
2829 887 3022 952 fuerit,
3073 898 3218 944 recte
3254 889 3424 959 ipsam
3462 904 3596 944 con-

2022 986 2258 1042 coquere
2292 972 2556 1039 dicimus;
2587 974 2633 1029 si
2666 989 2793 1028 vero
2817 974 3220 1041 inconcoctum,
3258 993 3367 1031 non
3391 981 3597 1045 recte),

2023 1060 2096 1115 ita
2150 1071 2204 1116 et
2235 1062 2289 1116 in
2338 1065 2563 1119 cerebro
2604 1063 2844 1119 visitur:
2884 1065 2952 1121 ab
2996 1068 3403 1123 excrementitia
3454 1069 3598 1124 enim

2023 1154 2143 1222 ejus
2173 1156 2418 1221 materia,
2453 1159 2695 1213 actiones
2724 1157 2896 1227 ipsius
2932 1158 3086 1213 nobis
3117 1159 3414 1230 perspicua:
3441 1160 3597 1215 ﬁunt.

2025 1242 2141 1299 Hoc
2168 1255 2370 1311 autem,
2405 1262 2513 1301 non
2550 1248 2715 1303 modo
2754 1249 2958 1305 suturis
2991 1267 3128 1321 quas
3159 1252 3313 1321 prius
3340 1252 3598 1317 diximus,

2025 1336 2118 1389 sed
2146 1344 2201 1388 et
2243 1351 2398 1401 naso,
2431 1338 2686 1405 auribus,
2732 1340 2926 1407 oculis,
2952 1353 3305 1412 purgamenta
3336 1342 3598 1397 excernit.

2024 1426 2105 1479 Ad
2128 1428 2239 1481 haec
2261 1427 2385 1482 item
2410 1445 2471 1484 ea
2502 1441 2655 1500 parte
2677 1448 2835 1501 quam
2862 1432 3031 1487 Grazci
3056 1433 3262 1504 τρῆμα,
3290 1434 3373 1488 vel
3402 1436 3599 1504 χώνην,

2025 1520 2172 1590 quod
2228 1536 2258 1574 a
2310 1522 2585 1591 plerisque
2648 1522 3051 1578 infundibulum
3106 1532 3483 1594 nuncupatur;
3536 1526 3601 1578 ad

2025 1612 2145 1681 ejus
2192 1613 2336 1667 enim
2394 1613 2803 1669 similitudinem
2839 1625 3048 1669 natura:
3086 1613 3278 1685 Opifex
3312 1615 3439 1670 illud
3473 1630 3605 1670 con-

2027 1702 2223 1757 stituit.
2266 1703 2416 1757 Illam
2448 1705 2594 1759 enim
2620 1717 2828 1775 partem
2862 1706 3267 1761 infundibulum
3302 1706 3599 1776 appellant.

2026 1807 2093 1847 eo
2143 1793 2288 1861 quod
2347 1792 2450 1863 55
2483 1794 2552 1848 ab
2584 1796 2850 1866 ampliore
2894 1804 3069 1851 tractu
3107 1797 3160 1851 in
3189 1795 3603 1852 contractiorem

2028 1894 2263 1937 meatum
2306 1884 2523 1939 desinit.

2098 1972 2390 2041 Quoniam,
2439 1982 2554 2029 tum
2615 1984 2808 2045 caput,
2871 1982 2983 2029 tum
3040 1974 3358 2042 cerebrum,
3392 1989 3605 2031 necnon

2029 2069 2199 2116 totum
2226 2077 2425 2132 corpus
2467 2073 2714 2119 nostrum
2764 2064 3011 2134 pluribus
3052 2064 3316 2119 musculis
3370 2064 3605 2120 obsitum

2028 2167 2145 2220 est,
2188 2156 2381 2210 horum
2420 2156 2664 2211 actiones
2716 2155 2986 2225 ofﬁciique
3031 2154 3403 2219 functionem,
3442 2170 3607 2226 quam

2030 2263 2138 2301 una
2181 2262 2303 2301 cum
2339 2252 2562 2303 cerebro
2615 2256 2903 2318 peragunt,
2962 2246 3115 2317 prius
3161 2246 3421 2303 diximus.
3481 2245 3612 2301 Tale

2029 2338 2174 2391 enim
2208 2338 2310 2407 ipsi
2343 2338 2569 2393 cerebro
2594 2336 2827 2394 oﬂicium
2849 2338 3128 2405 exhibent,
3148 2338 3307 2408 quale
3327 2337 3527 2408 aurigae
3555 2338 3609 2391 in

2030 2425 2265 2497 regendo
2330 2440 2498 2481 curru
2557 2424 2713 2481 frena
2773 2424 3066 2481 sufficiunt.
3136 2424 3611 2492 Quemadmodum

2030 2517 2174 2571 enim
2213 2516 2267 2569 in
2294 2530 2460 2570 curru
2517 2516 2708 2586 auriga
2742 2515 3053 2587 inSpicitur,
3097 2525 3211 2571 tum
3252 2525 3306 2572 et
3348 2516 3466 2571 lora
3496 2516 3613 2585 ipsa

2032 2621 2153 2676 qua:
2182 2622 2212 2661 a
2244 2605 2397 2662 freno
2426 2607 2733 2678 dependent
2775 2623 2885 2678 quo
2918 2609 3043 2679 equi
3068 2608 3362 2679 alligantur
3389 2622 3615 2664 cernere

2031 2707 2143 2765 est;
2168 2696 2266 2753 sed
2304 2707 2359 2753 et
2382 2699 2509 2768 equi
2540 2699 2594 2753 in
2627 2713 2693 2754 eo
2725 2699 2974 2756 visuntur
3000 2718 3014 2753 :
3046 2698 3236 2754 eodem
3278 2708 3461 2769 pacto,
3489 2713 3616 2754 cor-

2033 2790 2183 2860 poris
2208 2789 2377 2845 nostri
2408 2790 2629 2845 habitus
2655 2798 2891 2846 constat.
2917 2790 3215 2845 Cerebrum
3260 2789 3479 2860 quidem
3512 2804 3612 2845 aua

2034 2880 2170 2947 riga:
2196 2877 2313 2930 vice
2343 2876 2613 2947 fungitur,
2640 2878 2790 2932 nervi
2815 2893 2946 2933 vero
2975 2879 3076 2935 lori
3106 2878 3341 2934 cilicium
3373 2878 3611 2950 explent,

357 2972 450 3036 λος
474 2970 689 3042 πρῶτος
718 2971 842 3032 ταῖς
878 2969 1061 3040 ἡνίαις
1104 2968 1390 3040 χρώμενος
1409 3005 1425 3031 ,
1448 2967 1482 3037 ἢ
1512 2966 1755 3038 παράγει
1786 2967 1830 2998 ³⁸
1871 2965 1930 3019 τὸ

2035 2985 2133 3038 pro
2181 2968 2351 3024 frenis
2398 2968 2675 3024 musculos
2703 2969 3037 3036 constituas;
3070 2971 3218 3041 equi,
3244 2969 3467 3040 reliqua:
3492 2984 3615 3025 cor-

360 3064 520 3135 σῶμα
549 3062 701 3132 παρά
728 3063 798 3116 τὰ
833 3061 1044 3131 πλάγια
1065 3103 1081 3128 ,
1103 3061 1138 3132 ἢ
1176 3062 1258 3125 είς
1290 3060 1535 3114 τούπίσω
1568 3057 1926 3129 ἀναχαιτίζει,

358 3156 395 3227 ἢ
427 3155 614 3226 πρόσω
641 3153 930 3224 ἐπιτρέπει
957 3151 1221 3223 φέρεσθαι
1246 3168 1259 3181 °
1285 3153 1313 3205 6
1333 3152 1391 3205 δέ
1418 3151 1634 3222 χαλινὸς
1666 3150 1931 3219 ἑπόμενος

359 3251 482 3312 ταῖς
515 3247 713 3318 ἡνίαις,
737 3245 879 3299 κατὰ
914 3243 1266 3316 συμϐεϐηκὸς
1292 3242 1523 3297 ἕπεσθαι
1557 3243 1705 3295 ποιεῖ
1734 3241 1803 3293 τὰ
1841 3240 1937 3310 μοι

364 3356 457 3412 ρια
496 3338 577 3411 τῷ
606 3338 810 3411 πρώτῳ
851 3336 1065 3411 πρῶτον
1096 3336 1336 3391 κινοῦντι
1369 3335 1436 3387 ⁸⁸.
1479 3333 1689 3387 Οὐκοῦν
1720 3335 1770 3386 οἱ
1802 3331 1937 3401 μῦες

364 3431 554 3503 χρείαν
593 3430 811 3502 χαλινοῦ
839 3430 917 3501 τῷ
943 3428 1233 3499 ἐγκεφάλῳ
1256 3426 1620 3498 παρέχουσιν·
1651 3424 1935 3494 ἐνέργειαν

361 3517 419 3571 δὲ
457 3518 738 3572 ποιοῦνται
774 3518 875 3589 τὴν
911 3517 1223 3587 κινητικήν.

2039 3062 2187 3130 poris
2236 3069 2418 3130 partes
2478 3060 2772 3116 habentur.
2828 3059 3141 3127 Enimvero,
3197 3076 3324 3117 cum
3374 3061 3615 3131 primunt.

2038 3171 2240 3225 corpus
2289 3162 2665 3209 transversum
2724 3152 3099 3218 circumferre,
3156 3169 3255 3209 seu
3317 3153 3613 3214 retrahere,

2035 3247 2150 3301 sive
2198 3245 2251 3300 in
2300 3246 2576 3299 anteriora
2628 3258 2846 3299 movere
2898 3244 3210 3314 contigerit,
3246 3244 3469 3300 cerebro
3511 3244 3616 3313 ipsi

2037 3337 2213 3401 nervi,
2243 3348 2384 3406 quos
2432 3334 2549 3390 lora
2580 3334 2838 3399 diximus,
2874 3334 3190 3405 huiusmodi
3220 3335 3403 3391 ofﬁcio
3438 3335 3614 3390 inser-

2036 3429 2227 3493 viunt;
2280 3429 2491 3482 frenum
2542 3442 2710 3495 vero,
2741 3442 2867 3483 cum
2916 3429 3186 3484 trahentia
3245 3444 3306 3485 se
3365 3429 3480 3484 lora
3529 3443 3617 3481 se-

2036 3528 2268 3588 quatur,
2327 3527 2507 3588 partes
2561 3520 2708 3589 ipsas
2765 3518 2917 3573 illum
2965 3521 3060 3590 qui
3121 3521 3377 3591 primitus
3437 3528 3618 3573 movet

364 3610 523 3681 sequi
552 3611 771 3682 subigit.
802 3610 942 3666 Hinc
994 3611 1158 3681 igitur
1188 3617 1355 3679 patet,
1380 3607 1525 3678 quod
1564 3610 1799 3664 musculi
1863 3612 1965 3681 ipsi
2006 3614 2145 3669 freni
2212 3614 2386 3668 vicem
2420 3613 2659 3683 cerebro
2690 3613 2950 3683 explent;
2990 3614 3084 3669 sed
3129 3625 3180 3669 et
3206 3614 3309 3685 ipsi
3352 3613 3613 3669 motivam

365 3700 637 3754 actionem
675 3700 979 3771 perficiunt.

447 3793 506 3846 '0
549 3792 604 3845 δὲ
634 3791 900 3857 νωτιαῒος
927 3790 1224 3861 λεγόμενος
1260 3789 1484 3858 μυελὸς
1504 3828 1518 3851 ,
1545 3788 1818 3859 άπόῤῥοιά
1853 3792 1939 3856 τίς

365 3887 480 3938 ἐστι
530 3881 623 3936 τοῦ
680 3881 1021 3951 ἐγκεφάλουο
1086 3884 1181 3933 καὶ
1236 3875 1349 3931 οἷον
1406 3880 1515 3932 ἀπὸ
1563 3882 1747 3951 πηγῆς
1793 3898 1938 3946 τινος

366 3976 547 4046 ῥύακα
590 3975 841 4045 μιμεῖται
880 3973 1139 4044 προϊόντα
1162 3988 1175 4001 ⁶
1208 3971 1306 4041 τῆς
1339 3971 1437 4041 μὲν
1480 3974 1664 4042 πηγῆς
1690 3973 1861 4043 αὐτῆς
1890 3975 1939 4027 εἰ

365 4066 520 4137 τύχοι
558 4065 852 4137 περιφερὲς
898 4064 1131 4135 ἐχούσης
1168 4064 1353 4134 σχῆμα
1400 4064 1442 4094 εί
1469 4105 1484 4126 ,
1519 4065 1612 4119 τοῦ
1645 4064 1701 4117 δέ
1738 4064 1940 4135 ῥύακος

364 4162 444 4221 είς
499 4158 675 4228 μῆκος
725 4156 1131 4226 ἐκτεινομένου.
1193 4155 1349 4208 Ἐπεὶ
1393 4150 1488 4208 οὖν
1534 4156 1579 4187 δ’
1621 4158 1650 4209 6
1689 4160 1940 4220 νωτιαῖος

363 4241 519 4311 οὗτος
550 4248 642 4301 τοῦ
674 4246 980 4315 ἐγκεφάλου
1024 4245 1191 4314 μοίρα
1231 4244 1313 4307 τίς
1341 4245 1459 4299 ἐστι
1485 4287 1499 4311 ,
1536 4247 1852 4318 περιέχεται
1883 4247 1941 4300 δὲ

2110 3787 2345 3841 Medulla
2409 3797 2590 3843 autem
2654 3803 2775 3859 qua:
2869 3788 3016 3843 dorsi
3050 3788 3384 3859 appellatur,
3462 3795 3620 3863 quasi

2042 3878 2273 3934 ctﬂuxus
2323 3877 2529 3933 cerebri
2566 3879 2785 3948 quidam
2820 3887 2925 3940 est,
2965 3888 3019 3935 et
3054 3894 3151 3935 ceu
3191 3881 3343 3935 rivus
3396 3896 3424 3934 a
3474 3883 3624 3940 fonte

2042 3969 2317 4040 proﬂuens
2366 3968 2656 4040 efﬁgiatur.
2694 3969 2841 4026 Fons
2871 3970 3111 4040 quidem,
3144 3980 3203 4025 ut
3248 3972 3321 4025 ita
3368 3973 3621 4040 dixerim,

2044 4060 2367 4115 circularem
2411 4060 2636 4130 figuram
2680 4076 2792 4130 prae
2826 4076 2883 4117 se
2918 4060 3044 4125 fert,
3095 4063 3243 4118 rivus
3274 4078 3404 4119 vero
3444 4073 3621 4119 tractu

2046 4154 2101 4207 in
2160 4153 2379 4221 longum
2432 4161 2685 4221 porrecto
2739 4151 2931 4207 fertur.
2984 4152 3251 4220 Quoniam
3294 4154 3461 4227 igitur
3511 4157 3629 4211 hare

2049 4243 2201 4299 dorsi
2253 4242 2491 4298 medulla
2528 4241 2739 4297 cerebri
2793 4257 2920 4312 pars
2966 4251 3069 4311 est,
3102 4244 3243 4300 hanc
3289 4246 3359 4302 ab
3408 4246 3627 4302 ossibus

366 4343 424 4393 ἐν
455 4341 629 4403 ὀστοῖς
656 4379 670 4404 ,
717 4340 884 4410 ἡγουν
925 4341 985 4393 ἐν
1011 4340 1125 4401 τοῖς
1172 4337 1492 4401 σπονδύλοις
1529 4340 1649 4409 τῆςι
1689 4341 1930 4411 ῥάχεως⁴

2051 4334 2219 4402 spinze
2264 4332 2713 4402 comprehensam
2762 4348 2884 4389 esse
2934 4335 3231 4389 cernimus.
3290 4335 3399 4389 Has
3446 4343 3629 4389 autem

364 4431 585 4499 ἀνάγκη
653 4429 749 4483 καὶ
801 4429 929 4491 τοὺς
975 4427 1305 4490 σπονδύλους
1359 4427 1637 4492 τοιούτους
1686 4428 1795 4482 άπὸ
1845 4428 1930 4499 τῆς

2047 4423 2350 4489 vertebras,
2383 4424 2461 4477 uti
2493 4431 2546 4477 et
2579 4423 2875 4479 medullam
2911 4424 3083 4494 ipsam
3107 4432 3316 4478 natura:
3341 4437 3629 4492 procreare

366 4521 581 4591 φύσεως
628 4520 999 4591 γεγενῆσθαι,
1033 4512 1145 4582 οἷος
1200 4519 1295 4571 καὶ
1337 4520 1365 4571 6
1420 4518 1661 4588 μυελός’
1707 4521 1802 4573 καὶ
1858 4519 1930 4572 διδ

2051 4514 2422 4571 necessarium
2469 4514 2698 4581 exstitit,
2726 4525 2781 4571 et
2822 4517 2922 4570 hac
2968 4515 3035 4569 de
3100 4528 3265 4568 causa
3320 4515 3628 4569 communi-

365 4612 524 4667 ’τοῦτο
572 4613 665 4665 καὶ
697 4610 987 4674 κοινωνίας
1023 4611 1280 4681 μετέχειν
1326 4610 1489 4663 αὑτὸν
1524 4612 1767 4683 φυσικῆς
1802 4612 1930 4682 μετό

2050 4608 2320 4663 rationem
2372 4607 2665 4676 quamdam
2720 4622 2844 4661 cum
2895 4606 3113 4660 ossibus
3146 4604 3451 4660 naturalem
3482 4606 3629 4661 obti-

364 4704 476 4757 τῶν
504 4704 681 4759 ὀστῶν
703 4722 717 4736 ο
753 4704 894 4775 πρὸς
926 4704 1035 4775 γάρ
1064 4703 1167 4774 τὴν
1197 4702 1293 4771 τοῦ
1326 4703 1725 4774 περιεχομένου
1764 4704 1928 4775 φύσιν

2052 4709 2179 4763 net;
2219 4714 2342 4752 nam
2385 4698 2450 4752 ad
2487 4706 2741 4753 naturam
2776 4697 2921 4751 illius
2949 4698 3091 4767 quod
3122 4699 3628 4768 comprehenditur,

365 4798 460 4851 καὶ
491 4796 552 4851 τό
581 4798 839 4868 περιέχον
874 4796 1007 4850 αὐτὸ
1037 4794 1085 4827 ⁸³
1122 4795 1561 4866 δημιουργεῖται.

2056 4796 2111 4843 et
2148 4790 2281 4843 illud
2313 4788 2459 4858 quod
2510 4787 2925 4858 comprehendit
2955 4797 3297 4859 procreatum
3346 4806 3468 4846 esse
3507 4806 3631 4846 cer-

2062 4886 2173 4930 tum
2216 4886 2319 4932 est.

435 4976 549 5030 Καὶ
586 4977 689 5048 ὅρα
721 4976 839 5039 πῶς
886 4975 1099 5030 ἅπαντα
1127 4973 1197 5027 τὰ
1229 4973 1323 5026 τοῦ
1356 4971 1611 5042 σώματος
1636 4972 1771 5023 ὀστᾶ
1808 4972 1930 5040 πρὸς

2127 4969 2239 5039 Age
2264 4968 2377 5037 jam
2409 4984 2519 5037 quo
2546 4979 2706 5039 pacto
2734 4971 3012 5041 proprium
3037 4972 3308 5042 quoddam
3333 4974 3634 5045 peculiare-

374 5067 557 5121 τοῦτον
602 5040 715 5136 έχει
761 5064 861 5136 τὴν
905 5063 1242 5134 οἰκειότητα.
1296 5040 1586 5131 Τῶνήγάρ
1629 5058 1930 5112 σπονδύλωι

2057 5074 2165 5128 que
2198 5059 2361 5113 totius
2390 5061 2637 5129 corporis
2663 5076 2789 5117 ossa
2815 5061 2878 5116 ad
2909 5040 3071 5118 dorsi
3090 5040 3645 5130 vertebra—obtinent:

366 5159 623 5212 ἁπάντων
652 5159 686 5228 ἡ
716 5156 932 5219 σύνοδος
982 5155 1081 5225 τὴν
1104 5152 1278 5224 ἀρχὴν
1298 5154 1363 5205 ἐκ
1391 5152 1487 5221 τῆς
1508 5150 1722 5222 ῥάχεως
1754 5149 1930 5218 ἐποιήι

2050 5150 2428 5220 inspiciamus.
2462 5149 2739 5207 Vertebra:
2761 5153 2905 5208 enim
2947 5169 3137 5211 omnes
3164 5156 3489 5213 cohaerentia
3523 5159 3635 5214 ori-

438 5271 487 5345 _"
517 5271 776 5345 πλείστας
800 5273 827 5324 6
860 5272 981 5345 ἐγκ.
1015 5270 1128 5339 ἔχει
1169 5268 1257 5320 ἴνα
1288 5269 1375 5345 P._
1430 5269 1474 5345 ’ξ
1505 5265 1900 5345 στεγδμεναβέ
1922 5264 2320 5345 συστελλιξμενα
2342 5265 2382 5321 C
2416 5265 2476 5345 P_.
2554 5267 2598 5345 _“
2620 5267 2837 5345 γίνηται
2880 5270 2942 5345 B_,
2966 5271 3206 5345 γίνονται
3232 5272 3297 5345 C.
3338 5343 3347 5345 μ
3373 5274 3415 5306 ³¹
3443 5233 3647 5345 ὥσπερ,

367 5342 465 5423 ea
527 5344 624 5423 ne
665 5359 723 5423 ιε
752 5336 962 5423 eam
990 5336 1295 5423 πέριττωιέθ
1323 5336 1955 5423 τῂνέἳεργξίαῖξὶδῖῆξ
1979 5336 2335 5423 “retires?
2507 5336 2616 5423 vesp
2650 5336 2781 5423 τεεπ-
2820 5336 3234 5423 ἒσῖιςέ-οοηεχειχ
3255 5344 3304 5394 ει
3331 5343 3385 5423 βξ
3418 5336 3635 5423 επεπςι

367 5413 430 5465 οὐ
464 5405 649 5480 καλῶς
678 5405 746 5464 1³.
801 5412 849 5480 ’ξ
884 5405 1170 5480 πεπεμένα
1230 5405 1292 5460 Β.
1356 5405 1401 5480 ξδ’
1432 5405 1635 5477 Κύριος
1697 5405 1822 5480 ἐπεὶ
1856 5408 1963 5480 γάρ
2017 5405 2076 5457 τὸ
2097 5407 2282 5480 τρῆμα
2307 5406 2416 5480 άπὸ
2436 5405 2497 5459 Ρ.
2520 5405 2594 5480 ﬂ"
2627 5410 2795 5480 πόρον
2824 5409 3026 5480 ἐκλήθη
3190 5413 3235 5443 ³³
3258 5414 3463 5467 τούτων
3493 5413 3534 5466 Β
3570 5414 3629 5468 [⁸,

451 5475 565 5559 οἷον
600 5478 854 5559 μετὰ,τοῦ
878 5473 1186 5559 ἐγκεφάλου
1229 5473 1831 5559 ποωῦχταιξλτοιαύτηγ
1854 5473 1961 5543 γάρ
1988 5473 2282 5559 χρείαν-ζτῷ
2309 5476 2617 5557 ’ἐγκεφάλῳ
2648 5473 2980 5559 πάρξχουσιίγ
3065 5479 3105 5535 C
3135 5482 3247 5559 P,_
3272 5484 3315 5559 Ἴ
3342 5484 3631 5559 {xm-mag;

371 5551 431 5603 Β.
512 5550 556 5581 ³⁸
593 5543 717 5620 ἠνία
744 5548 803 5605 Β.
842 5543 1349 5620 ,ἔθ’περιάγειβῃϐ
1384 5544 1444 5598 Ρ.
1521 5545 1565 5576 ⁸ο
1593 5543 1670 5614 τῷ
1705 5543 1934 5615 πρώτως
1963 5543 2071 5599 κιν.
2101 5543 2142 5596 Β
2163 5545 2238 5610 Ρ,
2269 5545 2344 5617 τῷ
2369 5543 2742 5615 «parmam:
2764 5543 2828 5605 (ΞΣ
2920 5549 2962 5580 ⁸³
2990 5548 3051 5601 τὸ
3088 5566 3176 5620 σχ.
3209 5550 3250 5603 Β
3273 5551 3337 5606 C.
3364 5543 3392 5554 ”
3426 5543 3632 5620 δ”γοῡν

372 5620 433 5686 Β,
460 5614 649 5686 ἐπειδὴ
674 5620 737 5672 C.
838 5618 882 5649 ’⁵³
910 5614 1041 5670 alb-:6
1072 5614 1181 5671 om.
1212 5614 1252 5667 Β
1278 5614 1339 5667 Ρ.
1752 5614 1757 5615 ⁷
2186 5620 2195 5626 ’

690 5715 967 5773 Ριτιιοι.
1017 5710 1137 5770 ϐο.
1182 5707 1401 5767 LXIV.

3237 5711 3317 5771 39
