4054 6216
352 254 486 307 “ut

1598 265 1686 320 DE
1726 265 2016 326 NATURA
2054 269 2356 332 HOMINIS.

3456 296 3597 353 “62

351 390 524 444 ματος
548 411 563 436 ,
606 373 703 426 καὶ
739 372 837 437 τὰς
869 374 1037 439 ἄλλας
1073 378 1388 450 κοιλότητας
1410 421 1422 444 ,
1475 380 1540 444 ἃς
1590 383 1796 448 κοιλίας
1845 386 1899 439 λέ

2031 393 2275 461 cepulas,
2330 403 2383 449 ct
2435 398 2802 455 sensoriorum
2849 403 3024 466 sedes,
3072 406 3261 462 oculos
3318 409 3591 481 videlicet,

347 482 508 534 γουσι
531 481 548 497 ο
578 465 675 518 καὶ
703 465 920 535 πνεῦμα
945 466 1178 538 ψυχικὸν
1204 470 1461 541 ψυχικαῖς
1494 475 1797 544 ἐνεργείαις
1826 478 1926 530 ὑπ-

347 575 378 626 η
389 556 750 626 ρετούμενον,
794 558 1024 622 εἰκότως
1048 562 1113 630 τῇ
1144 562 1357 632 κεφαλῇ
1394 564 1579 633 σχῆμα
1605 567 1845 621 τοιοῦτον
1878 570 1923 603 ⁵⁸

345 648 630 713 ὲπλέξατο.
670 649 735 701 Ἡ
768 648 825 702 δὲ
868 650 1032 721 τρίτη
1063 653 1217 705 αἰτία
1260 652 1555 719 Πλάτωνός
1589 658 1705 709 ἐστι
1754 659 1926 727 φλυα-

346 742 437 811 ρία
466 742 523 793 ὲν
544 744 611 812 τῇ
639 740 778 811 πρὸς
808 740 1061 811 Τίμαιον.
1259 745 1397 814 Φησὶ
1445 746 1556 817 γάρ
1589 750 1653 780 ⁶⁰·
1700 749 1919 823 Ἐπειδὴ

346 831 575 902 ἔμελλεν
618 832 651 901 ὴ
688 831 854 898 φύσις
908 831 1098 903 μόριον
1150 836 1327 887 ποιεῖν
1368 834 1548 907 ψυχῆς
1590 856 1650 892 τε
1690 839 1784 893 καὶ
1825 840 1917 894 νοῦ

342 924 683 995 οἰκητήριον,
725 923 814 976 ἵνα
856 923 932 995 μὴ
968 924 1243 995 ξενίζηται
1273 927 1539 981 κατιοῦσα
1573 929 1682 982 ἀπὸ
1720 931 1918 985 κυκλο-

340 1016 537 1088 τεροῦς
570 1016 665 1071 τοῦ
694 1016 952 1087 οὐρανοῦ,
978 1016 1059 1079 είς
1093 1017 1348 1087 ἀνόμοιον
1377 1018 1589 1090 οἴκημα
1640 1020 1912 1088 είσιοῦσα,

340 1109 527 1179 ὅμοιον
551 1107 647 1161 τοῦ
673 1107 907 1180 οὐρανοῦ
924 1109 1111 1179 σχῆμα
1124 1109 1261 1179 αὐτῇ
1292 1110 1713 1182 κατειργάσατο.
1744 1112 1914 1166 Τοῦτο
1942 1120 1945 1121 ⁷

340 1201 398 1255 δὲ
425 1200 649 1272 εἴρηκεν
687 1204 715 1254 ὀ
747 1200 1037 1269 φιλόσοφος
1067 1202 1167 1273 τὴν
1200 1202 1619 1272 μετεμψύχωσιν
1647 1203 1914 1274 δογματί-

341 1291 470 1357 ζων,
516 1294 611 1346 καὶ
654 1294 752 1363 τὴν
785 1293 965 1366 ψυχὴν
1007 1296 1065 1347 ὲν
1109 1294 1187 1364 τῷ
1217 1296 1535 1366 ἡγεμονικῷ
1583 1300 1771 1363 οἰκεῖν,
1818 1297 1912 1350 καὶ

344 1384 420 1455 μὴ
447 1386 503 1438 ὲν
536 1386 642 1456 ὅλῳ
670 1385 749 1455 τῷ
779 1384 994 1455 σώματι
1027 1386 1310 1457 φλυαρῶν.

2027 494 2207 544 aures,
2259 498 2438 549 nares,
2485 494 2539 540 et
2579 503 2700 557 quae
2728 489 2868 544 intra
2910 505 2971 546 os
3023 495 3350 564 consistunt,
3382 500 3451 556 ad
3480 503 3595 559 haec

2026 580 2079 625 et
2134 588 2265 629 cava
2313 591 2436 646 quae
2491 580 2774 635 ventriculi
2823 581 3109 649 dicuntur,
3168 595 3282 644 tum
3338 592 3591 661 spiritum

2025 657 2229 726 ipsum,
2287 664 2381 732 qui
2440 665 2771 723 animalibus
2820 672 3126 729 actionibus
3178 676 3420 747 inservit,
3454 697 3591 737 cou-

2023 751 2259 815 tiueret,
2322 754 2483 809 talem
2532 756 2760 827 ﬁguram
2833 761 3012 830 ipsum
3085 766 3331 824 obtinere
3395 773 3593 831 debere

2026 840 2227 910 optima
2262 845 2473 901 ratione
2500 850 2730 904 censuit.
2766 850 2837 905 At
2866 854 3021 907 tertia
3061 857 3277 925 quidem
3305 877 3410 930 qua
3435 861 3591 921 Plato

2023 930 2093 985 ad
2146 930 2400 987 Timwum
2448 936 2585 991 ludit
2615 939 2754 993 ratio
2797 949 2900 996 est.
2931 942 3220 1013 Quoniam,
3270 950 3467 1021 inquit,
3494 971 3591 1009 na-

2024 1032 2158 1078 turae
2176 1024 2276 1095 ipsi
2300 1042 2431 1083 cura
2454 1030 2757 1086 adhibenda
2781 1033 2959 1090 fuerat
2986 1041 3376 1099 constituendae
3396 1050 3587 1115 partis,

2029 1116 2085 1171 in
2140 1133 2245 1188 qua
2301 1120 2484 1175 anima
2541 1138 2806 1195 mensque
2853 1132 3127 1200 prepriam
3179 1135 3365 1191 sedem
3416 1143 3591 1196 couti-

2023 1218 2214 1271 neret;
2253 1224 2325 1264 ne
2359 1212 2474 1280 ipsa
2522 1228 2552 1267 a
2597 1229 2794 1285 supero
2848 1220 3099 1277 circulari
3159 1227 3366 1283 caelesti
3414 1238 3587 1290 tractu

2023 1298 2089 1352 ad
2141 1298 2397 1354 inferiora
2456 1303 2701 1369 tendens,
2749 1310 3093 1379 peregrinum
3141 1315 3320 1372 locum
3375 1330 3427 1375 et
3483 1323 3588 1379 sibi

2019 1387 2337 1444 dissimilem
2389 1403 2699 1462 occuparet,
2755 1398 2983 1468 ﬁguram
3024 1402 3128 1473 ipsi
3181 1410 3321 1465 cmlo
3365 1428 3591 1484 compa-

340 1493 458 1533 rem
501 1476 811 1531 destinavit.
853 1474 965 1531 Hoc
1017 1485 1195 1531 autem
1259 1479 1616 1549 phiIuSOphus
1685 1482 1911 1535 dicendo
1977 1482 2283 1536 animarum
2328 1500 2393 1538 ex
2438 1488 2761 1556 corporibus
2821 1492 2873 1547 in
2913 1509 3142 1566 corpora
3208 1504 3588 1575 migrationem

342 1572 444 1627 hac
488 1571 744 1641 opinione
788 1578 1018 1626 tuetur:
1054 1581 1168 1627 tum
1224 1574 1465 1629 animam
1523 1577 1576 1630 in
1617 1578 1904 1646 principali
1980 1586 2154 1647 parte,
2207 1595 2313 1634 non
2371 1590 2552 1638 autem
2633 1586 2685 1639 in
2727 1597 2842 1643 toto
2883 1607 3111 1661 corpore
3161 1602 3461 1661 consistere
3493 1622 3589 1665 nu-

338 1675 516 1738 gatur,
556 1675 936 1734 argumentum
979 1682 1224 1727 sumens.
1271 1670 1415 1738 quod
1467 1671 1662 1726 animae
1692 1672 1900 1742 priores
1935 1674 2254 1742 corporibus
2297 1676 2425 1730 sint.

421 1758 613 1827 Ἡμεῖς
651 1759 710 1811 δὲ
744 1759 975 1829 λέγομεν
1007 1761 1087 1813 ὅτι
1122 1763 1448 1834 κυκλοτερὲς
1483 1768 1669 1836 σχῆμα
1719 1768 1779 1820 τὸ
1820 1769 1899 1854 τῆς

2090 1766 2199 1823 Nos
2252 1778 2455 1834 autem,
2518 1782 2680 1844 caput
2729 1777 3016 1837 circularis
3071 1784 3257 1854 ﬁgurae
3292 1805 3400 1846 non
3429 1797 3589 1851 modo

338 1846 580 1915 κεφαλῆς
629 1846 869 1916 ὑπάρχει
895 1888 911 1911 ,
945 1847 1007 1899 οὐ
1057 1847 1217 1917 μόνον
1267 1849 1358 1902 διὰ
1393 1851 1455 1903 τὸ
1502 1854 1806 1924 εὐπρεπέςο
1842 1853 1912 1906 τὰ

336 1938 444 2005 γάρ
477 1935 793 2005 σφαιροειδῆ
828 1933 935 1987 τῶν
967 1934 1254 2005 ἀντρώδων
1282 1937 1601 2007 οἰκημάτων
1626 1938 1912 2007 κρείττονα

335 2024 445 2078 τῶν
485 2024 629 2078 κατὰ
664 2024 841 2093 μῆκος
865 2025 947 2087 είς
980 2023 1216 2094 θεωρίαν
1239 2040 1256 2056 ⁸
1280 2025 1420 2080 ἀλλὰ
1445 2027 1539 2079 καὶ
1566 2026 1658 2080 διὰ
1689 2028 1750 2080 τὸ
1784 2028 1908 2081 κατ’

334 2115 465 2169 εὐθὺ
493 2115 594 2184 τῆς
625 2115 718 2168 τοῦ
750 2114 871 2179 νοὸς
897 2115 1200 2186 ἐνεργείας.
1237 2116 1389 2169 Ἔδει
1415 2118 1525 2188 γὰρ
1553 2117 1618 2171 τὸ
1649 2119 1910 2189 ὑπερκεί-

338 2223 497 2276 μενον
524 2207 619 2260 τοῦ
654 2206 907 2276 σώματος
939 2207 1061 2260 ὀλου
1097 2207 1263 2279 μέρος
1292 2209 1625 2278 κυκλοτερές
1649 2228 1708 2262 τε
1739 2206 1903 2277 εἶναι,

335 2299 429 2351 καὶ
460 2298 528 2350 τὰ
556 2298 655 2367 τῆς
686 2298 864 2368 ἀρχῆς
902 2298 1112 2352 ἐκεῖθεν
1143 2298 1548 2370 γνωρίζεσθαι·
1584 2301 1670 2353 ἵνα
1718 2300 1906 2373 ὥσπερ

334 2389 561 2460 ἄριστος
588 2390 929 2461 κυϐερνήτης
955 2391 982 2441 ὀ
1006 2394 1135 2454 νοῦς
1162 2391 1257 2443 ἐπὶ
1288 2390 1400 2443 τῶν
1425 2392 1628 2446 οίάκων
1658 2393 1906 2464 καθήμε-

334 2497 425 2542 νος
445 2523 460 2545 ,
491 2480 824 2549 πηδαλιουχῇ
855 2480 916 2533 τὸ
947 2481 1108 2547 σῶμα
1140 2480 1289 2534 άπαν
1324 2482 1419 2534 καὶ
1442 2482 1681 2554 διασώζῃ
1709 2498 1722 2512 ·
1746 2484 1822 2547 ὡς
1846 2482 1907 2547 ἐξ

332 2570 552 2639 ἑτοίμου
598 2569 738 2639 ἔχων
785 2570 880 2622 καὶ
928 2569 1029 2633 τὰς
1067 2570 1383 2641 αἰσθήσεις·
1439 2572 1622 2635 καθώς
1672 2590 1837 2642 φησιν
1876 2574 1905 2626 ὀ

334 2661 509 2730 μέγας
547 2659 826 2723 Βασίλειος
875 2660 917 2690 ⁶¹
946 2678 959 2692 ·
1021 2679 1039 2712 ι
1095 2662 1244 2715 Ἐκεῖ
1280 2662 1422 2731 ὄψις,
1479 2666 1573 2717 καὶ
1604 2665 1744 2735 ἀκοὴ
1768 2706 1781 2727 ,
1809 2666 1903 2719 καὶ

329 2751 621 2821 ὄσφρησις,
665 2751 763 2803 καὶ
819 2750 1032 2819 γεῦσις.
1069 2769 1088 2802 ι
1126 2753 1234 2804 Καὶ
1273 2752 1439 2806 πάλιν
1463 2769 1476 2783 ·
1525 2771 1543 2801 σ
1598 2752 1901 2826 Ὀφθαλμοὶ

333 2842 431 2911 μὲν
460 2842 571 2912 γὰρ
591 2841 691 2911 τὴν
722 2840 1066 2912 ὑψηλοτάτην
1100 2844 1333 2898 σκοπιὰν
1370 2846 1766 2916 κατειλήφασιν
1788 2865 1800 2878 ·
1825 2849 1900 2913 ὡς

331 2932 502 3003 μηδὲν
542 2934 726 2995 αὐτοῖς
752 2932 852 3004 τὴν
876 2935 921 2965 ⁶²
961 2933 1072 2987 τῶν
1108 2934 1204 2988 τοῦ
1240 2935 1493 3006 σώματος
1518 2940 1723 3009 μορίων
1749 2939 1898 2993 θέσιν

327 3025 711 3095 ἐπιπροσοείν·
745 3023 884 3079 ἀλλὰ
914 3026 1090 3096 μικρᾷ
1114 3043 1220 3081 τινι
1240 3027 1514 3099 προσσολῇ
1545 3030 1651 3083 τῶν
1676 3031 1898 3101 ὀφρύων

2015 1858 2231 1915 decoris
2283 1864 2454 1931 gratia
2514 1864 2730 1935 (etenim
2773 1868 2827 1923 in
2875 1873 3099 1941 sphaerae
3155 1878 3384 1938 formam
3419 1885 3589 1941 forni-

2012 1952 2147 1996 catm
2201 1946 2345 1999 ardes
2387 1950 2813 2018 conspicatiores
2864 1955 2917 2008 in
2980 1958 3201 2029 longum
3255 1974 3586 2028 constructis

2012 2034 2242 2101 aedibus,
2290 2051 2355 2091 ac
2399 2038 2577 2093 visum
2612 2044 2785 2111 magis
2822 2045 3152 2109 obiectantes
3192 2059 3362 2127 sunt),
3396 2063 3491 2117 sed
3524 2074 3586 2120 ut

2013 2126 2211 2181 mentis
2262 2129 2405 2183 actio
2460 2134 2664 2191 rectius
2718 2141 3056 2210 procederet,
3102 2158 3344 2206 creatum
3393 2169 3584 2212 cense-

2011 2240 2154 2280 mus.
2199 2226 2333 2282 Nam
2378 2243 2605 2299 partem,
2640 2252 2763 2306 quae
2806 2240 2858 2294 in
2893 2257 3110 2301 summo
3144 2249 3309 2305 totius
3338 2258 3584 2325 corporis

2011 2317 2305 2372 constituta
2340 2329 2422 2375 est
2477 2335 2531 2378 et
2598 2326 2851 2385 circulari
2904 2333 3074 2404 ﬁgura
3124 2341 3401 2408 praeditam
3436 2317 3584 2404 -esse

2010 2408 2270 2473 oportuit,
2318 2417 2374 2463 et
2430 2419 2492 2465 ut
2528 2412 2660 2468 illud
2696 2419 2843 2486 quod
2890 2422 3180 2492 imperium
3222 2429 3434 2488 obtinet
3458 2435 3582 2492 inde

2008 2498 2394 2565 comprehendi
2426 2502 2617 2570 possit,
2650 2521 2759 2575 quo
2794 2524 2948 2566 mens
2977 2513 3093 2582 ipsa
3121 2519 3312 2588 optimi
3350 2528 3583 2584 rectoris

2009 2585 2180 2640 instar
2239 2589 2291 2643 in
2346 2592 2701 2661 gubernaculi
2754 2604 3039 2660 cacumine
3093 2610 3358 2679 residens,
3403 2624 3579 2675 totum

2005 2691 2202 2745 COI‘pUS
2268 2691 2476 2750 regeret
2536 2698 2602 2740 ac
2667 2696 2945 2755 tueretur,
3015 2710 3225 2754 necnon
3280 2711 3334 2757 ει
3383 2721 3581 2765 sensu-5

2006 2765 2154 2834 ipsos
2219 2768 2275 2823 in
2336 2783 2585 2842 promptu
2648 2776 2891 2849 haberet,
2937 2788 3380 2860 quandoquidem
3434 2798 3571 2855 inibi

2003 2856 2254 2923 subinde,
2291 2868 2351 2915 ut
2399 2878 2632 2935 magnus
2660 2867 2895 2928 Basilius
2922 2890 3219 2946 asseverat,
3273 2891 3325 2939 et
3357 2901 3575 2957 sensus,

2002 2956 2062 3001 ut
2099 2948 2271 3018 visus,
2300 2953 2539 3023 auditus,
2569 2957 2801 3018 olfactus
2839 2978 3141 3040 gustusque
3187 2974 3454 3035 locantur.
3490 2948 3574 3040 Ad

2002 3036 2138 3102 haec,
2196 3050 2251 3094 et
2290 3044 2441 3122 oculi
2491 3046 2545 3100 in
2575 3050 3015 3117 eminentissima
3051 3036 3226 3132 parte,
3278 3076 3334 3123 ut
3363 3069 3418 3125 in
3447 3087 3574 3144 spe-

326 3116 791 3186 ὑπερκαθήμενοι,
816 3117 882 3168 ἐκ
910 3117 1007 3186 τῆς
1032 3117 1239 3171 ἄνωθεν
1260 3118 1452 3190 ὲξοχῆς
1482 3123 1619 3193 πρὸς
1647 3123 1708 3176 τὸ
1728 3124 1890 3189 εὐθὺς

329 3207 764 3232 a----t..-.._--u
822 3226 838 3232 _
869 3207 974 3232 Ir..\
1009 3207 1176 3232 --κη
1219 3210 1314 3232 -.ι..
1349 3213 1467 3232 --Α
1515 3217 1595 3232 -.ν
1630 3230 1637 3232 ξ
1772 3216 1828 3232 μ

2002 3130 2117 3185 cula
2165 3113 2347 3190 sedem
2398 3150 2754 3209 occuparunt,
2807 3162 2877 3202 ne
2906 3150 3013 3205 ulla
3061 3161 3305 3227 corporis
3337 3113 3575 3232 partium

324 3208 699 3261 ἁποτείνονται
717 3207 785 3260 ⁸³.
821 3226 843 3258 ι
869 3207 980 3261 Kal
1007 3207 1180 3263 ταῦτα
1215 3210 1316 3280 μὲν
1345 3213 1474 3283 περὶ
1501 3217 1599 3284 τῆς
1627 3216 1888 3285 κεφαλῆς.

2002 3221 2134 3292 ipsis
2187 3240 2253 3280 ex
2299 3229 2529 3286 adverso
2576 3249 2694 3290 sese
2743 3238 3027 3307 obiiceret,
3098 3249 3191 3304 sed
3243 3251 3354 3324 58
3405 3272 3574 3326 pravo

2810 3300 2830 3307 _
3011 3300 3027 3307 _
3108 3300 3191 3304 ,η
3243 3300 3354 3324 νυ
3405 3300 3573 3326 ,μων

324 3300 559 3369 quodam
610 3315 873 3370 genarum
936 3301 1154 3377 obiectu
1218 3305 1584 3373 imminentes,
1670 3324 1699 3363 a
1758 3310 2025 3380 superiori
2081 3319 2377 3375 eminentia
2428 3324 2495 3377 ad
2547 3334 2755 3382 rectum
2831 3331 3157 3404 dirigantur.
3216 3340 3282 3396 Et
3342 3345 3456 3405 haec
3505 3351 3574 3408 de

324 3391 502 3461 capite
535 3391 740 3447 dixisse
787 3376 1044 3447 sufﬁciat.

532 3503 676 3570 Κεφ.
729 3502 804 3556 Β¹.
842 3528 909 3544 έ-
944 3502 1086 3571 napi
1128 3504 1247 3558 τῶν
1317 3509 1660 3579 ὀφθαλμῶν.

406 3613 561 3665 Ἐπεὶ
595 3613 651 3665 δὲ
678 3613 885 3681 ἔξεστιν
907 3617 1038 3685 ἡμῖν
1074 3619 1214 3673 κατὰ
1261 3621 1370 3673 πᾶν
1399 3623 1555 3692 ήμῶν
1600 3626 1758 3695 μέλος
1788 3630 1885 3683 τοῦ

319 3705 655 3777 δημιουργοῦ
710 3706 844 3759 Θεοῦ
897 3710 998 3778 τὴν
1050 3708 1273 3764 σύνεσιν
1325 3714 1730 3784 ἐκπλήττεσθαι
1789 3722 1885 3774 καὶ

320 3792 646 3863 θαυμάζειν,
700 3795 932 3866 εῑδωμεν
962 3797 1006 3829 ⁸⁸
1038 3800 1176 3869 μετὰ
1221 3800 1321 3869 τὴν
1374 3805 1618 3876 κεφαλὴν
1642 3809 1737 3861 καὶ
1785 3809 1886 3873 τὰς

318 3884 428 3938 τών
450 3884 748 3955 ὀφθαλμῶν
773 3886 1071 3954 συνθέσεις,
1100 3890 1196 3942 καὶ
1219 3892 1525 3960 ἐνεργείας,
1553 3896 1646 3948 καὶ
1671 3899 1883 3968 χρείας,

319 3974 414 4029 καὶ
444 3976 761 4046 ὀνομασίας,
798 3979 892 4032 καὶ
933 3980 1026 4032 τὸν
1068 3981 1307 4053 ἀριθμὸν
1331 3985 1442 4037 τῶν
1476 3987 1740 4057 χιτώνων,
1792 3993 1886 4046 καὶ

317 4066 423 4119 τῶν
451 4067 634 4137 ὑγρῶν
662 4068 763 4140 τὴν
813 4072 1111 4142 ποσότητα,
1146 4077 1240 4127 καὶ
1284 4077 1351 4130 τὰ
1395 4079 1673 4145 οὑσιωδῶς
1706 4084 1885 4156 ὑπάρ-

316 4168 478 4221 χοντα
509 4154 586 4225 τῷ
618 4156 904 4228 ὀφθαλμῷ,
938 4159 1032 4212 καὶ
1072 4161 1144 4215 τὰ
1184 4165 1324 4218 κατὰ
1357 4168 1703 4240 συμϐεϐηκὸς
1735 4154 1883 4247 αὐτῷ

317 4244 744 4314 προσγινόμενα.
773 4248 1063 4312 Οὺσιωδῶς
1093 4250 1137 4283 ⁸⁸
1171 4252 1271 4322 μὲν
1312 4250 1407 4307 οῦν
1455 4256 1621 4311 αὐτοῦ
1664 4261 1813 4313 ἐστιν

315 4335 514 4405 κρᾶσις
545 4336 787 4410 ψυχρὰῆ
836 4341 1036 4412 θερμὴ,
1068 4344 1209 4415 ξηρὰ
1253 4348 1285 4417 ἦ
1319 4349 1482 4419 ὑγρά.
1517 4352 1628 4406 Καὶ
1674 4356 1735 4408 ἐν
1767 4360 1881 4421 τοῖς

314 4425 701 4498 ὀμοιομερέσιν
729 4432 896 4485 αὑτοῦ
932 4436 1232 4509 μαλακὸνῆ
1262 4442 1519 4511 σκληρὸν,
1554 4445 1616 4498 τὸ
1660 4449 1880 4519 εὐκίνη-

310 4533 403 4570 τον
437 4519 469 4590 ἥ
505 4520 842 4593 δυσκίνητον,
892 4528 981 4579 Ἐν
1007 4528 1114 4601 ὅλῳ
1159 4530 1217 4583 δὲ
1274 4533 1352 4604 τῷ
1405 4536 1623 4605 ὀργάνῳ
1666 4542 1698 4610 ή
1738 4542 1882 4595 κατὰ

315 4610 546 4677 μέγεθος
574 4615 814 4686 ἀμετρία
838 4618 870 4689 ἢ
899 4623 1216 4693 συμμετρία
1243 4641 1257 4654 ο
1302 4627 1334 4695 ἡ
1369 4627 1414 4658 ⁸⁸
1440 4629 1583 4683 κατὰ
1624 4633 1726 4703 τὴν
1764 4635 1881 4689 διά-

310 4697 510 4753 πλασιν
531 4703 696 4756 αὑτοῦ
729 4707 1000 4778 εὐρυθμία
1047 4713 1143 4765 καὶ
1182 4715 1430 4786 ἀρυθμία
1465 4720 1509 4751 ⁸⁷
1538 4737 1553 4752 ο
1604 4697 1697 4776 καί
1742 4727 1880 4796 πρὸς

307 4790 521 4856 τούτοις
546 4794 657 4849 τῶν
695 4798 987 4871 ἐνεργειῶν
1022 4805 1191 4876 ἀρετή
1227 4825 1284 4859 τε
1313 4810 1405 4862 καὶ
1437 4813 1625 4866 κακία.

2426 4888 2474 4890 ,_
2536 4888 2981 4899 -_“___--_..-.....
3007 4888 3110 4913 νο..

306 4888 602 4941 excesserit
646 4890 729 4943 vel
776 4894 1054 4950 moderata
1105 4896 1302 4965 fuerit;
1350 4902 1395 4956 si
1428 4918 1549 4957 cum
1586 4904 1878 4977 formatur,
1919 4913 1973 4969 in
2010 4918 2123 4988 ipsa
2172 4924 2314 4976 oculi
2378 4928 2769 4989 constitutione
2834 4938 3147 4996 concinuita

2449 3526 2580 3597 Cap.
2626 3528 2688 3583 il.
2719 3562 2785 3572 --
2820 3534 2897 3589 De
2930 3539 3117 3594 oculis.

2064 3630 2336 3696 Quoniam
2402 3636 2717 3706 singillatim
2778 3647 3056 3712 quodlibet
3094 3654 3339 3721 corporis
3392 3673 3565 3715 mem-

1990 3718 2149 3775 brum
2205 3725 2568 3793 recensendo,
2601 3732 2941 3799 prudentiam
2969 3742 3231 3797 creatoris
3268 3749 3443 3802 nostri
3469 3749 3562 3806 Dei

1988 3821 2210 3885 stupore
2273 3819 2742 3895 admirationeque
2804 3834 3058 3903 prosequi
3127 3838 3323 3892 merito
3370 3842 3561 3909 decet,

1987 3923 2112 3963 cum
2156 3909 2268 3978 jam
2296 3913 2363 3968 de
2400 3916 2574 3985 capite
2601 3919 2989 3991 deﬁnierimus,
3024 3936 3077 3983 et
3106 3932 3385 3988 oculorum
3412 3950 3563 3991 eom-

1987 4000 2337 4069 positionem,
2372 4007 2740 4079 actionesque,
2778 4022 2942 4083 atque
2985 4033 3141 4085 usus,
3169 4031 3222 4077 et
3248 4026 3558 4093 appellatio-

1989 4106 2106 4156 nes,
2152 4108 2363 4151 necnon
2403 4100 2769 4159 tunicularum
2804 4122 3113 4179 numerum,
3146 4115 3214 4169 ad
3245 4117 3360 4173 haee
3377 4128 3431 4176 et
3457 4121 3562 4177 hu-

1989 4199 2200 4240 merum
2249 4191 2613 4262 quantitates;
2658 4208 2937 4267 praeterea,
2974 4220 3224 4275 quaenam
3272 4212 3385 4268 sint
3438 4232 3560 4286 qua!

1988 4277 2148 4331 oculo
2169 4279 2543 4339 substantialis
2570 4286 2777 4357 insunt;
2805 4292 3047 4362 demum,
3080 4301 3317 4373 quaeipsi
3341 4277 3559 4364 evenire

1916 4401 1959 4455 ι)
1988 4383 2082 4437 per
2107 4372 2362 4430 accidens
2413 4378 2608 4447 solent,
2670 4385 2943 4455 explicare
2994 4372 3387 4462 aggrediemur.
3418 4397 3556 4454 Nam

1988 4458 2106 4529 ejus
2150 4463 2568 4538 substantialia,
2626 4458 3113 4546 temperamentum
3166 4483 3416 4555 frigidum
3461 4500 3559 4546 aut

1987 4553 2257 4620 calidum,
2292 4558 2498 4614 siccum
2544 4565 2627 4619 vel
2673 4566 2951 4624 humidum
2993 4553 3279 4630 habentur.
3333 4580 3404 4633 At
3435 4580 3556 4650 ejus

1988 4644 2249 4703 similaria
2271 4688 2285 4712 ,
2320 4652 2482 4708 molle
2510 4656 2593 4709 vel
2652 4658 2850 4712 durum
2872 4701 2888 4726 ,
2931 4670 3025 4717 aut
3092 4667 3239 4733 quod
3281 4667 3442 4724 facile
3471 4673 3555 4727 vel

1985 4736 2269 4793 diﬂiculter
2308 4754 2575 4811 movetur,
2632 4746 2884 4805 dicimus.
2949 4753 3007 4807 lu
3066 4764 3181 4811 toto
3235 4773 3365 4815 vero
3410 4764 3554 4819 oculi

1985 4827 2348 4887 instrumento
2380 4835 2481 4890 hoe
2526 4839 2981 4899 considerandum
3006 4856 3110 4913 est,
3157 4850 3202 4904 si
3238 4853 3553 4924 magnitudo

3152 4958 3177 4999 s
3210 4944 3553 5003 inconcinni-

305 4986 458 5035 tasve
490 4985 779 5040 exstiterit.
829 4986 959 5042 Item
984 5029 1000 5053 ,
1036 4992 1080 5045 si
1136 4995 1379 5051 actiones
1418 4998 1539 5067 ejus
1596 5017 1876 5073 perperam
1914 5012 1997 5066 vel
2028 5025 2172 5070 recte
2206 5018 2534 5088 diriguntur.

371 5074 834 5141 Διαγινώσκονται
863 5080 918 5132 δὲ
935 5083 983 5133 εί
1014 5081 1204 5153 θερμοί
1225 5088 1361 5140 εἰσιν
1381 5089 1413 5157 ἢ
1438 5090 1657 5162 ψυχροὶ,
1676 5096 1869 5163 οὕτως·

303 5160 367 5212 El
400 5164 499 5231 μὲν
528 5165 637 5235 γὰρ
668 5166 943 5239 θερμότης
1038 5172 1082 5204 ⁸⁸
1112 5174 1171 5225 ὲν
1201 5177 1411 5241 αὐτοῖς,
1432 5160 1781 5263 ,εὐρῦφλεὸοι
1821 5160 1870 5242 oi

299 5251 529 5307 τοιοῦτοι
565 5256 631 5325 θ,
673 5259 764 5309 xal
801 5260 1041 5330 φανερὰς
1071 5263 1239 5328 αὐτὰς
1269 5258 1485 5337 ἔχουσιν
1513 5289 1526 5303 ·
1581 5277 1629 5327 εἰ
1666 5276 1723 5329 δὲ
1762 5279 1856 5347 diu-

2052 5103 2244 5160 Utrum
2271 5111 2458 5167 calidae
2478 5114 2757 5183 qualitatis
2787 5128 2881 5176 aut
2915 5122 3123 5194 frigidae
3157 5130 3297 5184 oculi
3325 5129 3545 5200 fuerint,

1983 5194 2087 5251 hoc
2139 5208 2299 5266 pacto
2353 5204 2745 5272 deprehendes.
2806 5211 2910 5278 Qui
2974 5217 3116 5271 enim
3178 5222 3338 5276 calidi
3387 5233 3549 5290 sunt,

1974 5285 2197 5343 latiores
2244 5299 2298 5345 et
2354 5297 2749 5365 perspectiores
2803 5318 2924 5372 quae
2970 5306 3024 5360 in
3061 5309 3191 5378 ipsis
3226 5322 3354 5369 sunt
3403 5330 3554 5372 vena:

350 5451 397 5485 ⁸⁸
426 5450 487 5502 τὸ
504 5452 744 5508 τοιοῦτον
772 5456 831 5511 Β.
873 5458 917 5489 ³⁸
942 5458 1162 5530 καὶγὰρ
1192 5462 1249 5514 ὲν
1280 5463 1357 5533 τῷ
1398 5484 1456 5519 π.
1489 5466 1552 5521 Τ.
1594 5472 1727 5541 φησὶ
1754 5472 1816 5526 Β.
1848 5475 2086 5548 φλυαρία
2116 5481 2179 5533 ἐκ
2211 5483 2305 5535 τοῦ
2338 5488 2716 5559 προϋπάρχειν
2736 5496 2833 5559 τὰς
2869 5496 3046 5568 ψυχὰς
3065 5500 3455 5579 λαμϐανομένη
3490 5509 3551 5579 Ρ,

350 5519 393 5570 ui
424 5518 476 5570 in
512 5530 656 5573 textu
682 5538 872 5579 caetera
908 5543 1015 5579 om.
1070 5546 1236 5579 Its-mle
1267 5538 1330 5579 ml
1375 5539 1532 5579 \mrlm
1575 5540 1764 5579 ’μνιετρ
1792 5543 1847 5579 21-
1880 5545 1975 5579 ην
2107 5551 2148 5579 οι
2188 5569 2219 5579 ι.
2271 5556 2293 5579 ι
2331 5572 2361 5579 -ι
2431 5575 2494 5579 μμ
2516 5560 2553 5579 -κ
2598 5561 2635 5579 ἰ
2767 5565 2803 5579 ’-
2924 5570 2965 5579 --
3033 5569 3043 5579 ·

294 5519 393 5584 qui
424 5518 476 5570 in
512 5530 656 5573 textu
682 5538 872 5581 caetera
908 5543 1015 5581 out.

299 5601 409 5641 mn.
439 5586 500 5640 Β.

1070 5546 1236 5612 usque
1261 5538 1330 5612 ad
1375 5539 1533 5590 verba
1575 5538 1764 5608 Ἡμεῖς
1792 5538 1997 5612 δὲ’λέγ.

605 5590 976 5671 ξ’λροειςτίοτει
1028 5590 1284 5671 emend
1344 5620 1510 5671 usque
1573 5594 1656 5662 all.
1698 5590 1921 5666 ἀποτείν

301 5624 500 5641 υ.
683 5624 976 5660 pus-cuum
1028 5624 1092 5653 ex
1151 5624 1284 5654 nuta
1344 5624 1510 5671 usque
1573 5624 1637 5662 ait
1698 5624 2072 5668 άποτείνονται
2116 5636 2223 5673 om.
2268 5624 2403 5678 AC.
2489 5624 2497 5627 ⁷

301 5652 349 5689 ⁸⁸
376 5656 471 5710 καὶ
504 5658 535 5727 η
577 5657 617 5711 Β
643 5658 704 5717 Ρ.
783 5665 823 5695 ⁸⁷
879 5666 994 5735 εὺρ.
1028 5668 1059 5738 ἢ
1112 5669 1440 5741 δυσρυθμὶα.
1521 5678 1563 5708 ⁸⁸
1596 5682 1676 5748 εἴη
1732 5681 1769 5730 Β
1799 5683 1855 5735 Ρ.
1935 5686 1976 5716 ⁶⁹
2007 5687 2236 5743 τοιοῦτοί
2273 5694 2409 5746 εἰσιν
2440 5694 2501 5749 Β.

2107 5551 2148 5581 ⁶¹
2188 5556 2296 5627 κ.
2330 5551 2392 5627 μζ
2428 5551 2730 5627 φησί’ῧασ.
2766 5551 2824 5618 Βξ

2923 5569 3092 5640 ⁸’τὴν
3140 5569 3193 5626 et
3244 5569 3363 5631 mox
3400 5569 3551 5635 θέσιν

2502 5628 2546 5659 ⁸⁸
2578 5630 2786 5701 ἴδωμεν
2817 5635 2874 5690 C.

2983 5639 3026 5671 “
3057 5643 3320 5716 οὺσιώδης
3356 5647 3395 5701 Β
3419 5648 3457 5703 C
3484 5647 3549 5704 P.
