4054 6216
516 236 655 292 Ηϐῗῑ

1828 233 2107 292 Μειετιι
2149 232 2455 291 MONACIII

3630 254 3768 309 ιιοι

509 361 855 414 cernuntur;
906 348 996 418 qui
1043 364 1169 403 vero
1219 347 1396 418 frigidi
1431 355 1591 412 sunt,
1649 363 1801 403 velut:
1845 350 1897 403 in
1952 349 2054 418 ipsi

2189 349 2410 418 χρότης,
2454 350 2515 402 οὐ
2570 350 2831 421 φανεράς,
2887 351 3021 407 ἀλλὰ
3063 359 3420 429 κερυμμένας
3447 362 3516 416 ⁷⁸.
3565 364 3680 434 Τὴν
3712 367 3772 420 δέ

510 442 875 503 occultantur,
913 455 973 493 ac
1014 440 1200 492 latent.
1237 443 1304 491 At
1341 438 1603 493 siccitatis
1639 438 2088 510 humiditatisque

509 552 698 591 eorum
747 533 942 587 indicia
989 532 1060 585 ita
1108 529 1625 600 deprehenduntur,
1669 545 1792 586 cum
1858 532 2086 589 durities

512 630 563 683 in
621 628 700 680 eis
756 624 837 678 rei
902 621 1167 684 ariditas,
1232 636 1296 676 ac
1352 621 1609 677 mollities
1659 636 1726 677 ac
1788 622 2085 679 humiditas

509 715 805 787 perspicuae
834 712 1010 773 liunt;
1063 726 1252 767 verum
1299 712 1488 766 molles
1549 711 1909 782 humidosque
1951 727 2085 768 ocu-

507 792 588 862 ius
650 804 808 859 facile
857 816 1204 873 cognosces,
1268 812 1320 858 at
1388 804 1557 860 duros
1620 814 1675 860 et
1730 807 1911 863 aridos
1971 824 2080 863 non

505 905 796 960 admodum
864 900 1057 968 facile,
1118 902 1213 957 sed
1271 902 1339 957 ab
1403 903 1487 958 his
1556 919 1677 973 qua:
1734 907 2080 963 extrinsecus

502 999 775 1061 eveniunt,
810 994 1315 1050 animadvertimus.
1351 993 1489 1049 Sunt
1515 996 1607 1066 qui
1643 997 1696 1051 in
1742 998 1948 1051 fumum
1992 998 2078 1053 in-

502 1094 765 1153 cidentes,
786 1097 1127 1153 avertuntur,
1144 1102 1208 1143 ac
1228 1087 1477 1158 plurimis
1497 1089 1751 1160 lacrymis
1766 1091 2074 1160 opplentur,

501 1188 592 1241 alii
631 1199 759 1240 vero
796 1184 850 1237 in
888 1180 1038 1235 fumo
1066 1181 1261 1235 obtutu
1293 1180 1465 1234 libero
1508 1188 1739 1234 utuntur
1774 1182 1908 1237 :sed
1930 1183 2075 1239 oculi

500 1296 639 1350 quos
683 1276 869 1331 fumus
919 1274 1088 1336 lazdit,
1122 1271 1329 1327 humidi
1365 1285 1429 1326 ac
1474 1271 1822 1341 passionibus
1853 1272 2074 1329 obnoxii

499 1371 656 1425 facile
727 1376 895 1434 sunt,
970 1363 1124 1419 alteri
1193 1377 1323 1418 vero
1389 1362 1511 1417 duri
1591 1378 1621 1417 a
1698 1363 2074 1430 passionibus.

497 1477 602 1530 que
643 1458 962 1514 remotiores
1008 1454 1277 1509 habentur
1308 1470 1321 1508 :
1359 1460 1414 1507 et
1444 1452 1559 1507 haec
1617 1453 1903 1507 oculorum
1939 1453 2072 1508 subs

496 1554 769 1608 stautialia
813 1548 1015 1604 indicia
1073 1555 1221 1602 sunt.
1255 1544 1387 1611 Qua:
1419 1560 1547 1599 vero
1595 1560 1661 1600 ex
1695 1544 2071 1602 accidentibus

497 1644 695 1699 indicia
746 1640 1088 1711 proveniunt,
1134 1637 1235 1691 hoc
1286 1635 1449 1691 modo
1507 1651 1828 1705 cognosces,
1879 1635 1988 1707 59
2022 1637 2069 1692 si

2193 438 2465 511 ξηρότητα
2520 442 2629 495 τῶν
2662 442 2959 513 ὀφθαλμῶν
3014 447 3109 499 καὶ
3164 449 3446 521 ὑγρότητα
3467 453 3773 522 διαγνωσό⁴

2192 530 2333 600 μεθα
2379 532 2490 585 ἀπό
2517 549 2576 585 τε
2613 533 2709 586 τοῦ
2744 534 2981 605 σκληρὸν
3101 538 3413 610 αὐχμηρὸν,
3450 542 3483 613 ἦ
3520 546 3775 613 μαλακόν

2186 637 2245 673 τε
2278 622 2371 674 καὶ
2405 623 2572 692 ὑγρὸν
2612 624 2754 677 εῖναι
2788 624 2881 677 τὸν
2910 625 3225 697 ὀφθαλμόν·
3257 632 3351 684 καὶ
3376 633 3404 685 ὀ
3447 633 3546 701 μὲν
3598 635 3773 705 ὑγρὸς

2185 713 2281 764 καὶ
2307 712 2334 764 ὀ
2360 714 2402 743 ⁷¹
2438 715 2683 783 μαλακὸς
2731 716 3129 785 εὐδιάγνωστός
3156 720 3304 773 ἐστιν
3334 737 3348 749 ·
3380 724 3408 774 ὁ
3440 722 3498 775 δὲ
3525 725 3774 795 σκληρὸς

2185 804 2282 856 καὶ
2321 804 2609 877 αὐχμηρὸς
2638 807 2700 861 οὐ
2739 808 2945 880 σφόδρα
2966 826 2981 841 ·
3014 811 3115 865 οὐκ
3149 808 3241 865 οῦν
3267 815 3330 867 ἐκ
3352 815 3451 884 τῆς
3491 815 3700 880 ἔξωθεν
3724 821 3772 852 ’³

2185 894 2419 964 βασάνου
2468 898 2915 967 διαγινώσκεται.
2976 902 3215 967 Πολλοὺς
3252 904 3361 977 γάρ
3418 907 3642 977 ὁρῶμεν
3690 910 3770 981 μὴ

2179 986 2514 1058 δυναμένους
2553 991 2611 1043 ἐν
2656 991 2847 1063 καπνῷ
2880 993 3074 1063 στῆναι
3122 996 3189 1060 ⁷³,
3244 996 3382 1051 ἀλλὰ
3421 998 3769 1069 δακρύοντας

2183 1079 2385 1133 πολλά·
2416 1080 2610 1145 ἄλλους
2635 1081 2691 1135 δὲ
2720 1084 2927 1155 σφόδρα
2981 1085 3119 1157 πρὸς
3149 1085 3243 1140 τόν
3288 1088 3495 1141 καπνὸν
3527 1091 3769 1144 ἀντιτείο

2179 1193 2403 1241 νονταςο
2448 1180 2542 1231 καὶ
2595 1181 2734 1232 είσὶν
2794 1182 2843 1232 οῖ
2891 1182 2991 1251 μὲν
3049 1181 3278 1251 πρῶτοι,
3336 1183 3496 1255 ὑγροί
3546 1203 3610 1239 τε
3667 1189 3766 1241 καὶ

2177 1270 2436 1335 εὐπαθεῖς
2456 1287 2469 1300 ⁸
2506 1274 2554 1324 οί
2577 1272 2633 1325 δὲ
2659 1272 2929 1344 δεύτεροι,
2968 1274 3202 1346 σκληροί
3221 1294 3279 1329 τε
3293 1279 3392 1331 καὶ
3418 1278 3723 1344 δυσπαθεῖς
3748 1298 3764 1315 ο

2174 1360 2347 1416 ταῦτα
2378 1362 2613 1434 οὐσιώδη
2640 1366 2684 1396 ⁷⁵
2719 1368 2925 1436 σημεῖα
2955 1366 3065 1419 τῶν
3089 1367 3410 1439 ὀφθαλμῶν.
3442 1370 3526 1425 Τὰ
3553 1372 3615 1424 δὲ
3647 1373 3763 1426 ἀπὸ

2177 1452 2607 1524 συμϐεϐηκότων
2635 1449 2736 1510 ὧδε
2760 1474 2774 1487 ·
2808 1458 2836 1509 ὀ
2870 1459 2914 1488 ⁷³
2941 1459 3124 1513 τοίνυν
3158 1459 3456 1530 ὀφθαλμὸς,
3499 1463 3533 1531 ἢ
3580 1463 3763 1531 μέγας

2172 1544 2322 1596 ἐστὶν
2352 1545 2384 1616 ἢ
2422 1548 2617 1617 μικρός
2638 1564 2654 1581 ·
2686 1549 2779 1601 καὶ
2809 1549 2842 1618 ἢ
2874 1549 3147 1620 εῦρυθμος
3177 1551 3210 1620 ἢ
3248 1552 3497 1622 ἆρυθμος
3520 1570 3533 1581 ·
3558 1554 3677 1607 ἀλλ’
3708 1558 3761 1608 εί

2174 1637 2273 1705 μὲν
2300 1638 2383 1708 είη
2421 1638 2593 1708 μέγας
2627 1640 2724 1693 σὺν
2755 1641 3053 1712 εὐρυθμίᾳ,
3086 1641 3237 1713 δηλοῖ
3262 1643 3357 1695 καὶ
3381 1643 3589 1713 πλῆθος
3614 1644 3761 1715 ῦλης

494 1737 639 1791 oculi
687 1732 1024 1803 magnitudo,
1078 1738 1175 1784 aut
1198 1727 1463 1798 exiguitas
1504 1743 1766 1798 congrua,
1803 1729 1888 1783 vel
1915 1745 2057 1783 econt

2174 1731 2269 1783 καὶ
2318 1731 2620 1803 εὐκρασίαν
2670 1733 2867 1801 αὒτῆςο
2913 1736 2961 1788 εί
3010 1734 3067 1788 δὲ
3118 1734 3296 1804 μέγας
3346 1737 3443 1806 μὲν
3484 1739 3568 1808 είη
3619 1738 3761 1792 ἀλλᾶ

495 1839 575 1883 tra
596 1827 784 1881 fuerit.
818 1822 954 1877 Nam
990 1823 1036 1877 si
1072 1821 1254 1891 magni
1285 1829 1341 1874 et
1363 1834 1604 1889 congrue
1638 1820 1891 1889 dispositi
1921 1822 2057 1876 oculi

2164 1823 2431 1893 ἄρυθμος,
2464 1826 2721 1895 σημαίνει
2746 1826 2949 1895 πλῆθος
2985 1826 3087 1896 μὲν
3118 1826 3252 1898 ὕλης
3279 1827 3417 1881 ἀλλὰ
3444 1829 3759 1900 μοχθηρᾶς.

494 1922 715 1981 fuerint,
781 1914 1021 1970 materia:
1052 1912 1245 1983 optimi
1279 1913 1690 1982 temperamenti
1733 1914 1947 1984 copiam
1981 1916 2057 1969 in-

2166 1914 2259 1968 καὶ
2287 1914 2576 1985 δυνάμεως
2611 1916 2924 1980 ἀσθένειαν,
2977 1918 3122 1972 καθά
3152 1919 3250 1971 καὶ
3278 1919 3408 1991 περὶ
3439 1920 3540 1991 τῆς
3574 1939 3760 1993 κεφα-

490 2014 695 2068 dicaut.
765 2007 822 2062 Si
888 2016 1069 2061 autem
1128 2002 1309 2073 magni
1358 2012 1413 2058 et
1468 2004 1767 2074 incongrue
1814 2006 2057 2075 dispositi

2164 2006 2521 2077 ).ii;si'prrtut‘
2547 2008 2596 2061 εί
2630 2007 2685 2061 δὲ
2706 2009 2901 2079 μικρὸς
2934 2010 3018 2078 εἴη
3049 2010 3144 2064 καὶ
3174 2008 3469 2080 εῦρυθμος,
3494 2012 3759 2082 σημαίνει

491 2112 683 2164 erunt,
737 2101 788 2154 id
841 2099 912 2152 ob
963 2096 1201 2151 materia:
1230 2095 1642 2151 exuberantiam
1680 2093 2057 2166 facultatisquc

2165 2094 2373 2148 ἔνδειαν
2404 2097 2503 2167 μὲν
2533 2095 2687 2166 ῦλης,
2715 2099 3122 2169 εὑχρηστότητα
3151 2099 3209 2152 δέ
3239 2100 3319 2132 ⁷⁸*
3361 2102 3409 2152 εί
3453 2099 3511 2154 δὲ
3552 2103 3759 2173 μικρὸς

492 2195 948 2257 imbecillitatem,
1003 2186 1465 2258 quemadmodum
1505 2185 1573 2240 de
1604 2185 1781 2255 capite
1812 2187 2057 2255 superius

2169 2188 2254 2259 εἴη
2287 2188 2382 2242 καὶ
2410 2188 2675 2259 ἄρυθμος,
2710 2189 2965 2259 σημαίνει
2995 2191 3087 2244 καὶ
3110 2189 3317 2243 ἔνδειαν
3350 2191 3503 2261 ὕλης,
3539 2192 3636 2245 καὶ
3660 2193 3756 2245 δυ-

490 2290 694 2343 dictum
748 2294 851 2347 est,
890 2279 1177 2352 provenire
1208 2277 1507 2348 putandum
1556 2285 1661 2333 est.
1692 2279 1750 2332 Si
1782 2294 1913 2333 vero
1940 2294 2057 2348 par-

2170 2279 2387 2350 νάμεως
2406 2280 2647 2339 ἀτονίαν.
2679 2280 2865 2334 Ταῦτα
2888 2299 2954 2334 πε
2965 2281 3016 2349 pl
3041 2281 3140 2352 τῆς
3168 2282 3264 2337 τοῦ
3287 2283 3566 2355 ὀφθαλμοῦ
3616 2285 3760 2354 κράη

489 2397 609 2443 vus,
647 2377 742 2434 sed
778 2377 878 2431 rite
920 2372 1227 2428 consistens
1272 2369 1466 2424 oculus
1526 2369 1711 2432 fuerit,
1765 2369 1922 2425 bona:
1949 2385 2057 2425 ma-

2171 2386 2329 2435 σεως,
2362 2371 2458 2423 καὶ
2493 2372 2790 2443 σχήματος,
2824 2373 2917 2426 καὶ
2946 2373 3237 2443 μεγέθους.

486 2474 656 2535 terim,
675 2471 766 2526 sed
795 2466 974 2537 iunpis
1009 2464 1206 2518 indicia
1232 2476 1343 2531 pra:
1380 2476 1440 2516 se
1503 2460 1623 2516 fert.
1652 2462 1719 2515 At
1745 2462 1838 2532 qui
1874 2478 2092 2532 parvus,
2134 2462 2228 2518 sed
2266 2462 2630 2519 inconcinnus
2672 2464 2859 2532 fuerit,
2939 2475 3051 2521 tum
3096 2468 3334 2521 materia:
3362 2467 3757 2537 indigentiam,

485 2575 598 2618 tum
640 2559 915 2615 facultatis
958 2554 1388 2610 imbecillitatem
1452 2552 1650 2622 arguit.
1683 2552 1815 2620 Qua:
1866 2555 2011 2608 enim
2054 2553 2121 2610 de
2177 2553 2461 2611 oculorum
2523 2564 2974 2626 temperamento,
3030 2572 3094 2613 ac
3151 2557 3337 2628 ﬁgura,
3401 2560 3757 2627 magnitudi-

482 2666 661 2720 neque
709 2648 938 2704 dicenda
992 2644 1230 2707 fuerant,
1280 2642 1395 2697 haec
1448 2642 1740 2698 habentur.

552 2764 657 2819 Sed
683 2771 735 2817 et
760 2767 824 2815 de
853 2758 1097 2814 colorum
1119 2755 1213 2827 qui
1244 2756 1297 2809 in
1320 2754 1453 2825 ipsis
1476 2756 1727 2811 visuntur
1747 2756 2057 2813 diversitate

2236 2759 2569 2829 Ζητήσωμεν
2614 2759 2672 2812 δὲ
2713 2760 2809 2812 καὶ
2857 2760 2956 2824 τὰς
3007 2761 3116 2815 τῶν
3151 2761 3434 2833 διαφόρων
3474 2762 3534 2816 ἐν
3593 2763 3753 2832 αὐτῷ

479 2872 675 2913 causas
729 2851 1117 2909 scrutabimur.
1151 2849 1215 2903 Et
1257 2848 1479 2919 quidem
1532 2849 1823 2904 nonnullos
1879 2849 2057 2919 nigros

2164 2851 2475 2921 χρωμάτων
2498 2852 2543 2884 ’⁷
2570 2851 2771 2916 αίτίας.
2816 2852 3067 2924 Ὀρῶμεν
3096 2853 3209 2923 γὰρ
3245 2856 3372 2918 τοὺς
3429 2854 3528 2924 μὲν
3576 2855 3753 2925 μέλα-

480 2950 742 3004 habentes
766 2944 978 3008 oculos,
1012 2942 1151 2996 alios
1177 2941 1394 3003 wsios,
1432 2942 1697 3009 quosdam
1720 2956 1857 2996 vero
1883 2940 2057 2997 fulvos

2164 2960 2263 3006 νας
2292 2942 2515 3013 ἔχοντας
2539 2943 2878 3013 ὀφθαλμοὺς,
2917 2944 3042 3009 τοὺς
3088 2946 3145 2999 δέ
3174 2947 3485 3014 γ).αυκοῦς,,
3529 2947 3660 3010 τοὺς
3688 2948 3748 2999 δὲ

478 3039 822 3110 inspicimus.
838 3034 1025 3105 Neque
1038 3032 1182 3089 enim
1201 3032 1369 3087 latere
1390 3047 1488 3086 nos
1504 3032 1659 3087 decet
1677 3033 1863 3087 oculos
1883 3032 2054 3104 ipsos,

2163 3035 2438 3105 χαροπούς
2476 3036 2543 3089 ⁷⁸.
2575 3038 2669 3088 Δεῖ
2695 3036 2878 3089 τοίνυν
2906 3037 3107 3091 εἰδέναι
3136 3039 3217 3092 ὅτι
3248 3041 3276 3092 ὀ
3327 3038 3613 3109 ὀφθαλμὸς
3649 3041 3746 3092 καὶ

477 3142 591 3183 ιιιιιι
634 3127 866 3198 plurima
896 3125 1118 3180 nomina
1166 3121 1371 3184 sortiri,
1404 3129 1517 3175 tum
1548 3137 1670 3177 esse
1708 3123 1957 3191 pluribus
1985 3139 2052 3178 ex

2160 3124 2377 3188 πολλοῖς
2411 3124 2642 3195 ὀνόμασι
2674 3125 3030 3195 ὀνομάζεται,
3072 3127 3168 3182 καὶ
3193 3130 3257 3180 ἐκ
3308 3127 3572 3180 πλειόνων
3607 3128 3745 3196 σῦγο

482 3221 724 3292 partibus
770 3216 1128 3285 compositos,
1176 3215 1430 3282 quodque
1479 3213 1771 3278 tuniculas,
1808 3213 1900 3268 alii
1946 3215 2051 3268 hu-

478 3308 673 3373 midas,
709 3306 799 3359 alii
846 3318 976 3358 vero
1014 3303 1187 3357 siccas
1229 3299 1448 3355 habent.
1501 3299 1609 3354 Sed
1655 3302 1736 3356 uti
1783 3303 1943 3358 nobis
1984 3304 2053 3361 de

473 3413 664 3455 eorum
710 3394 1025 3451 nominibus
1079 3390 1429 3459 numerisque
1466 3399 1523 3445 et
1570 3401 1800 3457 exortu,
1833 3407 2046 3450 necnon

476 3491 669 3546 usibus
720 3496 774 3544 et
809 3484 1118 3542 actionibus
1154 3481 1315 3552 plane
1348 3491 1581 3548 constet,
1607 3482 1676 3538 ab
1702 3484 1806 3539 hoc
1854 3484 2047 3541 subin-

473 3584 540 3637 de
563 3579 831 3651 principio
860 3575 1159 3632 ordiemur.

544 3692 853 3749 Notandum
894 3688 1114 3761 quidem
1163 3698 1279 3757 est,
1310 3690 1454 3761 quod
1511 3689 1709 3760 gemini
1751 3704 1780 3744 a
1821 3689 2046 3748 cerebro

472 3787 624 3843 nervi
673 3784 1108 3856 protenduntur,
1149 3783 1241 3853 qui
1294 3798 1323 3837 a
1368 3782 1572 3839 Graecis
1621 3783 1867 3848 ὁπτικοί,
1898 3784 2043 3853 quod

470 3881 610 3937 visui
657 3877 907 3933 videlicet
956 3875 1288 3940 inserviant,
1332 3884 1739 3947 nuncupantur.
1802 3875 2043 3931 Primum

470 3971 690 4040 quidem
753 3969 882 4024 huic
937 3966 1153 4033 sensui,
1203 3966 1487 4023 cerebrum
1540 3967 1718 4036 ipsum
1767 3965 1868 4022 hos
1917 3983 2043 4022 ner-

472 4079 590 4127 vos,
623 4061 969 4133 postmodum
1001 4060 1099 4115 toti
1133 4058 1349 4129 corpori
1391 4059 1701 4125 impertitur
1734 4078 1748 4113 :
1785 4060 1879 4115 sed
1902 4060 2043 4117 inter

470 4155 572 4209 hos
596 4151 948 4222 corporisque
982 4164 1176 4204 nervos
1210 4149 1313 4203 hoc
1354 4147 1600 4213 interest,
1625 4148 1771 4218 quod
1796 4150 2041 4219 corporis

468 4247 620 4303 nervi
682 4244 861 4309 solidi,
897 4257 1015 4297 .nec
1072 4241 1192 4297 cavi
1245 4249 1405 4306 sunt;
1456 4241 1511 4295 bi
1548 4256 1677 4296 vero
1732 4240 2035 4307 fistulares,

467 4338 839 4408 terebratique
883 4344 1046 4397 sunt,
1078 4349 1188 4403 quo
1239 4334 1473 4389 visibilis
1517 4333 1744 4402 spiritus
1783 4348 1878 4402 per
1908 4334 2034 4399 hos,
2071 4366 2112 4420 υ

464 4446 563 4485 ceu
616 4443 713 4499 per
769 4425 1123 4497 aqumductus
1170 4422 1240 4477 ad
1294 4423 1481 4478 oculos
1543 4433 1871 4492 penetraret.
1925 4422 2034 4481 Hos

462 4523 624 4592 igitur
649 4533 844 4575 nervos
876 4518 932 4571 in
974 4515 1117 4571 oculi
1145 4514 1643 4585 thalamosingredi
1682 4514 2030 4570 manifestum

461 4615 709 4668 habetur.
756 4608 1054 4665 Thalamus
1108 4607 1257 4663 enim
1302 4606 1448 4662 oculi
1494 4606 1791 4676 penetrale,
1833 4607 1889 4661 in
1920 4621 2029 4677 quo

462 4704 659 4759 tunicae
705 4708 921 4763 coeunt,
984 4698 1278 4766 lumenque
1342 4695 1612 4761 consistit,
1663 4707 2029 4767 nuncupatur.

462 4795 755 4851 Thalamus
803 4790 1109 4861 siquidem,
1164 4789 1321 4859 quasi
1382 4787 1725 4858 thalpamus,
1775 4789 1916 4844 unde
1972 4798 2030 4845 et

454 4886 682 4953 juvenes
728 4884 782 4938 in
825 4880 1079 4936 thalamis
1107 4880 1340 4948 degunt;
1371 4878 1526 4934 decet
1569 4878 1711 4933 enim
1755 4877 2028 4935 ﬂorentes

457 4991 708 5047 corpore,
747 4990 853 5028 non
882 4973 973 5042 qui
1000 4972 1253 5026 exstincti
1285 4969 1482 5025 caloris
1515 4980 1644 5025 sunt
1676 4970 1729 5024 in
1774 4970 2028 5026 thalamis

458 5069 641 5132 coire,
683 5075 743 5121 ut
795 5063 1061 5119 Hesiodus
1099 5082 1112 5117 :
1156 5061 1260 5117 Sed
1305 5063 1617 5128 tempestivis
1666 5063 1915 5117 thalamis
1944 5065 2030 5117 sit

2157 3234 2336 3270 κειται
2363 3217 2568 3290 μορίοιν
2592 3233 2607 3247 ·
2637 3217 2700 3271 τὸ
2734 3219 2833 3289 μὲν
2867 3220 2910 3251 ⁷⁸
2932 3220 3138 3291 ὑγρῶν,
3160 3220 3222 3273 τδ
3240 3220 3297 3274 δὲ
3320 3222 3366 3253 ⁸ο
3394 3218 3648 3291 χιτώνων
3671 3221 3734 3274 ⁸⁸.

2156 3309 2268 3363 Καὶ
2301 3310 2388 3364 ἵνα
2437 3310 2643 3363 τούτων
2685 3311 2933 3382 εἴπωμεν
2976 3313 3047 3366 τά
3086 3329 3146 3367 τε
3190 3312 3455 3383 ὀνόματα,
3507 3312 3607 3367 καὶ
3644 3312 3738 3365 τὸν

2153 3398 2410 3471 ἀριθμὸν,
2452 3401 2549 3454 καὶ
2595 3400 2696 3464 τὰς
2727 3390 2992 3471 ἐκφύσεις
3015 3404 3083 3469 ⁸⁸,
3124 3406 3219 3458 καὶ
3250 3404 3351 3468 τὰς
3386 3402 3602 3475 χρείας,
3639 3404 3737 3457 καὶ

2152 3492 2252 3555 τὰς
2271 3491 2581 3563 ἐνεργείας,
2603 3491 2854 3547 ἐντεῦθεν
2879 3493 3196 3566 ἀρξώμεθα.
3248 3484 3254 3490 ’

2218 3687 2312 3738 Δεῖ
2342 3685 2542 3740 είδέναι
2589 3686 2671 3740 ὅτι
2715 3686 2823 3741 ἀπὸ
2860 3685 2957 3741 τοῦ
3009 3688 3316 3758 ἐγκεφάλου
3352 3689 3654 3762 ἐκφέρεται
3681 3692 3728 3723 ⁸⁸

2147 3778 2243 3833 δύο
2265 3779 2433 3851 νεῦρα
2461 3779 2532 3833 τὰ
2551 3780 2768 3834 ὀπτικὰ
2788 3782 3309 3853 προσαγορευόμενα
3330 3798 3345 3813 °
3377 3782 3602 3853 πρῶτον
3629 3784 3727 3854 μὲν

2147 3872 2256 3943 γάρ
2281 3872 2455 3943 ταύτῃ
2485 3874 2551 3943 τῇ
2581 3872 2834 3944 αίσθήσει
2862 3873 3072 3944 πέμπει
3107 3876 3135 3928 ὀ
3165 3873 3472 3943 ἐγκέφαλος
3510 3876 3683 3947 νεῦρα
3708 3891 3724 3906 ο

2146 3964 2339 4017 ἔπειτα
2371 3963 2428 4016 δὲ
2456 3964 2553 4018 καὶ
2585 3963 2665 4034 τῷ
2694 3965 2860 4019 παντὶ
2884 3966 3130 4036 σώματι.
3172 3966 3433 4038 Διαφέρει
3469 3967 3526 4020 δὲ
3549 3968 3726 4021 ταῦτα

2144 4054 2255 4109 τῶν
2284 4055 2461 4110 ἄλλων
2487 4054 2699 4127 νεύρων
2719 4072 2732 4087 ·
2757 4057 2842 4109 ὅτι
2860 4055 2931 4109 τὰ
2960 4056 3057 4127 μέν
3079 4060 3136 4110 ἐν
3156 4056 3235 4128 τῷ
3256 4059 3422 4111 παντὶ
3440 4057 3657 4127 σώματι
3674 4058 3723 4089 ⁸⁵

2146 4149 2318 4201 ναστά
2374 4147 2436 4200 τέ
2487 4149 2602 4201 ἐστι
2657 4147 2749 4200 καὶ
2801 4146 3056 4202 ἁκοίλια·
3087 4146 3159 4200 τὰ
3180 4147 3238 4201 δὲ
3266 4148 3377 4202 τῶν
3422 4148 3722 4219 ὀφθαλμῶν

2143 4238 2393 4309 αὐλοειδῆ
2423 4239 2520 4292 καὶ
2567 4237 2881 4310 τετρημένα
2912 4238 2979 4307 ⁸⁸,
3030 4240 3119 4293 ῐνα
3176 4240 3434 4311 σωλήνων
3466 4239 3627 4310 δίκην
3660 4242 3722 4293 τὸ

2144 4328 2367 4384 ὀπτικδν
2408 4328 2626 4400 πνεῦμα
2668 4329 2822 4398 παρὰ
2850 4330 2946 4384 τὸν
2974 4330 3257 4401 ὀφθαλμὸν
3294 4331 3343 4363 ⁸⁸
3396 4331 3716 4401 ὀχετεύωσι.

2142 4420 2326 4476 Ταῦτα
2357 4422 2542 4475 τοίνυν
2571 4421 2938 4491 ἐμϐάλλονται
2968 4423 3052 4485 εἰς
3080 4421 3180 4486 τὰς
3210 4421 3514 4493 λεγομένας
3542 4421 3709 4475 θαλά-

2141 4527 2275 4581 μους
2292 4509 2336 4542 ⁸⁷
2370 4510 2483 4562 τῶν
2516 4508 2834 4580 ὀφθαλμῶν.
2875 4510 3132 4580 Θάλαμος
3169 4510 3227 4565 δὲ
3262 4510 3482 4579 λέγεται
3510 4512 3573 4564 τὸ
3612 4510 3717 4563 ἔσω

2136 4600 2228 4655 τοῦ
2257 4599 2564 4672 ὀφθαλμοῦ,
2589 4600 2648 4654 ἐν
2666 4593 2710 4669 ᾦ
2736 4602 2784 4655 oi
2816 4600 3045 4672 χιτῶνες
3071 4601 3345 4666 ἐνοῦνται,
3376 4601 3470 4656 καὶ
3498 4602 3636 4654 αὐτὸ
3656 4602 3716 4654 τὸ

2139 4693 2254 4763 φῶς
2305 4693 2523 4747 ἐνοικεῖ.
2555 4692 2715 4763 Παρὰ
2742 4692 2851 4764 γὰρ
2882 4694 2944 4746 τὸ
2974 4692 3202 4747 θάλπειν
3250 4693 3461 4761 γίνεται
3505 4692 3713 4746 θάλπα·

2140 4802 2240 4855 μος
2266 4783 2311 4817 ⁸⁸
2344 4783 2440 4837 καὶ
2461 4782 2706 4854 θάλαμος
2727 4800 2741 4815 ο
2768 4783 2830 4848 ἐξ
2854 4777 2915 4838 οὗ
2935 4784 3031 4838 καὶ⁵
3056 4785 3107 4837 οί
3133 4784 3247 4837 νέοι
3277 4782 3677 4854 θαλαμεῦονται
3696 4800 3709 4815 ι

2135 4877 2217 4930 δεῖ
2241 4876 2349 4948 γὰρ
2394 4874 2657 4931 θάλλοντα
2704 4876 2774 4929 τὰ
2804 4874 3034 4947 σώματα
3060 4874 3288 4947 ἔχοντας
3329 4876 3411 4939 είς
3438 4875 3638 4928 ταύτὸν
3664 4874 3709 4907 ⁸⁸

2137 4970 2400 5035 συνιέναι,
2433 4968 2531 5023 καὶ
2565 4969 2611 5000 ⁸ο
2652 4968 2725 5039 μὴ
2752 4968 3167 5039 ἀποϐεϐηκότας
3188 4986 3202 5001 ο
3245 4968 3342 5022 καὶ
3372 4968 3481 5039 γὰρ
3528 4967 3708 5020 Ἡσίο-

2135 5062 2225 5125 δός
2253 5078 2411 5133 φησι,
2472 5060 2699 5130 ὨραῑΟς
2740 5060 2812 5115 δὲ
2839 5060 3098 5131 γυναῖκα
3125 5061 3194 5128 ⁸⁸,
3240 5060 3512 5130 θάλαμος
3550 5060 3594 5092 ⁹¹
3625 5061 3707 5124 είς

523 5267 571 5299 ⁵ο
618 5258 1061 5335 κεκρῳμέναςνΡ.
1129 5261 1178 5335 _'“
1214 5261 1254 5312 '6
1300 5261 1487 5335 4)}:th
1526 5260 1595 5313 ait.
1670 5262 1729 5335 7:
1777 5262 1885 5327 ἔξω
2055 5261 2101 5335 ξ³
2131 5262 2215 5330 ὀρ.
2248 5261 2306 5335 ἐν
2340 5277 2424 5335 x._
2455 5260 2613 5335 στῆν.
2649 5261 2724 5331 μὴ
2768 5262 2883 5335 δυν.
2989 5259 3078 5335 Ρ.-
3193 5261 3262 5313 τὰ
3315 5260 3433 5335 ouo.
3467 5258 3541 5335 B._
3606 5261 3650 5293 ’³⁸

453 5353 565 5389 om.
598 5337 663 5387 A.
727 5328 782 5364 ’⁷⁸
808 5328 1249 5401 εὐχρηστοτάτης
1274 5400 1279 5401 ί
1307 5330 1363 5382 δὲ
1413 5330 1475 5401 Β,
1510 5339 1628 5396 post
1662 5329 1812 5401 ῦλης
1870 5331 1995 5383 add.
2055 5330 2057 5376 ἶ

2162 5328 2253 5401 illi.
2281 5330 2333 5401 iu
2393 5329 2451 5385 P.
2482 5348 2495 5383 :
2527 5328 2860 5401 εὐχρηστίαν
2890 5330 3000 5401 δέ’
3032 5330 3080 5382 εί
3123 5328 3180 5401 δέ
3229 5329 3425 5401 μικρὸς
3487 5332 3573 5401 είη
3617 5330 3707 5401 καὶ

452 5406 797 5476 ἀνάριθμος,
812 5398 1066 5476 σημαίνῃ
1087 5401 1183 5476 καί
1205 5398 1413 5476 ἔνδειαν
1436 5399 1566 5476 ὕλης
1588 5399 1683 5476 xu‘t
1705 5398 1988 5476 δυνάμεως
2020 5400 2261 5476 ἀτονίαν.
2316 5400 2362 5431 ⁷⁷
2391 5398 2696 5476 χρημάτων
2716 5401 2814 5476 Δ...
2859 5400 2905 5476 ’1⁸
2936 5399 3231 5476 χαιρωποὺς
3256 5399 3316 5452 Β.
3340 5398 3343 5399 ⁷
3392 5400 3439 5476 ’ξ
3466 5400 3575 5476 τῶν
3607 5398 3704 5466 μὲν

657 5469 704 5505 ⁸⁸
732 5473 839 5525 τῶν
871 5472 926 5523 δὲ
960 5471 997 5523 Β
1028 5469 1085 5523 Ρ.
1164 5470 1207 5501 ⁸⁸

452 5475 494 5526 Β
523 5477 581 5529 l’.

453 5561 564 5596 um.
626 5543 690 5607 Α,

454 5681 712 5737 citatione
732 5678 741 5681 ⁷
759 5682 903 5735 ontui
944 5689 1095 5735 caret
1126 5678 1190 5737 C.

1302 5471 1468 5500 -A....u.
1507 5469 1533 5500 Α
1638 5469 1685 5500 Ol
1720 5469 1911 5500 ...ἤρεμα
1951 5469 1990 5500 Ω
2089 5468 2134 5498 ﬂ)

744 5473 839 5525 τῶν
871 5472 926 5523 δὲ
960 5471 997 5523 Β
1028 5469 1085 5523 Ρ.
1164 5470 1207 5501 ⁸⁸
1240 5471 1468 5540 χιτόνων
1498 5469 1563 5524 Α.
1638 5469 1685 5500 ⁸⁸
1720 5469 1911 5537 φύσεις
1951 5469 2011 5520 Β.
2089 5469 2134 5498 ⁸³
2170 5469 2438 5538 φέρονται
2487 5471 2525 5523 Β
2552 5470 2592 5523 C
2620 5470 2679 5524 P.
2748 5470 2823 5501 ""
2858 5469 2960 5522 διαί

744 5558 863 5595 mox
918 5540 1055 5594 male
1086 5541 1281 5610 ῥᾷστα.
1355 5540 1406 5610 ,⁸⁸
1444 5538 1797 5610 γτετριμμένα
1827 5538 1888 5610 Β.
1965 5536 2013 5569 ³⁸
2040 5538 2168 5610 τοὺς
2210 5539 2526 5607 ὀφθαλμοὺς
2554 5539 2612 5604 Β,
2665 5542 2780 5603 τοῖς
2819 5539 2960 5606 ὀφθα

452 5612 499 5644 ⁸·
560 5612 827 5681 οάλπιμος
865 5611 906 5661 Β
930 5611 969 5663 t1
1003 5608 1096 5662 Ρ(
1133 5608 1213 5681 ’.⁸9
1247 5608 1411 5667 αὑτὸν
1441 5609 1479 5663 Β
1511 5612 1550 5665 (ὲ
1579 5608 1637 5665 P.
1704 5608 1752 5641 ⁹⁰
1778 5609 1871 5664 xui.
1907 5623 2015 5663 om.
2059 5608 2123 5662 Δ.
2202 5610 2245 5641 ⁸⁸
2276 5612 2513 5678 γυναῖκα
2542 5610 2600 5677 Β,
2627 5611 2907 5679 γυναικῶν
2932 5612 2998 5663 Α.

2170 5466 2439 5538 φέρονται’
2484 5466 2525 5523 Β
2552 5470 2592 5523 C
2620 5470 2679 5524 P.
2748 5470 2823 5501 ""
2858 5466 3110 5590 διαφέρει
3147 5483 3321 5537 usque
3369 5466 3434 5520 ad
3489 5468 3702 5536 σώματι

2210 5539 2526 5607 ὀφθαλμοὺς
2554 5539 2612 5604 Β,
2665 5542 2780 5603 τοῖς
2819 5539 2960 5606 ὀφθα
2999 5540 3120 5609 μοῖς
3146 5537 3205 5591 Ρ.
3282 5538 3326 5569 ⁸⁷
3360 5536 3610 5608 θαλάμας
3640 5536 3697 5589 Β.

3110 5610 3156 5640 θ’
3182 5616 3456 5678 postrema
3484 5621 3593 5663 om.
3632 5610 3693 5671 Δ,
