4066 6214
232 396 286 428 κ
346 376 489 439 “63

1587 379 1676 435 DE
1714 377 2003 436 NATUBA
2039 378 2345 435 HOMINIS.

3456 354 3596 441 i166

344 502 507 570 ὤραν
532 496 635 567 ἔχε
657 495 758 567 (1).
790 496 1196 569 Διασχίζεται⁹³
1216 498 1270 552 δὲ
1305 498 1371 553 τὰ
1395 496 1573 569 νεῦρα·
1592 498 1673 562 εἰς
1692 498 1793 561 τὰς
1824 499 1910 551 θοι⁶

2025 508 2188 568 nupta
2217 498 2479 569 paranda.
2510 496 2672 554 Nervi
2711 507 2892 555 autem
2926 499 2980 553 in
3014 499 3283 553 thalamos
3318 498 3463 568 ipsos
3490 501 3593 555 ﬁn»

342 593 573 663 λάμους,
621 588 812 661 ὥσπερ
867 589 1025 654 εἴτις
1069 590 1254 646 λαϐὼν
1297 592 1572 661 πάπυρον,
1604 591 1808 662 ταύτην
1840 592 1920 653 εἱς

342 678 520 734 λεπτὰ
556 678 887 749 κατατεμὼν
942 681 1227 751 διασχίζει,
1281 682 1582 735 ἁναπλέκει
1626 700 1684 735 τε
1732 682 1918 749 πάλιν,

344 772 439 826 καὶ
469 772 616 825 ποιεῖ
645 770 849 841 χιτῶνα
878 772 968 825 τὸν
1004 772 1296 843 λεγόμενον
1334 773 1918 844 ἁμφιϐληστροειδῆ,

343 864 529 935 ὅμοιον
559 864 960 935 ἀμφιϐλήστρῳ
992 863 1073 917 ⁹¹⁵τ
1104 864 1338 935 ὄργανον
1370 866 1429 919 δὲ
1478 866 1638 920 τοῦτο
1669 867 1922 939 θηρευτι-

344 952 441 1006 κδν
475 951 695 1022 ἰχθύων.
722 953 878 1007 Μετὰ
911 952 1101 1007 τοῦτον
1130 955 1187 1007 δὲ
1223 955 1315 1008 τὸν
1346 957 1554 1026 χιτῶνά
1578 959 1699 1011 ἐστι
1740 959 1921 1012 δεύτε-

347 1059 438 1112 ρος
465 1041 633 1113 χιτὼν
654 1042 948 1113 λεγόμενος
1006 1045 1313 1117 ραγοειδὴς,
1347 1048 1429 1100 ὅτι
1462 1049 1593 1119 ραγὶ
1631 1050 1918 1120 σταφυλῆς

345 1132 489 1186 έοικε
519 1132 663 1187 κατὰ
684 1134 744 1187 τὸ
768 1135 977 1205 σχῆμα.
1009 1135 1120 1189 Καὶ
1158 1136 1411 1209 καθάπερ
1440 1138 1534 1191 ἐπὶ¹
1561 1138 1661 1209 τῆς
1713 1156 1921 1209 σταφυ-

347 1223 444 1293 λῆς
472 1223 690 1294 ὁρῶμεν
724 1224 791 1277 τὰ
835 1224 933 1295 μὲν
962 1223 1071 1277 ἔσω
1104 1225 1400 1297 δασύτερα,
1434 1229 1501 1282 τὰ
1541 1230 1597 1283 δὲ
1634 1230 1739 1296 ἔξω
1776 1232 1917 1297 λεῖα,

346 1312 522 1379 οὕτως
559 1316 656 1368 καὶ
691 1315 785 1368 ἐπὶ
836 1313 931 1369 τοῦ
967 1316 1283 1386 ραγοειδοῦς
1313 1318 1462 1375 ἔστιν
1510 1321 1658 1375 ἰδεῖν.
1722 1323 1920 1379 Ἐκπέ-

349 1423 486 1474 φυκε
508 1405 565 1459 δὲ
595 1401 751 1470 οὗτος
775 1407 838 1459 ἐκ
875 1406 975 1476 τῆς
1003 1406 1206 1478 λεπτῆς
1230 1411 1785 1485 προσαγορευομένης
1820 1416 1922 1486 μή·

348 1514 561 1566 νιγγος·
603 1497 668 1550 ἐκ
696 1497 754 1551 δὲ
788 1499 886 1569 τῆς
912 1499 1145 1571 παχείας
1181 1503 1210 1554 ὁ
1254 1502 1666 1571 κερατοειδήςο
1707 1505 1921 1578 ὠνόμα-

352 1606 476 1643 σται
510 1589 566 1642 δὲ
595 1588 792 1652 οὕτως,
838 1590 937 1644 διὰ
958 1588 1020 1644 τὸ
1051 1594 1432 1668 παρεμφέρειν
1463 1596 1510 1628 ⁸⁸
1539 1599 1651 1661 τοῖς
1704 1598 1916 1668 κέρασι,

251 1761 258 1771 ⁸
349 1682 489 1736 κατά
509 1696 571 1734 τε
607 1679 669 1735 τὸ
727 1681 965 1755 χρῶμα*
1006 1683 1199 1739 λευκὸν
1221 1685 1331 1756 γάρ
1386 1687 1540 1740 ἐστιν
1571 1689 1666 1742 καὶ
1714 1690 1795 1743 ὄτι
1840 1690 1921 1754 εἰς

349 1774 611 1846 κτηδόνας
640 1775 687 1808 ⁸⁸
710 1774 1000 1829 ἀναλύεται
1027 1776 1219 1848 ὥσπερ
1248 1779 1469 1832 ἐκεῖναο
1497 1781 1591 1833 καὶ
1622 1782 1702 1834 ὃτι
1736 1785 1920 1853 μιμεῖ-

2025 591 2251 657 duntur,
2279 592 2447 648 veluti
2478 592 2524 647 si
2559 593 2682 660 quis
2742 606 3004 662 papyrum
3034 592 3087 643 in
3116 591 3284 646 exiles
3317 592 3593 645 membr-an

2024 685 2183 739 nulas
2223 684 2425 739 incidat
2467 684 2742 753 ﬁndatque
2767 723 2781 746 ,
2831 690 2885 738 et
2941 698 3132 738 rursus
3189 681 3508 752 complicet.
3543 692 3597 736 et

2025 775 2322 831 tuniculam
2368 775 2477 846 60
2514 775 2766 831 conﬁciat
2815 776 2882 830 ad
2916 775 3127 829 reticull
3160 774 3591 836 similitudinem,

2023 882 2132 935 quo
2186 867 2253 922 ad
2309 867 2486 937 pisces
2541 867 2832 936 capiendos
2901 866 2979 921 uti
3035 866 3308 933 solemus;
3375 877 3428 920 et
3480 867 3596 923 haec

2022 958 2197 1026 prima
2228 958 2368 1012 oculi
2407 957 2648 1012 tunicula
2679 957 2926 1013 habetur.
2952 958 3034 1013 Ab
3070 959 3172 1014 hac
3198 958 3302 1014 alia
3332 966 3435 1023 est,
3469 972 3593 1026 quae

2023 1057 2195 1113 uvalis
2251 1058 2587 1127 appellatur,
2630 1075 2697 1115 ex
2744 1075 2810 1115 eo
2844 1056 2988 1128 quod
3024 1075 3193 1129 grano
3248 1076 3364 1114 uvae
3390 1061 3587 1115 similis

2023 1150 2111 1203 sit.
2154 1148 2220 1204 Et
2265 1150 2725 1219 quemadmodum
2775 1153 2830 1205 in
2883 1166 3006 1215 uva,
3036 1167 3156 1221 qua:
3204 1152 3414 1206 interne
3460 1160 3592 1209 eunt

2022 1239 2297 1305 densiora,
2332 1256 2453 1310 qua:
2486 1256 2615 1296 vero
2643 1249 2797 1296 extra
2826 1242 3135 1297 consistunt
3162 1242 3297 1296 levia
3317 1242 3589 1307 visuntur,

2022 1330 2094 1385 ita
2136 1331 2275 1385 ct'in
2311 1332 2454 1386 uvali
2485 1346 2707 1387 cernere
2742 1346 2929 1401 queas.
2968 1331 3094 1387 Haec
3141 1334 3285 1388 enim
3335 1350 3366 1389 a
3418 1350 3591 1389 mem-

2021 1421 2191 1475 brana
2219 1436 2339 1489 quae
2370 1422 2524 1477 exilis
2547 1430 2909 1492 nuncupatur,
2948 1425 3212 1493 provenit.
3246 1423 3314 1479 At
3334 1440 3591 1481 corneum

2021 1513 2165 1569 oculi
2200 1513 2323 1568 inde
2350 1514 2675 1584 appellatum
2709 1523 2811 1581 est,
2845 1516 3282 1585 quod'coruibus
3333 1520 3592 1574 similitu-

2021 1605 2145 1659 dine
2174 1606 2497 1674 respomleat
2522 1613 2669 1675 (nam
2744 1607 2926 1661 album
2958 1607 3088 1661 illud
3129 1617 3261 1681 est)t
3298 1616 3411 1664 tum
3446 1611 3591 1679 quod

2028 1696 2084 1750 in
2114 1704 2357 1751 extrema
2393 1698 2679 1751 cacumina
2708 1705 2993 1752 utcornua
3035 1696 3256 1762 desinit,
3292 1715 3594 1769 eorumque

2021 1787 2335 1843 discrimina
2387 1788 2651 1842 imitatur.
2689 1788 2956 1844 Tunicula
2995 1798 3176 1844 autem
3233 1790 3505 1859 superior,
3563 1807 3594 1845 a

345 1884 435 1921 ται
465 1867 567 1937 τὴν
603 1867 830 1921 ἐκείνων
857 1867 1144 1939 διαφοράν.
1187 1869 1247 1922 '0
1268 1869 1323 1922 δέ
1351 1871 1705 1940 ἐπιπεφυκὼς
1738 1875 1782 1906 ’⁷
1808 1852 1921 1928 ἀπὸ

2025 1881 2341 1936 membrana
2376 1895 2499 1950 qua:
2538 1879 2760 1935 calvalis
2786 1880 3005 1945 dicitur,
3043 1895 3363 1950 processum
3399 1897 3596 1952 quem.

348 1959 445 2013 τοῦ
477 1959 702 2030 κρανίου
725 1960 771 1993 ⁸⁸
798 1959 1098 2030 λεγομένου
1131 1961 1328 2033 ὑεμένος
1358 1962 1471 2032 ἔχει
1502 1964 1623 2017 τινὰ
1663 1965 1913 2035 ἔκφυσιν·

348 2051 468 2120 ἦτοι
499 2051 675 2122 ἀρχὴν
724 2051 909 2121 ἔχειν’
941 2053 1050 2107 ἀπό
1084 2070 1229 2117 τινος
1282 2055 1482 2124 μοί-ρας
1535 2058 1632 2126 τῆς
1688 2058 1920 2128 παχείας

350 2141 619 2211 μήνιγγος
652 2140 906 2213 ἐξιούσης
924 2141 1014 2196 διὰ
1046 2143 1158 2196 τῶν
1187 2143 1501 2216 εἰρημένων
1538 2145 1635 2198 τοῦ
1680 2148 1918 2216 ἐγκεφά-

347 2229 441 2283 λου
483 2231 693 2301 ραφῶν,
731 2232 830 2304 τῆς
887 2235 902 2265 ¹
934 2234 1315 2304 στεφανιαίας,
1364 2236 1591 2306 καὶτῆς
1634 2236 1922 2308 λαμόδοει-

349 2321 473 2386 δοῦς
500 2325 547 2378 ’.

428 2414 584 2467 Ἐστι
611 2415 668 2468 δὲ
696 2418 729 2487 ὴ
753 2419 910 2490 χρεία
937 2419 1044 2474 τῶν
1071 2420 1380 2492 εἰρημένων
1409 2422 1651 2493 χιτώνων
1676 2424 1922 2496 τοιαύτηο

363 2501 423 2555 ὐ
453 2503 1061 2577 ὸμφιὸληστροειδὴς,
1099 2511 1380 2582 στήριγμά
1404 2513 1554 2566 ἐστιν
1579 2514 1790 2568 ἔνδοθεν
1818 2516 1916 2569 τοῦ

352 2594 557 2659 παντὸς
586 2594 845 2667 σώματος
887 2599 982 2653 τοῦ
1028 2600 1338 2673 ὀφθαλμοῖν
1376 2604 1405 2656 ὁ
1451 2603 1508 2657 δὲ
1566 2606 1923 2677 ἐπιπεφυκὼς

352 2681 587 2748 ἐξωθενο
621 2687 828 2758 μεταξὺ
858 2688 915 2742 δέ
935 2690 1144 2745 τούτων
1165 2692 1327 2761 εἰσὶν,
1356 2695 1385 2747 ό
1420 2696 1519 2765 μὲν
1542 2698 1924 2767 κερατοειδὴς

355 2774 491 2841 πρὸς
517 2775 595 2846 τῷ
621 2778 988 2848 ἐπιπεφυκότι
1050 2780 1176 2847 ἔξω,
1204 2783 1233 2836 ὁ
1260 2782 1317 2835 δὲ
1338 2784 1662 2855 ραγοειδὴς
1684 2789 1820 2860 πρὸς
1847 2790 1925 2861 τῷ

352 2862 875 2936 ἁμφιόληστροειδεῐ
911 2867 1022 2922 ἔσω
1054 2869 1094 2922 ⁸.
1126 2870 1301 2941 Χρεία
1331 2872 1391 2925 δὲ
1423 2874 1517 2927 τοῦ
1552 2875 1651 2945 μὲν
1702 2879 1923 2947 ραγοει-

352 2955 496 3023 δούς,
534 2959 620 3012 ἵνα
653 2963 776 3015 κατ’
808 2961 977 3015 αὐτοῦ
1016 2962 1112 3017 τοῦ
1158 2965 1445 3036 τρήματος
1474 2969 1574 3036 τῆς
1613 2970 1786 3043 κόρης
1830 2972 1924 3041 γέ-

353 3071 509 3127 νηται
533 3074 548 3087 ·
597 3059 665 3113 δι’
699 3055 761 3117 οὗ
798 3063 860 3115 τὸ
900 3063 1127 3119 ὀπτικδν
1153 3064 1319 3129 ἔξεισι
1342 3066 1492 3135 φῶς’
1551 3063 1926 3135 συμϐάλλεται

2020 1971 2144 2026 dam
2180 1970 2341 2025 habet
2374 1970 2467 2039 qui
2512 1985 2541 2024 a
2574 1984 2775 2025 crassae
2815 1970 3144 2026 membranae
3171 1972 3421 2042 portione
3468 1988 3595 2041 qua-

2020 2062 2144 2117 dam
2168 2076 2263 2131 per
2286 2069 2530 2117 suturam
2559 2060 2805 2117 Graecum
2841 2064 2887 2115 A
2918 2062 3332 2132 exprimentem,
3357 2073 3411 2119 et
3436 2080 3594 2119 coro-

2019 2154 2199 2209 nalem
2219 2153 2286 2209 de
2313 2152 2512 2224 quibus
2523 2153 2676 2225 prius
2698 2152 2938 2210 diximus
2962 2155 3293 2227 egrediente,
3323 2155 3591 2226 originem

2021 2244 2192 2301 ducit.

2093 2420 2317 2480 Tunicae
2374 2421 2537 2495 igitur
2577 2438 2716 2493 quas
2769 2422 3185 2493 explicavimus,
3218 2422 3311 2477 tali
3348 2425 3469 2478 usui
3504 2437 3594 2478 ac—

2024 2517 2461 2573 commodantur.
2515 2515 2607 2570 llla
2655 2525 2835 2571 autem
2880 2531 3002 2586 quae
3047 2515 3179 2571 retis
3224 2523 3427 2571 textum
3470 2514 3594 2568 imi-

2025 2615 2201 2674 tatur,
2251 2608 2421 2663 totius
2452 2608 2698 2677 corporis
2747 2608 2893 2662 oculi
2945 2608 3159 2662 interne
3192 2605 3595 2662 ﬁrmamentum

2025 2708 2107 2754 est
2152 2718 2165 2753 :
2200 2706 2257 2754 at
2306 2699 2557 2768 superior
2584 2698 2827 2767 ejusdem
2858 2698 3028 2752 robur
3053 2698 3297 2754 exterius
3344 2697 3592 2752 habetur.

2026 2791 2171 2847 Inter
2226 2790 2327 2847 has
2364 2789 2523 2854 duas,
2580 2789 2697 2844 alia:
2761 2789 2982 2844 totidem
3024 2790 3214 2858 posita:
3277 2797 3443 2851 sunt,
3492 2804 3595 2841 una

2026 2895 2225 2935 cornea
2284 2895 2407 2950 quae
2455 2879 2723 2950 superiori
2779 2878 3020 2934 exterius
3075 2878 3394 2949 applicatur,
3428 2879 3596 2933 altera

2025 2986 2155 3027 vero
2179 2971 2375 3037 uvalis,
2410 2986 2531 3040 quae
2562 2969 2842 3025 reticulari
2877 2968 3087 3023 interne
3117 2968 3375 3023 adhaeret.
3411 2965 3597 3023 Uvalis

2023 3060 2243 3131 quidem
2274 3076 2409 3116 usus
2431 3069 2533 3126 est,
2556 3059 2654 3125 uti,
2684 3074 2807 3115 cum
2848 3073 2985 3113 rara:
3014 3066 3240 3113 texturae
3262 3058 3351 3123 sit,
3384 3074 3502 3114 sese
3531 3059 3597 3112 ad

354 3146 408 3199 δέ
441 3148 531 3201 καὶ
552 3150 726 3214 ἄλλως
752 3153 1107 3224 περιθάλπων
1133 3155 1196 3209 τδ
1222 3154 1671 3227 κρυσταλλοειδές
1690 3156 1711 3185 ⁸
1734 3154 1921 3226 ὑγρόν·

2027 3151 2286 3221 pupillam
2313 3152 2589 3216 extendat,
2610 3166 2719 3219 quo
2737 3150 2933 3205 visibili
2959 3149 3149 3203 lumini
3174 3164 3269 3218 per
3289 3165 3408 3205 eam
3444 3159 3597 3204 extra

354 3239 436 3291 διὸ
460 3242 553 3293 καὶ
590 3241 758 3307 δασὺς
817 3244 1033 3301 ἔνδοθεν
1080 3248 1297 3316 ἐγένετο
1328 3248 1423 3302 καὶ
1460 3247 1803 3316 σπογγώδης,
1835 3248 1922 3301 ἵνα

2030 3257 2283 3314 egressus
2312 3252 2512 3313 pateat.
2569 3242 2672 3298 Sed
2706 3251 2761 3298 et
2810 3241 2965 3298 aliter
3005 3242 3191 3307 etiam,
3219 3243 3377 3296 uvale
3418 3242 3596 3313 ipsum

356 3333 487 3402 μήτι
517 3332 830 3406 λυμὰνηται
880 3336 980 3407 τῆς
1017 3340 1219 3408 κόρης·
1257 3339 1397 3395 ἀλλὰ
1428 3339 1524 3395 καὶ
1551 3338 1638 3392 διὰ
1665 3338 1727 3391 τδ
1763 3339 1923 3407 δυνη-

353 3422 512 3493 θῆναι
542 3425 743 3493 φλέϐας
770 3428 792 3459 ⁸
815 3428 1177 3492 ὐποδέξασθαι
1212 3430 1463 3494 πλείονας
1494 3432 1534 3485 ⁸.
1569 3425 1704 3483 Εἶτα
1737 3428 1927 3500 ἐπειδὴ

354 3512 594 3576 τοιοῦτος
613 3514 689 3568 ὢν
712 3515 936 3587 ἔμελλεν
958 3519 1272 3588 ἐμποδίζειν
1286 3518 1364 3589 τῷ
1385 3518 1597 3590 ὀπτικῷ
1613 3519 1886 3591 πνεύματι
1906 3521 1927 3552 ⁷

356 3603 439 3664 εἰς
484 3605 545 3657 τὸ
578 3605 802 3675 ἐξιέναι,
840 3609 932 3662 διὰ
988 3610 1146 3664 τοῦτο
1196 3611 1455 3683 τέτρηται
1507 3611 1731 3675 ἔξωθεν,
1793 3612 1925 3664 xui.”

358 3695 565 3759 πυκνός
594 3699 728 3762 ἐστι,
766 3701 902 3772 πρὸς
934 3700 997 3754 τὸ
1032 3702 1108 3773 μὴ
1133 3704 1438 3774 συγχωρεῖν
1465 3701 1837 3773 διαφορεῖσθαι
1867 3701 1928 3753 τὸ

355 3791 595 3863 πνεῦμα.
637 3794 803 3849 Ἀλλὰ*
837 3797 932 3850 καὶ
972 3799 1115 3852 κατὰ
1173 3798 1235 3851 τὸ
1272 3797 1471 3869 χρῶμα
1519 3796 1925 3868 παραμυθεῖται

354 3880 453 3943 τὰς
484 3882 550 3935 ἐκ
588 3882 696 3939 τῶν
744 3885 1000 3957 ἀμέτρων
1051 3886 1381 3958 διακρίσεων
1434 3888 1527 3941 καὶ
1583 3887 1925 3958 συγκρίσεων

357 3969 580 4038 βλάϐας.
610 3972 690 4043 τῷ
717 3974 749 4005 ν
773 3975 942 4046 μέλας
970 3995 1030 4031 τε
1058 3978 1176 4049 ἅμα
1204 3978 1253 4009 ¹⁰
1277 3973 1535 4031 εἶναικαὶ
1564 3977 1783 4041 λευκός
1817 3978 1926 4030 δια-

359 4064 602 4134 κρίνεται
623 4068 732 4138 γαρ
763 4069 868 4121 ὑπὸ
899 4070 1010 4125 τῶν
1038 4071 1180 4138 ἄγαν
1210 4070 1424 4123 λευκῶν
1443 4085 1457 4099 ο
1485 4069 1838 4139 συγκρίνεται
1866 4068 1923 4121 δὲ

356 4155 463 4208 ὑπὸ
494 4155 604 4210 τῶν
644 4156 789 4228 ἄγαν
824 4159 1090 4231 μελανῶν.
1124 4161 1232 4215 Τοῦ
1262 4162 1317 4215 δέ
1351 4162 1552 4215 κυανοῦ
1587 4161 1620 4232 ἢ
1650 4162 1747 4215 καὶ
1793 4164 1924 4213 ἑκα-

355 4243 513 4315 τέρου
533 4246 578 4277 ⁸⁷
601 4247 846 4319 μετέχων
867 4249 1157 4321 χρώματος
1187 4252 1270 4313 εἰς
1296 4250 1638 4321 συμμετρίαν
1660 4249 1855 4317 ἀνάγει
1883 4249 1926 4280 ¹¹

358 4335 447 4388 τὸν
477 4336 756 4407 ὀφθαλμὸν
785 4339 879 4393 καὶ
908 4337 1339 4410 παραμυθεῖται.

2026 3332 2173 3389 visui
2198 3333 2476 3400 conducit,
2503 3347 2567 3388 eo
2594 3331 2743 3403 quod
2786 3332 3164 3403 crystallinum
3233 3330 3600 3387 oculi'humoo

2025 3436 2141 3476 rem
2173 3420 2354 3487 fovet;
2393 3428 2744 3492 quapropter,
2783 3418 2915 3475 illud
2944 3419 3176 3475 densum
3212 3418 3597 3488 spongiosum-

2026 3526 2133 3583 que
2160 3521 2355 3568 natura
2386 3512 2629 3583 protulit,
2658 3526 2729 3568 ne
2754 3511 2959 3581 pupilla
3005 3511 3124 3580 ipsa
3154 3510 3336 3579 aliqua
3359 3523 3427 3563 ex
3446 3517 3600 3577 parte

2028 3603 2347 3668 laederetur,
2381 3612 2503 3658 tum
2520 3604 2687 3658 etiam
2743 3602 2825 3657 uti
2861 3602 3097 3672 plurium
3134 3613 3396 3654 venarum
3428 3613 3597 3667 capax
3706 3642 3711 3647 .

2030 3698 2200 3753 fieret.
2234 3695 2521 3759 Prteterea,
2556 3708 2683 3747 cum
2734 3691 2889 3746 uvale
2921 3691 3046 3755 tale,
3076 3698 3136 3744 ut
3163 3688 3419 3751 diximus,
3450 3690 3595 3741 cxsi~

2035 3796 2163 3851 stat,
2186 3787 2329 3851 ideo,
2344 3799 2412 3840 ne
2432 3783 2663 3838 visibilis
2687 3781 2908 3851 spiritus
2928 3794 3207 3850 egressum
3235 3777 3596 3845 interciperet,

2036 3878 2365 3932 terebratum
2409 3881 2514 3929 est.
2542 3873 2610 3928 At
2650 3871 2916 3936 exterius,
2974 3870 3203 3925 densum
3238 3876 3433 3921 natura
3465 3882 3601 3919 cou-

2034 3967 2231 4033 stituit,
2267 3980 2335 4021 ne
2378 3964 2586 4021 scilicet
2635 3963 2777 4019 oculi
2809 3977 3008 4034 corpus
3039 3960 3249 4015 absumi
3301 3967 3597 4027 pateretur,

2031 4060 2127 4114 sed
2184 4058 2406 4129 potius,
2463 4071 2587 4112 cum
2636 4054 2765 4110 illud
2825 4056 2878 4109 in
2937 4052 3211 4108 coloribus
3260 4052 3380 4117 plus
3431 4050 3602 4103 nimio

2032 4150 2263 4207 distrahi
2313 4165 2377 4205 ac
2420 4147 2669 4202 contrahi
2717 4147 3003 4210 accideret,
3062 4143 3331 4199 laboranti
3387 4142 3603 4198 adesset

2033 4244 2329 4316 suppetias.
2355 4243 2489 4299 Cum
2542 4244 2758 4299 oculum
2806 4241 2988 4296 album
3029 4248 3188 4310 atque
3226 4239 3439 4307 nigrum
3479 4250 3603 4290 esse

2035 4336 2335 4408 contingat,
2358 4335 2405 4392 si
2432 4335 2488 4390 in
2514 4348 2604 4389 res
2623 4332 2845 4405 plurimi
2870 4329 3128 4388 candoris
3149 4328 3421 4389 inciderit,
3456 4327 3603 4395 pari-

357 4435 440 4483 ter
474 4429 797 4487 distrahitur
821 4432 1257 4504 dissipaturque;
1290 4434 1344 4488 in
1370 4448 1435 4489 ea
1464 4447 1594 4488 vero
1615 4447 1735 4503 quae
1764 4431 1915 4502 nigra
1953 4440 2083 4487 sunt
2103 4431 2368 4496 incidens,
2420 4430 2761 4487 contrahitur
2803 4445 2869 4487 ac
2920 4435 3299 4499 congregatur.
3322 4421 3603 4478 Caeruleus

356 4539 486 4580 vero
520 4527 731 4594 oculus,
767 4544 888 4584 cum
922 4530 1061 4586 inter
1090 4540 1382 4601 utrumque
1407 4529 1644 4585 colorem
1691 4544 1984 4584 commune
2015 4530 2288 4598 quoddam
2317 4528 2611 4599 possideat,
2639 4529 2707 4583 ad
2740 4527 3076 4582 moderatam
3117 4519 3436 4590 temperiem
3464 4532 3601 4572 ocu-

356 4619 468 4673 lum
497 4618 676 4689 ipsum
707 4622 922 4694 redigit,
956 4634 1120 4696 atque
1151 4627 1255 4697 61
1280 4627 1571 4683 demulcet.

436 4712 496 4766 '0
541 4716 894 4788 κερατοειδὴς
947 4717 1005 4772 δὲ
1043 4719 1282 4785 ἐγένετο,
1313 4721 1405 4775 ἴνα
1432 4725 1637 4795 σφίγγῃ
1669 4725 1761 4777 καὶ
1788 4723 1922 4776 ἀπο-

2102 4720 2373 4774 Corneum
2414 4717 2678 4787 siquidem
2732 4713 2874 4769 oculi
2925 4713 3029 4766 hac
3077 4711 3142 4765 de
3186 4723 3350 4765 causa
3399 4707 3599 4762 factum

355 4805 572 4880 φράττῃ
601 4807 663 4861 τὸ
697 4807 874 4877 στόμα
898 4809 994 4878 τῆς
1024 4811 1210 4882 κόρης,
1231 4812 1317 4865 ἵνα
1354 4813 1428 4884 μὴ
1450 4814 1516 4867 δι’
1536 4816 1668 4869 αὐτὸ
1689 4813 1759 4867 τὰ
1783 4812 1931 4883 ὑγρὰ

355 4899 632 4968 ἐκχέοιντο
651 4916 663 4929 ·
696 4900 812 4953 ἀλλ’
841 4899 1069 4970 ἔμελλεν
1099 4903 1414 4973 ἐμποδίζειν
1435 4905 1509 4975 τῷ
1537 4904 1749 4973 ὀπτικῷ
1767 4904 1929 4958 πνεύ-

359 5007 491 5058 ματι
517 4992 560 5022 ⁸⁸
590 4992 680 5044 καὶ
702 4987 854 5057 οὗτος
885 4996 1021 5065 πρὸς
1050 4995 1110 5049 τό
1133 4996 1361 5061 ἐξιέναι·
1391 4998 1480 5051 διὰ
1506 4997 1664 5051 τοῦτο
1693 4998 1928 5069 μάλιστα

356 5078 553 5150 ἐδεήθη
581 5082 644 5133 ἐκ
673 5082 1105 5155 διαφανεστάτης
1131 5087 1319 5151 οὐσίας
1339 5088 1431 5143 τὸν
1463 5088 1781 5159 κερατοειδῆ
1824 5105 1921 5157 γε·

358 5169 566 5225 νέσθαι.
592 5173 699 5226 Καὶ.
733 5174 922 5247 ὥσπερ
957 5178 1172 5249 δρῶμεν
1202 5181 1281 5233 ὅτι
1310 5181 1428 5234 τῶν
1453 5181 1754 5253 κερατίνων
1776 5181 1923 5235 ἔνδο-

429 5347 474 5379 ⁹³
508 5348 952 5429 διασχιζρντ-αι-Ιό
1095 5352 1178 5429 _"
1214 5355 1296 5429 his
1323 5367 1466 5429 caret
1504 5356 1562 5429 Β.
1642 5360 1687 5429 ’(⁵
1722 5358 2125 5429 παρεμφαίνειν
2159 5361 2221 5417 Β.
2296 5360 2341 5393 ⁸⁸
2366 5359 2621 5429 κτιδόμας
2646 5358 2714 5429 Α.
2750 5356 2847 5429 -θτ,
2871 5351 3317 5429 tumeant-hil}-

1670 5428 1710 5478 B
1746 5419 1814 5482 (ΞΣ
1871 5419 1902 5459 ἰ
1927 5419 2034 5496 ’τῆς
2065 5446 2124 5481 τε
2160 5430 2218 5485 Β.
2295 5432 2314 5462 ³
2345 5419 2698 5497 λαμϐοειδοῦς
2750 5426 2809 5497 Β)
2835 5419 3178 5497 λξμδίέείίδοῖζς
3338 5423 3369 5497 ,³
3400 5420 3505 5497 ἕ.ξ(2

360 5419 829 5516 ίιὲἒῗὲἑῖἑηβυίὲ
867 5422 969 5516 Ρο..
1001 5422 1149 5516 33.5"
1202 5424 1339 5516 fit.
1362 5426 1605 5516 ἀεκςρεις

2028 4824 2151 4879 est,
2209 4814 2291 4869 uti
2345 4812 2558 4883 pupilla:
2618 4808 2885 4865 oriﬁcium
2945 4806 3216 4876 stringat,
3278 4802 3599 4873 sepiatque,

2028 4906 2323 4976 quominus
2365 4906 2562 4959 humor
2618 4918 2715 4973 per
2766 4900 2943 4971 ipsum
2993 4897 3215 4963 deﬁuat,
3265 4895 3355 4967 qui
3398 4892 3598 4949 visibili

2025 5001 2241 5071 spiritui
2289 5007 2440 5055 extra
2483 4997 2776 5069 egredienti
2827 4997 3103 5067 negotium
3164 4993 3501 5054 facesseret,
3549 4996 3602 5042 et

2023 5092 2126 5149 hac
2154 5094 2220 5149 de
2268 5106 2453 5155 causa,
2481 5106 2591 5161 prae
2625 5088 2957 5146 lucidissima
2998 5084 3303 5142 substantia
3341 5096 3601 5139 corneum

2022 5183 2275 5241 constitui
2323 5183 2584 5253 oportuit.
2641 5181 2703 5236 Et
2751 5177 3210 5252 quemadmodum
3266 5174 3319 5230 in
3377 5170 3595 5228 corneis

3419 5351 3463 5382 9⁸
3500 5367 3601 5401 πευ-

363 5490 897 5585 ἰηξίίἱδῗταλοε.ι,δές.ί
932 5492 1126 5585 '39.“
1202 5497 1223 5527 "
1254 5490 1630 5585 θεαῖέῐθξιέξίίδ-
1694 5497 1966 5585 ,ξπλεέοὲις
1991 5490 2055 5551 Β·
2132 5500 2245 5585 ’.τί
2271 5490 2514 5585 ὀξεῖιέδν,
2539 5497 2755 5585 πνεὶμα
2784 5496 2833 5585 1.3.
2857 5490 2921 5585 (Ξῖ
2995 5493 3172 5585 ἶέἱθ
3203 5494 3267 5585 Pr.
3332 5491 3445 5585 3f”
3469 5490 3597 5585 Βηξὲ

387 5560 406 5584 ”
433 5558 550 5637 ἅμα
572 5561 784 5637 Uitta“;
848 5563 885 5592 ¹¹
913 5563 972 5615 τὸ
1000 5562 1055 5616 δὲ
1098 5564 1328 5619 κυανοῦν
1354 5558 1459 5618 ὑπὸ
1506 5568 1654 5621 exat.
1694 5565 1749 5620 Β.
1786 5567 1877 5620 τοῦ
1902 5558 1960 5620 δὲ
1996 5568 2194 5622 κυανοῦ
2222 5570 2324 5621 ὑπὸ
2358 5567 2629 5637 ἑκατέρων
2658 5558 2717 5621 C.
2794 5567 2833 5597 ¹²
2867 5565 2985 5634 ἄγει
3018 5564 3057 5617 Β
3087 5565 3143 5617 Ρ.
3226 5563 3267 5593 ’³
3298 5560 3357 5612 τὸ
3378 5558 3601 5614 ὀπτικδν

361 5628 574 5695 πνεῦμα
609 5628 650 5681 Β
682 5631 721 5684 C
753 5630 808 5683 Ρ.

432 5780 508 5850 (⁸.)
540 5781 674 5853 Opp.
710 5784 772 5847 ll,
809 5784 931 5842 515.
