4054 6216
474 304 616 361 “67

1789 314 2073 374 MELETII
2113 321 2426 381 MONACHl

3593 348 3731 401 H68

470 424 698 481 latet‘nis
746 425 983 482 lucernae
1029 442 1292 494 accensae,
1339 428 1476 485 nihil
1528 447 1558 484 a
1608 445 1778 487 cornu
1818 450 2022 505 corpore

2147 439 2237 492 θεν
2272 444 2454 511 φανῶν
2483 444 2873 517 περιεχόμενος
2908 448 2935 500 6
2960 447 3154 519 λύχνος
3180 450 3243 503 16
3284 452 3402 520 φῶς
3431 452 3495 506 τδ
3524 455 3736 511 οἰκεῖον

472 516 847 585 impedimenti
911 519 1245 587 sentientes,
1308 523 1591 593 proprium
1646 525 1826 581 lumen
1888 537 2041 583 extra

469 609 743 675 emittunt,
778 611 849 665 ita
878 609 1022 665 oculi
1055 628 1337 682 corneum,
1368 631 1492 671 cum
1523 617 1916 674 translucidum
1945 623 2039 687 sit,

468 700 698 755 visibilis
750 702 978 771 spiritus
1028 703 1339 762 facultatem
1391 710 1709 779 neutiquam
1748 711 2037 784 intercipit.

468 789 643 860 Hujus
683 794 891 863 gratia,
947 797 1129 853 tunica
1176 815 1340 869 quam
1385 802 1721 873 superiorem
1760 804 1997 860 diximus
2024 845 2038 869 ,

464 889 639 934 tntum
686 896 949 940 corneum
998 886 1426 961 haudquaquam
1472 892 1895 962 complectitur,
1944 895 2039 949 sed

465 969 595 1024 dum
634 970 811 1041 ipsum
876 975 1219 1038 circnlariter
1275 981 1633 1054 constringit,
1679 986 2039 1055 comprehen-

464 1059 690 1129 ditque,
728 1079 891 1119 unam
939 1074 1148 1123 tantum
1203 1070 1323 1140 ejus
1360 1073 1664 1142 portionem
1715 1077 2037 1133 circularem

464 1152 741 1223 relinquit,
794 1172 901 1226 qua
933 1159 1201 1215 visibilem
1239 1162 1490 1231 Spiritum
1519 1174 1671 1220 extra
1716 1169 2035 1238 ejaculetur.

462 1242 617 1308 Quod
672 1256 855 1303 autem
907 1265 1165 1307 corneum
1216 1264 1410 1309 natura
1442 1257 1622 1310 album
1667 1259 1759 1323 sit,
1811 1262 2039 1316 boe‘no-

462 1334 546 1389 bis
585 1350 907 1408 argumento
937 1352 1039 1407 est,
1072 1344 1197 1412 quia
1242 1360 1367 1399 cum
1414 1346 1672 1403 densatur
1710 1350 1890 1405 album
1931 1354 2033 1406 lit:

461 1426 637 1493 ipsum
686 1431 866 1495 enim,
921 1432 975 1485 in
1027 1433 1111 1489 bis
1161 1436 1253 1505 qui
1312 1437 1450 1493 albis
1501 1449 1630 1495 sunt
1675 1442 1849 1498 oculis
1898 1460 2035 1513 prae-

459 1516 577 1580 diti,
615 1518 844 1574 deusum
881 1520 1110 1578 eﬂicitur
1148 1543 1161 1581 :
1196 1541 1386 1582 verum
1423 1545 1531 1584 non
1575 1530 1659 1585 sui
1693 1543 1907 1600 natura,
1941 1536 2034 1591 sed

462 1609 634 1664 uvalis
687 1613 857 1680 gratia
895 1615 1040 1683 quod
1072 1616 1174 1671 sibi
1207 1619 1513 1688 subjectum
1553 1630 1656 1686 est,
1702 1639 1733 1677 a
1776 1641 1885 1695 quo
1911 1642 2034 1681 cum

458 1698 611 1751 color
640 1699 759 1768 ejus
808 1700 1169 1769 adulteretur,
1216 1706 1430 1777 nigrum
1468 1724 1587 1765 esse
1620 1712 1853 1768 videtur.
1890 1715 2036 1772 Duas

459 1788 624 1857 igitur
673 1791 990 1858 tuniculas,
1050 1810 1307 1852 corneam
1360 1812 1416 1854 et
1465 1803 1828 1872 superiorem,
1883 1808 2034 1864 albas
2070 1797 2108 1850 Β

457 1895 578 1934 esse
612 1892 828 1939 constat
869 1903 882 1938 :
914 1886 1082 1957 nigrae
1118 1904 1249 1944 vero
1289 1892 1535 1960 totidem,
1565 1896 1873 1954 reticularis
1906 1917 2036 1955 uia-

458 1972 634 2043 lisque
656 1983 821 2044 sunt;
855 1976 923 2032 de
958 1994 1147 2035 earum
1180 1981 1365 2052 itaque
1400 1985 1611 2055 origine
1640 2028 1654 2052 ,
1696 2004 1759 2044 ac
1805 2006 2033 2046 numero

454 2064 769 2137 coloreque,
810 2085 1022 2128 necnon
1066 2091 1205 2146 quas
1251 2080 1641 2148 appellationes
1700 2086 2027 2151 sortiuntur,

454 2155 590 2212 satis
632 2160 964 2228 explicatum
1005 2176 1107 2222 est.

527 2248 722 2307 Restat
750 2255 830 2308 uti
883 2256 951 2310 de
992 2258 1317 2318 humoribus
1351 2266 1638 2319 oculorum
1678 2267 1881 2336 quibus
1926 2269 2027 2337 ipsi

453 2347 583 2394 sunt
603 2344 814 2410 praediti
840 2346 1202 2418 disseramus;
1225 2353 1324 2408 hos
1346 2354 1491 2409 enim
1517 2364 1625 2411 tres
1654 2372 1774 2413 esse
1800 2374 2029 2414 numero

452 2429 704 2488 dicimus.
743 2434 961 2493 Primus
996 2441 1215 2510 quidem
1248 2443 1452 2501 vitreus
1477 2446 1674 2500 humor
1708 2457 1813 2511 est,
1847 2450 1937 2517 qui
1973 2450 2025 2504 in

450 2519 632 2576 medio
654 2521 884 2582 visibilis
908 2536 1119 2584 meatus
1146 2532 1418 2597 consistit,
1443 2534 1585 2589 unde
1617 2536 1767 2591 nervi
1791 2538 2024 2604 sparsim

447 2612 611 2681 positi
645 2614 991 2674 reticulareni
1034 2622 1273 2678 tunicam
1313 2626 1674 2683 constituunt.
1716 2626 1814 2685 Hic
1844 2640 2023 2685 autem

448 2703 644 2760 humor
662 2706 867 2765 vitreus
893 2721 1263 2783 nuncupatur,
1296 2716 1440 2786 quod
1475 2733 1585 2787 pra:
1619 2719 1703 2774 sui
1730 2719 1875 2776 fluxu
1910 2730 2023 2776 tum

447 2795 663 2865 colore,
697 2808 810 2854 tum
855 2802 1247 2861 constitutione
1288 2807 1487 2862 vitrum
1537 2808 1753 2879 elligiet.
1797 2813 1879 2867 Ab
1921 2814 2024 2869 hoc

445 2887 607 2951 alius,
631 2891 725 2960 qui
746 2893 1046 2964 crystallini
1073 2911 1269 2953 nomen
1294 2898 1522 2966 obtinet,
1548 2902 1750 2957 humor
1772 2912 1877 2966 est,
1899 2904 2023 2961 inde

443 2979 717 3048 videlicet,
740 2984 885 3053 quod
910 2986 1101 3055 glaciei
1121 3003 1242 3058 qua:
1259 3004 1289 3043 a
1306 2988 1510 3046 Graecis
1531 2992 1863 3063 κρύσταλλος
1887 2995 2019 3050 dici-

443 3082 551 3137 tur,
592 3073 789 3130 similis
814 3076 905 3131 sit.
943 3078 1154 3147 Aquam
1190 3094 1428 3148 namque
1472 3080 1671 3150 frigore
1702 3097 2013 3141 concretam

442 3162 667 3229 glaciem
698 3174 845 3220 recte
867 3167 1091 3221 dixeris.
1126 3168 1275 3223 Talis
1307 3171 1576 3239 siquidem
1607 3174 1804 3230 humor
1824 3170 2012 3248 gla'ciei

441 3253 580 3320 ipsi,
617 3254 820 3310 coloris
859 3257 1378 3329 constitutionisque
1406 3262 1763 3322 similitudine
1787 3284 2013 3338 respon-

438 3342 549 3397 dct.
589 3341 689 3398 Hic
718 3354 902 3399 autem
952 3347 1147 3403 humor
1204 3350 1520 3408 dimidiatus
1550 3368 1674 3409 cum
1703 3358 1875 3412 vitreo
1911 3360 2013 3414 hu-

440 3450 626 3504 more,
680 3451 746 3493 ac
796 3438 1040 3494 vicissim
1098 3442 1391 3499 transﬁxus
1448 3444 1747 3503 confertur.
1794 3448 2013 3508 Tertius

436 3537 619 3583 autem
650 3529 847 3585 humor
872 3531 1015 3587 oculi
1044 3533 1216 3588 ovalis
1246 3535 1464 3601 dicitur,
1495 3539 1643 3607 quod
1673 3540 1857 3596 subtili
1890 3559 2012 3614 qua:

438 3621 491 3674 in
527 3636 631 3677 ovo
660 3632 744 3679 est
781 3631 835 3679 et
869 3626 1114 3682 candida:
1143 3628 1286 3698 parti
1313 3629 1510 3687 similis
1536 3640 1639 3686 est.
1670 3634 1739 3689 Et
1788 3636 2009 3706 quidem

437 3713 635 3771 hmnor
676 3716 881 3772 vitreus
940 3719 1143 3791 duplici
1195 3722 1318 3778 usui
1352 3723 1461 3795 62
1513 3728 2006 3785 accommodatur:

434 3822 560 3862 nam
604 3811 925 3881 crystallino
970 3820 1083 3868 tum
1112 3828 1347 3884 superne
1390 3817 1718 3889 obduciturj,
1766 3830 1878 3877 tum
1907 3823 2010 3893 ipsi

433 3900 757 3958 alimentum
785 3904 1050 3976 suggerit.
1114 3906 1185 3961 At
1222 3907 1396 3965 ovalis
1445 3920 1808 3983 praterquam
1860 3916 2008 3985 quod

432 3993 807 4061 crystallinum
834 3997 904 4052 ob
927 3997 1180 4055 assiduas
1208 4000 1453 4056 actiones
1483 4002 1869 4060 siccescentem
1893 4022 2009 4062 ma-

433 4078 653 4143 dcfacit,
680 4086 1147 4153 propugnaculum
1168 4088 1332 4143 etiam
1363 4088 1484 4159 ejus
1509 4100 1612 4158 est,
1638 4108 1706 4148 ne
1731 4094 1938 4151 scilicet
1955 4106 2009 4152 et

435 4170 489 4222 in
513 4169 844 4226 ambientem
873 4189 998 4230 aera
1027 4188 1248 4248 repente
1282 4180 1550 4248 incidens,
1588 4184 1655 4238 ab
1675 4184 1795 4254 ipso
1823 4187 2005 4256 aliqua

434 4274 500 4313 ex
524 4269 676 4329 parte
694 4260 1015 4332 laederetur;
1038 4267 1185 4335 talis,
1203 4271 1445 4340 inquam,
1470 4274 1643 4329 ovalis
1666 4275 1861 4332 humor
1878 4278 2006 4333 sub-

435 4353 544 4409 tilis
562 4363 619 4410 et
650 4369 848 4413 aereus
868 4355 1118 4422 habetur,
1137 4360 1215 4415 sic
1237 4372 1295 4415 ut
1321 4363 1524 4419 visibili
1548 4365 1762 4435 spiritui
1792 4383 1884 4437 per
1901 4385 2003 4439 pu-

2147 529 2253 595 ἔξω
2285 537 2517 604 πέμπει,
2557 537 2727 607 μηδὲν
2757 539 3145 608 ἐμποδίζοντος
3168 542 3248 612 τῷ
3273 542 3455 614 λύχνῳ
3486 546 3581 600 τοῦ
3616 548 3729 603 σώ-

2148 641 2319 694 ματος
2337 642 2351 659 ·
2382 627 2523 681 οὕτω
2565 629 2847 685 κάνταῦθα
2876 633 2904 683 6
2930 635 3302 705 κερατοειδὴς,
3332 636 3605 711 διαφανὴς
3626 640 3727 708 ὢν,

2145 717 2244 771 οὐκ
2269 719 2552 790 ἐμποδίζει
2579 721 2639 774 τὸ
2660 722 2884 777 ὀπτικὸν
2911 724 3131 797 πνεῦμα
3156 726 3319 794 διεξιε
3332 746 3435 783 ναι.
3458 730 3561 785 Διὰ
3590 733 3728 786 ταύ-

2143 828 2244 880 την
2280 812 2379 884 τὴν
2411 814 2593 868 αἰτίαν
2640 817 2735 870 καὶ
2769 818 2797 870 6
2837 817 3195 887 ἐπιπεφυκὼς
3234 821 3296 873 ού
3327 823 3511 877 πάντα
3562 840 3727 896 περι-

2143 904 2414 973 λαμϐάνει
2441 906 2533 960 τὸν
2572 909 2915 979 κερατοειδῆ,
2948 909 3084 964 ἀλλὰ
3121 912 3310 982 κυκλῷ
3335 915 3726 986 περισφίτγων

2143 997 2327 1064 αὑτὸν,
2359 997 2453 1051 καὶ
2485 1000 2933 1070 περιλαμϐάνων,
2968 1003 3167 1074 μοῖράν
3181 1020 3305 1057 τινα
3326 1005 3493 1059 αὑτοῦ
3527 1008 3725 1062 κυκλοο

2141 1089 2273 1159 τερῆ
2312 1090 2571 1160 ἀφίησιν·
2607 1093 2695 1147 ἵνα
2718 1092 2787 1146 δι’
2824 1094 2999 1164 αὐτῆς
3036 1094 3361 1169 ἐξακοντίζῃ
3395 1099 3460 1150 16
3492 1099 3725 1153 ὀπτικὸν

2143 1183 2383 1253 πνεῦμα.
2436 1184 2640 1239 Ὅτιδέ
2670 1187 2765 1240 καὶ
2814 1188 2845 1241 ὀ
2898 1189 3251 1259 κερατοειδης
3309 1190 3472 1259 φύσει
3529 1192 3724 1257 λευκός

2139 1275 2279 1346 ἐστι,
2306 1277 2465 1348 δῆλον
2495 1280 2559 1332 ἐκ
2581 1278 2674 1332 τοῦ
2701 1280 3078 1351 παχυνόμενον
3108 1282 3273 1335 αὑτὸν
3302 1282 3719 1338 λευκαίνεσθαι·

2142 1368 2444 1439 παχύνεται
2469 1370 2529 1423 δὲ
2557 1372 2614 1426 ἐν
2647 1374 2760 1436 τοῖς
2794 1371 3111 1441 λευκώμασι
3138 1387 3151 1402 °
3186 1374 3441 1441 φαίνεται
3478 1376 3540 1428 δέ
3565 1376 3721 1446 ὅμως

2147 1460 2335 1531 μέλας.
2376 1463 2436 1514 ού
2458 1462 2547 1517 διὰ
2576 1463 2675 1534 τὴν
2708 1465 2915 1519 οἰκείαν
2944 1464 3130 1535 φύσιν,
3158 1465 3277 1519 ἀλλ’
3314 1468 3396 1520 ὅτι
3421 1468 3722 1538 ὑποκείμε-

2142 1569 2231 1614 νος
2274 1552 2424 1621 αύτῷ
2487 1554 2516 1606 ὀ
2568 1554 2877 1625 ραγοειδης,
2934 1553 3145 1609 νοθεύει
3189 1556 3358 1612 αὐτοῦ
3392 1557 3456 1610 16
3494 1557 3719 1627 χρῶμα.

2142 1642 2294 1697 Εἰσὶν
2327 1642 2421 1699 οὖν
2449 1646 2499 1699 οἱ
2523 1646 2617 1700 δύο
2646 1646 2745 1718 μὲν
2767 1648 2975 1712 λευκοὶ,
2998 1649 3170 1719 ἧγουν
3194 1651 3223 1703 ὁ
3250 1650 3603 1729 κερατοειδὴς
3623 1648 3729 1704 καὶ

2138 1737 2166 1789 ὀ
2209 1739 2567 1809 ἐπιπεφυκὼς
2593 1758 2607 1771 ·
2650 1740 2883 1810 μέλανες
2915 1741 2972 1794 δέ
3004 1742 3055 1794 οἱ
3086 1741 3180 1795 δύο
3205 1758 3217 1772 ·
3258 1743 3287 1796 ὅ
3323 1760 3383 1795 τε
3448 1743 3729 1814 ἀμφιϐληο

2140 1830 2441 1902 στροειδὴς,
2478 1832 2572 1884 καὶ
2612 1832 2642 1883 6
2672 1832 2959 1903 ραγοειδής
2980 1849 2997 1866 ο
3034 1835 3164 1904 περὶ
3192 1833 3293 1904 μὲν
3332 1833 3376 1866 ⁸⁵
3406 1833 3515 1887 τῶν
3547 1835 3725 1903 χιτώο

2136 1940 2244 1975 νων
2289 1924 2388 1991 τῆς
2440 1940 2499 1975 τε
2532 1925 2840 1993 ἐκφύσεως,
2892 1925 2988 1978 καὶ
3015 1924 3111 1978 τοῦ
3164 1925 3427 1997 ἀριθμοῦ,
3485 1928 3582 1980 καὶ
3615 1926 3725 1994 τῆς

2134 2015 2325 2084 χρείας
2388 2015 2589 2081 αὐτῶν,
2643 2015 2741 2067 καὶ
2796 2016 2894 2086 τῆς
2949 2016 3250 2085 ὀνομασίας
3313 2018 3609 2088 αὐτάρκως
3640 2019 3725 2069 εἷο

2134 2122 2314 2176 ρηταμ

2206 2261 2468 2330 Εἴπωμεν
2503 2260 2559 2313 δέ
2600 2262 2642 2294 ¹⁵
2675 2260 2805 2331 περὶ
2842 2261 2951 2313 τῶν
2987 2262 3045 2314 ἐν
3074 2261 3261 2324 αὐτοῖς
3296 2263 3467 2315 ὄντων
3505 2263 3717 2333 ύγρῶψ

2131 2354 2237 2407 εἰσὶ
2284 2352 2340 2405 δέ
2380 2353 2447 2405 τὰ
2507 2353 2596 2406 τοῦ
2637 2352 2919 2424 ὀφθαλμοῦ
2968 2353 3113 2422 ὑγρά
3160 2353 3252 2407 16v
3285 2355 3517 2425 ἀριθμὸν
3558 2356 3720 2427 τρία.

2131 2446 2241 2498 Καὶ
2274 2444 2496 2515 πρῶτον
2534 2445 2635 2515 μέν
2674 2447 2791 2498 ἐστι
2840 2444 2900 2497 τό
2931 2445 3161 2509 ύελῶδες
3181 2464 3195 2476 ν
3221 2446 3247 2499 ὀ
3276 2447 3368 2499 καὶ
3407 2447 3448 2475 ¹⁶
3470 2448 3620 2499 κατὰ
3651 2449 3726 2500 τὸ

2133 2540 2297 2609 μέσον
2322 2538 2567 2607 ἔγκειται
2589 2538 2682 2592 τοῦ
2708 2537 2937 2592 ὀπτικοῦ
2972 2539 3141 2610 πόρου
3169 2557 3182 2569 ·
3214 2538 3329 2592 ὅθεν
3350 2539 3405 2592 αἱ
3432 2539 3718 2610 διεσπαρ-

2131 2633 2293 2703 μέναι
2325 2626 2439 2695 ἶνες
2467 2630 2683 2686 ποιοῦσι
2710 2630 2802 2684 τὸν
2829 2630 3355 2704 ὀιμφιϐληστροειὸῐηλ⁸
3390 2630 3619 2684 καλοῦσι
3652 2632 3722 2685 δὲ

2127 2723 2390 2788 ὐελῶδες
2422 2722 2581 2776 τοῦτο
2631 2722 2694 2776 16
2740 2722 2927 2793 ὑγρὸν,
2961 2724 3180 2795 ὅτιπερ
3231 2724 3274 2753 ¹⁷
3321 2723 3721 2793 παραπλήσιόν

2126 2819 2275 2871 ἐστιν
2310 2816 2473 2888 ὑέλῳ,
2508 2814 2653 2869 κατά
2674 2832 2734 2868 τε
2762 2814 2824 2868 16
2851 2815 3052 2886 χρῶμα
3085 2814 3179 2869 καὶ
3206 2815 3347 2871 κατὰ
3368 2814 3467 2879 τὴν
3500 2810 3713 2865 σύστα-

2128 2932 2232 2969 σιν.
2268 2915 2404 2968 Μετ’
2429 2912 2609 2965 ἐκεῖνο
2631 2909 2690 2963 δέ
2725 2910 2842 2962 ἐστι
2870 2909 2931 2961 16
2952 2906 3247 2978 λεγόμενον
3276 2908 3717 2976 κρυσταλλοει-

2123 3005 2226 3072 ὃὲς
2260 3006 2303 3037 ⁸⁸
2337 3005 2536 3075 ὑγρόν·
2571 3004 2664 3057 καὶ
2698 3001 2812 3072 ἔχει
2856 2999 3023 3053 αὐτοῦ
3067 2999 3167 3068 τὴν
3206 2996 3508 3068 ὀνομασίαν
3554 2996 3715 3066 παρὰ

2124 3098 2186 3151 16
2216 3097 2451 3151 ἐοικέναι
2483 3094 2810 3167 κρυστάλλῳ
2843 3095 2907 3126 ‘9'
2935 3091 3276 3164 κρύσταλλος
3308 3091 3354 3120 ²⁶
3379 3089 3437 3142 δέ
3464 3091 3584 3142 ἐστι
3612 3106 3713 3141 πε-

2126 3187 2302 3258 πηγὸς
2330 3186 2474 3256 ὓδωρ
2499 3203 2512 3216 ·
2549 3185 2695 3238 ἐοικε
2725 3184 2781 3237 δὲ
2811 3184 2987 3253 τούτῳ
3018 3180 3161 3236 κατά
3196 3198 3255 3233 τε
3286 3179 3347 3232 16
3375 3178 3582 3249 χρῶμα
3612 3177 3714 3229 καὶ

2122 3277 2265 3332 κατὰ
2295 3278 2393 3347 τὴν
2430 3276 2725 3330 σύστασιν·
2770 3274 3071 3346 συμϐάλλει
3102 3274 3159 3327 δὲ
3199 3272 3260 3326 τὸ
3283 3273 3461 3342 ἥμισυ
3499 3271 3567 3334 ³⁸,
3611 3271 3710 3322 καὶ

2121 3362 2233 3422 οἷον
2264 3368 2620 3439 ἐμπέπαρται
2666 3367 2728 3421 τὸ
2770 3366 3002 3431 ὑελῶδες
3034 3367 3199 3435 ὑγρὸν
3238 3365 3380 3435 μετὰ
3421 3364 3518 3417 τοῦ
3565 3380 3704 3435 κρυ-

2123 3457 2501 3522 σταλλοειδοῦς
2556 3461 2624 3514 ¹².
2662 3458 2906 3512 Ἔστιδέ
2959 3458 3053 3512 καὶ
3084 3458 3267 3528 τρίτον
3297 3456 3466 3528 ὑγρὸν
3516 3458 3575 3508 ἐν
3624 3456 3708 3525 τῷ

2118 3550 2415 3622 ὀφθαλμῷ·
2451 3552 2546 3605 καὶ
2592 3552 2842 3606 καλεῖται
2876 3550 3136 3617 ὡοειδὲς,
3182 3550 3334 3619 παρὰ
3366 3548 3430 3601 16
3462 3548 3705 3602 ἐοικέναι

2118 3646 2196 3716 τῷ
2231 3645 2417 3717 λεπτῴ
2446 3646 2540 3699 καὶ
2570 3644 2750 3716 λευκῷ
2788 3648 2855 3677 ¹²⁴
2884 3644 2979 3698 τοῦ
3003 3642 3134 3697 dicit.
3162 3642 3335 3714 Χρεία
3367 3642 3427 3695 δέ
3455 3641 3576 3693 ἐστι
3605 3636 3699 3693 τοῦ

2118 3737 2385 3801 ὑελώδους
2426 3738 2614 3808 διττή·
2671 3737 2903 3807 καὶγὰρ
2936 3736 3030 3791 καὶ
3069 3735 3420 3805 ὑπέστρωται
3443 3732 3525 3801 τῷ
3564 3747 3701 3801 κρυ⁴

2120 3827 2450 3881 σταλλοειδεῖ
2482 3829 2549 3894 ⁸³,
2594 3828 2691 3883 καὶ⁵
2719 3827 2911 3899 τρέφει
2948 3825 3102 3879 αὐτό.
3130 3823 3203 3876 T6
3232 3823 3288 3876 δέ
3335 3820 3555 3883 ὼοειδές
3581 3822 3698 3871 ἐπι-

2114 3920 2300 3990 τέγγει
2332 3938 2392 3973 τε
2438 3920 2499 3974 16
2542 3918 2991 3987 κρυσταλλοειδές
3044 3920 3110 3980 ⁸⁵,
3153 3912 3392 3984 συνεχῶς
3440 3910 3544 3964 ὑπὸ
3583 3910 3697 3963 τῶν

2113 4013 2407 4085 ἐνεργειῶν
2443 4013 2837 4083 ξηραινόμενον
2857 4026 2870 4038 ·
2910 4009 3051 4064 ἀλλὰ
3079 4008 3187 4080 μὴν
3222 4009 3319 4061 καὶ
3348 4004 3610 4076 πρόϐολος
3641 4004 3687 4035 ’³

2113 4106 2279 4160 αὑτοῦ
2315 4106 2564 4174 γίνεται,
2622 4108 2766 4159 ὥστε
2823 4104 2898 4175 μὴ
2946 4102 3171 4173 ἀμέσως
3220 4100 3354 4153 αὐτὸ
3401 4098 3478 4167 τῷ
3527 4094 3696 4166 πέριξ

2111 4195 2316 4269 ὁμιλῶν
2364 4200 2487 4271 ἀέρι
2524 4198 2860 4269 βλάπτεσθαι
2898 4196 2989 4250 ὑπ’
3019 4193 3207 4249 αὑτοῦ.
3245 4193 3402 4247 Ἔστι
3446 4191 3503 4244 δὲ
3531 4189 3693 4242 τοῦτο

2110 4291 2172 4345 16
2224 4292 2441 4355 ὠοειδές
2471 4290 2671 4345 λεπτὸν
2718 4290 2815 4344 καὶ
2845 4288 3108 4360 ἀερῶδες,
3158 4286 3234 4349 ὡς
3266 4285 3341 4357 μὴ
3370 4280 3690 4354 ἐμποδίζειν

2111 4381 2189 4450 τῷ
2219 4381 2433 4452 ὀπτικῷ
2462 4382 2736 4453 πνεύματι
2763 4379 3048 4451 φερομένῳ
3080 4377 3232 4450 παρὰ
3260 4376 3359 4448 τὴν
3389 4374 3584 4446 κόρην.
3617 4373 3694 4426 T6

433 4446 619 4515 pillam
646 4448 961 4517 procedenti
993 4450 1143 4505 nullo
1181 4452 1567 4522 impedimento
1598 4457 1686 4511 sit.
1723 4458 2004 4530 Crystalli-

2128 4446 2172 4528 is‘
2197 4446 2645 4545 κρυσταλλοειδές
2676 4475 2722 4506 ³⁸
2764 4446 2881 4527 ἐστι
2904 4446 3240 4544 μεσαίτατον
3273 4446 3684 4539 περιλαμϐανό-

432 4553 562 4593 num
591 4553 722 4595 vero
753 4540 1036 4597 humorem
1063 4583 1077 4608 ,
1111 4544 1347 4598 medium
1378 4546 1485 4599 duo
1512 4548 1704 4618 reliqui
1747 4551 2005 4608 humores

2111 4583 2293 4635 μενον⁹
2322 4565 2428 4618 ὑπὸ
2453 4566 2561 4619 τῶν
2588 4565 2682 4620 δύο
2706 4565 2889 4635 ὑγρῶν
2908 4564 3003 4618 καὶ
3022 4563 3131 4616 τῶν
3151 4560 3357 4615 λοιπῶν
3375 4557 3688 4630 εἰρημένων

430 4645 493 4683 ac
510 4644 633 4684 cum
657 4630 742 4686 his
769 4631 835 4687 de
858 4633 1057 4702 quibus
1073 4633 1310 4690 diximus
1333 4635 1588 4693 tuniculze
1604 4641 1935 4711 suscipiunt,
1951 4652 2005 4697 et

2128 4656 2385 4727 [ιτώνωψ
2442 4657 2539 4711 καὶ
2566 4657 2698 4711 αὐτό
2746 4660 2863 4712 ἐστι
2892 4658 2953 4710 16
3004 4652 3545 4723 ἀντιλαμϐανόμενον
3590 4648 3683 4702 καὶ

434 4723 552 4791 ipse
579 4733 663 4780 est
688 4725 780 4795 qui
809 4726 1038 4783 visibilis
1063 4728 1318 4798 potentia:
1337 4740 1539 4799 partes,
1574 4741 1628 4786 et
1652 4748 1775 4803 quae
1812 4735 2003 4805 primi-

431 4824 519 4870 tus
550 4827 843 4886 operantur
862 4819 1053 4875 obvius
1078 4822 1325 4887 suscipit.

499 4907 791 4965 Enimvero
830 4911 1061 4968 visibilis
1101 4914 1196 4984 qui
1248 4913 1302 4968 in
1344 4914 1518 4971 oculis
1559 4926 1641 4973 est
1685 4919 1930 4990 spiritus,
1966 4936 1997 4977 a

429 5000 656 5057 cerebro
692 5002 759 5057 ad
799 5006 1173 5076 crystallinum
1218 5004 1413 5069 fertur,
1454 5015 1505 5063 et
1540 5007 1808 5080 duplicem
1839 5010 1998 5067 ofﬁcii

429 5088 765 5147 {unctionem
820 5095 1037 5165 explet,
1082 5097 1306 5151 alteram
1345 5097 1598 5166 quidem,
1654 5101 1733 5154 uti
1781 5101 1999 5156 oculum

428 5183 647 5251 plenum
694 5184 916 5253 reddat,
969 5187 1129 5257 eique
1171 5187 1373 5258 justam
1428 5192 1853 5258 magnitudinem
1898 5195 2001 5250 im-

428 5277 733 5345 pcrtiatur,
791 5288 845 5334 et
904 5279 1193 5350 plurimam
1252 5279 1566 5336 distantiam
1630 5282 1826 5340 eiiiciat
1889 5302 1999 5357 quo

2104 4748 2217 4804 τῶν
2244 4748 2615 4820 πρωτουργῶν
2647 4749 2854 4821 μορίων
2885 4750 2930 4781 ²⁷
2958 4748 3054 4820 τῆς
3083 4747 3317 4817 ὀπτικῆς
3344 4742 3652 4813 δυνάμεως.

2176 4926 2251 4979 Τὸ
2273 4926 2334 4980 δέ
2362 4926 2587 4981 ὀπτικδν
2616 4926 2836 4998 πνεῦμα
2865 4925 2928 4979 16
2960 4926 3018 4979 ἐν
3062 4927 3176 4989 τοῖς
3203 4923 3532 4994 ὀφθαλμοῖς,
3575 4918 3680 4974 ἀπὸ
3746 4994 3758 5003 λ

2107 5018 2413 5087 ἐγκεφάλου
2449 5020 2493 5052 ’⁸
2518 5017 2746 5090 φέρεται
2776 5019 2837 5073 ἐν
2866 5018 3074 5084 αὐτοῖς,
3112 5018 3211 5071 καὶ
3254 5014 3441 5085 διττὴν
3477 5013 3677 5071 ἀποτε-

2108 5109 2191 5162 λεῖ
2214 5109 2313 5179 τὴν
2349 5109 2539 5182 χρείαν
2561 5127 2575 5142 ·
2616 5110 2747 5181 μίαν
2781 5110 2902 5182 μὲν,
2936 5110 3024 5164 ἵνα
3056 5109 3257 5179 πληροῖ
3284 5106 3375 5161 16v
3402 5101 3681 5174 ὀφθαλμὸν

2107 5202 2202 5253 καὶ
2239 5201 2403 5269 ὄγκον
2463 5203 2881 5273 ἀπεργάζηται·
2934 5204 3031 5257 καὶ
3089 5201 3354 5270 πλείστην
3405 5199 3537 5264 ποιῇ
3582 5194 3679 5265 τὴν

2106 5290 2418 5345 διάστασιν·
2458 5290 2533 5353 ὡς
2562 5292 2627 5346 ἂν
2661 5292 2736 5364 μὴ
2764 5294 2830 5347 δι’
2869 5292 3052 5363 ὀλίγου
3079 5294 3123 5325 ¹⁹
3151 5291 3230 5363 τῷ
3269 5289 3438 5361 πέριξ
3468 5288 3592 5359 ἀέρι
3618 5285 3680 5339 16

498 5449 545 5484 "
584 5452 682 5522 μὲν
724 5454 818 5507 οὖν
851 5450 892 5503 Β
923 5452 981 5506 Ρ.
1060 5456 1103 5487 ³⁸
1133 5457 1190 5509 δὲ
1233 5459 1416 5517 λοιπὸν
1457 5463 1550 5517 καὶ
1582 5463 1621 5517 Β
1651 5467 1714 5523 Ρ.
1793 5466 1832 5497 ¹⁶
1876 5466 1968 5519 καὶ
1998 5480 2109 5519 om.
2142 5469 2181 5519 Β
2215 5468 2273 5522 Ρ.
2353 5472 2391 5502 ³⁷
2440 5472 2521 5524 ὅτι
2574 5473 2856 5582 κεχυμένη)
2911 5470 2953 5523 Β
2982 5475 3023 5529 C
3049 5471 3107 5524 P.
3185 5472 3227 5503 ¹³
3265 5466 3678 5542 κρυσταλοειδές

514 5520 574 5573 οο
657 5524 699 5555 ⁸³
748 5523 1038 5582 κρυστάλω
1091 5528 1135 5581 Α
1172 5528 1212 5580 Β
1250 5529 1311 5582 C.
1389 5534 1434 5564 ³ο
1478 5534 1777 5582 κρύσταλοε
1826 5537 1995 5582 enim-
2028 5534 2088 5582 P-
2164 5539 2208 5570 ﬂ
2238 5539 2564 5582 σηηῆῧεηηο
2606 5543 2635 5582 δ
2709 5545 2900 5582 mi”...
2938 5545 3000 5582 ηλ
3048 5544 3220 5582 sum.
3258 5541 3296 5582 R
3337 5540 3392 5582 βε
3466 5543 3514 5573 υ
3547 5553 3674 5582 κου-

426 5515 470 5569 B
650 5523 1038 5609 ξ’,κριξστάλιρ
1091 5528 1135 5581 Α
1172 5528 1230 5609 Β⁸
1358 5515 1434 5609 3°
1478 5515 1777 5609 κρύστξιλος
2142 5515 2663 5609 Ῑξ-ςξυμϐάὶῗεταιηϐέ

429 5589 769 5656 σταλοειδοῦς
789 5589 798 5593 ⁷
819 5594 885 5656 Α,

2709 5540 2900 5597 τούτου
2938 5545 3000 5597 τὸ
3048 5544 3220 5613 ἣμισυ
3258 5540 3397 5594 ΒΡ.
3466 5543 3514 5613 ξ’
3547 5553 3674 5613 κρυ-

1092 5578 1135 5581 --
1172 5578 1203 5580 -
1257 5578 1311 5585 ...
1480 5578 1511 5586 .-
1555 5578 1746 5590 --.ν-η..
1830 5578 1995 5591 υνυν-
2028 5578 2047 5588 ι-
2076 5578 2088 5589 ι
2240 5578 2301 5591 νυ
2353 5578 2477 5594 νέαις
2495 5578 2567 5595 sur.
2606 5578 2663 5597 υς.
2719 5578 2900 5597 ιυυυυν
2950 5578 3000 5597 νυ
3055 5578 3066 5596 ο
3136 5578 3220 5595 ιυυ
3258 5578 3296 5593 υ
3334 5578 3354 5593 ι
3382 5580 3397 5594 ι
3548 5578 3643 5618 ’Ἶζν

943 5578 1324 5682 σξληροείδοῦς
1358 5600 1418 5654 Β.
1499 5578 1566 5635 ἦ·
1597 5604 1673 5675 τῷ
1707 5578 1857 5669 ἐν’τός
1906 5607 1998 5682 κα)
2042 5607 2216 5677 λευκῴ
2240 5578 2348 5682 1).“:
2408 5612 2453 5682 τε*
2484 5613 2888 5682 κρυσταλοειδεί
2931 5578 3130 5668 Codd]?
3172 5612 3217 5643 ”
3265 5607 3674 5682 κρυσταλοειοές

426 5655 596 5760 fmilia}.
673 5662 765 5760 ’λδ
793 5662 961 5760 «ﬁeri.
984 5655 1370 5760 β,’πρόϐ>.ημα
1400 5672 1459 5727 r.
1537 5674 1581 5707 ιο
1610 5655 2259 5746 ἦν’άτᾶἱοεῐδὲςῦὸἐξέῑῇ
2287 5655 2348 5709 ἐν
2380 5679 2436 5733 τδ
2468 5655 3157 5754 τζτξσᾷἐᾶξῇἦὲξΓξιόὲῖοΉ.
3236 5655 3675 5760 εἶὲιὲῖῖἱέὲέῥᾶξ

424 5722 516 5777 λου
548 5725 609 5781 Β.
687 5730 729 5761 ¹⁹
772 5722 889 5798 μηδ’
916 5722 1095 5800 ὀλίῨσν
1122 5722 1188 5792 Ᾰ.
