4066 6214
257 430 268 446 ε
363 409 505 465 H69

1604 394 1693 450 DE
1733 393 2021 450 NATUKA
2062 390 2374 448 IIOMINIS.

3464 378 3602 431 H70

362 517 582 582 ῶοειδὶς
613 515 785 588 ὑγρὸν
809 517 972 588 ὁμιλῇ
1018 519 1060 550 ³ο
1081 534 1095 550 ο
1128 517 1389 588 δευτέραν
1422 516 1499 582 δὲ,
1544 515 1632 568 ἵνα
1662 514 1934 579 ἐξακοντι-

2042 511 2224 566 ovalis
2276 509 2473 562 humor
2526 518 2633 557 non
2680 501 2937 571 paulatim
2994 511 3057 550 ac
3105 509 3200 564 per
3248 504 3427 563 partes
3484 510 3603 548 cum

361 610 591 682 ζομένου
624 603 670 642 ³(
695 610 759 661 ἑκ
780 608 880 677 τῆς
923 609 1089 679 κόρης
1132 624 1487 677 γινωσκωμεν
1535 606 1809 678 μακρόθεν
1839 603 1936 664 τὰς

359 703 468 756 τῶν
498 698 779 769 αἰσθητῶν
835 700 1104 769 σωμάτων
1157 700 1298 763 ἰδέας
1326 717 1382 752 τε
1436 703 1532 751 καὶ
1585 696 1803 768 χρείας·
1842 696 1935 749 καὶ

358 793 445 845 ἵνα
477 794 504 845 6
530 788 809 860 ὀφθαλμὸς
862 788 1046 860 ἀλλοιῇ
1098 788 1291 854 ταῦτα,
1324 788 1417 842 καὶ
1460 785 1933 858 διαπορθμεύηται

357 879 511 951 παρὰ
538 879 599 932 τὸ
631 878 1081 951 κρυσταλλοειδὲς
1115 880 1157 911 ³⁸
1190 879 1223 949 ἡ
1260 878 1464 933 τούτων
1512 878 1706 948 χροιά·
1755 877 1851 930 καὶ
1891 876 1934 909 ³³

357 970 634 1040 ὲπικρίνει
662 971 719 1023 δε
749 968 924 1023 ταῦτα
953 969 1029 1033 ῶς
1075 969 1329 1038 βασιλεὺς
1354 971 1383 1023 ὀ
1422 971 1745 1037 ἐγκέφαλος.
1786 967 1934 1039 Πλὴν

357 1060 642 1115 καὶτοῦτο
695 1060 778 1113 δεῖ
818 1058 1041 1125 εἰδέναι,
1086 1060 1169 1113 ὅτι
1214 1060 1265 1114 oi
1315 1060 1519 1132 μικρὰν
1572 1061 1787 1130 ἔχοντες
1834 1059 1934 1131 τὴν

359 1153 529 1222 κόρην
570 1153 667 1204 τοῦ
711 1150 997 1221 ὀφθαλμοῦ
1053 1152 1119 1205 ὲκ
1166 1153 1414 1223 γενετῆς,
1464 1144 1607 1206 οὗτοι
1635 1150 1683 1182 ³⁸
1730 1150 1933 1221 μᾶλλον

358 1244 721 1312 τυγχάνουσιν
744 1242 1148 1313 όξυωπὲστεροι
1166 1241 1272 1297 τῶν
1292 1244 1391 1307 τὰς
1414 1241 1658 1315 μεγάλας
1678 1241 1930 1312 ἐχόντων·

358 1331 548 1401 ἐπειδὴ
569 1332 629 1384 τὸ
658 1330 875 1401 πνεῦμα
897 1330 959 1383 τὸ
988 1331 1210 1384 όπτικδν
1230 1331 1290 1395 ἐξ
1312 1329 1481 1398 αὐτῆς
1515 1329 1654 1400 μετὰ
1683 1328 1861 1400 ῥύμης
1887 1330 1932 1361 ³⁵

359 1421 873 1491 ἐξακοντιςόμενον,
945 1421 1041 1475 καὶ
1118 1421 1368 1493 μηδαμοῦ
1437 1421 1738 1491 χεόμενον,
1797 1420 1932 1486 ὅπερ

361 1512 651 1582 συμϐαίνει
682 1513 774 1565 ἐπὶ
811 1514 913 1582 τῆς
965 1514 1210 1584 μεγάλης
1265 1515 1455 1582 κόρης,
1507 1511 1754 1583 ἀκριϐῶς
1783 1512 1932 1565 ἀντι-

359 1601 696 1671 λαμὸάνεται
727 1600 837 1654 τῶν
857 1600 1151 1672 αἰσθητῶν,
1170 1602 1265 1655 καὶ
1289 1600 1396 1654 τῶν
1420 1602 1608 1671 πόρρω
1637 1599 1928 1670 κειμένων.

2037 601 2309 656 ambiente
2340 613 2463 652 aere
2520 595 2768 654 uuiatur',
2810 600 2972 660 atque
3015 587 3342 650 conveniat,
3379 586 3606 639 alteram

2036 704 2198 755 vero,
2249 704 2358 758 quo
2407 700 2531 741 eum
2586 681 2814 737 visibilis
2863 680 3089 749 spiritus
3135 686 3286 731 extra
3332 692 3360 728 ο
3408 675 3609 744 pupilla

2036 780 2369 851 cjaculatur,
2411 775 2707 831 visibilium
2760 785 2940 825 rerum
2995 767 3328 823 substantias
3379 765 3612 819 colores-

2036 888 2144 941 que
2173 872 2386 927 eminus
2410 869 2573 923 etiam
2618 861 3074 934 deprehenderet;
3131 866 3390 928 praeterea
3421 856 3609 921 etiam,

2038 964 2115 1017 uti
2167 961 2361 1018 oculus
2413 962 2528 1029 ipse
2592 972 2653 1013 ea
2716 955 2784 1010 ad
2838 951 3215 1022 crystalllnum
3271 948 3362 1003 ubi
3421 947 3606 1002 talium

2039 1070 2169 1110 usus
2203 1061 2291 1110 est.
2326 1053 2552 1107 alterata
2584 1047 2807 1112 reddat,
2852 1055 3013 1115 atque
3059 1042 3298 1113 trajiclat
3361 1060 3375 1096 :
3416 1055 3605 1095 verum

2036 1161 2099 1200 ea
2154 1145 2439 1200 cerebrum
2486 1140 2630 1212 regis
2675 1137 2795 1193 vice
2832 1135 3111 1192 discernit.
3159 1134 3384 1197 Tamen,
3415 1139 3469 1186 et
3507 1132 3612 1186 hoc

2036 1238 2177 1293 scire
2202 1252 2340 1307 opus
2366 1243 2484 1300 est;
2518 1232 2612 1304 qui
2646 1230 2900 1301 exiguam
2930 1243 2959 1281 a
2989 1227 3165 1297 primo
3193 1234 3315 1279 ortu
3351 1224 3608 1294 pupillam

2035 1328 2359 1390 sertiuutur,
2391 1325 2445 1379 hi
2484 1323 2727 1379 acutiore
2757 1322 2899 1387 visu,
2938 1335 3101 1390 quam
3148 1318 3240 1389 qui
3292 1317 3610 1389 grandiores

2034 1419 2232 1473 habent
2303 1416 2510 1488 prrediti
2580 1424 2744 1480 sunt;
2824 1412 3133 1482 quoniam,
3190 1425 3313 1466 cum
3379 1407 3608 1463 visibilis

2036 1508 2258 1576 spiritus
2284 1523 2380 1577 per
2398 1506 2635 1578 regulam
2676 1512 2832 1559 extra
2864 1502 3199 1572 ejaculetur,
3242 1514 3342 1554 nec
3375 1497 3605 1567 sparsim

2034 1597 2198 1670 (quod
2222 1597 2412 1666 majori
2442 1597 2658 1668 pupillae
2681 1595 2899 1651 evenire
2921 1592 3078 1660 solet)
3106 1592 3232 1646 hinc
3262 1589 3385 1644 inde
3412 1588 3606 1652 fertur,

2034 1694 2247 1742 sensata
2281 1688 2397 1757 ipsa
2432 1687 2685 1757 longiore
2713 1687 2841 1741 item
2871 1684 3129 1740 distantia
3154 1682 3326 1753 posita
3389 1694 3610 1735 accura-

2034 1780 2142 1835 tius
2195 1781 2625 1848 comprehcndit.

430 1864 662 1932 Ἰδωμεν
691 1862 749 1916 δὲ
784 1862 906 1929 πῶς
937 1863 1149 1932 γίνεται
1178 1861 1238 1917 τὸ
1269 1864 1437 1936 μέλαν
1488 1864 1705 1935 χρῶμα,
1742 1866 1836 1918 καὶ⁸
1869 1864 1929 1917 τὸ

2096 1869 2361 1927 Praeterea
2426 1887 2661 1941 quonam
2725 1880 2885 1941 pacto
2953 1870 3106 1940 niger
3185 1868 3480 1936 albusque,
3547 1880 3611 1919 ac

358 1954 594 2023 γλαυκὸν
625 1954 694 2019 ³⁸,
724 1956 819 2007 καὶ⁵
844 1956 912 2008 τὰ
943 1955 1107 2009 λοιπὰ
1137 1955 1336 2009 πάντα.
1371 1957 1413 2007 Τ
1416 1957 1444 2009 6
1483 1956 1662 2009 τοίνυν
1694 1956 1931 2024 γλαυκὸν

357 2046 558 2116 χρῶμα
582 2045 795 2114 γίνεται
826 2046 969 2099 κατὰ
996 2047 1094 2116 μὲν
1119 2047 1274 2115 γένος
1303 2046 1392 2099 διὰ
1421 2045 1514 2100 δύο
1534 2046 1722 2100 αἰτίων
1744 2085 1758 2112 ,
1790 2047 1932 2099 κατὰ

355 2138 413 2191 δὲ
441 2132 584 2199 εἶδος
611 2135 701 2189 διὰ
743 2136 1032 2206 τέσσαρας.
1079 2136 1241 2190 Κατὰ
1284 2138 1441 2204 γένος
1474 2138 1572 2207 μὲν
1605 2137 1717 2200 οὖν,
1748 2138 1834 2191 διὰ
1870 2138 1932 2190 τὺ

359 2226 835 2299 κρυσταλλοειδὲς,
869 2228 966 2280 καὶ
999 2226 1060 2279 τὸ
1094 2226 1312 2290 ὼοειδὲς
1369 2227 1534 2298 ὑγρόν
1563 2242 1575 2257 ’
1630 2229 1750 2281 κατ’
1793 2224 1933 2292 εἶδος

358 2319 439 2383 δὲ,
474 2320 618 2371 κατὰ
648 2317 745 2389 μὲν
776 2318 873 2390 τὴν
907 2318 1064 2387 ῶῶδη
1099 2320 1143 2351 "
1174 2319 1450 2391 ὑγρότητα
1482 2321 1763 2390 μοναχῶςο
1795 2320 1935 2375 κατὰ

360 2410 418 2463 δὲ
456 2410 517 2463 τὸ
548 2409 998 2480 κρυσταλλοειδὲς
1026 2410 1258 2481 τριχῶς·
1284 2411 1344 2464 τὸ
1378 2411 1488 2483 γὰρ
1516 2412 1699 2476 ὼῶδες
1733 2412 1765 2483 ἢ
1798 2412 1932 2467 πολύ

362 2502 532 2565 ἐστιν,
576 2499 607 2569 ἢ
636 2500 813 2568 ὀλίγον
834 2519 847 2533 ·
891 2501 986 2554 καὶ
1016 2502 1048 2572 ἢ
1083 2501 1345 2572 καθαρὸν,
1381 2502 1413 2572 ἢ
1441 2502 1809 2573 τεθολωμένον
1835 2521 1848 2534 ’
1886 2505 1934 2557 εἰ

366 2589 465 2658 μὲν
491 2585 583 2643 οὖν
617 2590 752 2643 πολύ
799 2592 913 2643 ἐστι
953 2590 1015 2643 τὸ
1047 2588 1225 2653 ὠῶδες
1256 2591 1444 2660 ὑγρὸν,
1478 2593 1621 2643 ποιεῖ
1642 2592 1734 2645 τὸν
1766 2593 1936 2661 γλαυι

364 2681 460 2734 κδν
516 2681 814 2752 ὀφθαλμὸν,
861 2683 958 2737 καὶ
1003 2682 1161 2751 ὀλίγη
1221 2682 1431 2751 γίνεται
1486 2685 1519 2755 ἡ
1578 2685 1707 2754 παρ’
1769 2684 1934 2739 αὑτοῦ

364 2771 654 2843 ἔκλαμψις,
686 2773 824 2827 διότι
871 2773 1164 2844 βαθύνεται
1192 2775 1253 2828 τὸ
1283 2776 1732 2845 κρυσταλλοειδὲς
1771 2778 1935 2848 ὑγρὸν

364 2864 458 2918 καὶ
483 2867 515 2935 ἡ
548 2866 706 2937 κόρη.
740 2865 912 2920 Τοῦτο
939 2868 996 2921 δὲ
1037 2868 1134 2921 xui.
1167 2868 1261 2922 ἐπὶ
1290 2869 1488 2941 λίμνης
1507 2871 1726 2925 ’ὑδάτων
1754 2872 1867 2945 ἴδῃς
1890 2873 1935 2906 ³⁸

361 2957 688 3026 γινόμενον·
737 2957 806 3011 τὰ
833 2957 943 3029 γὰρ
974 2958 1033 3013 ἐν
1081 2958 1234 3029 βάθει
1285 2960 1458 3030 αὐτῆς
1476 2964 1608 3033 όρᾷν
1657 2963 1716 3015 οὐ
1779 2963 1937 3017 δυνά-

363 3046 503 3117 μεθα
530 3064 545 3079 ο
575 3049 637 3101 οὐ
680 3048 788 3121 μὴν
811 3050 921 3105 οὐδ’
983 3051 1033 3103 εἰ
1075 3049 1445 3122 τεθολωμένον
1492 3053 1600 3123 εἴη,
1635 3054 1937 3125 ἐπιτήδειόν

360 3138 759 3203 ἐπιδέξασθαι
794 3139 996 3213 χρῶμα
1032 3141 1093 3195 τὸ
1128 3142 1358 3197 οἱονοὶν.
1399 3143 1571 3197 Τοῦτο
1597 3145 1708 3216 γὰρ
1734 3146 1829 3199 καὶ
1868 3146 1936 3199 τὰ

360 3227 561 3299 θολερὰ
597 3229 707 3284 τῶν
739 3232 949 3288 ὑδάτων
982 3233 1195 3288 ποιοῦσι
1226 3233 1320 3289 καὶ
1363 3234 1561 3306 ἰλυώδη
1597 3238 1664 3300 ³⁸,
1701 3237 1774 3308 μὴ
1804 3254 1934 3306 συγ⁸

362 3322 645 3393 χωροῦντα
674 3323 774 3386 τὰς
808 3325 1035 3387 ἀκτῖνας
1064 3325 1160 3378 τοῦ
1201 3326 1378 3397 φωτὸς
1411 3326 1478 3380 δι’
1522 3327 1699 3381 αὐτῶν
1730 3328 1935 3400 διέρχε-

361 3412 486 3465 σθαι
532 3413 788 3485 καθαρῶς
825 3429 839 3445 ·
912 3414 1053 3469 ῶστε
1104 3417 1228 3471 ὅσον
1286 3417 1380 3471 ἐπὶ
1435 3418 1496 3471 16
1555 3418 1770 3483 ὼοειδὲς
1906 3423 1934 3474 6

359 3503 661 3576 ὀφθαλμὸς,
689 3505 950 3560 τοσοῦτον
994 3508 1089 3561 καὶ
1130 3508 1370 3578 γλαυκός
1400 3509 1547 3563 ἐστι·
1583 3509 1666 3563 δεῖ⁹
1711 3504 1803 3563 οὖν
1840 3513 1933 3564 καὶ

360 3594 670 3664 ὀλιγότητος
709 3597 886 3669 τούτῳ
932 3598 980 3631 ⁵⁸
1021 3598 1118 3653 καὶ
1168 3599 1565 3670 καθαρότητος.
1620 3602 1718 3654 Διὰ
1764 3602 1820 3654 δὲ
1874 3603 1934 3654 16

362 3685 804 3753 κρυσταλλοειδὲς
838 3690 1051 3757 γίνεται
1080 3690 1319 3756 γλαυκὸς
1345 3691 1374 3743 6
1394 3690 1690 3761 ὀφθαλμὸς,
1724 3695 1805 3746 δτι
1830 3695 1934 3762 φύ-

363 3791 449 3827 σει
483 3774 732 3846 λαμπρόν
764 3781 902 3844 ἐστι,
937 3782 1033 3834 καὶ
1064 3780 1414 3849 καταλάμπει
1449 3780 1569 3835 ὅλον
1613 3784 1704 3835 τὸν
1733 3783 1934 3851 ὀφθαλ-

365 3865 465 3935 μόν
485 3881 499 3893 °
526 3866 557 3935 ἢ
583 3867 835 3940 λαμπρὸν
865 3870 965 3939 μὲν
995 3871 1095 3924 οὐκ
1124 3871 1273 3924 ἔστιν
1292 3870 1463 3923 ἐνίοτε
1491 3871 1551 3924 16
1575 3872 1759 3942 ὑγρὸν,
1792 3875 1934 3943 μέγα

361 3957 451 4010 δέ’
504 3959 599 4011 καὶ
641 3960 730 4013 διὰ
761 3960 822 4013 τὸ
866 3961 1100 4031 μέγεθος
1135 3961 1234 4031 τὴν
1276 3963 1447 4033 αὐτὴν
1497 3963 1655 4017 πάλιν
1704 3967 1935 4018 ποιεῖται

362 4048 654 4119 ἔκλαμψιν,
687 4051 780 4104 καὶ
813 4052 1052 4119 γλαυκὸς
1084 4052 1297 4119 γίνεται
1320 4055 1347 4106 ό
1374 4053 1674 4125 ὀφθαλμός.
1709 4057 1779 4107 Ἢ
1807 4055 1932 4109 οὔτε

365 4140 510 4209 μέγα
554 4142 672 4195 ἐστὶ
714 4144 775 4196 τὸ
832 4145 1022 4215 ὑγρὸν,
1074 4144 1198 4197 οὔτε
1254 4145 1486 4216 μικρόν·
1545 4145 1817 4216 ἐνδέχεται
1876 4147 1934 4201 δὲ

363 4235 614 4304 προπετῆ
644 4235 741 4306 τὴν
775 4236 927 4290 θέσιν
963 4232 1102 4291 εἶναι
1147 4236 1259 4290 τῶν
1295 4237 1590 4307 ὀφθαλμῶν
1626 4238 1693 4302 ⁸⁸,
1722 4240 1817 4293 καὶ
1847 4239 1933 4294 διὰ

362 4323 520 4376 τοῦτο
560 4326 871 4381 δείκνυσθαι
908 4328 999 4381 τὸν
1040 4328 1319 4398 ὀφθαλμὸν
1370 4328 1607 4397 γλαυκὸν
1658 4331 1754 4383 καὶ
1802 4348 1935 4399 προ-

364 4416 524 4485 πετῆ.
557 4417 620 4470 Εἰ
655 4418 755 4488 μὲν
795 4414 890 4473 οὖν
920 4419 1137 4474 ἅπαντα
1183 4420 1361 4475 ταῦτα
1407 4422 1556 4492 παρῆ
1590 4422 1659 4485 ⁸³.
1700 4422 1934 4491 γλαυκὸς

2033 1975 2222 2017 omnes
2261 1961 2349 2015 alii
2386 1961 2593 2016 colores
2619 1961 2758 2016 oculi
2791 1961 2943 2023 fiant,
2992 1958 3341 2014 considerare
3372 1966 3606 2027 Oportet.

2031 2052 2202 2109 Albus
2263 2052 2444 2121 itaque
2494 2052 2634 2107 oculi
2712 2052 2885 2114 color,
2944 2065 3139 2121 genere
3204 2050 3421 2119 quidem
3477 2047 3611 2101 dua-

2032 2144 2134 2198 bus
2186 2143 2253 2199 de
2304 2143 2504 2208 causis,
2548 2143 2727 2213 specie
2782 2157 2911 2196 vero
2952 2151 3185 2211 quatuor
3229 2141 3305 2193 llt.
3346 2138 3479 2193 Nam
3521 2153 3609 2208 ge-

2035 2248 2164 2287 nere
2212 2234 2558 2304 crystallinus
2602 2233 2882 2302 ovalisque
2934 2232 3082 2286 color
3124 2246 3289 2285 causa
3318 2239 3437 2294 cst;
3488 2244 3609 2298 quze

2035 2332 2217 2378 autem
2248 2323 2315 2377 ad
2333 2323 2568 2392 speciem
2584 2324 2837 2389 attinent,
2853 2337 2960 2376 una
2982 2322 3245 2377 duntaxat
3262 2336 3426 2375 causa
3439 2318 3610 2374 ovalis

2036 2415 2253 2480 humor,
2278 2414 2621 2483 erystalliuus
2649 2429 2775 2468 vero
2802 2414 2991 2483 triplex
3019 2421 3119 2467 est.
3152 2412 3214 2466 Et
3239 2412 3476 2481 quidem,
3503 2426 3609 2480 qua

2036 2507 2102 2561 ad
2138 2508 2348 2560 ovalem
2369 2506 2653 2561 humorem
2670 2506 2879 2572 attinet,
2906 2506 2949 2562 si
2977 2505 3091 2575 ipse
3111 2504 3379 2575 plurimus
3392 2504 3473 2557 vel
3490 2503 3607 2557 exi-

2037 2614 2196 2668 guus,
2232 2600 2344 2653 sive
2379 2614 2551 2668 purus
2581 2599 2664 2653 vel
2701 2600 2951 2654 turbidus
2986 2597 3241 2653 fuerit.Si
3264 2597 3609 2668 igiturovalis

2038 2688 2237 2742 humor
2280 2687 2548 2755 plurimus
2592 2687 2773 2750 fuerit,
2810 2688 3029 2742 cmsium
3062 2687 3280 2741 oculum
3316 2688 3475 2740 efﬁcit
3515 2687 3609 2756 qui

2033 2778 2141 2849 63
2178 2778 2394 2831 modico
2432 2777 2719 2832 admodum
2752 2777 3039 2848 splendore
3065 2776 3343 2844 pricfulgel
3364 2792 3428 2829 co
3464 2776 3609 2845 quod

2037 2870 2238 2923 humor
2262 2869 2629 2937 crystallinus,
2651 2869 2961 2939 pupillaque
2990 2869 3103 2937 ipsa
3127 2883 3223 2922 ceu
3254 2868 3307 2922 in
3341 2866 3609 2936 profundo

2035 2959 2209 3028 posita
2231 2967 2561 3026 cernuntur;
2591 2960 2747 3030 cujus
2775 2959 2849 3015 rei
2875 2959 3183 3029 exemplum
3217 2959 3268 3012 in
3289 2973 3610 3027 quocunque

2038 3058 2229 3122 stagno
2278 3050 2433 3106 facile
2483 3052 2716 3121 patebit;
2743 3067 2887 3117 nam,
2920 3067 3041 3122 quae
3088 3052 3142 3105 in
3170 3052 3289 3121 ejus
3319 3053 3429 3106 imo
3458 3059 3606 3117 sunt,

1964 3182 2006 3241 Ο
2039 3142 2353 3211 neutiquam
2397 3158 2427 3198 a
2465 3144 2620 3199 nobis
2668 3144 2817 3199 cerni
2874 3151 3102 3213 queunt.
3153 3143 3292 3197 Tum
3346 3143 3391 3198 si
3451 3143 3605 3197 illum

2042 3228 2319 3285 turbidum
2374 3245 2495 3287 esse
2525 3230 2835 3302 contigerit,
2870 3232 3069 3287 coloris
3108 3234 3342 3303 speciem
3372 3233 3609 3302 aliquam

2040 3322 2316 3391 suscipere
2374 3322 2523 3377 nullo
2580 3333 2738 3393 pacto
2801 3331 2996 3393 potest.
3058 3322 3213 3389 Quod
3270 3323 3322 3377 in
3381 3323 3611 3378 turbidis

2039 3410 2430 3483 lutulentisque
2492 3413 2648 3483 aquis
2690 3416 2909 3470 evenire
2964 3415 3239 3470 cernimus
3283 3414 3417 3470 :hm
3462 3415 3608 3470 enim

2040 3504 2161 3572 puri
2223 3505 2446 3560 luminis
2479 3506 2644 3561 radiis
2679 3506 3119 3578 impenetrabiles
3176 3509 3329 3561 fiunt.
3381 3506 3605 3576 Itaque,

2041 3597 2287 3650 caesietas
2324 3596 2489 3661 oeuli,
2533 3612 2637 3666 qua
2686 3596 2752 3650 ad
2784 3599 2995 3653 ovalem
3054 3599 3338 3651 humorem
3374 3598 3602 3663 attinet,

2040 3697 2151 3742 tum
2179 3688 2504 3757 paucitatem
2539 3689 2817 3756 humoris,
2849 3701 2960 3746 tum
2989 3692 3356 3746 sinceritatem
3394 3690 3606 3746 deside—

2038 3787 2142 3832 rat.
2187 3778 2291 3833 Sed
2332 3787 2386 3833 et
2438 3794 2467 3833 a
2520 3781 2837 3851 crystallina
2883 3782 3113 3836 humore
3158 3779 3352 3834 cwsius
3415 3779 3606 3833 oculus

2040 3870 2133 3933 fit,
2188 3870 2281 3939 qui
2322 3870 2504 3925 clarus
2543 3881 2739 3927 natura
2778 3874 3179 3943 Splendensque
3208 3881 3309 3936 ρει,
3348 3885 3411 3924 ac
3435 3878 3606 3924 totum

2039 3964 2317 4022 illustratus
2341 3968 2584 4023 oculum.
2618 3968 2674 4023 Si
2712 3969 2887 4037 ipsum
2922 3966 3291 4035 crystalliuum
3321 3964 3603 4018 humorem

2039 4074 2146 4113 non
2189 4060 2552 4130 splendidum,
2601 4070 2653 4115 et
2690 4061 2917 4115 multum
2974 4072 3095 4113 esse
3148 4057 3472 4127 quandoque
3510 4069 3607 4109 ac-

2039 4150 2250 4218 ciderit,
2298 4167 2366 4207 ex
2415 4151 2517 4207 liae
2568 4150 2815 4207 humoris
2871 4150 3046 4219 copia,
3115 4148 3365 4204 eumdem
3428 4153 3605 4202 totum

2040 4242 2292 4313 splendor
2332 4242 2523 4307 efficit,
2561 4253 2616 4299 et
2665 4242 2810 4298 czesii
2861 4242 3004 4297 oculi
3052 4241 3369 4297 constitutio
3419 4240 3494 4293 fit.
3540 4237 3609 4293 Et

2040 4333 2088 4389 si
2129 4333 2245 4404 ipse
2284 4334 2484 4387 humor
2521 4349 2619 4388 nec
2648 4331 3041 4403 magnitudine,
3073 4347 3170 4386 nec
3195 4330 3463 4401 paucitate
3490 4342 3621 4382 mo-.

2039 4424 2169 4479 dum
2206 4425 2453 4491 excedit;
2495 4435 2547 4479 et
2597 4424 2742 4480 oculi
2794 4424 2959 4479 situm
3011 4423 3264 4478 decenter
3293 4417 3606 4487 prominen-

364 4506 573 4573 γίνεται
611 4510 640 4561 ὀ
683 4509 992 4581 ὀφθαλμόςο
1025 4513 1075 4566 εἰ
1114 4513 1173 4567 δὲ
1212 4513 1432 4568 ἐναντία
1465 4513 1694 4581 τούτων,
1720 4516 1933 4584 γίνεται

2041 4523 2147 4571 tem
2191 4530 2311 4571 esse
2360 4513 2662 4588 contingit;
2712 4524 2876 4585 atque
2925 4515 3026 4567 hac
3067 4512 3132 4566 de
3182 4524 3349 4565 causa
3408 4507 3606 4562 caesius

368 4598 558 4667 μέλας.
588 4599 650 4653 ΕΞ
677 4601 735 4655 δέ
761 4620 881 4657 τινα
908 4603 1007 4674 μὲν
1045 4605 1193 4677 παρῆ
1223 4605 1292 4671 ⁸⁸,
1321 4605 1444 4659 τινὰ
1476 4606 1532 4660 δὲ
1565 4606 1659 4678 μὴ,
1687 4609 1741 4662 αἱ
1768 4609 1931 4678 μέσαι

362 4689 570 4745 τούτων
600 4695 774 4747 πᾶσαι
802 4695 1041 4763 γίνονται
1069 4696 1326 4768 διαφοραὶ
1354 4698 1462 4750 τῶν
1482 4697 1798 4768 ὀφθαλμῶν.
1826 4701 1931 4754 Πο-

362 4779 738 4849 λυφωτότατος
771 4784 829 4837 δέ
862 4786 977 4840 ἔστι
1008 4785 1102 4840 τοῦ
1131 4786 1362 4858 μέλανος
1391 4787 1672 4859 ὀφθαλμοῦ
1701 4791 1729 4842 6
1762 4791 1931 4858 γλαυ-

363 4869 494 4937 κὸς,
528 4871 612 4923 ὄτι
634 4873 690 4925 αἱ
725 4872 1049 4947 λεπτότεραι
1070 4877 1163 4931 καὶ
1185 4875 1505 4949 λευκότεραι
1536 4877 1628 4931 καὶ
1647 4877 1930 4932 διειδέστε-

364 4979 458 5031 ραι
488 4961 598 5014 τῶν
624 4964 844 5029 οὐσιῶν,
888 4968 1105 5037 πρῶται
1134 4968 1231 5038 τῆς
1261 4968 1584 5037 εἰσρεούσης
1613 4968 1806 5039 αἴγλης
1835 4969 1928 5024 τοῦ

362 5049 515 5119 ἡλίου
551 5051 1040 5123 ἀποπληρούμεναι
1081 5054 1143 5107 τὺ
1187 5055 1329 5110 κατὰ
1362 5057 1469 5110 πᾶν
1515 5056 1723 5111 ἑαυτῶν
1755 5060 1928 5130 ὑπερ-

362 5140 624 5209 εχόμενον
676 5141 814 5208 φῶς,
844 5144 939 5196 καὶ
989 5144 1070 5206 είς
1119 5146 1219 5208 τὰς
1251 5146 1367 5216 μετ’
1414 5146 1583 5209 αὐτὰς
1613 5148 1854 5217 ήλιωδῶς
1884 5150 1932 5181 ⁸⁸

362 5231 552 5294 οὐσίας
575 5232 986 5300 ὲποχετεύουσιν
1023 5233 1090 5287 ⁸⁸.

2037 4605 2487 4675 prominulusque
2517 4606 2757 4660 cernitur
2790 4624 2803 4658 :
2834 4606 2879 4659 si
2912 4611 3089 4657 autem
3118 4610 3311 4655 cuncta
3342 4598 3455 4651 haec
3484 4610 3606 4665 qua:

2035 4697 2275 4752 diximus
2305 4699 2557 4760 aderunt,
2605 4696 2799 4750 caesius
2853 4694 3044 4749 oculus
3080 4701 3432 4762 procreatur;
3479 4703 3602 4743 cum

2038 4802 2166 4843 vero
2216 4787 2301 4842 his
2343 4787 2558 4841 diversa
2603 4784 2879 4848 eveniunt,
2924 4784 3076 4855 niger
3106 4782 3359 4837 efficitur.
3396 4782 3454 4836 Si
3499 4795 3603 4834 auv

2036 4886 2145 4933 tem
2202 4893 2267 4933 ex
2320 4878 2405 4931 his
2451 4876 2697 4946 quaedam
2761 4874 2969 4936 adesse.
3013 4874 3258 4944 quaedam
3312 4888 3440 4928 vero
3494 4886 3602 4925 non

2038 4968 2230 5023 adesse
2255 4968 2559 5036 contigerit,
2597 4968 2789 5022 horum
2833 4981 3023 5021 omnes
3066 4964 3383 5020 differentia:
3412 4962 3601 5016 oculo-

2038 5075 2158 5115 rum
2198 5059 2528 5114 efliciuntur.
2566 5057 2722 5124 Quod
2766 5056 2960 5113 caesius
3004 5057 3196 5113 oculus
3240 5055 3490 5111 uberiore
3521 5053 3602 5105 lu-

2039 5150 2183 5205 mine
2210 5164 2372 5219 quam
2405 5148 2553 5218 niger
2586 5148 2842 5219 praeditus
2868 5149 2959 5217 sit,
3005 5148 3106 5202 hoc
3148 5161 3327 5201 causae
3350 5143 3598 5203 habetur,

2039 5242 2166 5311 quia
2210 5241 2397 5310 prima:
2446 5239 2764 5295 substantiae
2792 5256 2911 5309 qua:
2960 5240 3131 5310 magis
3164 5238 3350 5304 exiles,
3387 5251 3451 5289 ac
3485 5232 3590 5286 ful-

364 5325 638 5391 gentiores
683 5326 1074 5392 nilidioresque
1114 5338 1286 5391 sunt,
1345 5331 1541 5385 solaris
1598 5332 1819 5387 luminis
1881 5334 2086 5387 inlluxu
2142 5335 2380 5403 repletae,
2424 5334 2605 5388 lumen
2674 5334 2853 5403 ipsum
2878 5347 2991 5401 quo
3019 5332 3150 5402 ipsa:
3178 5331 3412 5400 undique
3434 5326 3603 5397 plena:

363 5419 492 5467 sunt
541 5413 751 5471 caneris
827 5416 1148 5474 substantiis
1209 5421 1275 5474 ad
1326 5422 1457 5476 solis
1519 5422 1931 5479 similitudinem
1970 5426 2378 5495 impertiuntur.
2716 5442 2719 5447 ‘

364 5657 410 5691 ,ὁ
433 5588 697 5691 ηνόμιλεξ.
734 5589 820 5691 Β.Α
876 5592 1425 5691 ἰιὲξακοντιςόμενρν
1483 5595 1523 5648 Β
1688 5597 1732 5626 ³⁸
1767 5613 1934 5683 κρυστ

442 5676 586 5691 mm].-
629 5677 662 5691 υ
710 5678 738 5691 Α
950 5664 971 5691 ι
1001 5663 1475 5691 ..ι---λλμα..-..-.ιι
1506 5665 1650 5691 l-.-\
1687 5682 1822 5691 _-.-.
1876 5666 1913 5691 n

2040 5599 2176 5661 ειδὲς
2219 5596 2384 5654 Codd.
2459 5600 2501 5630 ³⁸
2534 5601 2626 5654 καὶ
2685 5615 2793 5653 om.
2850 5598 2889 5651 Β
2943 5598 3001 5659 Ρ,
3050 5612 3176 5651 mox-
3234 5596 3488 5667 ὲπικρίνῃ
3520 5616 3597 5651 τε.

2037 5669 2056 5691 ι
2089 5669 2278 5691 ἵ-..-νι..
2316 5668 2353 5691 n
2418 5677 2461 5691 ..ι
2517 5671 2591 5691 υἱ-
2623 5670 2758 5691 εμπ..-
2867 5669 2910 5691 IT
2942 5669 3077 5691 3.12..
3106 5669 3142 5691 η
3241 5667 3284 5691 Ἅι
3312 5669 3438 5691 Υὲ---
3473 5670 3508 5691 Ι)
3541 5670 3581 5691 [ν

442 5661 598 5744 οὗτοι,
629 5661 739 5731 γὰρ
786 5663 851 5714 Α.
927 5662 1475 5782 ³⁸λμεταέρύθμοῦσιν
1505 5665 1651 5734 (sic)
1686 5661 1830 5718 ποιεῖ
1874 5666 1932 5721 Ρ.

444 5728 675 5782 ιυλυωδη
709 5731 776 5782 Α.
850 5729 895 5762 ⁸⁸
925 5747 1113 5782 τουτου
1210 5731 1267 5782 P.
1345 5732 1387 5763 “
1420 5732 1564 5782 ἔγειν
1589 5734 1676 5782 τὸν
1708 5734 1934 5782 ὀφθαλμὸ

2037 5669 2056 5699 ⁸
2089 5669 2279 5721 λευκὸν
2315 5668 2373 5733 Ρ,
2415 5677 2468 5721 et
2515 5671 2593 5723 sic
2623 5670 2786 5723 infra.
2867 5669 2910 5699 ³⁷
2940 5669 3080 5737 ῶόδη
3106 5669 3162 5719 Β.
3241 5667 3284 5699 ³⁸
3312 5661 3438 5730 ἴδοις
3462 5661 3510 5720 ’Β
3541 5670 3601 5719 C.

2035 5737 2126 5782 ιβ-
2207 5742 2249 5771 ⁵³
2274 5740 2451 5782 παηέη
2486 5742 2541 5782 Δ,
2578 5738 2776 5782 παηείη
2812 5738 2850 5782 C
2874 5737 2930 5782 Ρ-
3012 5737 3055 5769 ⁸³
3079 5737 3256 5782 erasin
3303 5739 3360 5782 Λ-
3402 5735 3601 5782 παρείη

363 5726 409 5809 2:
434 5726 677 5809 Musei
706 5726 799 5809 λε.
850 5729 905 5809 ξο.

1210 5731 1297 5803 PQ
1345 5732 1387 5763 “
1420 5731 1564 5801 ἔχειν
1589 5731 1676 5787 τόν
1708 5734 1980 5803 ὀφθαλμὸν
2003 5738 2043 5788 Β
2071 5737 2128 5792 Ρ.

362 5793 405 5850 C
434 5795 494 5852 Ρ.
569 5798 616 5832 “
636 5793 714 5857 sic
759 5798 928 5857 Codd.
950 5800 1239 5871 ἡλιοειδοῦς
1268 5799 1327 5857 Ρ.
1404 5793 1916 5875 ⁶⁸”μετοχετεῦουσι’ν
1938 5804 1979 5856 Β

2207 5742 2249 5771 ⁵³
2274 5740 2453 5809 παρέξ]
2482 5742 2543 5806 Δ,
2578 5738 2779 5810 παρείη
2812 5738 2851 5793 C
2873 5737 2930 5791 Ρ.
3012 5735 3259 5811 ⁸³ττιιιρὲῃ
3301 5739 3363 5807 Δ,
3402 5735 3605 5808 παρείη
