4054 6216
465 330 596 386 “7|

465 542 637 599 esset,
681 548 803 604 quae
872 531 1004 600 ipsis
1049 530 1428 585 substantialia
1480 532 1701 599 insunt,
1735 548 1920 602 quaeve
1968 548 2035 588 ex

464 624 833 681 accidentibus
886 622 1259 691 provenientia
1313 624 1465 687 sint,
1517 632 1629 677 tum
1664 624 2032 679 tunicularum

462 723 660 779 ortus,
729 711 1039 781 quibusque
1118 711 1248 780 ipsae
1324 711 1638 767 nominibus
1714 730 2033 784 nuncupen-

463 817 574 870 tur,
611 818 825 858 necnon
880 804 972 872 qui
1025 814 1217 858 eorum
1276 820 1537 859 numerus
1584 806 1673 873 sit,
1711 816 1763 862 et
1794 822 2032 877 quonam

458 904 616 967 pacto
661 893 966 949 reticularis
1001 894 1182 948 tunica
1206 935 1221 961 ,
1262 902 1315 949 et
1356 896 1604 965 superior
1634 897 1916 967 uvalisque
1944 911 2035 950 ve-

459 988 546 1041 nis
571 984 811 1051 refertze,
848 999 1050 1041 cornea
1094 1001 1223 1040 vero
1254 986 1495 1057 ipsarum
1531 1002 1725 1058 expers
1763 989 2030 1055 habetur;

460 1074 525 1128 ad
579 1074 692 1127 htec
732 1072 863 1126 item
910 1087 1097 1127 earum
1132 1087 1267 1127 usus
1310 1074 1630 1143 perspicuos
1676 1074 2029 1131 reddidimus:

461 1163 588 1229 Sed,
619 1178 719 1218 nec
746 1172 879 1233 quot
914 1164 1169 1219 humores
1204 1163 1527 1229 habeantur,
1581 1173 1820 1235 quotque
1843 1180 2030 1220 eorum

459 1254 671 1310 colores
696 1254 1049 1323 actionesque
1086 1263 1235 1317 sunt,
1256 1264 1308 1309 et
1329 1270 1577 1325 quamam
1612 1254 1790 1320 vitrei,
1812 1255 2034 1325 crystal'

459 1345 553 1399 lini
611 1345 890 1416 ovalisque
934 1345 1207 1400 habentur
1250 1346 1415 1403 missa
1453 1344 1704 1400 fecimus.
1742 1344 2034 1412 Praeterea,

459 1436 526 1491 de
570 1435 772 1491 visibili
827 1436 1020 1505 spiritu
1072 1435 1219 1505 quod
1274 1451 1306 1490 a
1364 1436 1589 1491 cerebro
1657 1434 1767 1507 64.
1816 1450 2035 1507 progre-

459 1527 609 1581 ditur
634 1566 650 1593 ,
687 1526 942 1596 quodque
973 1526 1207 1597 duplicis
1267 1527 1437 1581 utitur
1484 1525 1652 1582 officii
1708 1526 1990 1582 functione
2015 1567 2033 1593 ,

462 1634 630 1673 causa
680 1635 711 1673 a
744 1619 902 1699 nobis
948 1620 1085 1674 satis
1136 1619 1401 1689 explicata
1460 1628 1562 1675 est.
1609 1616 1764 1684 Nam,
1818 1618 2034 1673 tametsi

460 1710 687 1778 spiritus
711 1708 779 1764 ab
802 1709 1057 1765 omnibus
1077 1711 1320 1779 corporis
1350 1709 1593 1778 partibus
1631 1717 1839 1763 natura:
1875 1718 2032 1773 nutu,
2078 1724 2081 1729 ί

1767 332 2049 389 MELETII
2092 334 2402 393 MONACIH

532 442 669 498 Cum
731 439 896 513 igitur
959 441 1118 496 nobis
1183 440 1252 494 de
1318 440 1493 495 oculis
1566 442 1799 496 scrutari
1853 443 2032 497 visum
2063 456 2107 513 Α

3569 334 3718 390 ιιπ

2218 443 2373 498 Ἐπεὶ
2429 439 2523 498 οὖν
2569 445 2635 499 τὰ
2693 443 2823 514 περὶ
2872 442 2983 496 τῶν
3029 441 3323 513 ὀφθαλμῶν
3378 442 3723 513 ἐρευνῶντες

2135 533 2431 604 ἑξεθέμεθα
2464 537 2533 588 τὰ
2568 535 2844 597 οὐσιωδῶς
2893 534 3079 596 αὐτοῖς
3133 534 3469 604 ὑπάρχοντα,
3517 535 3614 589 καὶ
3648 536 3716 589 τὰ

2134 624 2277 677 κατὰ
2326 625 2677 696 συμϐεϐηκὸς
2716 626 3159 697 προσγινόμεναο
3203 626 3427 688 καὶτὰς
3476 624 3589 678 τῶν
3632 644 3717 695 χι-

2132 715 2318 769 τώνων
2348 716 2624 785 ἐκφύσεις,
2672 718 2767 771 καὶ
2792 716 2891 781 τὰς
2932 716 3231 786 ὀνομασίας
3271 716 3471 781 αὐτῶν,
3499 718 3591 769 καὶ
3622 718 3717 769 τὸν

2133 807 2402 878 ἀριθμόν·
2439 810 2533 863 καὶ
2587 809 2704 872 πῶς
2747 811 2776 862 ὀ
2830 810 2928 879 μὲν
2978 808 3534 880 ἀμφιϐληστροειδὴς,
3564 809 3715 862 καὶὸ

2132 897 2517 966 ἐπιπεφυκὼς,
2556 900 2652 953 καὶ
2688 900 2716 951 ὁ
2765 899 3050 968 ῥαγοειδὴς
3085 897 3268 968 έχουσι
3310 898 3515 967 φλέϐας
3541 914 3555 927 ’
3585 899 3617 949 ὁ
3658 896 3715 950 δὲ

2133 988 2481 1060 κερατοειδὴς
2518 988 2750 1057 ἄφλεὸός
2805 990 2958 1042 ἔστι·
3008 990 3104 1043 καὶ
3151 991 3252 1053 τὰς
3298 988 3491 1059 χρείας
3532 986 3713 1040 αὐτῶν

2132 1080 2576 1152 ἐσαφηνίσαμεν·
2614 1082 2708 1134 καὶ
2754 1080 2864 1133 τῶν
2894 1081 3077 1152 ὑγρῶν
3131 1080 3230 1152 τὴν
3276 1079 3577 1149 ποσότητα,
3618 1079 3715 1130 καὶ

2130 1170 2230 1233 τὰς
2261 1172 2472 1243 χροίας,
2502 1172 2598 1226 καὶ
2645 1172 2961 1242 ἐνεργείας*
2995 1172 3090 1226 καὶ
3136 1170 3239 1226 ποῦ
3296 1172 3396 1242 μὲν
3434 1173 3613 1223 κεῖται
3650 1171 3712 1221 τὸ

2134 1262 2419 1329 ὕελοειδὲς,
2465 1263 2571 1316 ποῦ
2615 1262 2672 1317 δὲ
2698 1264 2761 1317 τὸ
2805 1264 3256 1336 κρυσταλλοειδὲς
3284 1264 3351 1328 ⁵⁸,
3393 1263 3499 1316 ποῦ
3545 1261 3603 1314 δὲ
3649 1262 3712 1314 τδ

2131 1353 2349 1418 ὠοειδές
2374 1371 2388 1386 ο
2422 1357 2520 1409 καὶ
2558 1356 2809 1426 περὶτοῦ
2844 1355 3074 1410 ὀπτικοῦ
3119 1356 3431 1426 πνεύματος
3469 1353 3714 1418 ὲδιδὰξαυ

2136 1462 2256 1515 μεν,
2286 1446 2368 1500 ὅτι
2399 1448 2463 1500 ἐκ
2481 1447 2573 1501 τοῦ
2600 1448 2903 1517 ἐγκεφάλου
2931 1449 3200 1520 ὁρμᾶταιο
3233 1448 3330 1501 καὶ
3370 1446 3468 1518 τὴν
3501 1445 3708 1510 αἰτίαν,

2131 1540 2213 1592 ὅτι
2245 1539 2429 1610 διττὴν
2450 1540 2653 1612 ταύτην
2682 1543 2953 1595 ποιεῖται·
2986 1542 3033 1594 εί
3062 1542 3170 1612 γὰρ
3210 1542 3306 1593 καὶ
3339 1541 3398 1591 ὲν
3432 1540 3571 1592 πᾶσι
3596 1540 3716 1599 τοῖς

2135 1629 2346 1699 μορίοις
2366 1629 2460 1683 τοῦ
2489 1629 2744 1701 σώματος
2765 1630 2855 1686 ἀεὶ
2877 1630 3096 1699 πνεῦμα
3118 1628 3435 1700 περιέχεται
3465 1626 3715 1697 φυσικῶς

2133 1720 2190 1771 ὲν
2219 1719 2405 1783 αὐτοῖς
2424 1719 2515 1773 διὰ
2545 1719 2647 1791 τὴν
2673 1720 2865 1792 χρείαν
2900 1720 3243 1788 γεννώμενον
3268 1719 3336 1784 ⁸⁷,
3363 1717 3477 1772 ἀλλ’
3507 1719 3569 1769 ὲν
3597 1718 3719 1780 τοῖς

460 1809 623 1871 atque
654 1800 917 1870 obsequio
947 1815 1056 1870 quo
1085 1816 1270 1855 earum
1302 1802 1492 1856 usibus
1532 1800 1792 1855 inserviat
1818 1816 2032 1871 rusque-

2132 1808 2439 1881 ὀφθαλμοῖς
2464 1811 2494 1863 ὀ
2514 1810 2821 1881 ἐγκέφαλος
2848 1811 2982 1864 αὐτὸ
3004 1812 3232 1881 χορηγεῖ
3251 1810 3343 1864 διὰ
3367 1808 3467 1874 τὰς
3487 1808 3717 1879 εἰρημέ-

460 1906 677 1963 quaque
717 1892 1081 1959 contineatur,
1118 1891 1287 1946 nihilo
1331 1900 1510 1947 tamen
1545 1891 1745 1957 secius,
1781 1906 1904 1946 eum
1939 1892 2032 1961 qui

461 1983 513 2036 in
542 1983 716 2038 oculis
741 1992 827 2037 est
888 1982 959 2037 oh
985 1997 1125 2053 quas
1162 1981 1491 2038 adduximus
1522 1998 1718 2039 causas
1747 1984 2031 2038 cerebrum

459 2075 855 2130 subministrat.
888 2074 993 2130 Sed
1020 2074 1275 2144 quoniam
1336 2084 1533 2131 cuncta
1571 2076 1685 2131 haec
1717 2090 1837 2145 qua:
1858 2075 2033 2131 disse-

460 2166 673 2221 ruimus
704 2166 782 2219 uti
814 2166 982 2220 totius
1013 2165 1361 2220 instrumenti
1408 2165 1713 2221 ministerio
1756 2164 2033 2221 sufﬁciant

458 2266 640 2311 creata
664 2265 813 2321 sunt,
834 2257 941 2312 alia
958 2256 1349 2313 madefaciendi
1373 2258 1514 2314 oculi
1536 2257 1732 2329 gratia,
1758 2258 2027 2328 quaedam,

459 2347 781 2419 suggerendi
838 2348 1107 2415 alimenti,
1166 2349 1426 2403 nonnulla
1470 2348 1780 2404 securitatis
1832 2363 2030 2412 causa,

458 2439 565 2494 alia
602 2448 663 2493 ut
692 2439 951 2510 pupillam
989 2439 1159 2509 ipsam
1191 2439 1501 2494 custodiant
1525 2446 1704 2494 creata
1725 2452 2029 2495 censemus.

458 2530 620 2587 Decet
653 2531 841 2602 utique
873 2546 975 2587 nos
1027 2530 1400 2586 admirabilem
1430 2529 1525 2585 Dei
1576 2530 1898 2601 sapientiam
1926 2532 2034 2585 mi-

457 2632 639 2679 rantes
666 2624 959 2694 prudenter
979 2638 1100 2678 cum
1127 2622 1393 2693 Propheta
1417 2623 1660 2693 precari:
1690 2622 1909 2678 Custodi
1930 2639 2032 2688 me,

2133 1918 2229 1965 νας
2266 1902 2449 1966 αἰτίας
2469 1918 2484 1933 ·
2520 1903 2614 1956 καὶ
2636 1903 2718 1956 ὅτι
2751 1903 2819 1957 τὰ
2845 1903 3112 1975 εἰρημένα
3141 1902 3322 1957 πάντα
3357 1901 3447 1954 διὰ
3482 1901 3584 1972 τὴν
3615 1899 3715 1954 τοῦ

2133 1992 2258 2046 ὅλου
2287 1992 2522 2063 ὀργάνου
2547 1993 2853 2065 ὑπηρεσίαν
2886 1994 2931 2026 ⁸³
2964 1994 3246 2064 γινόμενα,
3280 1993 3351 2046 τὰ
3380 1992 3479 2062 μὲν
3498 1992 3714 2060 τέγγει,

2132 2081 2204 2135 τὰ
2234 2082 2293 2135 δὲ
2322 2082 2535 2154 τρέφει,
2570 2084 2640 2138 τὰ
2669 2084 2727 2136 δὲ
2763 2084 3031 2155 περιέχει,
3060 2084 3132 2137 τὰ
3158 2084 3214 2137 δὲ
3236 2081 3615 2153 ἀσφαλίζεται.
3639 2082 3711 2134 τὰ

2131 2171 2189 2223 δὲ
2221 2172 2318 2243 τὴν
2349 2174 2518 2244 κόρην
2550 2174 2594 2207 ³⁸
2621 2174 2907 2244 φυλάττειο
2948 2175 3130 2242 σοφῶς
3159 2174 3252 2228 καὶ
3285 2172 3571 2243 ἐντέχνως,
3610 2174 3708 2225 καὶ

2132 2261 2461 2333 θαυμαστῶς
2515 2263 2615 2335 τὴν
2648 2264 2960 2337 ὑπέρσοφον
2994 2265 3188 2335 σοφίαν
3232 2264 3331 2318 τοῦ
3376 2262 3514 2317 Θεοῦ
3556 2262 3715 2327 ἄξιον

2128 2352 2471 2425 ἐκπλαγῆναι
2496 2394 2511 2419 ,
2541 2356 2636 2409 καὶ
2670 2357 2909 2421 συνετῶς
2944 2357 3082 2428 μετὰ
3110 2358 3205 2411 τοῦ
3229 2356 3519 2429 Προφητοῦ
3542 2354 3717 2409 ἐπεύ-

2139 2442 2334 2508 ξασθαι
2360 2461 2373 2474 ·
2399 2447 2679 2512 Φύλαξόν
2698 2465 2797 2517 με,
2824 2450 3021 2519 Κύριε,
3045 2449 3127 2516 ὡς
3157 2450 3341 2519 κόρην
3360 2448 3719 2518 ὀφθαλμοῦ.

2130 2532 2299 2605 Οἶμαι
2325 2536 2435 2609 γὰρ
2463 2539 2681 2593 καὶτὸν
2714 2541 3010 2613 Προφήτην
3058 2542 3158 2613 τὴν
3210 2540 3470 2612 τοσαύτην
3521 2540 3710 2593 αὑτοῦ

2132 2626 2435 2695 ἁσφαλείαν
2461 2630 2871 2701 κατανοήσαντα
2895 2630 3057 2684 τοῦτο
3082 2634 3275 2686 εἰπεῖν.

456 2719 679 2774 Domine
715 2758 732 2784 ,
782 2726 840 2772 ut
890 2718 1151 2789 pupillam
1207 2716 1346 2771 oculi
1372 2729 1421 2773 ι.
1478 2716 1613 2784 Quis
1668 2733 1774 2773 non
1842 2718 2000 2775 facile
2036 2733 2355 2790 persuasum
2404 2723 2601 2779 habeat
2636 2725 2814 2795 ipsum
2874 2724 3389 2797 Prophetam,cum
3454 2725 3716 2782 animad-

457 2814 711 2870 vertisset
739 2811 957 2869 oculum
985 2819 1136 2868 tanta
1166 2812 1367 2884 talique
1392 2827 1516 2869 esse
1546 2812 1708 2869 tutela
1757 2812 2024 2881 fulcitum,
2065 2814 2167 2870 hoc
2198 2828 2415 2871 carmen
2444 2818 2730 2875 cecinisse.

522 2909 635 2979 Age
654 2908 765 2979 jam
786 2907 853 2964 de
869 2907 1155 2963 oculorum
1175 2907 1576 2989 definitione,et
1595 2922 1835 2980 quonam
1869 2916 2029 2979 pacto

456 3010 886 3073 nuncupantur,
931 3016 997 3056 ac
1038 2999 1185 3056 unde
1222 3000 1447 3057 nomina
1491 3014 1679 3055 eorum
1713 3000 2032 3070 proveniant

456 3096 815 3152 disseramus.
838 3090 1020 3157 Tales,
1056 3092 1307 3162 inquam,
1331 3090 1519 3146 oculos
1556 3105 1679 3146 esse
1706 3092 2025 3161 opinamur,

2210 2908 2440 2981 Ἰδωμεν
2459 2907 2554 2966 οὖν
2582 2914 2676 2968 καὶ
2699 2914 2793 2969 τὸν
2823 2915 2951 2988 ὅρον
2984 2917 3094 2972 τῶν
3128 2916 3446 2988 ὀφθαλμῶν,
3477 2915 3580 2971 καὶ
3608 2916 3719 2979 τὰς

2135 2998 2431 3070 ὀνομασίας
2454 3002 2659 3070 αὐτῶν,
2703 3004 2795 3058 καὶ
2824 3004 2927 3069 τὰς
2968 3004 3328 3078 παραγωγάς.
3380 3002 3712 3073 Ὀφθαλμοὶν

2131 3090 2321 3161 φησὶν,
2354 3092 2492 3146 εἰσὶν
2535 3093 2584 3145 οί
2634 3094 2971 3158 συνεστῶτες
3013 3096 3079 3149 ὲκ
3122 3095 3406 3163 τεσσάρων
3432 3089 3711 3164 χιτώνων,

454 3184 550 3255 qui
580 3193 816 3255 quatuor
848 3181 1106 3237 tuniculis
1137 3195 1203 3235 ac
1237 3180 1414 3235 tribus
1441 3180 1671 3236 diversis
1698 3181 2026 3236 humoribus

2132 3183 2229 3233 καὶ
2256 3182 2439 3253 ὑγρῶν
2465 3183 2838 3255 διαφερόντων
2867 3184 3069 3255 τριῶν·
3099 3183 3423 3255 νευρῶὸεις·
3454 3180 3711 3252 αἰσθητι-

455 3273 881 3333 constituuntur,
910 3270 1114 3339 quique
1138 3283 1335 3325 nervos
1392 3270 1447 3323 in
1493 3284 1552 3324 se
1602 3270 1918 3335 continent,
1972 3280 2029 3328 et

2131 3271 2221 3325 κοὶ
2246 3272 2355 3327 τῶν
2381 3273 2763 3345 ὑποκειμένων
2812 3276 3147 3347 χρωμάτων,
3176 3274 3274 3330 καὶ⁵
3304 3272 3578 3344 μεγεθῶν,
3611 3270 3713 3325 καὶ

455 3361 553 3434 qui
589 3360 832 3431 obiectos
869 3359 970 3414 sibi
1004 3358 1238 3423 colores,
1281 3371 1574 3426 rerumque
1603 3359 2025 3428 magnitudines,

2132 3363 2430 3433 σχημάτων
2464 3366 2532 3420 ⁵ο.
2561 3366 2636 3420 Οὐ
2672 3367 2839 3437 μόνον
2863 3368 2921 3421 δὲ
2954 3366 3247 3440 ὀφθαλμοί
3269 3366 3543 3434 λέγονται,
3567 3362 3711 3417 ἀλλά

458 3465 677 3509 necnon
737 3450 939 3522 figuras
979 3446 1384 3518 deprehendere
1445 3454 1669 3518 queant.
1699 3444 1818 3501 Non
1867 3448 2027 3505 modo

2131 3451 2229 3503 καὶ
2284 3451 2408 3521 εράη
2459 3454 2599 3508 κατὰ
2666 3455 2759 3510 τὸν
2832 3456 3064 3528 ποιητὴν
3087 3495 3103 3522 ,
3162 3456 3260 3510 καὶ
3297 3454 3553 3524 ὄμματα,
3608 3451 3708 3505 καὶ

456 3543 603 3602 oculi
632 3543 733 3614 ipsi
766 3543 872 3597 hoc
926 3548 1160 3603 tantum,
1204 3553 1233 3593 a
1270 3538 1472 3594 Gmcis
1507 3539 1728 3593 nomine
1763 3536 2031 3611 ὀφθαλμοὶ

2131 3541 2284 3597 ὄσσε
2314 3544 2384 3610 ³¹,
2436 3545 2533 3600 καὶ
2571 3540 2751 3614 ὦπες.
2785 3548 2896 3602 Καὶ
2928 3546 3222 3618 ὀφθαλμοὶ
3278 3546 3398 3617 μὲν,
3437 3543 3549 3599 ἀπὸ
3604 3540 3708 3596 τοῦ

456 3632 819 3704 appellantur,
860 3630 954 3687 sed
986 3630 1109 3686 aliis
1130 3629 1258 3685 item
1284 3627 1598 3684 nominibus
1623 3641 1721 3683 eos
1741 3628 1818 3683 illi
1849 3628 2028 3685 dicere

2131 3633 2358 3704 ὀφθῆναι
2389 3637 2656 3709 παρέχειν
2681 3639 2900 3696 ἅπαντα
2924 3640 2986 3706 ἐξ
3008 3634 3083 3695 ὧν
3108 3639 3393 3695 ἐνάλλεται
3417 3639 3453 3708 ή
3482 3637 3606 3708 ﬁala;
3622 3651 3639 3667 '
3667 3633 3708 3704 ἢ

457 3732 880 3780 consueverunt.
907 3721 1142 3789 Quidam
1173 3735 1269 3777 eos
1293 3719 1426 3791 φάη,
1462 3726 1524 3774 ut
1553 3718 1697 3790 apud
1730 3718 2025 3775 Homerum

2131 3725 2294 3781 ὼπῶν
2323 3728 2558 3800 θάλαμοι
2580 3747 2593 3761 °
2628 3731 2751 3801 φάη
2780 3733 2860 3801 δὲ,
2880 3734 2963 3787 ὅτι
2993 3733 3051 3799 ἐξ
3079 3732 3260 3786 αὐτῶν
3290 3730 3405 3801 φῶς
3435 3729 3702 3804 προέρχεο

455 3824 559 3878 est.
594 3822 955 3897 hnuncupant.
1020 3810 1126 3866 Alii
1183 3811 1408 3882 ὄμματα
1474 3810 1683 3865 dicunt.
1732 3809 1835 3865 Alii
1877 3810 2024 3864 ὄσσε.

2131 3834 2255 3871 ται·
2299 3820 2332 3891 ἢ
2375 3821 2458 3874 ὅτι
2490 3823 2668 3892 φωτός
2693 3825 2800 3877 εῖσι
2848 3824 3087 3897 κριτικοὶ
3139 3823 3234 3877 καὶ
3275 3822 3548 3876 δειιτιιιοί⁹
3608 3820 3700 3873 καὶ

454 3900 562 3957 Alii
586 3894 754 3966 ὧπες.
787 3903 851 3957 Ει
884 3902 955 3958 ob
976 3901 1029 3956 id
1055 3915 1153 3957 eos
1185 3900 1259 3955 illi
1306 3898 1613 3971 ὀφθαλμούς
1649 3899 1832 3955 dixere
1854 3940 1869 3965 ,
1919 3901 2026 3954 ἀπὸ

2131 3909 2374 3984 ὀμηρος
2391 3929 2409 3945 °

453 3996 550 4053 τοῦ
591 3996 824 4067 ὀφθῆναι
866 3993 1131 4066 παρέχειν
1169 3993 1407 4058 ἅπαντα,
1459 3992 1604 4062 quod
1641 3993 1824 4048 omnia
1871 3996 2013 4053 visui

2131 4004 2251 4058 rvia
2308 4007 2564 4077 reddant;
2590 4019 2686 4066 aut
2751 4012 2897 4082 quod
2917 4012 3205 4068 oculorum
3240 4008 3458 4065 thalami
3482 4021 3548 4062 ex
3568 4007 3696 4076 qui-

454 4093 556 4149 bus
576 4092 727 4147 visus
753 4091 950 4146 emicat
979 4097 1127 4155 sunt,
1188 4089 1259 4145 ob
1288 4089 1450 4159 idque
1482 4088 1552 4143 ab
1616 4089 1741 4145 aliis
1774 4090 1885 4162 φάη
1934 4092 2062 4149 dicti
2102 4108 2248 4167 sunt,
2277 4102 2423 4171 quod
2489 4119 2555 4159 ex
2588 4105 2722 4176 ipsis
2754 4106 2936 4161 lumen
2960 4106 3107 4177 quod
3134 4106 3213 4160 illi
3241 4104 3357 4176 φῶς
3382 4111 3697 4173 nuncupant

456 4186 864 4260 progrediatur;
926 4186 962 4257 ἢ
996 4186 1079 4239 ὅτι
1114 4184 1288 4254 φωτός
1328 4186 1433 4238 εισι
1492 4184 1748 4255 κριτικοί,
1798 4189 1944 4255 quod
2005 4206 2034 4244 γ

2133 4193 2257 4260 licet
2324 4196 2670 4257 discernendi
2736 4199 2960 4256 luminis
2978 4200 3092 4255 vim
3113 4199 3360 4256 obtinent
3403 4205 3466 4252 ut
3495 4194 3697 4250 llome-

456 4298 552 4338 l'llS
581 4301 595 4337 ι

455 4393 565 4468 65
597 4395 697 4449 Hic
721 4393 904 4464 capiti,
935 4407 996 4445 ac
1028 4389 1263 4461 pulchris
1290 4388 1454 4444 oculis
1478 4388 1639 4442 simul
1674 4391 1855 4445 oscula
1879 4393 2021 4461 limit.

2131 4396 2295 4451 Κῦσε
2315 4399 2384 4453 δέ
2400 4418 2508 4470 μιν
2537 4400 2820 4471 κεφαλὴν
2851 4401 2951 4455 καί
2990 4401 3164 4472 ἄμφω
3190 4400 3346 4470 φάεα
3375 4398 3534 4454 καλά
3564 4400 3667 4468 (α)-

457 4509 688 4577 Quidam
722 4508 793 4563 ob
839 4506 892 4561 id
915 4505 1064 4577 ipsos
1095 4504 1318 4574 ὄμματα
1347 4501 1615 4567 dixerunt,
1646 4497 1755 4556 οἷον
1788 4506 2024 4576 ὅρματα,

456 4603 552 4655 καὶ
589 4600 857 4670 αῖρματα,
897 4598 1043 4667 quod
1089 4614 1155 4653 ex
1196 4598 1327 4668 ipsis
1385 4596 1614 4652 visibilis
1639 4598 1863 4668 spiritus
1900 4615 2023 4654 cum

456 4694 663 4763 impetu
697 4691 892 4757 fertur,
928 4700 982 4745 et
1029 4691 1170 4746 idem
1210 4690 1303 4761 qui
1338 4689 1391 4743 in
1426 4690 1597 4744 oculis
1633 4696 1717 4744 est
1755 4704 1850 4759 per
1883 4691 2029 4761 ipsos

455 4785 570 4840 exit
640 4791 804 4853 atque
872 4782 1194 4852 ejaculatur.
1258 4779 1470 4836 Eolico
1519 4788 1699 4835 autem
1772 4779 2029 4836 idiomate

457 4873 622 4941 ὀπτά,
655 4889 779 4943 qua:
822 4871 965 4927 circa
1026 4872 1213 4928 oculos
1257 4879 1386 4927 sunt
1434 4872 1703 4942 appellare
1731 4886 2027 4930 consueve-

453 4971 603 5020 runt.
639 4960 743 5018 Sed
771 4972 824 5017 et
849 4961 1114 5018 Homerus
1143 4963 1330 5018 oculos
1367 4961 1493 5015 ὄσσε
1521 4962 1841 5033 plerumque
1866 4964 2021 5030 dixit,

454 5052 603 5124 quod
642 5053 709 5107 ad
742 5051 845 5108 sibi
874 5052 1116 5122 subjecta
1145 5063 1291 5107 recte
1312 5052 1636 5122 dirigantur.
1676 5054 1759 5108 llli
1787 5070 2023 5125 namque

457 5145 635 5198 εὖσειν
694 5143 791 5197 καὶ
821 5141 1128 5197 εὐθυϐολεῖν
1176 5142 1441 5209 dictitant,
1479 5144 1621 5200 unde
1658 5143 1958 5201 Homerus:

528 5310 555 5341 ι
586 5296 732 5380 Psal.
762 5310 875 5361 xw,
912 5295 968 5350 8.

526 5481 571 5512 “
595 5480 697 5533 ποῦ
724 5479 863 5533 δὲτὸ
894 5496 984 5549 κρ.
1006 5492 1113 5531 om.
1135 5477 1179 5529 Δ
1211 5478 1253 5529 Β
1278 5475 1340 5531 C.
1417 5478 1459 5509 ⁸⁷
1485 5475 1777 5547 γενόμενον
1801 5475 1863 5531 Β.
1942 5478 1986 5510 ⁸⁸
2010 5493 2034 5531 a

530 5551 625 5601 καὶ
676 5551 855 5601 θγκων
912 5548 1038 5601 add.
1067 5547 1127 5601 C.
1202 5549 1245 5581 ³¹
1298 5547 1454 5601 ὅσσαι
1506 5547 1566 5601 Β.
1642 5550 1688 5580 ⁸⁸
1715 5549 1818 5601 ὁρᾶ
1859 5549 1923 5601 Α.
1998 5549 2034 5580 ⁵³

2132 5479 2185 5532 ιὰ
2252 5492 2422 5601 υειιὲιε

2131 5548 2290 5601 ἕαατα
2381 5587 2396 5601 .

452 5551 501 5619 ἒ*
530 5551 625 5619 καὶ
676 5547 1038 5619 δγκων-οιιά.
1202 5549 1249 5619 ⁵¹ν
1298 5547 1454 5619 ὀσσαι
1496 5547 1566 5619 Β.
1624 5549 1818 5619 ξ’ῥρᾷ
1859 5549 1923 5602 Α.
1998 5548 2290 5619 ⁵³ννέματα
2335 5547 2396 5603 Β.

2132 4508 2393 4578 Ὅμματα
2426 4511 2503 4577 δὲ,
2547 4512 2631 4567 ὅτι
2682 4513 2752 4567 δι’
2797 4513 2980 4568 αὐτῶν
3007 4512 3069 4567 τὸ
3096 4513 3351 4584 ὁρατικὸν
3379 4512 3620 4582 ὁρμᾶται
3654 4511 3697 4544 ε’

2126 4598 2377 4669 πνεῦμα·
2436 4596 2547 4656 οἷον
2595 4605 2810 4674 αἵματα
2858 4604 2903 4637 ⁵³
2937 4603 3035 4657 καὶ
3079 4602 3337 4675 ὀμματαο
3395 4601 3587 4672 ἐπειδὴ
3632 4599 3697 4653 δι’

2126 4690 2303 4745 αὐτῶν
2331 4692 2553 4761 ἀφίεται
2592 4696 2689 4748 καὶ
2717 4696 3063 4759 ἀκοντίζεται
3085 4694 3146 4749 τὸ
3171 4697 3231 4749 έν
3257 4697 3371 4758 τοῖς
3397 4693 3695 4764 ὀφθαλμοῖς

2126 4780 2364 4851 πνεῦμα.
2396 4783 2457 4835 Οί
2486 4783 2542 4837 δὲ
2574 4784 2785 4850 Αἰολεῖς
2825 4785 3031 4839 ὤπατα
3064 4786 3112 4818 ⁵⁵
3138 4785 3360 4853 λέγουσι
3387 4782 3542 4855 παρὰ
3574 4784 3695 4844 τοὺς

2130 4866 2286 4937 ὦπας
2305 4890 2319 4904 ’
2353 4875 2603 4945 λέγονται
2637 4877 2734 4931 καὶ
2757 4878 2909 4949 παρὰ
2936 4877 3014 4949 τῷ
3036 4880 3234 4948 ποιητῇ
3258 4877 3413 4930 ὄσσε
3442 4876 3509 4939 ⁵⁸,
3548 4873 3693 4944 παρᾶ

2128 4965 2227 5035 τὴν
2261 4967 2368 5019 ὑπὸ
2416 4968 2486 5022 τὰ
2521 4969 2749 5040 κείμενα
2782 4970 2895 5024 ἕσιν
2940 4970 3007 5035 ⁸⁵,
3040 4972 3135 5025 καὶ
3187 4970 3287 5041 τὴν
3347 4968 3434 5021 ἐπ’
3480 4965 3608 5020 εὐθὺ
3652 4966 3693 4995 ⁵⁷

2132 5056 2293 5128 βολήν
2314 5074 2327 5088 ⁸
2361 5059 2454 5112 καὶ
2482 5060 2629 5129 Ὄμη
2640 5076 2729 5130 ρος
2753 5075 2769 5089 ⁸

2477 5477 2759 5550 ειιώύπηρ.
2791 5492 2900 5533 om.
2938 5479 3001 5531 B.
3027 5548 3045 5550 Α
3075 5478 3120 5509 δ’
3164 5474 3414 5550 κορυφὴν
3458 5478 3501 5550 ᾼ
3552 5480 3591 5531 Β
3632 5478 3672 5530 (ἶ

2472 5547 2515 5581 ⁸⁸
2542 5547 2763 5603 ὀππατα
2814 5550 2874 5605 Β.
2952 5551 2996 5583 ⁵⁸
3021 5548 3180 5603 ὅσσαι
3237 5547 3278 5602 Β
3322 5547 3380 5605 P.
3459 5549 3507 5581 “
3545 5566 3599 5605 rt.
3640 5560 3689 5600 τ.

453 5618 551 5671 ἔτι).
586 5619 657 5671 τὰ
696 5605 1035 5688 ὀποκείμενα
1078 5616 1194 5672 ἕσιν
1231 5618 1462 5689 (αῐσσην
1493 5617 1591 5690 Ρ),
1624 5616 1667 5672 Β
1704 5605 1764 5673 Ρ.
1792 5605 1804 5621 ’
1841 5620 1883 5652 ⁵⁷
1919 5618 2123 5674 ὲπευθὺ
2146 5605 2214 5676 ’8.

526 5727 605 5797 (α)
632 5722 732 5781 0d.
768 5730 835 5793 II,
874 5727 957 5780 15.
