4066 6214
503 386 646 447 H75

1805 368 2086 428 MELETII
2128 366 2442 425 MONACHI

3621 350 3765 424 H76

500 497 899 565 sudoribusque
952 490 1330 561 ingruentibus
1390 497 1747 558 protegerent.
1784 486 1952 541 ln'his
1980 501 2077 539 au-

2181 485 2262 537 ὅτι
2294 484 2350 535 αἱ
2383 482 2480 551 μὲν
2505 480 2607 549 τῆς
2636 477 2881 548 κεφαλῆς
2909 477 3095 549 τρίχες
3122 474 3351 543 αὔξουσι
3373 492 3432 527 τε
3470 474 3566 527 καὶ
3615 476 3765 530 ἁποο

504 602 609 647 tem
672 588 911 643 defectus
955 583 1175 652 quidam
1236 582 1328 649 qui
1388 580 1443 634 in
1506 581 1715 649 capillis
1759 579 2072 647 neutiquam

506 688 589 736 est
621 677 905 745 inspicitur
940 693 952 725 ι
989 687 1109 725 nam
1134 672 1313 740 capilli
1352 672 1403 724 in
1440 672 1556 724 dies
1587 671 1735 724 aucti
1786 669 2076 723 tondentur

502 774 929 832 resecanturque
962 781 977 829 ;
1032 763 1224 816 borum
1280 776 1407 814 vero
1438 775 1502 814 ac
1535 760 1783 813 ciliornnt
1832 775 1898 811 ne
1927 758 2076 811 visus

504 873 666 912 usum
711 856 1009 923 oculosque
1060 856 1208 922 ipsos
1259 852 1576 921 impediant,
1630 851 1771 921 quod
1830 857 2077 903 extremo

503 950 769 1005 confectis
798 948 951 1003 senio
986 948 1235 1003 accidere
1264 948 1423 1011 solet,
1460 962 1648 1001 verum
1680 944 1868 1014 Upifex
1899 944 2078 996 incre-

504 1050 746 1096 mentum
791 1037 1097 1109 denegavit.

573 1132 665 1184 Est
720 1138 983 1182 autemet
1032 1128 1083 1181 in
1146 1127 1280 1197 ipsis
1338 1126 1532 1192 oculis,
1598 1125 1757 1179 sicuti
1809 1126 2076 1191 colorum,

506 1220 576 1274 ita
619 1230 672 1274 et
730 1218 1160 1286 magnitudinum
1194 1218 1517 1300 .plurimutu
1566 1217 1917 1271 discriminis.
1972 1216 2078 1271 Sed

506 1328 627 1367 cum
684 1312 750 1365 de
785 1311 1059 1366 coloribus
1110 1309 1243 1363 satis
1271 1325 1299 1362 a
1328 1309 1482 1363 nobis
1538 1309 1740 1363 dictum
1777 1309 1875 1373 sit,
1910 1317 2079 1362 restat

506 1403 584 1457 uti
628 1403 695 1457 de
751 1400 1213 1471 magnitudinibus
1255 1401 1605 1455 disseramus.
1655 1399 1793 1453 Sunt
1837 1399 1926 1468 qui
1965 1415 2081 1452 rna-

504 1496 787 1566 gnitudine
845 1494 1268 1548 mediocritatem
1332 1491 1619 1555 excedunt,
1680 1490 1897 1559 quidam
1951 1503 2079 1543 vero

508 1595 670 1651 sunt,
727 1600 890 1655 quam
956 1582 1206 1652 expediat
1261 1582 1555 1637 breviores.
1614 1579 1719 1636 Eos
1778 1596 1927 1644 vero,
1984 1580 2075 1649 qui

2181 573 2480 641 κείρονται.
2514 562 2689 625 Αῦται
2736 568 2795 621 δὲ
2822 568 2880 621 αἱ
2925 565 3242 634 βλεφαρίδες
3288 564 3375 617 διὰ
3422 564 3485 616 τὸ
3539 564 3616 634 μὴ
3646 582 3766 618 κω-

2178 663 2391 731 λύεινῆ
2439 658 2872 731 παρεμποδιζειν
2896 658 2941 691 ⁸⁸
2989 659 3114 719 τοὺς
3147 656 3482 726 ὀφθαλμοὺς,
3541 658 3617 719 ὡς
3663 658 3765 711 ἐπὶ

2177 754 2284 808 τῶν
2308 754 2691 823 ὲσχατογήρων
2722 750 3076 820 ἐκωλύθησαν
3105 749 3439 812 αὐξάνεσθαι
3476 748 3630 819 παρά
3657 750 3759 801 τοῦ

2178 846 2506 918 τεχνουργοῦ
2529 846 2627 917 τῆς
2659 844 2877 898 πάντων
2903 841 3267 913 δημιουργίας
3291 844 3361 896 ⁸⁸.

2251 1105 2425 1177 Πολλὴ
2468 1107 2524 1159 δὲ
2551 1107 2654 1158 κάν
2683 1107 2795 1167 τοῖς
2829 1103 3129 1173 ὀφθαλμοῖς
3155 1102 3299 1155 κατὰ
3334 1102 3395 1154 τὸ
3428 1102 3631 1172 χρῶμα
3660 1106 3759 1155 καὶ

2179 1199 2239 1252 τδ
2277 1198 2504 1268 μέγεθος
2566 1197 2808 1265 πέφυκεν
2857 1196 3136 1264 ἑτερότης.
3196 1193 3307 1246 Καὶ
3356 1194 3482 1263 περὶ
3514 1194 3613 1261 μὲν
3654 1194 3757 1245 τοῦ

2179 1286 2469 1358 χρώματος
2490 1287 2671 1339 αὐτῶν
2704 1287 2922 1355 εἴρηται
2944 1300 2956 1312 ⁸
2993 1285 3122 1352 περὶ
3151 1282 3208 1334 δὲ
3242 1282 3338 1335 τοῦ
3366 1283 3631 1351 μεγέθους
3656 1284 3760 1335 νῦν

2179 1377 2324 1430 ἐστιν
2354 1379 2525 1429 εἰπεῖν
2545 1375 2611 1430 ³⁸.
2637 1377 2697 1428 Οί
2728 1376 2825 1445 μὲν
2855 1374 2963 1444 γὰρ
2990 1373 3209 1444 μείζους
3230 1375 3392 1435 εἰσιν,
3420 1374 3470 1425 οἱ
3499 1373 3556 1425 δὲ
3591 1373 3759 1426 ὲλάτ-

2177 1486 2323 1535 τους,
2342 1469 2391 1521 οἱ
2419 1468 2475 1520 δὲ
2490 1467 2824 1537 σύμμετροιο
2854 1466 2955 1534 τὴν
2976 1465 3255 1535 ἑκατέρων
3279 1465 3551 1536 ἀμετρίαν
3578 1465 3757 1517 ἐκπε-

2180 1560 2432 1628 φυγότες,
2456 1557 2550 1620 οὓς
2568 1559 2660 1610 καὶ
2683 1557 3000 1627 βελτίστους
3030 1550 3169 1608 εἶναι
3204 1555 3337 1623 φασί
3348 1597 3358 1609 .
3389 1556 3625 1609 Πάλινοὶ
3651 1557 3761 1626 μὲν

505 1646 759 1728 medium.
792 1646 1066 1741 quoddam
1111 1672 1250 1724 inter
1297 1678 1537 1723 extrema
1574 1678 1785 1732 tenent,
1844 1646 2077 1738 optimos

2180 1650 2502 1719 πεπίληνται
2522 1649 2655 1720 πρὸς
2672 1648 2739 1700 τά
2765 1648 2910 1709 ἐντὸς
2926 1646 2994 1709 ⁸⁷,
3026 1647 3121 1699 καὶ
3148 1647 3371 1715 μείζονα
3394 1646 3491 1713 τὴν
3516 1647 3761 1714 περιςέ-

506 1774 896 1831 usquequaque
956 1767 1237 1829 putamus.
1278 1757 1511 1823 Rursus,
1540 1758 1833 1813 nonnullos
1857 1774 1921 1811 ex
1947 1758 2078 1827 ipsis

2185 1758 2334 1812 ρειαν
2355 1743 2454 1810 τῆς
2476 1740 2653 1793 αὐτῶν
2674 1738 2987 1808 κοιλότητος
3004 1737 3426 1807 διαγράφουσιν·
3460 1736 3509 1789 oi
3534 1736 3592 1789 δὲ
3615 1739 3759 1806 πρὸς

505 1829 712 1904 natura,
732 1851 799 1904 ad
826 1849 1083 1902 interiora
1115 1847 1355 1917 impegit,
1380 1856 1433 1901 et
1456 1846 1511 1900 bi
1556 1847 1816 1915 majorem
1845 1847 2077 1901 circum-

2180 1834 2247 1886 τὰ
2277 1832 2432 1895 em;
2482 1830 2911 1898 ὲξὼγκωνταιδδ,
2941 1830 3036 1882 καὶ
3085 1829 3406 1894 ἐξάλλεσθαι
3464 1829 3756 1883 θέλουσινο

506 1941 793 1996 ferentiam
838 1955 999 2010 quam
1021 1954 1208 1993 eorum
1240 1953 1374 1992 cava
1424 1948 1551 1993 sunt
1603 1937 1906 2007 designant.
1947 1935 2080 2002 Qui-

506 2031 627 2085 dam
667 2045 816 2093 vero,
851 2029 1006 2099 quasi
1041 2044 1071 2084 e
1104 2043 1202 2083 sua
1232 2028 1357 2083 sede
1390 2026 1734 2097 prosilientes
1786 2026 2078 2095 prominuli

504 2121 770 2175 visuntur.
799 2121 869 2173 At
913 2117 1200 2187 alios,-qui
1246 2116 1312 2171 ad
1341 2128 1594 2171 neutrum
1661 2115 1855 2170 horum
1912 2115 2079 2168 decli-

505 2221 656 2277 nant,
704 2211 941 2266 ntedium
965 2210 1238 2282 quoddam
1261 2209 1462 2264 habere
1489 2223 1739 2263 cerneres
1760 2226 1772 2261 :
1792 2208 1898 2278 67
1944 2207 2078 2262 tales

503 2302 673 2369 enim,
704 2317 892 2356 eorum
924 2302 978 2355 in
1024 2301 1224 2371 quibus
1252 2300 1524 2363 visuntur,
1565 2299 1856 2368 prmelaros
1896 2311 2076 2351 mores

503 2394 782 2450 denotant.
832 2392 965 2447 Nam
1031 2393 1281 2447 homines
1315 2393 1407 2461 qui
1465 2391 1651 2446 oculos
1707 2389 1774 2443 ad
1819 2389 2074 2444 interiora

503 2494 768 2539 retractos
816 2485 1141 2548 sortiuntur,
1187 2483 1483 2538 acutiorem
1515 2484 1690 2539 visum
1734 2483 1932 2536 habere
1960 2496 2075 2535 om-

503 2574 656 2629 nium
702 2576 885 2645 opinio
936 2584 1037 2630 est.
1082 2577 1150 2629 At
1193 2575 1407 2645 magnis
1462 2573 1634 2629 oculis
1694 2572 1970 2641 praeditos,
2023 2578 2077 2625 et

503 2666 828 2734 quiintento
856 2667 1046 2722 obtutu
1096 2667 1256 2721 detixi
1298 2667 1523 2731 haerent,
1572 2665 1856 2720 instabiles
1896 2679 1959 2718 ac
2012 2663 2078 2716 ad

504 2756 637 2810 iram
662 2772 959 2827 propensos
973 2757 1175 2811 dixere.
1190 2755 1256 2811 At
1279 2756 1645 2825 ntagnocnlos,
1664 2752 2083 2825 λιροφθαλμοὺς,

2184 1924 2331 1977 ἄλλοι
2346 1924 2402 1976 δὲ
2420 1923 2552 1992 πρὸς
2574 1923 2855 1993 οὐδέτερον
2879 1922 3086 1974 τούτων
3112 1921 3473 1985 ἐκκλίνουσιν,
3493 1921 3631 1975 ἀλλά
3655 1923 3759 1993 τὴν

2188 2017 2360 2088 μέσην
2399 2019 2581 2087 ἔχουσι
2613 2015 2815 2086 χώραν.
2843 2014 2905 2068 Οἳ
2940 2016 3035 2067 καὶ
3070 2014 3351 2083 βέλτιστον
3394 2011 3528 2084 ἦθος
3558 2014 3757 2085 διαση-

2188 2108 2437 2178 μαίνουσι
2463 2109 2507 2139 ”
2532 2108 2639 2161 τῶν
2672 2104 2867 2178 οἷσπερ
2899 2110 2945 2141 ⁰⁰
2980 2108 3109 2160 είσί.
3142 2109 3281 2169 Τοὺς
3334 2110 3519 2179 μέντοι
3549 2109 3754 2163 διακει-

2188 2201 2382 2270 μένους
2408 2200 2610 2269 μᾶλλον
2637 2200 2773 2270 πρὸς
2796 2199 2865 2253 τά
2886 2200 2930 2231 ⁸⁸
2960 2199 3111 2263 ἐντὸς
3135 2199 3581 2264 ὀξυωπεστάτους
3610 2196 3753 2254 εἶναι

2183 2309 2368 2361 φασιν,
2402 2292 2590 2362 ὥσπερ
2637 2295 2765 2355 τοὺς
2825 2296 2961 2363 πρὸς
3014 2293 3083 2345 τὰ
3128 2293 3285 2354 ὲκτὸς
3311 2292 3603 2355 ἀϐεϐαίους
3658 2293 3759 2347 καὶ

2182 2381 2468 2451 θυμικούς.
2492 2383 2631 2446 Τοὺς
2662 2383 2720 2435 δὲ
2761 2383 3249 2454 μεγαλοφθάλμους
3272 2426 3287 2448 ,
3317 2385 3409 2436 καὶ
3443 2386 3634 2448 ἀτενὲς
3664 2386 3759 2437 ὲν-

2180 2471 2446 2543 ορῶντας,
2489 2472 2895 2543 λιροφθὰλμους
2920 2475 2966 2505 ⁹¹
2994 2475 3137 2536 τινὲς
3167 2474 3470 2543 ὠνόμασαν,
3504 2476 3659 2545 παρά
3696 2477 3761 2529 τὸ

2182 2564 2303 2617 λίαν
2333 2565 2439 2617 τινὶ¹
2478 2566 2836 2635 προσκεῖσθαι
2864 2566 2935 2636 ’ἢ
2989 2566 3141 2634 παρά
3169 2567 3229 2618 τὸ
3265 2566 3381 2619 λίαν
3407 2567 3541 2637 ὁρᾷν
3567 2583 3581 2597 ’
3612 2568 3757 2619 ἐπεὶ

2186 2656 2397 2720 ἀτενεῖς
2421 2657 2560 2709 εἰσιν
2594 2658 2649 2710 αἱ
2692 2657 2899 2710 τούτων
2927 2657 3101 2727 ὄψεις,
3130 2658 3207 2721 ὡς
3244 2658 3473 2722 ἀναιδῶς
3524 2658 3760 2729 ὲπαιρὸο

2192 2764 2370 2818 μεναι.

505 2852 782 2907 nonnullis
831 2851 1102 2921 appellare
1142 2851 1365 2920 placuit,
1399 2850 1544 2921 quod
1591 2850 1643 2902 in
1683 2847 1956 2903 cernendo
2006 2846 2072 2901 ad
2112 2859 2201 2899 res
2235 2846 2380 2915 ipsas
2412 2844 2534 2914 plus
2572 2843 2738 2897 nimio
2788 2844 3133 2911 adhibentur,
3183 2845 3320 2910 sive,
3383 2847 3529 2916 quod
3561 2846 3757 2901 obtutu

505 2948 560 3001 in
612 2964 721 3003 uno
755 2948 916 3001 deﬁxi
960 2948 1330 3016 impudentius
1370 2948 1573 3000 hterere
1618 2947 1847 3000 soleant.

575 3043 827 3109 Musculi,
864 3044 1005 3098 unde
1052 3043 1226 3098 oculis
1252 3052 1432 3098 motus
1465 3042 1931 3103 subministratur,
1966 3055 2059 3094 sex

2239 3038 2302 3090 Οῐ
2340 3037 2396 3091 δὲ
2423 3037 2550 3099 τοὺς
2576 3036 2892 3108 ὀφθαλμοὺς
2921 3036 3207 3103 κινοῦντες
3250 3036 3389 3108 μῦες
3417 3038 3479 3104 ἒξ
3524 3041 3631 3093 είσι
3664 3042 3761 3096 τὸν

504 3150 733 3191 numero
783 3135 1071 3198 habentur,
1125 3149 1356 3203 quorum
1404 3134 1513 3187 duo
1567 3142 1712 3195 sunt,
1772 3148 1800 3185 a
1852 3131 2070 3200 quibus,

2180 3130 2437 3200 ἀριθμὸνο
2467 3131 2560 3184 δύο
2584 3131 2680 3201 μὲν
2708 3132 2758 3184 οἱ
2789 3131 3247 3202 περιστρέφοντες
3274 3133 3393 3186 ὅλον
3420 3134 3512 3187 τὸν
3541 3134 3757 3203 ὀφθαλ-

504 3240 629 3279 cum
670 3240 699 3277 a
724 3240 921 3293 magno
947 3223 1245 3292 procedunt
1295 3222 1515 3292 angulo,
1545 3223 1716 3276 donec
1749 3223 1813 3275 ad
1850 3236 2076 3291 parvum

2182 3221 2311 3290 μὸν,
2368 3222 2597 3275 ἀπὸτοῦ
2647 3223 2883 3293 μεγάλου
2927 3223 3128 3276 κανθοῦ
3167 3224 3481 3294 ἀρχόμενοι,
3527 3228 3626 3279 καὶ
3675 3228 3761 3290 τίς

505 3313 776 3376 desinant,
810 3313 974 3366 totius
1003 3313 1147 3367 oculi
1181 3327 1380 3381 corpus
1407 3312 1809 3381 circumagitur.
1834 3311 2077 3378 Quatuor

2180 3311 2266 3364 τὸν
2322 3313 2518 3383 μικρὸν
2559 3313 2943 3377 τελευτῶντες.
2987 3313 3050 3366 Οἱ
3088 3312 3143 3365 δὲ
3188 3314 3455 3381 τέσσαρες
3505 3315 3760 3368 κινοῦσιν

509 3419 638 3457 vero
688 3404 883 3471 reliqui
922 3414 1071 3458 recto
1108 3404 1227 3474 ejus
1256 3406 1429 3458 motui
1478 3402 1829 3470 famulantur,
1862 3422 1926 3459 ex
1958 3406 2079 3473 qui—

508 3494 611 3549 bus
634 3493 742 3548 due
772 3502 917 3557 sunt,
964 3508 1197 3563 quorum
1238 3496 1374 3550 alter
1402 3508 1619 3548 sursum
1653 3494 1911 3559 extendit,
1944 3495 2080 3547 alter

508 3600 640 3640 vero
691 3585 909 3639 oculum
949 3585 1086 3640 infra
1128 3587 1386 3654 retrahit;
1422 3587 1512 3641 alii
1556 3602 1684 3642 vero
1720 3586 1965 3649 totidem,
2012 3587 2079 3641 ad

508 3677 750 3733 dextram
787 3679 1083 3748 laevamque
1110 3679 1286 3748 ipsum
1311 3686 1549 3733 movent.
1578 3677 1658 3732 Ad
1694 3680 1814 3742 bos,
1839 3688 1891 3733 ct
1922 3680 2081 3748 septi-

508 3784 633 3824 mus
667 3778 771 3833 est,
813 3784 973 3839 quem
1017 3768 1303 3823 roborandi
1337 3758 1479 3822 oeuli
1514 3769 1685 3839 gratia
1726 3781 1919 3823 natura
1955 3785 2080 3838 pro-

508 3861 653 3927 tulit,
711 3875 821 3930 quo
872 3860 947 3914 illi
1009 3859 1130 3915 usui
1192 3860 1479 3925 sufficeret,
1541 3875 1663 3914 cum
1716 3861 1870 3914 nobis
1918 3861 2080 3914 breve

507 3951 725 4020 aliquod
738 3966 937 4022 corpus
950 3951 1067 4007 visu
1088 3954 1398 4007 accuratius
1413 3952 1809 4022 deprehendere
1825 3967 1963 4021 opus
1976 3960 2077 4007 est.

580 4041 744 4097 Visus
771 4055 851 4099 est
895 4046 1037 4099 actio
1068 4061 1188 4114 quae
1218 4045 1499 4099 oculorum
1541 4044 1722 4099 ofticio
1757 4045 1846 4109 ﬁt,
1881 4044 2080 4113 quibus

508 4134 738 4203 spiritus
772 4137 989 4191 subtilis
1042 4137 1333 4192 admodum
1374 4136 1779 4201 eommiscetur,
1813 4152 2081 4206 quorum-

509 4239 616 4291 que
654 4225 872 4292 pupillis
928 4227 1148 4290 insidet,
1189 4244 1284 4296 per
1331 4242 1490 4297 quem
1534 4242 1622 4283 res
1652 4226 1866 4281 eminus
1915 4227 2078 4280 etiam

508 4314 705 4383 posita:
736 4315 1211 4385 deprehenduntur
1250 4318 1393 4371 :nisi
1428 4317 1570 4371 enim
1610 4319 1662 4371 in
1690 4318 1861 4371 oculis
1896 4316 2077 4369 lumen

509 4405 814 4472 exsisteret,
842 4406 1021 4460 lumen
1048 4408 1192 4475 quod
1217 4416 1369 4461 extra
1397 4416 1478 4463 est
1497 4408 1646 4463 cerni
1670 4423 1699 4462 a
1723 4408 1879 4461 nobis
1906 4407 2079 4461 baud—

508 4511 778 4565 quaquam
837 4506 1037 4567 posset.
1073 4497 1257 4567 ipsum
1290 4499 1434 4553 enim
1466 4499 1606 4554 visui
1645 4500 1725 4553 ιιιί
1761 4500 1937 4554 solare
1969 4499 2073 4553 hoc

508 4590 691 4644 lumen
749 4591 1173 4661 comprehendat
1210 4591 1521 4647 facultatem
1561 4592 1823 4660 largitur,
1856 4599 1910 4647 et
1961 4592 2073 4661 pri—

508 4695 658 4733 mum
695 4696 724 4735 a
774 4683 894 4737 visu
934 4682 1053 4751 ipso
1092 4682 1352 4748 cernitur,
1395 4683 1643 4749 aerisque
1683 4682 1862 4737 lumen
1913 4683 2076 4736 rebus

510 4770 819 4826 visibilibus
848 4772 1241 4828 circumfusum
1305 4775 1492 4830 oculos
1558 4775 1623 4829 ad
1683 4783 1897 4828 sensata
1960 4773 2073 4842 ipsa

508 4858 955 4926 deprehendenda
995 4862 1241 4916 suscitat.
1292 4863 1427 4917 illud
1478 4873 1656 4919 autem
1685 4863 1827 4933 quod
1858 4862 1969 4923 dat,
2015 4869 2075 4915 ut

508 4946 814 5018 Thcologus
843 4953 1095 5020 asseruit,
1129 4954 1344 5023 accipit.

576 5030 736 5087 Plura
794 5036 1060 5106 siquidem
1147 5041 1453 5111 philosophi
1523 5041 1591 5098 de
1654 5043 1804 5098 visus
1862 5043 2075 5097 actione

509 5132 817 5180 scrutantes
866 5128 918 5180 in
972 5128 1209 5185 medium
1242 5133 1561 5190 attulerunt.
1594 5133 1697 5199 Qui
1734 5146 1913 5188 autem
1952 5134 2079 5203 Epi-

2177 3403 2338 3455 αὐτὸν
2373 3406 2494 3456 κατ’
2526 3404 2742 3457 εὐθεῖαν
2762 3421 2779 3437 '
2807 3407 2834 3457 ὁ
2868 3406 2967 3474 μὲν
3002 3400 3083 3467 εἷς
3110 3406 3429 3468 ἀνατείνων,
3461 3407 3489 3457 ὁ
3512 3408 3567 3458 δὲ
3596 3408 3761 3470 ἄλλος

2178 3494 2514 3546 κατασπῶν·
2569 3495 2727 3558 ἄλλος
2771 3494 3017 3559 ἐπιδέξια
3060 3496 3254 3560 κινῶν,
3307 3496 3401 3549 καὶ
3455 3496 3615 3559 ἄλλος
3663 3497 3759 3549 ἐπ’

2179 3584 2465 3655 ἀριστερά.
2502 3586 2662 3637 Ἐστι
2710 3585 2767 3638 δέ
2796 3603 2880 3649 τις
2931 3588 3027 3639 καὶ⁵
3073 3587 3261 3658 ἕτερος
3310 3586 3562 3656 ἕϐδομος,
3607 3588 3761 3650 ὅστις

2178 3673 2341 3726 αὑτὸν
2383 3673 2630 3745 στηρίξει
2679 3675 2773 3728 τὸν
2826 3675 3127 3745 ὀφθαλμὸν,
3174 3677 3345 3729 suam
3398 3677 3465 3730 ἃν
3509 3677 3762 3746 ἀκριϐῶς

2181 3761 2399 3832 βλέπειν
2436 3781 2488 3816 τι
2539 3763 2698 3835 σῶμα
2747 3766 2946 3834 μικρὸν
2972 3767 3019 3797 ⁸³
3066 3766 3351 3835 δεηθῶμεν
3408 3767 3491 3830 εἰς
3534 3768 3756 3835 ὅρασιν.

2251 3854 2418 3925 Ὄρος
2438 3853 2492 3906 δὲ
2526 3856 2769 3926 ὁράσεως
2797 3848 2975 3918 οὗτος.
3007 3856 3241 3925 Ὀρασίς
3272 3857 3421 3909 ἐστιν
3452 3858 3486 3926 ἠ
3530 3856 3621 3908 διὰ
3644 3857 3763 3909 τῶν

2178 3942 2473 4013 ὀφθαλμῶν
2518 3943 2779 4013 γινομένη
2806 3943 3059 4014 ἐνέργεια
3077 3944 3147 3999 9‘.
3176 3943 3285 3996 Τοῦ
3310 3943 3419 4012 γὰρ
3441 3960 3763 4013 συγκεκρα-

2183 4035 2345 4105 μένου
2374 4036 2430 4087 ὲν
2461 4035 2643 4098 αὐτοῖς
2677 4033 2989 4104 πνεύματος
3013 4034 3212 4087 λεπτοῦ
3240 4036 3479 4106 μάλιστα
3507 4036 3760 4099 avres”,

2179 4126 2273 4178 καὶ
2306 4127 2427 4187 ταῖς
2453 4126 2644 4195 κόραις
2670 4125 2877 4181 τούτων
2897 4126 3298 4197 ἐνυπάρχοντος
3321 4127 3389 4192 ⁸⁸,
3413 4126 3481 4179 δι’
3503 4126 3673 4179 αὐτοῦ
3706 4128 3759 4158 "

2180 4217 2236 4269 αι
2282 4218 2539 4288 ὁρατικαὶ
2595 4219 2911 4290 ἀντιλήψεις
2974 4221 3071 4272 καὶ
3144 4217 3431 4290 πόρρωθεν
3484 4218 3759 4286 γίνονται.

2181 4309 2244 4361 El
2273 4308 2349 4379 μὴ
2378 4310 2486 4380 γὰρ
2516 4312 2573 4363 ὲν
2603 4309 2901 4380 ὀφθαλμοῖς
2930 4309 3047 4378 φῶς
3074 4311 3243 4373 ἐστιν,
3276 4310 3376 4363 οὐκ
3416 4309 3481 4361 ἂν
3522 4308 3755 4379 ὁραθείη

2179 4398 2241 4451 τὸ
2311 4399 2513 4465 ἔξωθεν
2558 4400 2708 4469 φῶς·
2776 4400 2898 4470 ὕψει
2949 4401 3057 4471 γὰρ
3110 4401 3337 4470 παρέχει
3388 4401 3522 4470 ὁρᾷν
3588 4400 3759 4453 τοῦτο

2180 4491 2242 4545 τὸ
2272 4490 2499 4562 ἡλιακὸν
2558 4492 2694 4561 φῶς.
2754 4494 2865 4545 Καὶ
2921 4494 3138 4562 πρῶτον
3193 4494 3387 4563 ὁρᾶται
3447 4492 3601 4562 παρά
3653 4492 3759 4560 τῆς

2181 4581 2358 4650 ὄψεως
2384 4597 2397 4610 ·
2426 4582 2518 4634 καὶ⁹
2566 4584 2681 4644 τοῖς
2712 4583 2931 4652 ὁρατοῖς
2960 4582 3254 4653 περιρρέον
3292 4583 3355 4635 τὸ
3387 4584 3572 4651 ἀέριον
3611 4582 3753 4650 φῶς,

2180 4673 2496 4743 παρρησίαν
2528 4676 2639 4735 τοῖς
2672 4674 2888 4744 ὄμμασι
2937 4675 3224 4746 χαρίζεται
3280 4678 3360 4737 είς
3396 4676 3494 4743 τὴν
3520 4675 3634 4727 τῶν
3665 4677 3753 4728 αξ-

2180 4764 2394 4834 σθητῶν
2442 4765 2803 4836 κατανόησιν·
2844 4785 2863 4817 ι
2900 4767 3187 4836 Λαμϐἀνει
3235 4769 3344 4839 γάρ
3391 4768 3421 4820 ὃ
3466 4767 3651 4820 δίδωσι
3678 4807 3693 4829 ,
3726 4788 3749 4819 ι

2180 4857 2323 4910 κατά
2349 4857 2445 4927 τὴν
2468 4856 2562 4909 τοῦ
2595 4857 2863 4927 Θεολὸγου
2897 4859 3103 4929 φωνήν.

2252 5035 2429 5089 Πολλά
2451 5035 2507 5088 δὲ
2534 5037 2585 5088 οἱ
2611 5035 2892 5104 φιλόσοφοι
2915 5038 3047 5106 περὶ
3090 5037 3189 5106 τῆς
3229 5038 3513 5106 ἐνεργείας
3542 5037 3753 5108 ταύτης

2181 5128 2532 5198 διενέχθησαν
2559 5144 2571 5157 ·
2604 5130 2654 5180 οἱ
2688 5129 2785 5197 μὲν
2835 5128 3223 5199 Ἐπικούρειοι,
3257 5128 3453 5181 εἴδωλα
3480 5130 3588 5181 τῶν
3621 5147 3752 5197 φαι-

507 5215 625 5269 curi
680 5219 1001 5272 sententiam
1049 5231 1177 5275 sunt
1234 5224 1427 5288 secuti,
1462 5225 1604 5279 idola
1651 5225 1823 5279 oculis
1880 5227 2077 5279 nostris

2180 5220 2418 5287 νομένων
2460 5218 2825 5289 προσπξπτειν
2853 5221 2964 5280 τοῖς
2994 5219 3296 5287 ὀφθαλμοῖς
3348 5218 3595 5286 λέγουσι,
3652 5219 3751 5271 καὶ

508 5317 697 5358 earum
772 5317 890 5375 qua:
945 5319 1208 5377 apparent
1268 5328 1448 5366 rerum
1508 5313 1620 5383 68
1678 5312 1861 5381 objici,
1916 5313 2076 5382 idque

2181 5312 2277 5380 τὴν
2325 5312 2512 5376 ὅρασιν
2570 5312 2763 5363 ποιεῖν.
2839 5310 3217 5382 Ἀριστοτέλης
3258 5311 3316 5363 δὲ
3365 5311 3466 5363 οὐκ
3520 5310 3751 5364 εἴδωλον

577 5416 626 5499 ’ξ
648 5422 1118 5499 δεκτήν-ὅρασινμῆ
1147 5443 1279 5499 παρ.
1324 5428 1416 5499 Β.Δ
1458 5427 1503 5460 ⁸⁵
1535 5428 1686 5495 παρά
1734 5429 1828 5481 τοῦ
1860 5430 2237 5499 ἀριστοτέχνου
2270 5428 2404 5499 Θεοῦ
2436 5426 2496 5482 Ρ.
2571 5427 2617 5459 ⁸⁸
2646 5430 2820 5482 εἰπεῖν
2868 5429 2949 5481 ἔτι
2988 5446 3050 5498 γε
3112 5429 3215 5497 μὴν
3270 5430 3378 5481 τῶν
3428 5427 3742 5499 ὁερθαλμων.

508 5484 624 5565 ".0!
666 5490 764 5569 μὲν
796 5484 913 5569 τῶν
939 5484 1241 5569 ὀφθαλμῶν
1260 5484 1753 5569 πεπόληνται-ἷπρὸς
1781 5500 1848 5551 τὰ
1869 5484 2017 5569 ἐντὸς
2048 5500 2087 5549 Β
2111 5484 2171 5554 ἴ).
2246 5498 2292 5530 ⁸⁸
2322 5497 2651 5569 ἐξόγκωνται
2815 5499 2861 5531 θ’
2885 5500 2935 5569 o't'
2957 5484 3051 5569 καὶ
3089 5484 3371 5569 κρείττους
3417 5484 3511 5552 κάι
3542 5484 3749 5569 βδῆθος

507 5553 616 5630 τῷν
663 5553 993 5630 ἀνθρώπω-ι’
1013 5553 1154 5617 διαὲ.
1206 5568 1333 5629 τοὺς

508 5621 617 5702 σχῇ
663 5621 846 5702 γινὸμ,
885 5632 972 5702 ῥιᾲ
1030 5634 1136 5684 τῶν
1162 5636 1283 5702 ὀφθ.
1427 5637 1485 5688 Β.

1372 5564 1553 5636 μέντοι
1596 5564 1675 5622 PX
1731 5570 1778 5600 ⁹⁰
1811 5571 1869 5621 ὲν
1911 5564 1991 5631 οἷς
2038 5586 2142 5639 περ
2169 5570 2230 5621 Β.
2306 5569 2347 5599 θ’
2382 5568 2504 5628 τοὺς
2536 5568 2599 5621 Δ.
2675 5568 2719 5598 ⁹³
2756 5564 3149 5639 λινοφθάλμους
3185 5571 3248 5624 Α.
3325 5571 3372 5601 ⁹³
3404 5564 3652 5689 σμικῳν⁷
3684 5569 3745 5621 Β.

1380 5674 1392 5688 .
1427 5637 1485 5688 B.
1595 5640 1640 5670 9‘
1674 5637 1907 5689 μάλιστά
1933 5656 1983 5689 τι
2021 5640 2170 5689 ὄντος
2212 5639 2275 5689 Α.
2310 5636 2487 5689 καὶτὸ
2517 5639 2960 5689 συγκεκραμένον
2994 5640 3051 5689 ἐν
3081 5640 3264 5689 αὐτοῖς
3293 5637 3509 5689 πνεῦμα
3567 5639 3745 5689 .επτὸν

1595 5640 1640 5670 ³⁵
1674 5637 1907 5706 μάλιστά
1933 5656 1983 5691 τι
2021 5636 2170 5699 ὄντος
2212 5639 2275 5699 Α,
2310 5636 2487 5708 καὶτὸ
2517 5639 2960 5708 συγκεκραμένον
2994 5636 3051 5693 ἐν
3081 5640 3264 5702 αὐτοῖς
3293 5636 3509 5708 πνεῦμα
3547 5636 3578 5689 λ

3582 5639 3746 5690 επτὸν

515 5689 748 5758 μάλιστα
781 5689 840 5751 ὃν
871 5700 909 5753 C
942 5701 999 5754 Ρ.
1077 5704 1121 5734 ν’
1151 5689 1452 5777 ὲνύπάρχον
1473 5709 1535 5761 Δ.
1572 5689 1979 5778 Euripum?
2031 5689 2102 5741 V9"
2123 5689 2188 5761 δί’
2220 5689 2397 5759 aii-.5”
2424 5707 2484 5773 A,
2514 5689 2664 5758 δι”οῦ
