4054 6216
294 365 436 424 ΗΠ
1536 366 1625 421 DE
1662 364 1955 422 NATURA
1990 362 2296 421 llOMlNIS.
3417 371 3553 430 H75

293 477 629 551 σωματικὸν,
661 476 799 531 ἀλλὰ
822 478 1085 549 ποιότητα
1108 480 1179 532 δι’
1211 480 1554 542 ἀλλοιώσεως
1580 479 1677 532 τοῦ
1710 477 1852 549 πέριξ

1971 476 2125 532 visus
2166 476 2617 532 constitutionem
2678 490 2798 533 esse
2852 485 3181 534 statuerunt.
3233 478 3556 539 Aristoteles

289 573 472 643 ἀέρος,
527 569 636 623 ἀπὸ
662 569 773 622 τῶν
802 569 1017 640 ὁρατῶν
1054 570 1184 643 ἄχρι
1228 574 1327 642 τῆς
1352 570 1528 641 ὅψεως
1563 570 1852 641 παραγίνε·

1972 583 2101 623 vero
2154 585 2263 624 non
2319 570 2461 624 idola
2521 569 2638 638 ipsa
2697 582 2978 637 corporea,
3026 572 3117 625 sed
3159 571 3385 626 resoluti
3409 576 3555 629 aeris

192 700 199 705 -
290 663 438 717 σθαι.
496 662 723 716 Πλάτων
750 661 810 715 δὲ
840 662 1150 732 συμφώνως
1173 662 1250 733 τῷ
1280 662 1506 733 Γαληνῷ
1559 662 1652 714 τὸν
1702 660 1868 733 πέριξ

285 753 425 824 ἀέρα
450 752 668 819 λέγειθε
727 752 959 822 ὄργανον
994 752 1241 819 γίνεσθαι
1281 752 1359 822 τῷ
1390 751 1652 822 ὀφθαλμῷ
1682 769 1696 782 ·
1735 752 1864 805 καθ’

292 846 353 899 ὃν
378 845 595 917 ὁρῶμεν
648 846 840 916 χρόνον
882 844 1145 910 τοιοῦτον,
1191 838 1302 898 οἷόν
1334 861 1440 915 περ
1471 844 1761 915 ἐγκεφάλῳ
1807 844 1867 897 τὸ

286 937 482 1009 νεῦρον
498 940 565 992 ⁸³.

358 1196 431 1247 Ἦ
450 1210 509 1247 τε
540 1192 651 1264 γὰρ
682 1192 826 1261 αὐγὴ
852 1193 946 1246 τοῦ
980 1193 1132 1263 ἡλίου
1162 1192 1413 1263 ψαύουσα
1435 1195 1527 1249 τοῦ
1551 1197 1662 1250 ἀνω
1696 1197 1867 1267 πέρα·

284 1303 379 1350 τος
415 1285 511 1338 τοῦ
539 1285 722 1355 ἀέρος,
756 1284 1067 1338 διαδίδωσιν
1113 1288 1193 1349 εἰς
1226 1287 1345 1340 ὅλον
1374 1288 1474 1356 τὴν
1507 1288 1741 1359 δύναμιν
1764 1287 1860 1341 τοῦ

291 1377 471 1447 φωτός
495 1393 509 1406 ·
541 1377 639 1447 ἥτε
667 1375 758 1429 διὰ
794 1376 903 1429 τῶν
927 1377 1171 1429 ὀπτικῶν
1211 1376 1422 1448 νεύρων
1445 1380 1589 1448 αὐγὴ
1618 1381 1857 1450 φερομέ-

285 1487 374 1541 νη,
406 1469 504 1539 τὴν
537 1468 635 1539 μὲν
667 1467 857 1521 οὐσίαν
905 1468 1020 1537 ἔχει
1059 1469 1457 1539 πνευματικὴν,
1509 1470 1860 1538 ἐμπίπτουσα

283 1560 341 1612 δὲ
375 1560 455 1630 τῷ
485 1559 814 1631 περιέχοντι,
850 1562 947 1613 καὶ
993 1563 1060 1630 τῇ
1092 1559 1285 1631 πρώτῃ
1334 1560 1609 1631 προσϐολῇ
1642 1560 1739 1631 τὴν
1767 1562 1860 1614 ἀλα

283 1653 502 1705 λοίωσιν
561 1650 928 1722 ἐργαζομένη,
1006 1652 1310 1705 διαδίδωσιν
1388 1651 1517 1723 ἄχρι
1602 1654 1854 1707 πλείστου

285 1741 587 1810 συνέχουσα
620 1740 840 1809 ἑαυτὴν,
875 1740 1036 1811 ἄχρις
1088 1741 1155 1795 ἂν
1190 1743 1270 1807 εὶς
1313 1743 1609 1797 ἀντίτυπον
1636 1746 1853 1816 ἐμπέσῃ

1972 659 2067 728 qui
2121 674 2223 714 nos
2268 659 2439 714 ambit
2492 660 2831 730 qualitatem,
2892 676 3013 730 quae
3059 677 3089 715 a
3151 661 3313 717 rebus
3358 664 3551 719 visibi-

1972 749 2113 804 libus
2168 750 2236 803 ad
2299 751 2475 804 visum
2536 767 2709 821 usque
2760 752 2992 815 accedit,
3037 752 3212 805 visum
3270 768 3391 808 esse
3437 756 3554 824 cpi-

1970 850 2132 893 natus
2178 849 2280 895 est.
2336 839 2528 908 Plato,
2586 840 2742 908 cujus
2802 843 3126 895 sententiam
3177 840 3414 898 Galenus
3466 859 3552 898 see

1969 932 2396 995 cutusest,hunc
2413 932 2503 1000 qui
2536 948 2635 987 nos
2668 948 2845 987 aerem
2872 934 3062 998 ambit,
3085 948 3151 987 eo
3176 943 3417 1002 tempore
3438 950 3547 1004 quo

1969 1021 2265 1084 cernimus,
2317 1021 2737 1075 instrumentum
2770 1022 3052 1075 oculorum
3085 1021 3547 1091 quemadmodum

1967 1118 2021 1163 et
2056 1108 2261 1163 cerebri
2300 1126 2525 1163 nervum
2571 1124 2692 1164 esse
2731 1109 3081 1163 existimavit.

2036 1199 2179 1256 Solis
2212 1216 2447 1271 namque
2497 1201 2770 1270 splendor,
2827 1201 3024 1271 inquit,
3087 1200 3352 1268 superiori
3404 1200 3545 1256 aeris

1966 1293 2200 1347 termino
2277 1293 2568 1357 adhibitus,
2643 1292 2865 1346 luminis
2948 1293 3056 1345 vim
3123 1293 3174 1345 in
3229 1292 3545 1345 universum

1964 1385 2264 1450 distribuit,
2324 1386 2663 1455 partiturque
2710 1403 2723 1440 :
2778 1387 2868 1455 qui
2922 1385 3195 1454 spirituali
3239 1384 3545 1439 substantia

1962 1475 2248 1545 praeditus,
2283 1491 2379 1545 per
2422 1490 2619 1530 nervos
2678 1474 2770 1545 qui
2821 1474 2961 1529 visui
3024 1474 3326 1529 inServiunt
3379 1489 3546 1543 pene-

1964 1577 2089 1622 trat.
2142 1567 2279 1622 Cum
2335 1582 2467 1621 vero
2522 1566 2575 1620 in
2645 1567 2973 1619 ambientem
3033 1580 3157 1618 aera
3230 1564 3439 1629 incidit,
3491 1572 3546 1619 et

1960 1656 2138 1727 primo
2194 1658 2397 1723 impetu
2452 1656 2507 1709 in
2542 1655 2635 1710 illo
2685 1656 2769 1709 cui
2831 1654 3117 1709 adhibetur
3170 1654 3544 1709 alterationem

1958 1755 2142 1821 efficit,
2172 1756 2504 1810 tantumdem
2546 1755 2806 1826 temporis
2836 1770 2954 1810 sese
3000 1754 3290 1808 continens
3346 1752 3545 1807 diffun-

284 1833 468 1903 σῶμα.
518 1832 653 1903 Ὁρᾷ
681 1832 738 1885 δὲ
765 1835 798 1903 ἠ
847 1834 971 1902 ὄψις
1014 1836 1137 1887 κατ’
1179 1836 1397 1901 εὐθείας
1436 1838 1725 1908 γραμμὰς,
1759 1841 1852 1893 καὶ

1961 1847 2130 1911 ditur,
2171 1847 2350 1915 quoad
2396 1846 2449 1899 in
2490 1861 2690 1914 corpus
2747 1861 2774 1899 a
2815 1860 2922 1912 quo
2968 1843 3364 1913 repercutiatur
3409 1842 3546 1897 inci-

280 1924 388 1977 τῶν
429 1924 704 1993 διαφανῶν
736 1925 896 1994 μέχρι
955 1926 1155 1996 βάθους
1206 1928 1531 1983 διικνεῖσθαι
1565 1931 1811 1998 πέφυκεν
1839 1950 1854 1965 ο

279 2013 443 2088 ἀέρος
474 2016 573 2087 μὲν
602 2018 834 2088 πρώτως
866 2020 961 2071 καὶ⁸
995 2019 1255 2089 μάλιστα,
1288 2021 1406 2075 ὅλον
1443 2023 1552 2092 γὰρ
1582 2024 1856 2094 διεξέρχε-

280 2130 369 2165 ται
395 2129 408 2142 ·
450 2111 704 2182 δεύτερον
736 2111 794 2164 δὲ
833 2111 1024 2173 ὓδατος
1072 2112 1415 2182 ἠρεμοῦντος
1438 2116 1535 2168 καὶ
1562 2114 1805 2187 καθαροῦ
1833 2133 1848 2146 ·

279 2196 443 2274 ἦττον
473 2203 530 2256 δὲ
555 2202 624 2256 δι’
668 2202 824 2255 ὑέλου
853 2202 949 2255 καὶ
980 2202 1089 2255 τῶν
1119 2201 1296 2256 ἄλλων
1338 2204 1447 2258 τῶν
1501 2205 1855 2275 πεφωτισμέ-

279 2305 425 2347 νων·
460 2294 570 2347 ἴδια
614 2293 725 2363 γὰρ
782 2293 955 2346 ταῦτα
992 2292 1093 2363 τῆς
1140 2293 1337 2363 ὅψεως.
1392 2295 1621 2365 Ὁμοίως
1673 2297 1768 2350 καλ⁵
1796 2296 1857 2350 τὸ

277 2384 479 2455 χρῶμα
510 2386 643 2438 ἴδιον
675 2385 771 2454 τῆς
801 2386 1106 2455 αἰσθήσεως
1129 2400 1142 2413 ⁸
1183 2383 1296 2438 οἷον
1333 2386 1395 2439 τὸ
1429 2386 1591 2454 φαιὸν
1650 2387 1680 2457 ἦ
1724 2389 1854 2458 ὲρυ-

280 2475 440 2546 θρόν·
474 2476 787 2529 αἰσθάνεται
817 2478 926 2546 γὰρ
977 2477 1122 2529 κατὰ
1159 2477 1260 2546 μὲν
1298 2477 1519 2548 πρῶτον
1551 2478 1713 2543 λόγον
1745 2480 1853 2533 τῶν

278 2569 608 2639 χρωμάτων,
648 2567 1100 2635 συνδιαγινώσκει
1128 2568 1183 2621 δὲ
1225 2568 1412 2633 αὐτοῖς
1446 2570 1623 2623 καὶτὸ
1646 2587 1854 2640 κεχρω-

280 2661 511 2731 σμένονί
546 2660 727 2729 σῶμα,
763 2660 860 2713 καὶ
886 2661 950 2713 τὸ
980 2660 1212 2731 μέγεθος
1244 2661 1338 2715 καὶ
1370 2662 1429 2713 τὸ
1454 2662 1639 2731 σχῆμα
1661 2662 1851 2727 αὑτοῦ,

278 2753 373 2805 καὶ
394 2751 493 2822 τὴν
528 2750 712 2824 χώραν
738 2751 867 2804 ἔνθα
897 2752 1033 2817 ἐστὶ,
1076 2753 1173 2806 καὶ
1209 2752 1270 2805 τὺ
1308 2753 1608 2825 διάστημα,
1642 2758 1733 2808 καὶ
1759 2756 1851 2808 τὸν

278 2844 531 2917 ἀριθμὸν,
566 2845 784 2915 κίνησιν
808 2847 852 2908 ¹,
884 2843 981 2897 καὶ
1012 2844 1205 2897 στάσιν
1232 2861 1245 2874 ·
1292 2846 1388 2899 καὶ
1418 2845 1479 2899 τὸ
1504 2848 1678 2916 τραχὺ
1713 2851 1734 2879 ³
1759 2849 1853 2901 καὶ

276 2936 438 3000 λεῖον,
469 2936 566 2989 καὶ
595 2936 654 2988 τὸ
682 2935 884 3005 ὁμαλὸν
923 2935 1018 2990 καὶ
1060 2935 1121 2989 τὸ
1160 2934 1451 3006 ἀνώμαλον
1469 2936 1511 3001 ⁸,
1558 2938 1651 2989 καὶ
1681 2938 1741 2991 τὸ
1761 2938 1853 3005 ὀξὺ

278 3029 369 3082 καὶ
402 3030 423 3061 ⁸
463 3025 643 3099 ἀμϐλύ
668 3044 681 3058 ⁸
724 3029 821 3081 καὶ
870 3026 968 3099 τὴν
1026 3029 1238 3090 στάσιν,
1285 3030 1395 3082 εἴτε
1441 3029 1714 3093 ὑδατῶδες
1741 3032 1783 3094 ⁸,
1818 3031 1851 3101 ἢ

1959 1939 2116 1993 derit.
2181 1938 2344 1994 Visus
2390 1948 2572 1991 autem
2622 1954 2715 2006 per
2764 1946 2941 1991 rectas
2999 1936 3173 1990 lineas
3221 1934 3414 2001 cernit,
3448 1933 3542 1989 sed

1962 2037 2018 2084 et
2068 2044 2131 2083 ea
2183 2044 2303 2097 qua:
2347 2030 2683 2082 translucent
2735 2043 2963 2097 corpora
3016 2025 3081 2081 ad
3142 2026 3309 2078 imum
3366 2040 3543 2094 usque

1961 2120 2278 2190 penetrandi
2310 2118 2566 2172 facultate
2600 2119 2859 2189 praeditus
2896 2127 3012 2183 est;
3044 2126 3097 2171 et
3122 2116 3355 2185 primum
3394 2132 3539 2186 pra:-

1959 2211 2228 2281 cipueque
2256 2227 2352 2280 per
2405 2220 2576 2266 totum
2633 2227 2759 2264 aera
2798 2211 2946 2264 nullo
2976 2210 3368 2279 impedimento
3406 2209 3541 2264 ferri

1959 2312 2152 2373 suapte
2181 2312 2374 2359 natura
2429 2305 2657 2358 idoneus
2708 2304 2954 2357 habetur.
3029 2301 3201 2355 Paulo
3253 2302 3435 2357 minus
3484 2301 3541 2354 in

1960 2409 2099 2465 aqua
2148 2410 2285 2465 pura
2324 2395 2724 2464 tranquillaque
2760 2396 2901 2449 idem
2930 2394 3115 2448 efficit.
3146 2392 3251 2447 Sed
3285 2408 3392 2447 non
3418 2402 3542 2446 tan-

1963 2489 2206 2542 tumdem
2237 2488 2290 2541 in
2318 2488 2481 2553 vitro,
2505 2496 2555 2541 et
2584 2488 2707 2542 aliis
2729 2503 2851 2557 qum
2882 2484 3181 2541 subluSIria
3204 2493 3541 2553 suutcorpo-

1958 2578 2108 2633 ribus
2139 2579 2296 2631 valet.
2334 2577 2459 2631 Ilaec
2513 2587 2663 2641 sunt,
2687 2593 2808 2646 qua:
2829 2576 3088 2646 peculiari
3113 2576 3236 2645 jure
3256 2575 3407 2631 visus
3435 2576 3541 2629 sibi

1957 2681 2217 2739 perpetuo
2281 2669 2540 2723 vindicat.
2602 2667 2803 2721 Eodem
2868 2678 3047 2736 pacto,
3107 2667 3431 2730 etcolures,
3480 2674 3541 2720 ut

1963 2760 2139 2814 fulvus
2190 2760 2505 2828 rubensque
2563 2772 2758 2813 sensus
2822 2756 3039 2825 propria
3092 2762 3258 2821 sunt,
3324 2754 3540 2809 colores

1958 2852 2101 2907 enim
2129 2851 2384 2919 primaria
2405 2850 2488 2905 sui
2515 2849 2722 2903 ratione
2744 2848 2893 2901 visus
2915 2844 3291 2915 deprehendit,
3318 2845 3533 2911 deinde,

1957 2953 2010 2998 et
2062 2944 2245 2997 colore
2275 2942 2536 2996 infectum
2577 2955 2779 3009 corpus
2800 2981 2813 3004 ,
2846 2938 3076 3007 ejusque
3105 2937 3537 3007 magnitudinem

1959 3032 2316 3103 figuramque,
2354 3046 2417 3085 ac
2449 3030 2627 3084 locum
2661 3044 2770 3098 quo
2800 3028 3299 3099 comprehenditur,
3343 3024 3538 3081 simul-

279 3119 483 3189 γεῶδές
509 3122 628 3173 ἐστι
650 3134 662 3149 ο
702 3119 791 3173 διὰ
832 3119 1002 3191 μόνης
1028 3120 1139 3189 γὰρ
1166 3120 1266 3189 τῆς
1296 3119 1471 3189 ὅψεως
1500 3120 1609 3173 τῶν
1632 3123 1852 3191 χρωμὰ-

1960 3140 2065 3194 que
2095 3132 2362 3191 quantum
2387 3122 2567 3176 distet.
2611 3118 2899 3184 Praeterea,
2931 3135 3217 3173 numerum
3248 3128 3301 3172 et
3329 3128 3535 3171 motum

276 3230 387 3266 των
413 3210 951 3281 ἀντιλαμϐανόμεθα.
989 3211 1071 3263 Τὰ
1114 3211 1170 3263 δὲ
1192 3211 1355 3263 λοιπὰ
1383 3211 1539 3264 κοινὰ
1578 3211 1680 3280 τῆς
1711 3212 1855 3280 ἁφῆς

277 3304 373 3357 καὶ
402 3304 500 3373 τῆς
533 3302 729 3372 ὅψεως,
766 3301 956 3371 ὥσπερ
995 3301 1088 3354 καὶ
1122 3303 1215 3354 ἐπὶ
1239 3300 1335 3354 τοῦ
1372 3303 1544 3373 πυρός
1569 3318 1582 3332 ·
1619 3303 1715 3354 καὶ
1746 3303 1855 3371 γὰρ

278 3395 337 3448 τὸ
364 3393 474 3465 πῦρ
520 3394 760 3465 ὁρῶντες
801 3393 962 3463 ἴσμεν
995 3394 1076 3446 ὅτι
1121 3391 1326 3463 θερμόν
1369 3394 1519 3446 ἐστιν
1549 3409 1562 3423 ο
1610 3393 1727 3446 ἀλλ’
1760 3393 1853 3446 ἐὰν

277 3485 372 3538 ἐπὶ
400 3484 498 3555 τὴν
525 3483 749 3555 πρώτην
772 3484 895 3552 ὄψιν
917 3483 1201 3553 ἀναγάγῃς
1224 3484 1242 3513 ⁷
1274 3483 1364 3535 τὸν
1387 3482 1565 3551 λόγον,
1600 3486 1855 3555 εὑρήσεις

278 3578 375 3643 ὡς,
413 3577 536 3631 τότε
579 3577 667 3629 ὅτε
707 3578 740 3646 ἡ
774 3575 897 3645 ὄψις
931 3573 1198 3628 ἐθεάσατο
1244 3575 1303 3626 τδ
1326 3574 1459 3647 πῦρ,
1499 3576 1660 3645 μόνον
1684 3575 1705 3607 ³
1754 3575 1849 3629 τοῦ

278 3668 573 3739 χρώματος
630 3667 724 3721 καὶ
776 3668 1055 3737 σχήματος
1106 3665 1230 3735 ἔσχε
1261 3663 1360 3735 τὴν
1398 3665 1600 3734 γνῶσιν
1630 3684 1643 3697 υ
1680 3682 1854 3737 προσ-

278 3759 545 3829 ελθούσης
570 3758 628 3811 δὲ
661 3761 758 3829 τῆς
785 3759 951 3830 ἁφῆς,
987 3757 1372 3828 ἐγνωρίσαμεν
1409 3757 1490 3809 ὅτι
1527 3756 1729 3825 θερμὶν
1760 3758 1854 3810 καὶ

279 3851 580 3904 καυστικδν
616 3851 855 3921 ὑπάρχει
887 3851 949 3903 τὸ
986 3849 1121 3920 πῦρ.
1160 3848 1298 3901 Ποτὲ
1368 3848 1468 3918 μὲν
1505 3849 1537 3919 ἡ
1571 3848 1694 3917 ὄψις
1752 3850 1854 3919 τῆς

278 3941 682 4014 ἐπιμαρτυρῐας
709 3942 904 4013 χρῄζει
932 3941 1041 3996 τῶν
1068 3940 1245 3994 ἄλλων
1284 3938 1591 4011 αἰσθήσεων
1622 3940 1761 4011 πρὸς
1795 3942 1852 3994 τὸ

280 4035 354 4107 μὴ
386 4035 715 4103 σφάλλεσθαι
742 4049 755 4062 ·
796 4034 928 4087 ποτὲ
961 4034 1018 4087 δὲ
1047 4033 1167 4086 καθ’
1208 4031 1409 4103 ἑαυτὴν
1436 4032 1681 4103 ἐναργῶς
1710 4050 1853 4103 παρ-

280 4125 457 4195 εστησι
515 4125 574 4178 τὸ
613 4125 938 4196 φαινόμενον
970 4140 983 4153 ·
1020 4126 1148 4177 ὅταν
1197 4122 1292 4175 οῦν
1340 4123 1431 4174 τὸν
1480 4123 1688 4192 πύργον
1711 4123 1731 4154 ⁹
1763 4123 1853 4176 τὸν

277 4220 617 4289 τετράγωνον
659 4218 994 4288 στρογγύλον
1040 4217 1326 4289 πόρρωθεν
1357 4216 1477 4287 ὁρᾷ,
1506 4218 1601 4268 καὶ
1629 4215 1698 4268 τὰ
1736 4216 1854 4286 μεί-

278 4311 406 4373 ζονα
437 4310 545 4362 τῶν
600 4309 817 4381 ζώωνῆ
876 4309 1217 4378 κτισμάτων,
1263 4306 1457 4379 μικρὰ,
1526 4306 1847 4375 σφάλλεται.

287 4401 521 4472 ’ὁμοίως
552 4401 647 4454 καὶ
674 4402 803 4455 ὅταν
832 4401 877 4432 ¹⁰
906 4401 974 4453 δι’
1006 4399 1197 4461 ὕδατος
1220 4397 1543 4467 κινουμένου
1567 4397 1670 4467 ὁρᾷ
1697 4414 1711 4428 ·
1752 4399 1851 4467 τὴν

1961 3231 2025 3270 ac
2048 3215 2318 3285 quietem,
2378 3228 2613 3282 cumque
2661 3211 2745 3265 bis
2771 3211 2917 3281 quod
2956 3227 3209 3281 asperum
3240 3226 3305 3264 ac
3346 3211 3461 3264 leve
3484 3216 3540 3264 et

1958 3307 2205 3376 planum,
2243 3305 2619 3375 inrequaleque
2640 3312 2759 3369 est;
2798 3314 2909 3357 tum
2963 3304 3124 3357 etiam
3158 3312 3337 3366 acuta,
3375 3300 3539 3355 obtu-

1960 3412 2147 3468 saque,
2183 3406 2236 3452 et
2266 3413 2387 3467 quae
2439 3397 2663 3450 immota
2694 3396 3004 3449 consistunt
3041 3414 3054 3448 :
3112 3405 3165 3448 et
3191 3404 3373 3448 utrum
3405 3392 3538 3463 quid

1958 3491 2024 3543 ad
2057 3504 2289 3559 aqucum
2348 3496 2400 3543 et
2440 3495 2675 3541 terrcum
2713 3486 2968 3549 declinet,
3020 3485 3338 3555 dignoscere
3382 3481 3540 3537 facile

1956 3591 2157 3651 potest.
2187 3578 2257 3633 Ut
2317 3580 2462 3632 enim
2494 3596 2523 3631 ιι
2575 3576 2732 3631 nobis
2784 3577 2999 3629 colores
3037 3573 3535 3643 deprehendantur,

1956 3673 2104 3728 visus
2170 3679 2381 3725 tantum
2414 3685 2577 3724 causa
2610 3667 2869 3731 exsistit;
2906 3675 2964 3719 ut
2996 3681 3123 3719 vero
3168 3675 3385 3725 caetera,
3421 3672 3533 3716 tum
3582 3718 3585 3721 γ

1955 3770 2155 3829 tactus,
2186 3771 2297 3815 tum
2324 3761 2473 3814 visus
2514 3768 2618 3822 est,
2650 3757 2795 3827 quod
2850 3754 2988 3826 ignis
3045 3754 3293 3822 exemplo
3320 3753 3535 3822 probari

1955 3862 2111 3917 facile
2124 3862 2460 3931 potest.Cum
2479 3860 2624 3915 enim
2646 3861 2821 3930 ignem
2841 3858 3075 3927 primum
3096 3856 3255 3910 nobis
3274 3856 3540 3923 inspicere

1954 3955 2239 4025 contingit,
2265 3955 2407 4024 quod
2424 3954 2633 4007 calidus
2656 3951 2726 4005 sit
2748 3950 3019 4005 novimus.
3038 3948 3539 4015 Verumenimvero,

1956 4048 2001 4102 si
2026 4048 2076 4102 id
2095 4047 2238 4116 quod
2269 4046 2503 4116 primum
2523 4042 2826 4112 inspexeris
2858 4041 3196 4101 consideres,
3237 4048 3364 4092 tunc
3391 4038 3539 4093 enim

1956 4137 2297 4192 manifestum
2319 4136 2423 4190 erit
2466 4135 2533 4189 de
2568 4134 2766 4189 coloris
2800 4129 3363 4199 tantummodoignis,
3397 4130 3535 4199 ligu-

1954 4240 2135 4295 raeque
2155 4226 2367 4280 ratione
2386 4224 2543 4278 nobis
2562 4223 2716 4292 plane
2747 4221 3091 4277 constitisse.
3115 4219 3172 4274 Si
3205 4234 3332 4273 vero
3366 4229 3420 4273 et
3453 4227 3540 4272 ta-

1953 4322 2101 4369 ctum
2134 4314 2566 4376 adhibuerimus,
2615 4312 2787 4376 illum,
2818 4318 2930 4364 tum
2978 4310 3212 4364 calidum
3252 4307 3363 4379 69
3394 4322 3538 4372 esse,

1957 4415 2069 4459 tum
2115 4403 2469 4460 comburendi
2512 4402 2622 4456 vim
2656 4402 2857 4456 habere
2894 4400 3385 4470 deprehendemus.
3434 4396 3539 4449 Sed

275 4493 385 4563 γὰρ
417 4490 611 4560 κώπην
659 4492 734 4557 ὡς
781 4491 1163 4561 κεκλασμένην
1210 4490 1397 4560 βλέπει
1438 4491 1497 4541 ὲν
1536 4491 1601 4558 τῇ
1650 4487 1851 4541 θαλάσ-

1958 4510 2349 4566 nonnunquam
2380 4494 2578 4549 accidit
2600 4494 2740 4548 visui
2782 4494 2905 4563 ipsi,
2942 4508 3051 4560 quo
3083 4491 3262 4544 minus
3300 4489 3536 4552 aberret,

277 4600 347 4658 σῃ
379 4586 442 4638 ⁸³.
502 4585 735 4656 Ὁμοίως
762 4585 819 4637 δὲ
849 4586 891 4616 ¹¹
944 4583 1038 4638 καὶ
1071 4584 1202 4635 ὅταν
1244 4581 1333 4635 διά
1377 4598 1524 4644 τινος
1578 4580 1738 4651 ὕλησ,
1772 4581 1848 4644 ὡς

274 4679 503 4731 ἐπὶτῶν
538 4678 841 4748 ἐσόπτρων,
880 4678 978 4730 καὶ
1007 4676 1213 4747 ἑτέρων
1247 4674 1554 4743 διαφανῶν,
1596 4675 1690 4726 καὶ
1718 4674 1848 4725 ὅταν

274 4768 441 4835 ὀξέως
474 4772 691 4840 κινῆται
716 4769 779 4821 τὸ
820 4768 1121 4839 ὁρώμενον.
1182 4765 1558 4836 Συνταράσσει
1604 4765 1715 4835 γὰρ
1750 4765 1848 4832 τὴν

274 4860 397 4930 δψιν
425 4861 673 4932 ἠταχεῖα
715 4862 953 4931 κίνησις,
1002 4858 1077 4923 ὡς
1108 4858 1204 4910 ἐπὶ
1248 4856 1342 4910 τοῦ
1379 4858 1482 4927 τῆς
1517 4856 1849 4925 περιστερᾶς

273 4953 573 5023 τραχήλου.
646 4952 942 5022 Τεσσάρων
997 4950 1056 5002 δὲ
1140 4948 1376 5018 μάλιστα
1445 4946 1583 5017 πρὸς
1643 4944 1848 5015 ὲναργῆ

274 5044 568 5115 διάγνωσιν
611 5046 644 5115 ἡ
685 5044 811 5115 ὄψις
861 5042 1055 5113 χρῄζει
1084 5057 1099 5071 ⁸
1145 5039 1423 5103 ἀϐλαϐοῦς
1451 5038 1843 5107 αἰσθητηρίου⁸

276 5137 596 5208 συμμέτρου
622 5137 893 5205 κινήσεως
916 5150 929 5165 ο
956 5134 1051 5188 καὶ
1079 5132 1449 5202 διαστήματος
1479 5130 1642 5199 ἀέρος
1673 5129 1846 5182 καθα-

277 5229 373 5301 ροῦ
402 5232 536 5285 ’καὶ
598 5226 856 5300 λαμπροῦ
912 5226 1112 5297 φωτός.
1169 5226 1284 5280 Καὶ
1310 5224 1377 5278 τὰ
1414 5223 1513 5294 μὲν
1560 5222 1689 5292 περὶ
1737 5220 1848 5273 τῶν

273 5319 571 5391 ὀφθαλμῶν
602 5321 744 5383 ἆλις.

1958 4588 2079 4641 aliis
2118 4586 2379 4641 sensoriis
2426 4602 2523 4640 ceu
2582 4585 2812 4638 testibus
2867 4582 2992 4634 uti:
3030 4579 3358 4649 quandoque
3406 4592 3537 4631 vero

1958 4693 2055 4747 per
2086 4692 2145 4731 se
2175 4677 2353 4745 ipsum
2386 4675 2534 4729 nullo
2573 4682 2895 4727 caeterorum
2925 4667 3259 4721 adminicqu
3296 4682 3384 4720 res
3417 4682 3539 4736 quin

1956 4774 2218 4838 apparent
2258 4764 2665 4819 animadvertit.
2717 4760 2910 4815 Turris
2953 4759 3116 4828 igitur
3155 4758 3434 4827 quadrata:
3477 4758 3537 4809 ti-

1954 4872 2104 4929 gurae
2138 4856 2192 4909 in
2221 4855 2386 4924 paulo
2406 4854 2685 4909 remotiori
2714 4867 2746 4906 a
2772 4850 2892 4905 visu
2923 4864 3086 4918 quam
3120 4862 3214 4916 par
3240 4848 3309 4900 sit
3333 4847 3538 4900 distan-

1953 4950 2027 5004 tia
2084 4947 2260 5017 posita
2306 4946 2537 5000 rotunda
2590 4944 2845 5008 videtur,
2912 4938 3233 5009 majoraque
3279 4938 3536 4992 animalia

1949 5054 2014 5093 ac
2060 5038 2305 5108 cujusvis
2354 5036 2571 5105 generis
2627 5034 2881 5095 aedificia,
2957 5031 3207 5085 breviora
3258 5030 3394 5085 :sed
3433 5028 3538 5082 fal-

1950 5130 2079 5185 litur
2129 5130 2371 5200 quidem.
2433 5126 2620 5197 Atqui,
2657 5134 2708 5180 ct
2746 5126 2839 5179 illo
2892 5134 3131 5192 tempore
3183 5123 3335 5176 visus
3367 5121 3535 5175 etiam

1950 5221 2125 5291 decipi
2168 5220 2326 5283 solet,
2371 5235 2494 5273 cum
2557 5233 2742 5272 remus
2791 5232 2857 5271 ex
2908 5224 3059 5269 motu
3114 5230 3268 5283 aqua:
3297 5214 3353 5266 in
3395 5209 3535 5265 mari

1949 5312 2155 5368 fractus
2214 5312 2446 5367 videtur.
2494 5308 2577 5363 Ad
2618 5309 2753 5374 haec,
2801 5306 3037 5376 alicujus
3068 5305 3310 5360 materiae
3345 5317 3533 5380 causa,

274 5423 335 5468 ut
355 5427 422 5468 ex
446 5413 656 5482 speculi
688 5409 1142 5483 inspectionibus,
1171 5423 1235 5463 ac
1268 5408 1391 5462 aliis
1448 5404 1737 5476 diapbanis
1794 5418 1915 5473 qua:
1951 5405 2201 5461 videlicet
2258 5406 2593 5459 translucent
2647 5401 2991 5471 corporibus,
3034 5400 3183 5452 visus
3241 5395 3531 5469 decipitur.

273 5506 432 5562 Tunc
468 5506 654 5573 etiam,
717 5506 936 5576 quando
962 5505 1016 5562 id
1043 5504 1191 5575 quod
1224 5504 1484 5567 cernitur,
1539 5500 1746 5571 pernici
1774 5515 1837 5554 ac
1875 5501 2131 5557 ocissimo
2147 5509 2293 5557 motu
2312 5500 2516 5555 fertur:
2541 5498 2665 5554 talis
2711 5497 2859 5552 enim
2910 5492 3252 5561 motus,utin
3270 5489 3536 5546 columbae

343 5644 393 5679 ⁸⁸
414 5646 671 5717 λέγουσιν
692 5648 756 5701 Β.
831 5651 877 5683 9’
910 5649 1039 5717 παρ’
1072 5649 1263 5717 ἐγκεφ.
1317 5655 1372 5703 et
1411 5660 1533 5717 mox
1556 5645 1620 5717 τὸ
1643 5643 1861 5717 νεῦρον.Δ
1922 5646 1938 5676 ¹
1969 5644 2313 5717 κεχωσμένον
2476 5642 2769 5717 ίζίνησίν.
2803 5657 2863 5693 τε
2905 5640 2963 5717 ’Β
2998 5637 3038 5692 C
3239 5638 3259 5668 ³
3286 5634 3424 5717 ταχὺ

274 5716 600 5786 -δάνόμαλον
632 5718 693 5769 Β.
771 5721 790 5751 ⁸
815 5720 908 5772 καὶ
957 5714 1016 5772 τὸ
1041 5714 1122 5774 Β(
1178 5718 1198 5747 ⁶
1219 5714 1308 5770 ῦὸ.
1364 5714 1551 5786 τυχὸν
1578 5716 1639 5767 Β.
1717 5716 1730 5743 ⁷
1757 5714 1977 5786 ριγάγης
2004 5715 2043 5766 Β
2064 5716 2128 5771 Ρ.

280 5785 378 5841 καὶ
410 5782 540 5844 ὅταν
568 5787 609 5840 Β
649 5789 711 5843 P.
796 5791 835 5822 “
864 5790 960 5861 τῆς
995 5788 1272 5858 θαλάσσης
1308 5787 1367 5840 Β.
1435 5782 1486 5815 ⁷¹⁷²
1512 5784 1566 5836 δὲ
1595 5800 1702 5839 om.
1754 5782 1811 5835 lt.

2228 5714 2249 5745 "
2283 5714 2443 5784 μόνου
2476 5712 2517 5765 Β
2547 5712 2606 5768 Ρ.
2645 5702 2699 5744 ’⁸
2725 5711 2814 5766 τὸν
2836 5709 2966 5779 γοῦν
2995 5727 3053 5762 π.
3083 5709 3122 5761 Β
3147 5709 3208 5759 P.
3285 5708 3329 5738 ¹⁰
3359 5702 3449 5772 σφ.
3476 5702 3532 5756 δὲ
3633 5765 3640 5783 Ι
