4054 6216
477 353 613 409 H79

1759 332 2040 391 MELETII
2084 328 2392 389 MONACHI

3602 308 3744 379 Ηὸὁ

476 471 765 526 velocitate
805 466 884 530 iit,
921 465 1096 519 visum
1133 460 1427 531 perturbat.
1462 456 1646 526 Atqui,
1674 464 1732 509 ut
1754 454 1904 509 visus
1943 453 2057 522 ipse
2098 462 2219 505 actu
2260 465 2349 503 res
2372 442 2838 516 comprehendere
2860 449 3042 512 queat,
3076 450 3313 511 quatuor
3382 441 3741 511 potissimum

476 564 761 619 habentur.
801 559 1064 622 Primum,
1098 557 1173 609 uti
1226 554 1530 609 seusorium
1570 551 1746 621 ipsum
1792 550 1861 604 ab
1895 546 2045 602 omni
2083 546 2203 599 labe
2267 545 2509 598 immune
2538 541 2638 607 sit;
2672 538 3103 593 dehinc-modice
3169 547 3503 607 temperatus
3533 544 3741 597 motus.

477 664 612 720 tum,
663 663 723 708 ut
769 652 871 707 loci
916 648 1260 717 intercapedo
1313 661 1419 699 non
1456 643 1771 706 immodica,
1838 650 1891 696 et
1951 654 2043 693 aer
2083 652 2252 707 purus
2326 635 2397 690 sit
2444 652 2457 687 :
2504 633 2691 687 adhch
2725 632 2993 685 ut‘lumen
3036 628 3319 700 praelustre
3383 630 3742 699 perspicuum

477 757 748 819 appareat.
782 744 846 798 Et
896 745 1009 797 haec
1049 741 1115 796 de
1155 739 1329 795 oculis
1361 736 1566 791 dixisse
1595 735 1855 791 sultlciat.

650 861 782 930 Cap.
807 858 895 912 lli.
935 886 986 898 -
1017 857 1090 911 De
1115 873 1243 909 naso
1265 865 1313 909 et
1341 856 1485 908 naris
1512 851 1869 923 promuscide.

545 1041 716 1096 Nares
742 1039 940 1110 quibus
961 1038 1191 1093 olfactus
1219 1035 1379 1099 inest,
1412 1033 1519 1088 alio
1535 1030 1756 1087 nomine
1773 1027 1897 1083 nasi
1921 1041 2051 1097 pro-

482 1133 693 1189 muscis
740 1131 1102 1201 appellantur,
1133 1137 1188 1183 et
1240 1142 1398 1181 nares
1428 1124 1647 1195 quidem
1683 1122 1866 1176 Graece
1910 1122 2053 1191 ῥῖνες

481 1224 736 1279 dicuntur
784 1236 813 1277 a
860 1220 1025 1274 verbo
1084 1220 1218 1289 ῥεῖν,
1271 1215 1416 1286 quod
1446 1215 1610 1283 ﬂuere
1664 1212 1927 1276 denotat,
1988 1223 2055 1263 eo

481 1312 625 1383 quod
667 1311 800 1381 ipsis
857 1311 1054 1364 humor
1111 1324 1140 1361 a
1186 1306 1411 1361 cerebro
1465 1304 1788 1373 proveniens
1830 1300 2054 1356 deﬂuat.

489 1402 615 1457 Nasi
658 1416 786 1457 vero
816 1399 1144 1470 promuscis,
1173 1413 1335 1467 quam
1367 1396 1441 1449 illi
1474 1393 1747 1465 μυκτῆρες
1784 1391 2054 1453 dictitant,

485 1496 555 1549 ita
609 1502 987 1562 nuncupatur,
1042 1490 1293 1544 videlicet
1341 1487 1450 1540 ἀπὸ
1506 1484 1601 1539 τοῦ
1679 1482 2055 1556 μυκτηρίζειν,

487 1589 632 1659 quod
666 1587 993 1642 subsannare
1031 1592 1152 1647 est,
1189 1582 1316 1651 quia
1358 1581 1476 1636 illos
1506 1594 1644 1649 quos
1687 1576 1931 1631 deridere
1968 1589 2057 1628 sa-

487 1682 661 1736 lemus
712 1692 871 1732 muco
899 1676 1095 1746 dignos
1145 1672 1561 1727 existimamus:
1600 1667 1714 1723 sive
1760 1664 1905 1736 quod
1939 1679 2059 1717 mu-

488 1786 586 1827 cus
612 1784 708 1839 per
746 1769 919 1838 ipsam
956 1781 1119 1836 quam
1148 1764 1224 1818 illi
1264 1761 1432 1832 μύξαν
1472 1767 1672 1814 vocant
1725 1756 2055 1827 egrediatur,

489 1861 574 1917 vel
631 1859 778 1930 quod
842 1858 897 1913 in
952 1857 1085 1927 ipsis
1138 1863 1351 1909 meatus
1390 1850 1609 1922 quidam
1656 1856 1803 1910 sunt,
1849 1845 1943 1916 qui
1991 1844 2059 1899 ab

487 1951 567 2008 eis
633 1948 796 2021 μύξαι
843 1948 1116 2002 dicuntur.
1182 1942 1352 1998 Nares
1406 1947 1586 1995 autem
1646 1937 1814 2008 ipsas,
1881 1935 2060 1990 nervis

494 2042 744 2113 pluribus
765 2038 1011 2102 refertas,
1053 2035 1544 2105 cartilagineasque
1572 2044 1696 2084 esse
1750 2028 1909 2097 plane
1933 2040 2065 2080 eon-

493 2146 601 2193 stat
643 2153 657 2190 :
706 2136 791 2190 hae
825 2141 879 2187 et
913 2133 1136 2198 odores,
1175 2145 1239 2184 ac
1274 2141 1465 2183 eorum
1512 2122 1850 2186 discrimina,
1880 2127 2066 2188 utpote

2076 834 2119 887 Α
2218 845 2359 911 Κεφ.
2394 837 2467 893 I".
2504 870 2575 881 ——
2616 837 2757 906 Περὶ
2786 836 2977 911 Δ,ῥινὸς
3009 836 3051 867 ¹³
3100 841 3196 911 καί
3254 834 3364 899 τῆς
3415 834 3493 887 δι’
3549 833 3743 900 αὐτῆς

2581 904 2915 977 γενομένης
2938 904 3318 974 ὀσφρήσεως.

2226 1028 2293 1081 At
2321 1026 2378 1079 δέ
2410 1024 2580 1093 ῥῖνες
2623 1022 2690 1075 δι’
2737 1015 2811 1075 ὧν
2848 1022 2882 1091 ἡ
2929 1020 3200 1089 ὄσφρησις
3223 1017 3458 1086 γίνεται,
3490 1018 3749 1085 λέγονται

2158 1118 2317 1173 xui"
2342 1104 2685 1186 ,uvxtﬁpsq'
2732 1113 2903 1182 ,ῥῖνες
2957 1112 3077 1183 μὲν,
3128 1110 3217 1163 διά
3257 1108 3319 1163 τὸ
3371 1108 3443 1162 δι’
3493 1109 3747 1162 autem"

2164 1211 2278 1281 ῥεῖν
2307 1207 2377 1261 τά
2404 1206 2463 1273 ἐξ
2493 1205 2803 1275 ἐγκεφάλου
2840 1204 2883 1235 ⁸⁸
2935 1193 3083 1273 ὑγρά
3111 1217 3125 1232 ⁸
3162 1200 3467 1269 μυκτῆρες
3520 1199 3603 1263 δέ,
3640 1199 3754 1252 ἀπὺ

2161 1300 2255 1354 τοῦ
2289 1297 2651 1371 μυκτηρίζειν
2680 1298 2829 1367 ἡμᾶς
2855 1295 2948 1358 οὓς
2971 1292 3338 1362 διαπαίζομεν
3366 1292 3431 1355 ¹⁷,
3459 1290 3493 1361 ἢ
3522 1290 3632 1344 ἀπὸ
3655 1290 3750 1343 τοῦ

2162 1394 2262 1462 τὴν
2291 1392 2463 1465 μύξαν
2494 1391 2695 1456 ἐξιέναι
2754 1390 2821 1443 δι’
2874 1386 3097 1444 αὐτῶν·
3155 1384 3190 1453 ἢ
3245 1381 3482 1437 ἀπὸτοῦ
3542 1381 3753 1451 μύξους

2162 1484 2317 1547 τινὰς
2337 1484 2484 1554 ἔχειν
2506 1484 2594 1552 ἐφ’
2625 1482 2853 1544 ἑαυτοὺς
2884 1480 2953 1545 ¹⁸,
2988 1475 3241 1531 τουτέστι
3272 1474 3499 1544 πόρους.
3538 1474 3666 1525 Είσὶ
3697 1474 3751 1526 δέ

2165 1573 2455 1645 νευρώδεις
2485 1573 2581 1625 καὶ
2608 1570 2950 1641 χονδρώδεις,
3007 1564 3399 1633 άντιληπτικαὶ
3428 1561 3619 1631 ὀσμῶν
3653 1563 3753 1614 καὶ

2165 1663 2274 1719 τῶν
2305 1665 2362 1716 ἐν
2411 1663 2606 1724 αὑταῖς
2657 1658 2972 1730 διαφορῶνο
3029 1656 3317 1709 τουτέστιν
3373 1652 3608 1715 εὐωδίας
3659 1654 3756 1705 καὶ

2166 1753 2446 1817 δυσωδίας.
2478 1753 2556 1807 Δι’
2604 1750 2787 1806 αὐτῶν
2825 1749 2881 1802 δὲ
2916 1746 3265 1816 ἀναπνέομεν
3293 1746 3334 1777 ¹⁹
3367 1744 3463 1797 καὶ
3500 1744 3757 1796 εἰσπνέο-

2172 1864 2292 1916 μεν.
2318 1845 2454 1899 Ούδέ
2481 1844 2592 1915 γάρ
2624 1843 2743 1896 ἐστι
2773 1840 2998 1894 δυνατὸν
3039 1837 3315 1891 ποιεῖσθαι
3343 1837 3518 1899 άλλως
3550 1835 3753 1898 ταῦτα,

2170 1936 2219 1989 εί
2252 1936 2325 2006 μὴ
2359 1936 2449 1989 διὰ
2481 1934 2779 2006 μυκτήρων
2799 1949 2815 1965 ο
2849 1932 2959 1986 ἀπὸ
2985 1929 3095 2000 γὰρ
3117 1927 3226 1985 τῶν
3243 1927 3487 1998 ταμείων
3513 1928 3610 1980 καὶ
3648 1928 3761 1983 τῶν

2170 2028 2266 2098 τῆς
2306 2026 2538 2098 καρδίας
2565 2025 2823 2095 θαλάμων
2846 2023 2935 2077 διά
2958 2020 3053 2075 τοῦ
3081 2020 3387 2090 πνεύμονος
3423 2021 3758 2089 ἀναπεμπο-

2175 2119 2345 2190 μένην
2374 2118 2633 2189 δέχονται
2650 2117 2750 2187 τὴν
2782 2115 3059 2185 ἀναπνοὴν
3089 2114 3137 2166 οἱ
3165 2113 3467 2184 μυκτῆρες,
3488 2113 3587 2165 xui.
3617 2112 3759 2182 πρὸς

492 2236 614 2293 qua:
643 2219 949 2289 fragrantes
980 2225 1127 2281 sunt,
1165 2224 1218 2270 et
1248 2229 1371 2284 qua:
1409 2208 1832 2281 graveolentiam
1867 2207 2069 2262 habent

2187 2209 2237 2263 τά
2267 2208 2470 2273 ἔξωθεν
2498 2207 2860 2279 ἀποκρίνουσι
2885 2224 2898 2236 ·
2933 2204 3027 2259 καὶ
3051 2205 3149 2276 τὴν
3173 2204 3431 2273 εἰσπνοὴν
3455 2203 3762 2274 ἐφελκόμε-

493 2307 919 2379 deprehendunt,
960 2320 1056 2375 per
1086 2303 1231 2372 ipsas
1277 2302 1425 2365 item,
1478 2308 1531 2353 et
1562 2296 1785 2367 spiritus
1830 2295 2072 2365 recipro-

494 2398 707 2453 catione
749 2397 956 2451 utimur
994 2413 1009 2448 :

1080 2396 1187 2465 7o
1243 2391 1586 2463 impossibile
1641 2389 1787 2445 enim
1846 2387 2099 2455 habetur,
2139 2390 2256 2448 haec
2310 2392 2468 2447 aliter
2522 2406 2688 2463 quam
2748 2391 2966 2448 narium
3010 2389 3191 2447 ofﬁcio
3244 2389 3355 2444 ﬁeri

2176 2316 2259 2353 νοι
2291 2298 2525 2369 θύραθεν
2556 2296 2694 2366 πρὸς
2726 2296 2797 2351 τὰ
2822 2296 3027 2350 ἔσωθεν
3052 2294 3540 2366 παραπέμπουσιν.

3410 2407 3426 2444 :
3476 2388 3767 2459 siquidem

496 2492 628 2564 ipsae
656 2508 686 2549 e
706 2490 1079 2563 promptuario
1108 2498 1164 2545 et
1193 2488 1376 2543 cordis
1424 2485 1633 2541 intimis
1676 2482 2094 2554 respirationem
2135 2486 2413 2556 pulmonis
2467 2485 2652 2543 ofﬁcio
2675 2486 2975 2557 capientes,
3003 2495 3157 2543 extra
3213 2493 3523 2551 excernunt,
3551 2492 3610 2540 et
3644 2499 3770 2539 una

496 2586 748 2658 spiritum
778 2584 1104 2640 exteriorem
1164 2583 1439 2638 trahentes
1470 2580 1540 2635 ad
1562 2578 1819 2635 interiora
1873 2578 2192 2638 demittunt.

569 2676 815 2734 Olfactus
889 2675 1109 2748 quidem
1163 2678 1398 2747 impetus
1466 2672 1754 2745 cuiusdam
1816 2673 2083 2730 naturalis

497 2768 726 2826 actionis
759 2777 877 2834 est,
921 2769 1071 2839 quia
1100 2767 1297 2839 spiritu
1333 2765 1560 2822 humido
1601 2774 1657 2821 et
1702 2779 1976 2835 vaporoso
2024 2765 2083 2820 in

500 2860 728 2916 naribus
753 2860 1045 2916 exsistente
1073 2858 1372 2929 perﬁcitur,
1405 2872 1501 2927 per
1527 2870 1688 2924 quem
1715 2869 1779 2911 ea
1807 2868 1929 2925 quae
1950 2853 2081 2911 odo-

501 2965 616 3009 rem
643 2949 877 3007 reddunt
911 2950 1074 3005 etiam
1106 2949 1295 3019 procul
1325 2948 1823 3018 deprehenduntur.
1855 2947 1919 3003 Et
1956 2947 2081 3019 qui.

502 3042 647 3109 dem,
675 3056 798 3097 eum
863 3040 982 3096 nasi
1021 3039 1327 3109 promuscis
1383 3038 1635 3094 bifariam
1671 3039 1843 3095 divisa
1873 3040 1965 3102 sit,
1998 3049 2080 3094 ate

504 3145 612 3200 que
666 3129 922 3199 utrinque
959 3144 1131 3183 vacua
1185 3128 1430 3193 exsistat,
1496 3129 1690 3182 mediae
1741 3127 2082 3198 cartil’aginis

507 3216 807 3273 interstitio
868 3218 1151 3281 dividitur,
1213 3231 1323 3287 quo
1379 3216 1609 3286 spiritus
1644 3217 2082 3287 reciprocationi,

510 3319 571 3365 ut
627 3308 989 3373 asseruimus,
1055 3308 1340 3376 inserviat,
1387 3323 1484 3379 per
1539 3325 1705 3379 quam
1771 3309 1889 3379 ipsa
1935 3309 2086 3365 nullo

511 3400 897 3472 impedimento
928 3400 1233 3473 ingreditur
1282 3409 1337 3456 et
1359 3400 1653 3471 egreditur,
1683 3401 1787 3456 nisi
1811 3401 1879 3455 ab
1904 3401 2085 3471 aliqua

511 3470 831 3564 aegritudine
863 3470 1024 3548 nares
1054 3491 1202 3561 ipsas
1227 3470 1511 3547 obturatas
1553 3491 1704 3547 reddi
1761 3470 2084 3562 contingat:
2112 3470 2157 3529 ο

514 3582 564 3638 si
597 3581 743 3638 enim
792 3582 863 3638 ob
908 3582 1284 3653 aegritudinem
1326 3582 1449 3637 talis
1483 3581 1697 3637 all'ectio
1763 3581 2095 3651 quandoque

513 3669 789 3735 acciderit,
818 3671 962 3728 aeris
1026 3671 1321 3741 respiratio
1352 3686 1460 3726 non
1490 3672 1854 3740 intercipitur.
1886 3671 2089 3727 Verum

515 3763 712 3820 odores
736 3763 1108 3833 ipsos,utpote
1123 3762 1217 3833 qui
1242 3778 1366 3819 aere
1389 3772 1515 3819 sunt
1534 3763 1862 3828 crassiores,
1892 3763 2096 3819 sentire

519 3870 679 3910 nares
737 3863 1051 3925 nequeunt:
1108 3863 1161 3909 et
1211 3854 1590 3924 hoc-quidem
1653 3854 1799 3925 quod
1851 3854 2090 3908 diximus

518 3945 683 4003 modo
702 3945 929 4002 olfactus
942 3945 1260 4001 constitutio
1295 3947 1371 4000 lit.
1400 3946 1497 4002 Hie
1518 3961 1774 4016 namque,
1807 3961 1915 4017 Qua
1940 3954 2097 3999 ante-

520 4038 668 4093 riora
691 4037 901 4092 cerebri
923 4052 1056 4092 cava
1080 4044 1229 4101 sunt,
1261 4036 1329 4091 ad
1358 4051 1485 4092 ossa
1537 4052 1729 4106 usque,
1768 4052 1887 4107 qua:
1913 4036 1966 4091 in
1995 4051 2095 4091 an-

520 4132 738 4196 gustum
800 4126 865 4181 ad
932 4127 1117 4182 isthmi
1166 4128 1385 4182 modum
1434 4127 1849 4196 protenduntur,
1878 4127 2096 4183 desinit.

522 4214 641 4271 Non
665 4215 810 4270 enim
859 4232 1048 4284 nasus,
1083 4217 1542 4288 quemadmodum
1588 4227 1642 4273 et
1688 4219 1795 4273 alia
1826 4218 2096 4282 sensoria,

525 4304 675 4362 nervi
697 4304 879 4362 ofﬁcio
895 4321 1017 4361 cum
1034 4308 1519 4377 eerebrojactiones
1549 4324 1676 4364 suas
1702 4307 2094 4378 deprehendit;

527 4396 621 4453 sed
649 4398 874 4464 ipsemet
904 4412 1001 4468 per
1035 4398 1301 4470 foramina
1340 4399 1594 4469 quaedam
1643 4415 1863 4454 sensum
1930 4399 2100 4454 susci-

529 4490 625 4559 pit.
656 4488 915 4557 Superior
935 4499 1115 4546 autem
1140 4491 1259 4546 nasi
1283 4506 1408 4560 pars
1431 4506 1553 4545 cum
1583 4490 1760 4545 fronte
1780 4488 2099 4544 continuato

528 4596 654 4636 osse
682 4580 930 4636 bifariam
982 4582 1156 4637 diviso
1186 4581 1462 4647 cohaeret;
1510 4597 1636 4651 pars
1689 4596 1819 4636 vero
1875 4580 2100 4636 inferior

529 4671 787 4741 cartilago
816 4680 901 4726 est
945 4688 1061 4741 qua:
1114 4683 1169 4727 et
1193 4672 1291 4726 alae
1322 4682 1688 4740 nuncupatur.

2259 2678 2492 2731 Ἔστιδέ
2521 2677 2812 2751 ὄσφρησις,
2842 2678 2989 2751 ὁρμή
3021 2694 3169 2741 τινος
3195 2675 3476 2746 ἐνεργείας
3495 2675 3781 2746 φυσικῆςν

2184 2767 2219 2838 ἡ
2250 2767 2658 2841 άποτελουμὲνη
2688 2768 2779 2823 διά
2808 2768 2907 2823 τοῦ
2930 2770 2988 2823 ἐν
3005 2770 3128 2832 ταῖς
3168 2765 3282 2839 ῥισὶ
3323 2765 3645 2837 πνεύματος
3679 2767 3770 2820 δν-

2184 2881 2275 2927 τος
2299 2864 2526 2934 ἐνίκμου
2556 2865 2601 2895 ¹⁰
2633 2865 2727 2918 καὶ
2764 2863 3203 2935 άτμωδεστέρου,
3227 2862 3295 2915 δι’
3320 2852 3382 2915 οὗ
3414 2862 3471 2915 al
3523 2862 3636 2916 τῶν
3666 2862 3769 2915 ὁσ-

2187 2954 2445 3025 φραντῶν
2466 2954 2784 3025 ἀντιλήψεις
2804 2954 2901 3007 καὶ
2932 2952 3217 3024 πόρρωθεν
3238 2952 3484 3020 γίνονται
3502 2954 3571 3006 ’³.
3608 2955 3770 3023 Διχὸ-

2186 3043 2355 3116 τομος
2375 3045 2433 3098 δέ
2468 3045 2730 3114 πεφυκὼς
2759 3046 2788 3098 δ
2830 3044 3051 3115 μυκτὴρ
3097 3042 3206 3098 άνὰ
3260 3043 3426 3114 μέσον
3476 3044 3594 3114 ἔχει
3652 3044 3769 3097 διά-

2189 3152 2427 3206 φραγμα
2460 3134 2681 3206 χόνδρον
2722 3134 3066 3207 ἑκατέρωθεν
3093 3152 3109 3167 ο
3147 3134 3415 3205 ὑπάρχων
3468 3134 3631 3198 κενὸς
3678 3136 3771 3188 διὰ

2188 3224 2288 3294 τὴν
2336 3223 2439 3293 τῆς
2473 3224 2753 3294 εἰσπνοῆς,
2805 3222 2881 3285 ὡς
2924 3224 3166 3294 εἴρηται,
3199 3223 3296 3277 καὶ
3342 3223 3601 3293 είσπνοῆς
3650 3223 3768 3276 εἶσ-

2190 3313 2308 3367 οδόν
2340 3331 2400 3365 τε
2423 3315 2519 3367 καὶ
2547 3314 2725 3379 ἔξοδον
2761 3330 2775 3346 ο
2799 3314 2849 3366 εί
2885 3314 2960 3384 μή
2993 3331 3075 3377 τις
3120 3312 3395 3384 ἐμφραξις
3449 3314 3557 3367 ἀπὸ
3605 3317 3769 3385 νοσῄ-

2196 3420 2364 3475 ματος
2385 3404 2430 3434 ”
2459 3404 2705 3474 γένηται,
2737 3403 2833 3475 τὴν
2877 3403 2978 3475 μὲν
3018 3403 3300 3473 ἀναπνοὴν
3321 3400 3424 3456 τοῦ
3468 3403 3634 3473 ἀέρος
3690 3405 3773 3474 μὴ

2190 3493 2502 3561 κωλύουσα,
2551 3495 2621 3549 τά
2651 3495 2707 3549 δὲ
2757 3494 2867 3549 τῶν
2910 3494 3092 3565 ὀδμῶν
3126 3494 3493 3565 ἀπείργουσα,
3539 3494 3615 3558 ὡς
3672 3495 3770 3548 τοῦ

2192 3587 2353 3658 ἀέρος
2383 3586 2706 3657 ὑπάρχουσα
2736 3586 3020 3657 παχυτέρα
3047 3585 3116 3640 ³⁸.
3154 3586 3371 3640 Γίνεται
3429 3585 3529 3655 μὲν
3574 3582 3671 3639 οὖν
3733 3589 3768 3656 ἡ

2192 3678 2463 3750 ὄσφρησις
2507 3677 2697 3749 ὥσπερ
2747 3679 2990 3749 εἴρηται·
3039 3677 3363 3748 περαίνεται
3418 3678 3475 3732 δέ
3515 3679 3591 3743 ὡς
3636 3680 3703 3733 τὰ
3725 3681 3770 3709 ’⁸

2194 3769 2409 3840 πέρατα
2436 3769 2544 3824 τῶν
2580 3768 2934 3840 ἐμπροσθίων
2964 3769 3060 3823 τοῦ
3094 3770 3400 3839 ἐγκεφάλου
3432 3769 3652 3823 κοιλιῶν
3686 3770 3767 3832 είς

2195 3860 2263 3913 τὰ
2295 3860 2575 3931 ίσθμοειδῆ
2599 3860 2781 3914 ὀστέα.
2811 3861 2886 3914 Οὐ
2914 3861 3026 3929 γάρ
3052 3862 3191 3930 μετὰ
3230 3860 3427 3929 νεύρου
3460 3862 3494 3930 ἡ
3548 3860 3633 3930 ῥὶς
3675 3859 3776 3927 τὴν

2196 3953 2482 4024 ἐνέργειαν
2510 3951 2683 4022 αὐτῆς
2714 3951 2970 4022 γνωρίζει
3004 3950 3081 4020 τῷ
3123 3951 3435 4021 ἐγκεφάλῳ,
3463 3949 3656 4019 ὥσπερ
3682 3968 3778 4002 και

2198 4045 2256 4098 αἱ
2282 4043 2468 4097 λοιπαὶ
2483 4042 2591 4095 τῶν
2614 4041 2944 4112 αἰσθήσεων,
2975 4040 3094 4093 ἀλλ’
3118 4040 3279 4104 αὑτὸς
3308 4041 3517 4104 ἐκεῖνος
3538 4040 3604 4094 δι’
3624 4040 3778 4093 ὀπῶν

2197 4153 2361 4190 τινων
2386 4135 2485 4205 τὴν
2528 4133 2783 4203 αἴσθησιν
2814 4131 3053 4201 δέχεται.
3103 4131 3217 4202 Τῆς
3268 4131 3326 4184 δὲ
3377 4131 3524 4201 ῥινὸς
3576 4130 3638 4184 τὸ
3675 4130 3777 4200 μὲν

2199 4228 2405 4282 ἀνωθεν
2430 4227 2599 4296 αὐτῆς
2627 4226 2685 4277 ἐν
2723 4223 2801 4294 τῷ
2845 4221 3084 4294 μετώπῳ
3136 4222 3547 4293 προσπεφυκὺς,
3585 4220 3779 4275 ὀστοῦν

2200 4320 2317 4373 ἐστι
2352 4317 2659 4389 διαμπερὲς
2681 4318 2726 4348 ’⁵
2753 4315 2786 4387 ἢ
2811 4315 3037 4383 διαφυές
3064 4331 3078 4346 ’
3109 4313 3170 4367 τὸ
3207 4314 3267 4368 δέ
3318 4312 3579 4368 ὑποκάτω
3610 4313 3780 4381 αὐτῆς

2202 4411 2262 4464 τὸ
2294 4408 2587 4481 λεγόμενον
2621 4408 2914 4482 τράγανον,
2954 4407 3176 4477 χόνδρος
3207 4406 3326 4477 ἅμα
3372 4406 3470 4460 καὶ
3505 4404 3783 4477 πτερύγια

2205 4502 2472 4555 καλεῖται.

554 4785 686 4852 Cap.
714 4781 801 4837 IV.
824 4813 893 4824 --
920 4782 994 4838 De
1028 4785 1231 4855 magnis
1262 4793 1310 4838 et
1344 4786 1521 4855 parvis
1552 4786 1759 4856 angulis
1786 4788 2079 4841 oculorum.

2211 4790 2352 4858 Κεφ,
2371 4789 2445 4842 Δ’.
2463 4820 2531 4829 ——
2554 4786 2698 4855 napi
2716 4785 2834 4843 τῶν
2844 4786 3127 4857 μεγάλων
3152 4783 3392 4841 κανθῶν
3411 4782 3512 4838 καί
3534 4783 3782 4854 μικρῶν.

604 4897 776 4955 Penes
799 4899 974 4966 ipsum
1000 4915 1127 4954 vero
1145 4901 1399 4971 utrinque
1428 4900 1606 4971 magni
1634 4901 1895 4972 parvique
1916 4902 2106 4958 oculo-

532 5006 654 5050 rum
681 4990 863 5062 anguli
903 4998 1053 5053 sunt,
1096 5006 1330 5061 quorum
1370 4990 1465 5061 qui
1519 4992 1732 5047 interne
1778 4992 2105 5059 consistunt,

534 5080 738 5152 magni,
763 5080 855 5151 qui
877 5096 1005 5137 vero
1025 5090 1201 5144 extra,
1240 5081 1391 5151 parvi
1442 5090 1850 5152 nuncupantur.
1874 5081 1937 5137 Hi
1963 5082 2108 5138 enim

533 5171 718 5244 anguli
739 5171 926 5226 κανθοὶ
946 5170 1053 5225 ἀπὸ
1072 5171 1164 5224 τοῦ
1189 5171 1501 5243 κνήθεσθαι,
1529 5172 1675 5242 quod
1696 5174 1964 5240 pruritum
1988 5190 2106 5227 sen-

537 5265 636 5318 tire
668 5263 1107 5334 interpreteris,a
1159 5262 1361 5319 Graecis
1413 5264 1785 5334 appellantur,
1820 5279 1942 5318 eum
2005 5264 2117 5333 ple-

538 5371 771 5427 nunque
792 5356 847 5409 in
873 5356 1007 5426 ipsis
1031 5355 1102 5410 ob
1147 5356 1511 5427 lacrymarum
1532 5356 1811 5424 emuxum,
1841 5356 1955 5410 sive
1984 5372 2109 5410 cum

611 5467 1025 5557 turgentem?
1121 5470 1201 5557 Ρ.
1262 5468 1310 5557 7‘:
1366 5469 1487 5557 λέγ.
1512 5469 1763 5557 deinceps
1793 5485 1904 5523 om.
1934 5471 2039 5555 seat.
2058 5470 2122 5524 A.

2279 4901 2473 4955 Ἔνθεν
2511 4902 2569 4956 δέ
2597 4900 2805 4971 ταύτης
2836 4899 3116 4966 κακεῑθεν,
3144 4898 3357 4954 κανθοὶ
3392 4897 3650 4965 λέγονται
3680 4895 3785 4947 τῶν

2206 4990 2505 5062 ὀφθαλμῶν
2539 5006 2554 5021 ·
2582 4992 2631 5043 oi
2666 4991 2767 5060 μὲν
2798 4989 2909 5044 ἔσω
2957 4989 3209 5060 μεγάλοι,
3243 4988 3295 5041 οἱ
3324 4987 3383 5040 δὲ
3436 4987 3545 5053 ἔξω
3578 4984 3784 5055 μικροί.

2210 5083 2417 5138 Κανθοὶ
2451 5083 2509 5137 δέ
2555 5082 2663 5137 ἀπὸ
2695 5082 2790 5137 τοῦ
2848 5080 3152 5152 κνήθεσθαι
3176 5082 3229 5145 ,⁸⁸
3260 5078 3502 5149 συνεχῶς
3533 5078 3642 5131 ὑπὸ
3695 5076 3787 5129 τοῦ

2211 5178 2644 5250 παρεισρέοντος
2700 5176 2904 5240 παντὸς
2931 5177 2976 5212 ’⁷
3013 5173 3184 5246 ὑγροῦ
3219 5189 3233 5205 ·
3284 5172 3540 5245 δακρύων
3561 5172 3629 5231 ’⁸,
3670 5170 3789 5242 ῥεύ-

2225 5286 2419 5339 ματος,
2447 5270 2541 5322 καὶ
2576 5268 2684 5322 τῶν
2731 5268 2959 5320 λοιπῶν.
2994 5266 3115 5320 Εἰσὶ
3141 5264 3196 5318 δέ
3228 5264 3283 5317 αἱ
3315 5265 3460 5333 ῥῖνες
3516 5262 3790 5331 πολύσχη-

2222 5375 2313 5428 μοι
2336 5360 2405 5410 θ’.
2438 5359 2504 5411 Ai
2528 5359 2627 5428 μέν
2655 5359 2765 5429 γάρ
2794 5360 2901 5410 εἰσι
2929 5356 3239 5428 καμπύλαι,
3288 5356 3345 5408 αἱ
3374 5354 3433 5407 δέ
3491 5354 3747 5408 πλατεῖαι
3777 5370 3787 5382 ·

2201 5473 2243 5541 ἳδ
2271 5473 2335 5524 ὲκ
2361 5472 2427 5525 δι’
2474 5474 2655 5526 αὑτῶν
2702 5473 2762 5526 Β.
2842 5475 2886 5506 ¹⁶
2913 5473 2983 5526 τὰ
3019 5473 3112 5527 τοῦ
3162 5475 3284 5541 ἐγκ.
3329 5472 3390 5525 Β.
3473 5474 3513 5503 ³⁷
3556 5473 3665 5523 ἀπὸ
3703 5469 3789 5522 τοῦ

542 5535 805 5626 μειερ
836 5535 1225 5626 οίὲξῶν..μυ³ξτ-
1250 5538 1344 5604 οὓς
1362 5535 1542 5626 ..διάει
1571 5535 1846 5624 κρινάντες
1871 5540 2289 5626 amemur:
2317 5542 2502 5606 ἀξίους
2524 5546 2585 5596 P-
2666 5544 2709 5626 1°
2736 5545 2827 5613 ὑφ’
2849 5544 3122 5626 Paret?
3149 5535 3214 5626 ιτς
3289 5544 3331 5626 τ’
3505 5543 3705 5626 esse.
3734 5541 3785 5591 θ·

545 5605 593 5636 ⁸⁸
624 5606 847 5678 ἐνίγμου
878 5608 937 5678 Β.
1016 5605 1070 5640 ⁸³⁷
1111 5610 1321 5677 γίνεται
1362 5610 1421 5663 Β.
1498 5612 1543 5641 ’⁸
1577 5605 1828 5678 σώματος
1858 5611 1921 5663 Δ.

773 5676 830 5741 Β,
873 5674 1133 5750 διαπαρές
1183 5680 1243 5735 C.
1319 5680 1617 5752 ¹⁸κνῆσθαι
1660 5674 1742 5733 ’8.

1998 5610 2045 5682 ’ξ
2092 5612 2450 5682 ὑπάρχουσαν
2492 5610 2805 5682 παχυτέραν
2836 5616 2888 5682 Λ,
2917 5612 2981 5665 Ρ.
3059 5613 3107 5645 ⁸⁸
3136 5615 3217 5675 είς
3250 5613 3320 5665 τὰ
3359 5614 3401 5664 Β
3427 5613 3487 5666 C.

1823 5682 1863 5711 "
1888 5678 2082 5745 παντὸς
2136 5678 2324 5739 οιιὶζΒ.
2403 5683 2447 5715 ³⁸
2480 5678 2629 5736 ἐλέου
2678 5678 2931 5754 δακρύων
2968 5682 3287 5752 Β,ἐλαίουῦ
3311 5685 3371 5736 Ρ.
3450 5682 3495 5712 "
3519 5680 3790 5747 πολύσχη-

3566 5613 3611 5641 "
3635 5611 3785 5677 διαμ-
