4054 6216
289 254 433 311 “si.
1534 240 1623 294 DE
1659 240 1948 297 NATURA
1988 239 2291 299 HOMINIS.
3400 248 3535 303 “89

283 371 381 424 καὶ
405 369 462 421 αἱ
504 364 602 436 μιν
636 360 968 433 στρογγύλαι
999 361 1068 424 ³⁸,
1100 360 1156 412 αἱ
1188 358 1246 412 δὲ
1281 356 1462 427 σιμαὶ,
1488 355 1621 408 αἰδὲ
1654 353 1859 419 ὀξεῖαι·

1967 353 2169 419 oleum,
2199 361 2293 407 aut
2320 352 2616 422 quemlibet
2649 354 2815 409 alium
2846 356 3127 413 humorem
3161 357 3408 415 adhiberi
3443 377 3536 416 ae-

282 461 340 513 αί
364 458 421 511 δὲ
456 452 718 526 μεγάλαι,
751 450 893 504 αίιδὲ
943 449 1159 520 μικραί.
1192 442 1365 503 Αὖται
1399 446 1456 500 δὲ
1513 444 1716 516 μᾶλλον
1749 443 1860 496 τῶν

1965 443 2117 510 cidit,
2157 444 2397 513 pruritus
2464 444 2715 498 sentitur.
2767 444 3080 514 Enimvero,
3137 450 3256 505 nasi
3314 450 3540 505 diversae

282 550 461 603 ἄλλων
490 545 700 617 μορίων
729 540 997 597 εὐειδείαν
1049 541 1082 611 ἢ
1108 540 1415 594 δυσειδείαν
1448 537 1754 607 παρέχουσι
1782 535 1860 607 τῷ

1966 533 2155 591 forma:
2172 535 2439 588 visuntur.
2475 531 2614 589 Sunt
2653 535 2745 605 qui
2772 551 2999 591 recurvo
3029 547 3157 592 sunt
3181 540 3413 609 praediti,
3444 541 3537 594 alii

282 635 584 711 προσώπῳ.
1968 624 2023 679 in
2044 624 2385 678 latitudinem
2405 625 2695 692 distracto;
2725 626 2814 679 alii
2834 629 3066 681 rotunda
3094 627 3536 699 figura;quidam

281 732 479 786 simum
518 726 759 791 habent;
788 724 845 778 in
875 723 995 777 aliis
1030 722 1376 777 acuminatus
1413 718 1658 774 cernitur
1692 735 1707 773 :
1749 717 1804 771 in
1845 716 2174 787 quibusdam
2218 718 2443 788 ingens;
2487 717 2539 770 iu
2586 717 2861 788 plerisque
2908 734 3109 788 parvus
3184 721 3467 791 inSpieitur
3522 739 3533 773 :

284 823 398 878 haec
426 820 697 890 siquidem
720 831 846 887 pars
872 830 985 886 prae
1012 812 1225 869 caateris
1264 810 1504 866 hominis
1547 809 1740 867 faciem
1776 807 2070 866 formosam
2095 808 2508 878 deformemque
2541 810 2774 865 maxime
2806 812 2998 867 reddit.

634 1024 777 1092 Κεφ.
804 1022 880 1077 E'.
909 1049 979 1058 —
1002 1019 1142 1087 Περὶ
1163 1017 1510 1088 ματούλων.

2434 1015 2567 1085 Cap.
2606 1017 2670 1071 ν.
2696 1046 2767 1060 --
2786 1016 2859 1072 De
2886 1018 3050 1087 genis.

352 1140 436 1194 Τὰ
486 1138 543 1192 δὲ
595 1135 873 1206 μάγουλα
919 1132 1013 1186 καὶ
1043 1132 1216 1201 μῆλα
1258 1134 1551 1201 λέγονταιο
1590 1126 1753 1180 ὀστέα
1798 1126 1856 1181 δέ

2032 1130 2196 1185 (lenae
2249 1137 2452 1193 autem,
2508 1145 2629 1200 qua:
2679 1138 2733 1184 et
2787 1128 2942 1183 mala:
3001 1138 3285 1191 vocantur,
3318 1129 3417 1199 71
3469 1129 3537 1184 ab

282 1235 392 1290 εισι
419 1228 683 1299 κυφοειδῆ
717 1228 830 1289 τοῖς
862 1225 1161 1295 κροτάφοις
1186 1220 1606 1296 συμπεφυκότα.
1636 1216 1857 1272 Τούτων

1965 1220 2098 1291 ipsis
2144 1218 2312 1289 μῆλα,
2345 1233 2587 1274 convexa
2640 1233 2766 1273 ossa
2822 1229 2969 1283 sunt,
2998 1234 3118 1288 qum
3150 1234 3275 1274 eum
3325 1228 3535 1288 tempo-

280 1328 338 1383 δὲ
374 1322 539 1396 μόριά
568 1324 695 1384 εἱσι,
719 1323 815 1373 καὶ⁸
847 1317 915 1371 τὰ
944 1317 1054 1371 τῶν
1077 1316 1307 1370 ὀδόντων
1354 1316 1576 1369 πάντων
1627 1311 1857 1379 φατνία,

1970 1311 2124 1365 ribus
2178 1316 2648 1379 coagmentantur.
2701 1307 2760 1362 In
2824 1307 3017 1361 horum
3083 1316 3263 1362 autem
3326 1309 3533 1364 ossium

284 1418 426 1489 πλὴν
449 1415 557 1469 τῶν
578 1412 811 1484 τομέων.
846 1411 1116 1480 Μάγουλα
1150 1410 1207 1463 δὲ
1258 1409 1356 1463 καὶ
1410 1409 1559 1480 μῆλα
1611 1405 1766 1481 παρὰ
1798 1405 1861 1459 τὸ

1969 1409 2141 1472 parte,
2166 1414 2358 1453 omnes
2379 1399 2570 1453 dentes
2591 1408 2784 1468 praeter
2808 1398 2930 1452 illos
2959 1399 3050 1467 qui
3106 1400 3323 1454 secandi
3355 1398 3536 1455 officio

287 1510 433 1583 μάλα
455 1511 497 1542 ³³
528 1507 622 1562 καὶ
650 1507 710 1560 τὸ
740 1503 920 1560 οὖλον.
954 1506 1115 1568 Τινὲς
1142 1504 1199 1557 δὲ
1247 1504 1337 1559 διὰ
1379 1505 1441 1557 τὸ
1492 1505 1722 1577 ἐρυθρὸν
1761 1502 1858 1555 τοῦ

1972 1491 2205 1564 delegati
2236 1500 2382 1555 sunt,
2406 1505 2504 1545 ceu
2540 1490 2592 1544 in
2620 1489 2861 1559 laqueari
2885 1489 3071 1543 inserti
3094 1492 3363 1545 visuntur.
3384 1490 3538 1546 Malm

288 1582 462 1673 μήλου
496 1599 589 1654 καὶ⁵
619 1598 794 1653 ταῦτα
818 1597 992 1662 οὕτως
1022 1595 1272 1652 καλοῦσι.
1300 1597 1413 1667 Τῆς
1456 1596 1563 1669 γὰρ
1608 1595 1861 1667 εὐχροίας

1965 1584 2109 1640 enim
2154 1585 2226 1639 ob
2274 1584 2324 1638 id
2383 1582 2531 1654 μῆλα
2569 1582 2724 1636 dietze
2772 1590 2921 1648 sunt,
2962 1582 3106 1651 quod
3155 1583 3536 1649 lubricitatem,

283 1672 378 1746 τοῦ
417 1690 668 1761 σώματος
703 1691 800 1744 καὶ⁹
831 1688 927 1744 τοῦ
973 1688 1218 1759 ἐμφύτου
1255 1687 1465 1759 θερμοῦ
1516 1687 1767 1741 δεικτικά
1789 1686 1853 1739 ³⁸.

1964 1691 2024 1731 ac
2056 1675 2341 1729 laevitatem
2362 1673 2679 1745 quamdam,
2700 1672 3158 1742 quemadmodum
3190 1673 3399 1729 fructus
3425 1674 3539 1744 ple-

285 1776 457 1831 Τοῦτο
484 1778 545 1830 τὸ
572 1777 738 1849 μέρος
761 1776 856 1831 καὶ⁵
891 1776 1145 1845 σιαγόνες
1173 1777 1448 1845 λέγονται,
1500 1777 1583 1831 ὅτι
1616 1775 1857 1829 σείονται

1966 1779 2194 1834 rumque
2241 1763 2585 1819 ostendunt:
2623 1777 2653 1815 a
2705 1761 3053 1831 quibusdam,
3101 1763 3172 1818 ob
3218 1762 3535 1818 rubedinem

286 1867 707 1941 περιαγόμεναι,
737 1867 832 1921 καὶ
857 1866 1185 1935 συνάγονται
1234 1868 1292 1919 ὲν
1323 1865 1403 1937 τῷ
1454 1864 1663 1919 ὶσθίειν
1708 1865 1858 1935 ἡμᾶς

1965 1855 2097 1909 mali
2168 1855 2245 1910 ita
2318 1864 2372 1909 et
2423 1856 2506 1909 hae
2539 1862 2948 1923 nuneupantur.
3000 1852 3094 1909 Ha:
3151 1854 3295 1909 enim
3332 1857 3535 1910 bonum

286 1961 319 2030 ἦ
348 1961 559 2031 ὁμιλεῖν
583 1976 597 1990 ’
621 1960 754 2031 ῆότι
778 1960 1023 2032 σιγῶμεν
1044 1960 1207 2032 ἡμεῖς
1232 1959 1415 2014 αὐτῶν
1445 1956 1857 2028 κεκλεισμένων

1964 1944 2217 2016 corporis
2256 1945 2513 2009 colorem.
2544 1957 2706 2015 atque
2748 1944 2894 2000 illius
2920 1944 3013 2014 qui
3050 1945 3104 1999 in
3151 1946 3309 2000 nobis
3340 1945 3536 2000 insitus

286 2051 476 2104 ὄντων.
1964 2044 2053 2093 est
2098 2036 2294 2092 caloris
2339 2035 2709 2090 salubritatem
2761 2044 3165 2105 repraesentant.
3195 2034 3319 2091 llaec
3353 2048 3535 2090 autem

290 2161 416 2214 pars
471 2156 527 2202 et
596 2146 832 2201 maxillae
881 2145 1205 2215 appellatur,
1248 2159 1370 2214 quae
1407 2145 1476 2200 ab
1540 2143 1673 2213 ipsis
1719 2141 1861 2207 σιαγέ

2006 2129 2283 2193 dicuntur,
2350 2130 2431 2182 ὅτι
2504 2129 2736 2182 σείονται
2780 2130 3191 2200 περιαγόμεναι,
3239 2146 3305 2184 ex
3362 2146 3427 2185 eo
3460 2132 3537 2184 vi-

290 2237 500 2302 delicet,
547 2237 692 2307 quod
726 2252 837 2307 prae
866 2239 950 2291 sui
984 2236 1280 2307 agitatione
1312 2236 1737 2292 concutiuntur:
1774 2231 1859 2286 vel
1898 2225 2045 2297 quod
2078 2239 2140 2278 ea
2214 2237 2337 2292 quae
2398 2222 2759 2276 eomeduntur
2790 2231 3140 2291 congregant,
3190 2224 3330 2292 quod
3377 2223 3537 2276 owi-

292 2347 409 2398 γειν
458 2331 532 2385 illi
572 2332 780 2388 dicunt.
818 2332 943 2387 Sive
1008 2333 1152 2401 quod
1194 2346 1296 2386 nos
1362 2331 1580 2385 clausas
1627 2329 1774 2398 ipsas
1836 2320 2179 2380 continentes
2223 2315 2438 2371 silentia
2488 2315 2715 2386 agimus,
2764 2314 2909 2390 quod
2956 2315 3061 2384 ipsi
3136 2317 3295 2385 σιγᾷν
3327 2316 3534 2371 dicunt.

292 2442 435 2511 Κεφ.
477 2444 567 2508 ς’.
600 2472 670 2483 -—-
696 2443 835 2511 Περὶ
878 2442 990 2512 τῆς
1017 2442 1140 2497 ἄνω
1168 2442 1385 2512 γένυος
1409 2442 1508 2495 καὶ
1541 2440 1650 2509 τῆς
1677 2439 1857 2493 κάτω.

2094 2429 2230 2500 Cap.
2270 2427 2356 2482 Vl.
2383 2425 2553 2482 -οε
2580 2429 2847 2497 superiore
2884 2438 2931 2481 et
2973 2428 3222 2497 inferiore
3263 2444 3415 2498 gena.

358 2551 590 2619 Λέγεται
624 2552 719 2604 καὶ
741 2551 864 2606 ἄνω
892 2550 1095 2622 γένυς,
1133 2551 1276 2622 μετὰ
1318 2548 1415 2603 τοῦ
1443 2550 1559 2605 ἄνω
1602 2548 1815 2618 χείλους
1840 2562 1856 2578 ⁸

2031 2537 2318 2602 Praeterea,
2374 2535 2491 2590 haec
2535 2533 2721 2589 itidem
2763 2550 2935 2605 pars,
2980 2551 3101 2592 cum
3163 2535 3540 2605 superioribus

288 2642 573 2697 καὶνκάτω
592 2644 637 2675 ³³
666 2642 745 2709 δὲ,
808 2646 949 2714 μετὰ
996 2644 1091 2698 τοῦ
1131 2643 1393 2712 πώγωνος
1440 2643 1535 2695 κο.)⁸
1584 2641 1693 2693 τῶν
1745 2656 1855 2694 πα·

1964 2630 2143 2695 lahiis,
2181 2627 2430 2697 superior
2458 2642 2592 2696 gena
2613 2667 2628 2691 ,
2668 2626 2896 2682 inferior
2919 2642 3081 2693 vero,
3121 2643 3244 2681 cum
3284 2628 3453 2683 barba
3484 2638 3538 2684 et

290 2734 472 2806 ρειῶν.
513 2735 622 2788 Καὶ
646 2734 744 2787 τὺν
774 2736 873 2804 μὲν
906 2734 1058 2788 κάτω
1098 2735 1279 2789 πάντα
1315 2734 1386 2787 τὰ
1410 2732 1525 2798 ζῶα
1550 2734 1713 2797 κινεῖ,
1758 2732 1859 2801 τὴν

1964 2727 2172 2780 mento,
2199 2723 2567 2785 nuncupatur.
2585 2714 2650 2769 Et
2670 2730 2805 2785 gena
2828 2731 2948 2785 qua:
2976 2716 3116 2772 infra
3154 2726 3267 2780 est,
3288 2718 3357 2772 ab
3386 2719 3537 2773 omni

285 2826 402 2879 ἄνω
432 2824 489 2877 δὲ
524 2824 733 2896 μηδένα
809 2825 964 2896 εἰμὴ
982 2826 1027 2857 ³⁵
1051 2827 1144 2879 τὸν
1169 2822 1510 2895 κροκόδειλον
1544 2821 1726 2893 μόνον,
1763 2820 1859 2874 καὶ

1969 2810 2190 2865 animali
2222 2817 2488 2871 movetur,
2511 2815 2735 2875 excepto
2776 2806 3049 2861 crocodilo
3073 2816 3126 2861 et
3143 2808 3391 2876 phoenice
3413 2824 3535 2876 ave,

287 2916 381 2970 τὸν
428 2917 647 2985 φοίνικα
682 2916 774 2971 τὸν
818 2918 1005 2988 ὄρνεον
1032 2932 1047 2948 ο
1096 2915 1265 2986 ἄμφω
1298 2914 1408 2985 γὰρ
1459 2914 1520 2967 οὐ
1576 2914 1674 2984 τὴν
1705 2913 1855 2967 κάτω

1965 2902 2167 2972 quibus
2206 2908 2418 2954 tantum
2474 2898 2699 2951 immota
2738 2897 2985 2964 exsistit;
3025 2898 3277 2968 superior
3305 2900 3448 2952 enim
3481 2900 3535 2954 in

291 3010 472 3078 μόνον,
502 3008 638 3061 ἄλλα
687 3010 781 3063 xa‘t
836 3010 937 3079 τὴν
976 3008 1089 3063 ἄνω
1128 3009 1295 3077 γένυν
1345 3008 1506 3061 κινεῖ.
1552 3008 1602 3062 Γ
1605 3007 1751 3071 ἐνυς
1799 3005 1857 3058 δὲ

1964 2994 2046 3048 eis
2086 2990 2371 3055 duntaxat,
2394 3005 2501 3045 non
2548 2999 2727 3044 autem
2759 2988 2983 3044 inferior
3030 2999 3296 3045 movetur.
3332 2989 3537 3046 Genam

287 3103 507 3170 λέγεται
530 3103 576 3134 ³⁸
614 3104 677 3156 ὲκ
705 3102 803 3156 τοῦ
838 3078 906 3157 τὰ
934 3106 1067 3173 γένη
1089 3101 1443 3174 διαχωρίζειν
1471 3100 1579 3154 τῶν
1613 3099 1859 3172 ἀρρένων

1968 3083 2070 3137 hac
2091 3081 2157 3136 de
2180 3095 2344 3135 causa
2368 3079 2690 3149 appellatam
2710 3094 3020 3145 censemus,
3048 3078 3192 3150 quod
3216 3094 3311 3151 per
3362 3079 3535 3150 ipsam

289 3169 386 3247 xci.
413 3193 519 3246 τῶν
567 3194 820 3265 θηλειῶν,
851 3169 954 3248 καὶ⁷
992 3169 1219 3249 τελείων
1266 3169 1361 3248 καὶ
1405 3192 1614 3247 ἀτελῶν
1635 3169 1718 3262 ’-ἦ
1775 3191 1858 3243 ὅτι
1964 3187 2165 3265 8⁸⁸1θῄ⁸⁵³
2234 3171 2467 3265 marium
2510 3169 2983 3265 τειξιίιιειτιιιιιειιιθν
3035 3178 3093 3265 ξι
3135 3170 3239 3239 qui
3287 3171 3539 3265 ῐιθτίεεξίέυ

288 3285 454 3358 γεννᾷ
480 3286 700 3351 ὀδόντας
715 3288 811 3343 καὶ
849 3288 1065 3359 τρίχας.

708 3487 852 3556 Κεφ.
888 3486 963 3539 Z'.
996 3484 1223 3554 -Ῑιερὶ
1250 3484 1437 3539 ὢτων.

360 3594 443 3649 Τὰ
472 3595 530 3648 δὲ
558 3589 672 3649 ὦτα
724 3595 1000 3668 χονδρώδη
1045 3596 1154 3650 εἰσὶ
1190 3595 1288 3648 καὶ¹
1331 3595 1598 3666 νευρώδη,
1641 3593 1861 3663 ἀντιλη-

295 3687 470 3741 πτικὰ
505 3686 722 3756 φωνῶν,
748 3688 843 3742 καὶ
872 3686 985 3740 τῶν
1018 3688 1076 3739 ὲν
1108 3687 1302 3749 αὑταῖς
1332 3685 1606 3756 διαφορῶν
1626 3702 1642 3718 ο
1665 3684 1860 3755 ἐπιτή-

290 3778 432 3840 δειος
460 3778 570 3849 γὰρ
596 3781 623 3831 ὀ
645 3778 864 3849 χόνδρος
892 3778 1032 3848 πρὸς
1056 3778 1267 3847 ψόφους
1290 3777 1384 3830 καὶ
1404 3777 1594 3845 ἦχους.
1626 3776 1862 3842 Λέγεται

289 3869 347 3923 δὲ
378 3865 498 3924 ὦτα
528 3870 678 3940 παρὰ
737 3868 799 3923 τὸ
842 3869 1095 3940 δέχεσθαι
1146 3868 1244 3938 τὴν
1289 3867 1419 3931 ὅπα,
1461 3866 1709 3919 τουτέστι
1763 3865 1862 3934 τὴν

296 3962 581 4032 φωνήν·ὴ
628 3961 739 4032 γὰρ
784 3961 922 4031 ἀκοὴ
967 3960 1055 4014 διὰ
1103 3960 1198 4013 τοῦ
1235 3957 1690 4029 ὲγκεκρυμμένου
1747 3957 1862 4019 τοῖς

292 4053 424 4108 ὠσὶν
484 4052 793 4123 πνεύματος
826 4054 1128 4122 ἐπιγίνεται
1144 4052 1212 4118 ³⁸,
1288 4049 1582 4122 ξηροτέρου
1651 4047 1861 4122 μᾶλλον

294 4144 446 4208 δντος
474 4144 507 4215 ἢ
530 4143 884 4215 λεπτοτέρου.

1964 3263 2144 3319 aetatis
2201 3271 2364 3332 atque
2398 3260 2729 3331 imperfectae
2766 3269 2893 3316 sunt
2921 3261 3331 3332 distinguantur
3361 3302 3376 3327 ,
3420 3260 3539 3317 sive

1962 3354 2110 3424 quod
2149 3353 2204 3409 in
2256 3352 2374 3424 ipsa
2414 3352 2608 3407 dentes
2642 3352 2847 3422 pilique
2900 3351 3210 3422 gignantur.

2338 3465 2473 3536 Cap.
2503 3463 2616 3520 Vll.
2647 3494 2717 3504 —
2745 3462 2823 3519 De
2856 3464 3097 3519 auribus.

2033 3581 2210 3635 Aures
2248 3588 2429 3634 autem
2490 3577 2874 3647 cartilagineas
2936 3590 3308 3644 nervosasque
3342 3584 3537 3631 natura

1962 3669 2300 3741 procreavit,
2362 3683 2596 3738 quarum
2645 3681 2807 3722 voces
2872 3681 3171 3735 earumque
3219 3665 3539 3720 discrimina

1962 3759 2423 3831 comprehendere
2486 3757 2723 3813 ofﬁcium
2754 3766 2857 3813 est.
2908 3756 2964 3811 Si
2995 3757 3214 3826 quidem
3274 3752 3539 3827 cartilago

1966 3853 2035 3907 ad
2075 3852 2336 3922 strepitus
2393 3864 2669 3920 sonosque
2716 3850 3094 3918 percipiendos
3152 3858 3276 3917 apta
3315 3848 3539 3902 idonea-

1965 3958 2073 4013 quc
2096 3942 2346 3997 habetur.
2372 3940 2546 3997 Aures
2568 3956 2803 4010 namque
2857 3941 3005 4010 ipsa},
3040 3954 3161 4009 qua;
3187 3939 3372 3994 Graece
3400 3933 3537 4003 ὦτα,

1967 4049 2169 4089 nomen
2231 4031 2535 4102 sumpsisse
2593 4046 2623 4085 a
2664 4045 2799 4086 voce
2849 4029 3161 4099 accipienda
3223 4038 3542 4094 censentur,

1964 4140 2128 4196 quam
2175 4124 2251 4177 illi
2299 4123 2409 4175 ὅπα
2445 4130 2782 4191 nuncupant.
2833 4119 2970 4175 Nam
3005 4120 3245 4185 auditus,
3293 4120 3542 4176 siccioris

1968 4215 2142 4285 magis
2180 4230 2344 4285 quam
2386 4213 2690 4269 subtilioris
2724 4212 2949 4282 spiritus
2990 4226 3160 4267 causa
3204 4211 3298 4281 qui
3350 4211 3404 4265 in
3445 4225 3545 4265 au-

1968 4307 2122 4362 ribus
2169 4305 2481 4361 reconditus
2503 4312 2608 4371 est,
2634 4304 3004 4360 constituitur.

372 4396 530 4450 Ἐστι
564 4396 699 4451 δὲτὸ
719 4393 815 4461 οὖς
835 4400 975 4451 κατὰ
996 4399 1094 4467 μὲν
1125 4396 1187 4450 τὸ
1215 4393 1351 4460 εἶδος
1381 4397 1820 4467 στρογγυλοειδὲς
1846 4416 1859 4428 ·

2042 4400 2334 4454 Enimvero
2372 4412 2534 4452 aures
2554 4397 2763 4452 interne
2782 4398 3032 4453 rotundae
3048 4404 3198 4458 sunt,
3234 4408 3371 4463 quas
3395 4407 3545 4447 com-

298 4486 418 4557 ἔχον
438 4489 680 4558 ἐσχάτως
708 4487 901 4541 ὀστοῦν
953 4487 1326 4559 ὀμοιόσχημον
1361 4487 1542 4557 ἑαυτῷ
1562 4506 1574 4518 ο
1619 4489 1679 4541 ὲν
1708 4483 1861 4560 ᾧπερ

1972 4490 2120 4560 paris
2152 4490 2338 4561 figura:
2365 4504 2491 4545 osse
2516 4490 2569 4543 in
2600 4504 2788 4543 earum
2823 4500 3070 4544 extremo
3093 4486 3386 4540 exsistente
3408 4497 3547 4552 prm-

298 4578 373 4641 ὡς
400 4580 459 4632 ἑν
486 4580 695 4650 ἀγγείῳ
709 4580 851 4651 κενῷ
879 4583 1063 4651 πάσης
1085 4581 1312 4651 φωνῆςό
1340 4578 1514 4647 ψόφος
1534 4579 1861 4648 είσέρχεται.

300 4669 410 4722 Καὶ
438 4669 625 4740 ἐπειδὴ
652 4668 812 4723 τοῦτο
840 4670 898 4723 τὺ
926 4671 1116 4724 ὀστοῦν
1143 4670 1282 4741 πρὸς
1305 4670 1399 4723 τὸν
1433 4670 1737 4739 ἐγκέφαλον
1765 4670 1861 4723 οὐκ

1970 4671 2263 4740 cujuslibet
2304 4672 2454 4726 vocis
2491 4672 2813 4741 ingreditur.
2848 4669 2914 4722 Et
2944 4667 3202 4737 quoniam
3242 4666 3348 4721 tale
3382 4681 3444 4720 os
3474 4665 3541 4719 ad

299 4758 411 4828 ἔχει
442 4762 632 4831 πόρον,
679 4761 1006 4816 ἀποδίδωσιν
1036 4763 1116 4824 εἰς
1169 4761 1262 4814 τὸν
1294 4760 1390 4814 τοῦ
1454 4762 1723 4828 στόματος
1776 4762 1861 4813 οὐ-

1975 4763 2257 4816 cerebrum
2296 4770 2604 4831 vergentem
2657 4769 2895 4814 meatum
2928 4757 3244 4827 neutiquam
3279 4757 3542 4819 continet,

302 4853 484 4921 ρανδν,
510 4854 763 4907 κάκεῖθεν
798 4859 1088 4924 τειναμένη
1121 4852 1263 4923 φλὲψ
1291 4854 1372 4916 είς
1413 4854 1508 4907 τὸν
1544 4853 1861 4922 ιγκέφαλον,

1977 4853 2155 4922 ipsum
2178 4854 2245 4906 ad
2261 4852 2371 4906 Oris
2390 4852 2626 4921 palatum
2646 4859 2840 4905 natura
2866 4848 3132 4914 adhibuit,
3162 4863 3192 4902 a
3221 4864 3331 4917 quo
3352 4850 3548 4917 strepi-

300 4945 437 5016 πρὸς
465 4946 507 4977 ⁸⁷
535 4946 697 4999 αὐτὸν
732 4945 1037 5010 διαϐισάζει
1066 4945 1159 4998 τὸν
1206 4944 1400 5015 ψόφον.
1446 4944 1689 4999 Ἐκεῖθεν
1730 4945 1788 4998 δὲ
1840 4945 1861 4997 ό

1974 4953 2085 5005 tus,
2103 4957 2253 4997 venae
2275 4941 2436 4997 unius
2455 4941 2755 4997 ministerio
2775 4956 2897 5011 qua:
2925 4940 2992 4995 ad
3018 4940 3302 4995 cerebrum
3328 4946 3547 5008 proten-

300 5035 425 5098 νοῦς
465 5035 566 5099 τὰς
614 5035 949 5099 ἀκουστικὰς
984 5035 1303 5106 ἀντιλήψεις
1344 5035 1440 5090 xui.
1497 5034 1736 5105 δέχεται,
1775 5035 1861 5088 καὶ

1973 5035 2121 5089 ditur
2137 5034 2203 5090 ad
2224 5035 2399 5104 ipsum
2429 5033 2617 5088 fertur.
2649 5035 2732 5090 Ab
2758 5035 2851 5089 illo
2878 5034 3146 5104 siquidem
3196 5034 3340 5098 loco,
3390 5046 3546 5085 mens

300 5126 578 5194 γνωρίζει,
612 5128 707 5180 καὶ
737 5126 1006 5195 διακρίνει
1035 5126 1362 5195 πρεπόντως
1385 5126 1430 5158 ³⁸
1454 5126 1555 5196 τήν
1602 5143 1662 5178 τε
1694 5125 1861 5190 ὀξεῖαι

1975 5136 2162 5183 nostra
2220 5127 2540 5182 audibilium
2591 5142 2772 5182 rerum
2834 5126 3095 5191 rationes,
3163 5131 3447 5192 acutaeque
3482 5136 3547 5176 ac

301 5217 396 5269 καὶ
419 5220 683 5287 τραχεῖαν
713 5218 916 5286 φωνὴν,
952 5218 1050 5269 καὶ
1079 5217 1177 5287 τὴν
1212 5218 1417 5287 ἡδεῖαν,
1447 5217 1544 5271 καὶ
1581 5216 1681 5287 τὴν
1708 5216 1861 5287 ἀηδῆ1

1972 5232 2175 5286 aspera:
2230 5217 2419 5284 vocis;
2450 5217 2542 5272 sed
2576 5226 2630 5273 et
2668 5215 2873 5283 suavis,
2920 5231 2985 5271 ac
3024 5214 3289 5278 insuavis,
3333 5225 3544 5266 necnon

304 5306 594 5379 βραγχὼδη
627 5327 687 5362 τε
712 5310 806 5362 καὶ
832 5307 1138 5378 κακόμελον
1162 5309 1226 5361 ⁸⁸.
1257 5328 1275 5361 ι
1313 5310 1388 5363 Οὐ
1417 5310 1525 5381 γὰρ
1543 5309 1629 5362 ἐπ’
1656 5308 1861 5373 εὐθείας

1967 5308 2227 5380 fragosae;
2280 5324 2510 5379 quaeque
2566 5308 2696 5363 mali
2735 5306 3125 5364 medulaminis
3177 5315 3261 5360 est
3318 5302 3549 5374 percipit

300 5397 552 5468 ἧνοικται
573 5400 607 5469 ἡ
629 5399 791 5471 ἀκοὴ,
815 5400 1023 5469 φησὶνό
1050 5399 1224 5469 μέγας
1264 5400 1570 5466 Βασίλειος,
1605 5399 1725 5453 ἀλλ’
1758 5401 1861 5453 ἑλι-

1967 5413 2132 5474 atque
2156 5404 2449 5474 dijudieat;
2474 5414 2527 5459 et
2551 5406 2622 5460 ita
2641 5420 2735 5475 per
2750 5404 3044 5459 audibilem
3070 5417 3314 5462 sensum.
3335 5408 3548 5454 natura:

309 5566 1613 5669 ι.ἔέξὲἷῗίρμὲνέειῗὶἕὲ.σιξξγ·¹ἔς,Ξκιιαλὶξ
1648 5575 1741 5628 ⁸ο
1775 5578 1838 5662 P.-
1914 5579 2680 5669 Αίδ-
2758 5576 3162 5649 ³³ἡκάτωθνο
3241 5573 3542 5647 “MM

369 5637 584 5708 εἴρηται
611 5637 670 5691 Βο
745 5639 787 5670 ³⁸
809 5639 1014 5708 γίνεται
1047 5637 1183 5697 ΒῬ(
1246 5643 1286 5673 ³⁷
1319 5644 1397 5707 εἰς
1432 5637 1488 5697 Β.
1569 5646 1611 5675 ³⁸⁸
1644 5648 1971 5715 προπάντως
2005 5651 2068 5703 Α.
2148 5651 2189 5680 ³³
2219 5637 2458 5718 κόμαλον
2482 5650 2545 5703 Δ.

1970 4579 2112 4634 ditas
2134 4587 2371 4643 constat,
2386 4580 2439 4632 in
2459 4579 2626 4648 quod,
2645 4579 2752 4648 72
2765 4594 2861 4633 ceu
2892 4578 2947 4630 in
2968 4590 3063 4629 vas
3083 4576 3265 4636 inane,
3284 4573 3543 4642 strepitus
3645 4607 3653 4614 -
