4066 6214
318 345 455 402 ll8’)

674 462 819 531 Κεφ.
863 462 921 515 l'.
955 492 1026 501 —
1065 460 1205 530 Περὶ
1243 461 1563 530 στόματος.

389 576 465 631 Τδ
488 575 687 645 στόμα
728 575 886 644 τομεῖ
904 572 951 605 ⁷⁸
990 573 1132 627 ἔοικε
1151 589 1167 606 ο
1208 571 1477 643 τμητικὸν
1504 569 1616 641 γάρ
1656 571 1806 623 ἐστιν
1830 563 1904 623 ῶν

315 670 611 745 λαμϐάνει.
660 666 787 721 Εἰσὶ
824 665 881 719 δὲ
907 663 1102 719 τούτου
1147 662 1370 729 ἔσωθεν,
1407 660 1687 731 γλῶσσα,
1730 660 1905 715 ὀδόν-

317 783 439 831 τες,
479 757 657 823 οὖλα,
686 760 755 814 τὰ
782 760 826 793 ⁷³
860 756 1239 828 φατνώματα,
1266 754 1631 825 γαργαρεὼν,
1670 753 1908 823 οὐρανί-

318 874 494 923 σκος,
521 854 878 921 παρίσθμια,
901 849 1132 919 λάρυγξ
1146 849 1214 912 ⁸⁸,
1240 848 1302 901 τὸ
1328 847 1504 918 πέρας
1522 846 1624 917 τῆς
1646 845 1909 917 τραχείας

320 946 596 1020 ἀρτηρίας
626 943 722 996 xal.
761 940 857 997 τοῦ
883 940 1184 1009 οἰσοφάγου
1205 939 1277 1004 ⁸⁸,
1316 939 1411 993 καὶ
1443 940 1477 1010 ἠ
1511 938 1863 1007 ἐπιγλωττίς
1891 955 1906 973 ο

319 1041 541 1108 λέγεται
570 1037 629 1090 δὲ
663 1038 697 1105 η
738 1034 889 1087 πᾶσα
915 1031 1009 1085 τοῦ
1043 1032 1315 1101 στόματος
1354 1029 1512 1103 χώρα
1545 1028 1782 1099 φάρυγξ
1815 1029 1912 1083 καὶ⁵

321 1131 556 1200 λαιμός.
609 1128 672 1183 Ἥ
712 1124 938 1195 γλῶσσα
965 1119 1061 1179 οὖν
1100 1123 1386 1195 φλεϐώδης
1413 1124 1532 1176 ἐστὶ
1564 1125 1661 1177 καὶ
1696 1122 1913 1193 σαρκώ-

322 1223 418 1294 δης
446 1239 459 1259 ρ
514 1217 889 1290 ὑποπίμελος,
942 1215 1239 1287 αἰσθητικὴ
1276 1213 1488 1285 χυμῶν.
1542 1213 1815 1285 Συνεργδς
1845 1216 1909 1285 τῇ

325 1316 484 1369 πόσει
508 1313 602 1366 καὶ
633 1311 968 1381 διαμασήσει
990 1309 1059 1373 ⁸⁸,
1090 1307 1184 1362 καὶ
1212 1306 1543 1379 διαρθρώσει
1568 1306 1671 1376 τῆς
1700 1306 1907 1377 φωνῆς.

328 1407 589 1478 Συνεργεῐ
618 1405 726 1475 γὰρ
760 1402 840 1473 τῷ
865 1402 1097 1471 στόματι
1136 1404 1170 1471 ἠ
1201 1401 1427 1469 γλῶσσα
1458 1401 1554 1453 καὶ
1582 1401 1632 1453 oi
1662 1399 1911 1463 ὀδόντες·

324 1501 387 1554 τὸ
407 1501 453 1532 ⁸³
497 1499 598 1570 μὲν
625 1498 735 1568 γὰρ
781 1497 971 1567 τέμνει
1020 1496 1089 1549 τὰ
1123 1496 1307 1561 σιτία,
1338 1495 1388 1547 oi
1418 1494 1475 1547 δὲ
1505 1493 1846 1557 λεαίνουσιν,
1879 1493 1911 1563 η

324 1593 383 1645 δὲ
425 1591 792 1663 παραπέμπει
821 1591 937 1653 τοῖς
979 1589 1272 1659 τέμνουσιν
1320 1586 1353 1657 ἢ
1387 1586 1695 1642 λεαίνουσιν
1730 1585 1779 1618 ⁸⁵
1806 1585 1917 1638 τῶν

324 1683 576 1737 ὀδόντων.

1574 339 1661 394 DE
1701 338 1989 395 NATUBA
2031 338 2337 396 ιιονιΝιε.

1942 468 2043 524 Δ,

3454 343 3586 398 llf-O

2512 458 2645 529 Cap.
2681 457 2747 514 Χ.
2785 487 2854 498 -
2890 456 2964 512 De
2993 475 3098 512 ore.

2075 567 2151 624 Os
2172 577 2351 623 autem
2391 568 2614 623 secandi
2645 568 2861 622 cuidam
2896 568 3266 624 instrumento
3297 566 3479 626 simile
3511 569 3590 633 fit,

2013 661 2159 731 quod
2191 676 2253 716 ea
2286 677 2407 733 quae
2429 676 2525 731 per
2553 661 2733 730 ipsum
2772 660 3146 715 immittuntur
3174 660 3382 717 incidat
3422 675 3597 719 secet-

2014 769 2141 823 quc.
2167 753 2301 820 Qua:
2350 769 2479 809 vero
2510 754 2564 808 in
2612 754 2732 824 ipso
2758 753 2907 808 intus
2950 763 3100 819 sunt,
3135 753 3251 809 haec
3292 754 3592 811 habentur:

2018 847 2224 919 lingua,
2258 847 2470 914 dentes,
2508 847 2771 919 gingivae;
2808 855 2863 903 et
2908 847 3195 917 prtesepia,
3229 849 3601 919 gurgulio,pa-

2017 938 2188 992 latum
2210 979 2223 1001 ,
2244 938 2498 1002 tonsillae,
2522 948 2729 1007 guttur,
2751 952 2960 1008 asperae
2986 938 3482 1009 arteriae,gul:eque
3507 955 3599 993 ex-

2017 1037 2280 1095 tremum,
2300 1039 2357 1085 et
2387 1031 2581 1101 ligula;
2610 1030 3211 1107 siquidem,univcrsus
3236 1031 3351 1086 oris
3372 1040 3598 1095 tractus,

2019 1121 2273 1192 gutturis
2326 1119 2532 1184 fauces,
2593 1131 2646 1175 et
2688 1121 2916 1191 jugulus
2960 1128 3330 1191 nuncupatur.
3390 1120 3600 1192 Lingua

2019 1221 2202 1267 autem
2259 1212 2414 1267 venis
2471 1211 2648 1267 obsita
2706 1212 2793 1266 sui
2846 1220 3042 1266 natura
3104 1227 3475 1283 carnosaque,
3539 1228 3603 1267 ac

2021 1305 2390 1375 pinguescens
2415 1311 2520 1365 est,
2542 1309 2595 1356 et
2628 1316 2750 1371 qua:
2768 1316 3028 1370 saporum
3056 1300 3379 1357 discrimina
3402 1302 3606 1356 discer-

2021 1410 2154 1451 nere
2199 1403 2383 1465 queat.
2426 1392 2553 1449 Hzec
2586 1393 2713 1448 item
2747 1393 2813 1447 ad
2848 1408 3004 1448 esum
3041 1402 3336 1463 potumque
3382 1408 3602 1447 accom-

2022 1486 2183 1541 moda
2239 1486 2473 1541 habetur
2532 1484 2765 1554 vociqne
2834 1484 3191 1540 articulandze
3239 1484 3601 1540 obseeundat.

2026 1578 2321 1633 Enimvero
2342 1615 2358 1642 ,
2390 1591 2453 1631 os
2482 1576 2660 1646 ipsum
2708 1576 3002 1646 linguaque
3029 1591 3095 1631 ac
3138 1576 3327 1632 dentes
3357 1591 3600 1632 commu-

2027 1675 2116 1729 nia
2172 1672 2420 1744 qumdam
2473 1673 2661 1727 munia
2721 1671 2960 1742 explent.
3011 1669 3087 1726 Os
3141 1687 3380 1743 namque
3425 1672 3602 1743 ipsum

328 1775 547 1831 secandi
627 1773 757 1841 cibi,
818 1772 1008 1827 dentes
1061 1785 1193 1824 vero
1259 1769 1498 1825 molendi
1560 1771 1743 1827 officio
1817 1766 2120 1833 sufficiunt,
2157 1767 2340 1838 lingua
2402 1775 2584 1822 autem
2654 1765 2837 1820 cibum
2914 1764 3095 1835 ipsum
3157 1764 3414 1821 dentibus
3496 1781 3607 1836 quo

328 1869 398 1923 ab
443 1868 576 1935 ipsis
626 1866 952 1925 conﬁciatur
1003 1864 1249 1919 adhibet.

400 1960 513 2031 Τὴν
544 1957 792 2026 γλῶτταν
818 1956 927 2024 γὰρ
955 1958 983 2015 ό
1013 1954 1363 2025 Δημιουργδς
1384 1954 1471 2009 διὰ
1505 1954 1710 2035 πολλὰς
1737 1954 1917 2018 αἰτίας

2092 1950 2647 2020 Cmterum,linguam
2687 1949 2861 2019 ipsam
2913 1965 3097 2005 rerum
3132 1949 3325 2023 Opifex
3360 1951 3609 2022 pluribus

331 2051 558 2123 ἐποίησε
585 2066 600 2081 ⁸
644 2048 849 2120 μᾶλλον
875 2047 932 2105 δὲ
960 2046 1052 2100 διὰ
1091 2047 1283 2118 χρείαν
1312 2048 1406 2100 καὶ
1431 2048 1718 2118 ἐνέργειαν
1739 2047 1806 2100 ⁸⁵.
1842 2045 1919 2099 Δι’

330 2139 505 2208 αὐτῆς
530 2138 640 2209 γάρ
668 2138 911 2206 γίνονται
947 2135 1004 2209 ei
1036 2133 1393 2199 καταπόσεις,
1423 2134 1921 2205 ἀντανακλωμένης

333 2232 429 2284 καὶ
466 2228 954 2301 παραπεμπούσης
992 2226 1065 2279 τὰ
1096 2227 1242 2279 σιτία
1280 2225 1358 2296 τῷ
1400 2224 1684 2295 οίσοφάγῳ
1706 2227 1776 2281 ⁸⁸.
1813 2226 1922 2278 Καὶ

334 2325 394 2375 αἱ
416 2321 691 2376 διάλεκτοι
711 2320 757 2351 ⁸⁷
782 2319 850 2373 δι’
882 2317 1057 2388 αὐτῆς
1084 2318 1327 2386 γίνονται
1354 2315 1782 2388 ὲνδιπλουμένης
1811 2316 1923 2370 τισὶ

335 2413 449 2467 τῶν
472 2412 700 2465 ὀδόντων
727 2411 761 2481 ἢ
792 2409 1171 2480 κυρτουμένης
1196 2425 1211 2440 ·
1238 2409 1364 2479 ἥτις
1392 2408 1791 2481 περιαγομένη,
1824 2407 1921 2460 καὶ

335 2505 526 2561 ἄλλοτε
556 2505 702 2576 ἄλλῳ
732 2504 843 2559 τῶν
869 2504 1101 2557 ὀδόντων
1146 2502 1499 2573 προσθεμένη
1521 2542 1537 2566 ,
1577 2504 1643 2573 τῇ
1675 2501 1921 2573 διαφόρῳ

335 2596 508 2669 ταύτῃ
529 2597 575 2629 ⁸⁸
603 2597 838 2665 κινήσει,
870 2595 959 2649 διὰ
986 2595 1085 2666 τῆς
1113 2594 1220 2648 τῶν
1253 2593 1538 2664 στοιχείων
1579 2611 1640 2647 τε
1664 2595 1759 2651 καὶ
1797 2595 1922 2647 συλο

335 2689 515 2742 λαὸῶν
559 2688 844 2756 ἑνώσεως,
882 2688 980 2758 τὴν
1021 2688 1133 2740 τῶν
1171 2687 1347 2755 λόγων
1380 2685 1647 2756 διαφορὰν
1689 2686 1919 2740 ὲκτελεί.

336 2783 447 2835 Καὶ
483 2782 658 2836 ταῦτα
693 2781 793 2852 μὲν
825 2780 904 2843 ὡς
938 2780 1207 2843 ἁπόλυτος
1235 2775 1373 2834 οὖσα
1398 2781 1574 2833 ποιεῖ⁹
1611 2779 1922 2833 συνδέδεται

331 2874 391 2927 δὲ
431 2874 594 2928 πάλιν
633 2874 693 2926 ἐν
732 2873 810 2943 τῷ
852 2872 1091 2943 λάρυγγι
1116 2872 1187 2938 ⁸⁸,
1221 2873 1309 2927 ἵνα
1340 2872 1414 2943 μὴ
1454 2871 1802 2926 ἐκπίπτουσα
1828 2873 1925 2925 τοῦ

337 2968 605 3036 στόματος
632 2966 713 3027 εἰς
740 2964 841 3028 τὰς
866 2964 1166 3034 εἰρημένας
1198 2965 1480 3035 ἐνεργείας
1503 2966 1784 3037 ἀπρακτῇ.

2026 2046 2093 2100 de
2120 2045 2325 2104 causis.
2341 2042 2427 2097 vel
2446 2042 2513 2097 ad
2537 2043 2722 2112 plures
2750 2042 2928 2111 potius
2956 2057 3090 2097 usus
3112 2043 3465 2115 actionesque
3484 2059 3611 2113 pro-

2028 2136 2250 2190 creavit.
2270 2133 2388 2203 Ipsa
2410 2136 2558 2187 enim
2576 2139 2680 2197 est,
2700 2146 2821 2201 quae.
2857 2130 3190 2201 deglutiendi
3209 2132 3512 2187 ministerio
3531 2151 3614 2187 n.-

2030 2224 2199 2280 scrvit
2220 2224 2348 2277 dum
2374 2238 2485 2294 pra:
2503 2223 2591 2291 sui
2625 2222 2918 2277 inﬂexione
2941 2222 3099 2277 cibus
3129 2222 3197 2277 ad
3234 2224 3416 2294 gulam
3434 2225 3615 2298 dirigi.

2030 2323 2138 2370 tur.
2156 2314 2260 2369 Sed
2282 2324 2336 2370 et
2354 2314 2420 2369 ad
2444 2314 2765 2369 idiomatnm
2803 2329 2939 2369 usus
2981 2314 3171 2369 eadem
3204 2317 3431 2371 utimur.
3449 2317 3611 2381 Nam,

2024 2424 2149 2465 cum
2192 2408 2357 2463 verba
2404 2407 2648 2479 proferre
2691 2406 3092 2472 contendimus,
3116 2407 3300 2479 lingua
3346 2410 3460 2481 ipsa
3505 2411 3614 2465 cir-

2028 2521 2152 2561 cum
2194 2506 2384 2560 dentes
2411 2513 2588 2559 certos
2629 2517 2750 2559 sese
2779 2502 3102 2572 explicando
3133 2503 3613 2576 incurvandoque,

2028 2606 2083 2651 et
2106 2595 2555 2665 circumagendo,
2587 2609 2652 2649 ac
2698 2610 2818 2650 sese
2844 2611 2988 2650 nunc
3021 2596 3127 2661 liis,
3163 2612 3309 2652 nunc
3336 2614 3468 2653 vero
3509 2600 3615 2655 illis

2031 2689 2248 2743 diverso
2302 2687 2617 2758 bujusnzodi
2682 2694 2833 2741 motu
2893 2687 3239 2757 applicando,
3302 2692 3613 2746 orationum

2029 2781 2367 2847 discrimina,
2389 2781 2692 2845 litterarum
2709 2781 3151 2852 syllabarumque
3173 2783 3241 2838 ad
3264 2784 3370 2840 hoc
3394 2800 3614 2857 compo-

2034 2874 2234 2928 sitione
2258 2882 2602 2944 suppetente,
2628 2883 2774 2928 recte
2797 2875 3150 2945 exsequitur:
3170 2886 3223 2933 et
3249 2878 3352 2932 hoc
3370 2879 3614 2950 quidem,

1959 2977 1965 2986 '
2036 2979 2144 3033 qua
2169 2964 2345 3019 soluta
2379 2965 2727 3036 est,peragit.
2758 2965 2920 3035 Atqui
2961 2965 3155 3022 eadem
3200 2971 3406 3036 gutturi
3437 2971 3617 3028 denuo

336 3056 647 3126 colligatur,
681 3069 749 3110 ne
774 3054 983 3111 scilicet
1015 3054 1681 3127 undeqnaqueahjuncta,
1711 3056 1766 3111 in
1820 3056 1935 3113 oris
1974 3056 2183 3112 hiatum
2222 3056 2489 3122 incidens,
2537 3057 2607 3112 ab
2678 3056 2950 3114 universis
3010 3074 3150 3130 quos
3215 3061 3458 3120 diximus
3504 3065 3616 3121 usi-

334 3147 439 3203 bus
467 3145 729 3201 immunis
765 3145 1100 3201 redderetur.

417 3236 478 3292 '0
507 3238 709 3309 δεσμὸς
731 3238 787 3292 δὲ
819 3236 1027 3309 ταύτης
1050 3232 1164 3291 οἷον
1195 3236 1412 3307 χαλινὸς
1436 3237 1573 3311 αὐτῇ
1603 3240 1749 3305 ἐστι,
1779 3241 1920 3296 ἀπά-

2096 3240 2297 3296 Verum
2369 3241 2652 3297 vinculum
2714 3241 2935 3312 ipsum,
2986 3243 3063 3299 illi
3121 3259 3221 3315 pro
3276 3246 3431 3305 freno
3489 3260 3613 3314 est,

339 3348 440 3395 σας
503 3331 604 3395 τὰς
672 3330 954 3401 ἐνεργείας
1018 3331 1414 3402 συμφερόντως
1473 3332 1568 3386 καὶ
1640 3333 1922 3397 εὐτάκτως

339 3423 528 3486 ποιῶν,
559 3421 718 3497 εἴπερ
748 3423 1030 3499 ἔμμετρος
1070 3424 1531 3489 κατεσκεύασται.
1576 3425 1638 3491 Εἰ
1664 3426 1722 3479 δὲ
1756 3425 1925 3495 χαλα-

338 3513 580 3585 ρώτερος
601 3515 649 3546 ⁹⁶
677 3514 906 3586 γένηται
925 3516 993 3581 ⁸⁸,
1019 3514 1333 3584 προκύπτει
1368 3515 1571 3585 μᾶλλον
1597 3515 1690 3569 τοῦ
1712 3504 1924 3593 δέοντος

337 3607 375 3675 ἡ
401 3606 652 3673 γλῶττα,
687 3607 781 3661 καὶ
812 3606 1149 3677 βλάπτονται
1185 3609 1241 3659 αί
1286 3608 1579 3677 εἰρημέναι
1612 3608 1920 3685 ἐνέργειαιο

2024 3330 2171 3401 quod
2232 3330 2279 3385 si
2360 3332 2644 3387 moderato
2705 3332 2897 3388 ordine
2969 3337 3335 3392 constitutum
3411 3337 3614 3406 fuerit,

2024 3425 2295 3492 universa:
2351 3425 2474 3496 ejus
2527 3427 2776 3489 actiones
2829 3427 3038 3498 optimo
3092 3430 3186 3484 fini
3243 3446 3307 3487 ac
3366 3448 3617 3502 percom-

2028 3516 2206 3586 posite
2261 3518 2597 3589 diriguntur.
2664 3518 2722 3574 Si
2777 3534 2908 3574 vero
2968 3521 3115 3575 illam
3170 3532 3379 3591 partem
3438 3525 3618 3581 laxio-

2028 3631 2142 3675 rem
2202 3618 2685 3689 remissioremque
2734 3634 2859 3674 esse
2908 3621 3234 3691 contigerit,
3280 3623 3467 3696 lingua
3500 3626 3615 3697 ipsa

340 3696 422 3769 μὴ
461 3697 764 3769 δυναμένης
803 3700 975 3770 αὐτῆς
1005 3699 1529 3770 χαλιναγωγείσθαι.
1563 3702 1627 3753 Εἰ
1668 3701 1725 3753 δὲ
1758 3702 1920 3761 πάλιν

2026 3705 2150 3775 plus
2200 3708 2352 3777 justo
2413 3710 2725 3766 inclinatur.
2795 3711 3010 3781 Cujus,
3064 3713 3195 3768 dum
3256 3730 3377 3770 eam
3423 3696 3617 3788 regen-

339 3794 529 3846 πλεῖον
582 3793 853 3867 συνδεθῇ,
903 3796 960 3848 αί
1013 3793 1178 3847 αὐταὶ
1231 3791 1428 3862 βλάϐαι
1488 3793 1917 3848 ἀκολουθοῦσιν

336 3886 481 3940 ὥστε
518 3888 615 3942 καὶ
652 3887 724 3949 τά
765 3886 952 3958 χείλη,
982 3885 1052 3938 τὰ
1094 3882 1389 3949 διαλέξεως
1430 3883 1627 3956 μόρια,
1657 3885 1753 3938 καὶ
1798 3886 1926 3961 τοὺς

338 3978 594 4044 ὀδόντας,
625 3981 722 4034 καὶ
759 3970 906 4035 ἅπαν
934 3979 995 4032 τὸ
1040 3976 1219 4047 στόμα
1250 3975 1663 4048 ἐμποδίζεσθαι,
1706 3979 1801 4033 καὶ
1836 3996 1927 4035 κε-

341 4072 627 4127 κακῶσθαι
655 4072 754 4137 τὰς
785 4072 1122 4136 διαλέκτους.

2025 3796 2080 3852 di
2124 3799 2230 3871 77
2267 3800 2421 3855 freno
2477 3801 2579 3871 ipsi
2643 3801 2874 3858 facultas
2932 3802 3298 3875 intercipitur,
3367 3809 3616 3864 actiones

2033 3904 2172 3958 quas
2198 3891 2459 3957 diximus,
2488 3890 2647 3947 facile
2679 3893 2969 3949 lmduntur.
3025 3896 3080 3950 Si
3113 3912 3244 3951 vero
3269 3915 3464 3956 rursus
3496 3917 3616 3956 eam

2031 3978 2248 4036 frenum
2293 3983 2417 4052 plus
2477 3984 2648 4039 nimio
2689 3987 3020 4056 coercuerit,
3076 3988 3201 4044 inde
3261 3991 3459 4047 damna
3503 3993 3620 4048 haec

2031 4073 2445 4146 subsequuntur
2480 4093 2494 4130 :
2527 4076 2687 4133 labiis
2746 4078 2970 4149 utique,
2998 4081 3147 4151 'parti
3199 4082 3469 4147 videlicet,
3498 4101 3623 4157 qum

339 4166 472 4219 dum
507 4166 671 4220 verba
693 4163 1117 4235 pronuntiamus
1148 4173 1418 4228 movetur,
1454 4162 1820 4233 dentibusque
1863 4178 1929 4227 ac
1965 4164 2064 4220 toti
2118 4164 2201 4219 ori
2278 4166 2557 4237 negotium
2615 4167 2858 4239 facessit,
2899 4177 2954 4225 et
3022 4170 3112 4225 illa
3156 4186 3441 4246 perperam
3492 4192 3621 4247 pro-

344 4260 476 4329 priis
506 4258 706 4315 officiis
736 4258 980 4329 fungitur
1043 4259 1302 4315 idiomate
1328 4259 1538 4315 vitiato.

413 4351 527 4421 Τῆς
573 4351 631 4403 δὲ
659 4350 907 4420 γλώττης
952 4352 986 4420 ἡ
1023 4349 1158 4422 σὰρξ
1202 4352 1346 4423 μανὴ
1375 4353 1586 4420 πέφυκε
1621 4351 1718 4406 καὶ
1758 4366 1928 4422 στομ-

2098 4345 2308 4424 Lingua
2338 4362 2517 4410 autem
2567 4371 2731 4411 carne
2756 4356 2878 4419 laxa
2921 4357 3261 4432 fungosaque
3290 4373 3622 4429 constat,ut-

342 4442 562 4517 φώδης·
614 4444 711 4498 καὶ⁵
749 4443 838 4498 διὰ
876 4444 1039 4497 τοῦτο
1072 4443 1270 4497 θᾶττον
1318 4442 1785 4519 ἀντιλαμϐάνεται
1829 4443 1920 4515 τῆς

2032 4460 2139 4516 que
2170 4447 2421 4516 protinus
2476 4464 2733 4521 saporum
2789 4460 3010 4523 gustum
3063 4456 3479 4521 animadvertat,
3516 4459 3622 4512 hoc

342 4537 588 4605 γεύσεως
629 4535 739 4589 τῶν
797 4536 1011 4607 χυμῶν.
1067 4535 1189 4589 Τῶν
1220 4534 1278 4588 δὲ
1319 4535 1510 4615 χυμῶν
1546 4536 1602 4589 αἱ
1644 4535 1933 4605 γευστικαὶ

345 4630 677 4699 καλούμεναι
724 4630 1011 4698 ποιότητες
1044 4628 1184 4683 είσὶν
1213 4622 1373 4683 αὗται
1400 4646 1414 4661 ο
1460 4627 1740 4700 γλυκύτης
1759 4668 1775 4695 ,
1802 4626 1928 4692 ὀξύ·-

344 4738 465 4791 της,
507 4722 803 4793 δριμύτης,
837 4722 1112 4792 στυφότης
1130 4723 1200 4786 ",
1234 4721 1604 4795 αύστηρότης,
1636 4721 1926 4793 πικρότης,

344 4813 681 4885 ἀλμυρότης,
716 4814 1041 4885 λιπαρότης.
1078 4812 1297 4867 Τούτων
1334 4813 1444 4884 γάρ
1470 4814 1621 4866 ἐστιν
1647 4814 1681 4884 ἡ
1710 4811 1931 4881 γλῶσσα

340 4905 710 4977 διαγνωστικὴ
730 4922 744 4937 ⁸
776 4906 873 4961 καὶ
906 4905 1112 4977 μᾶλλον
1140 4905 1202 4959 τὸ
1230 4894 1605 4976 ἄκροναύτῆς
1633 4920 1647 4935 ο
1695 4903 1930 4974 ὄργανον

341 4998 452 5070 γάρ
491 4999 611 5052 ἐστι
640 4998 743 5068 τῆς
768 4998 1048 5067 γεύσεως
1092 4998 1193 5050 σὺν
1224 4998 1364 5068 αὐτῇ
1404 4995 1462 5050 δὲ
1492 4996 1588 5061 καὶ
1616 4998 1649 5067 ἡ
1678 4996 1926 5068 ὑπερῷα,

341 5088 399 5139 ἔν
445 5081 583 5160 ᾖτὰ
617 5088 1047 5159 πεπλατυσμένα
1088 5086 1260 5159 νεῦρα
1305 5086 1364 5151 ἐξ
1410 5086 1717 5156 ἐγκεφάλου
1768 5087 1931 5158 φερό-

345 5196 481 5249 μενα
497 5181 563 5244 ⁸⁸,
600 5180 699 5251 τὴν
730 5178 1019 5250 ἀντίληψιν
1047 5177 1156 5232 τῶν
1186 5177 1433 5245 γευστῶν
1460 5177 1599 5250 πρὸς
1637 5178 1698 5231 τὸ
1728 5180 1931 5250 ήγεμου

342 5272 494 5324 νικδν
541 5273 977 5343 ἀπαγγέλλουσι.
1034 5268 1344 5339 Κατάμαθε
1380 5269 1496 5339 γάρ
1525 5269 1625 5341 τῆς
1683 5270 1930 5339 γλώττης

2037 4552 2218 4592 causa:
2248 4539 2499 4594 habetur.
2524 4540 2795 4612 Saporum
2818 4559 2947 4599 vero
2962 4545 3258 4614 qualitates
3274 4562 3397 4616 qua:
3428 4557 3621 4619 gustus

2037 4632 2186 4691 sunt,
2226 4627 2327 4683 hos
2360 4624 2635 4699 dicimus":
2666 4632 2845 4701 dulce,
2880 4634 3121 4700 acidum,
3150 4650 3295 4704 acre,
3336 4640 3617 4705 acerbum,

2038 4727 2345 4787 austerum,
2380 4737 2654 4788 amarum,
2697 4722 3180 4795 salsum,pingue;
3216 4728 3397 4784 omnia
3435 4738 3617 4801 autem

2038 4811 2157 4867 hmc
2179 4812 2364 4884 lingua
2388 4813 2625 4887 ipsa,vel
2649 4815 2831 4885 potius
2853 4830 3084 4872 acumen
3098 4817 3240 4888 ejus,
3256 4821 3401 4890 quod
3424 4800 3618 4893 gustus

2038 4903 2461 4959 instrumentum
2502 4915 2607 4971 est,
2653 4905 3002 4977 discernendi
3040 4908 3354 4966 facultatem
3389 4914 3618 4970 obtinet.

2038 4992 2174 5049 Huic
2226 4993 2406 5049 ofﬁcio
2449 4995 2615 5050 simul
2671 5011 2796 5069 cum
2856 4997 3041 5070 lingua
3083 5000 3324 5070 palatum
3376 5017 3618 5071 commu-

2038 5083 2093 5138 ni
2122 5082 2423 5139 ministerio
2455 5083 2679 5151 sufficit,
2737 5085 2791 5140 in
2854 5101 2965 5158 quo
3008 5104 3299 5145 nervorum
3328 5093 3617 5163 explicatio

2037 5176 2131 5247 qui
2181 5191 2212 5230 a
2273 5177 2496 5232 cerebro
2550 5180 2952 5251 protenduntur
3005 5196 3069 5236 ea
3101 5198 3223 5253 qua:
3274 5184 3342 5239 ad
3400 5195 3619 5258 gustum

2039 5268 2275 5323 attinent
2291 5269 2779 5340 deprehendentcs,
2801 5271 3095 5344 principali
3122 5275 3320 5329 animae
3354 5277 3495 5347 parti
3529 5278 3621 5334 de-

406 5495 455 5528 "
476 5498 615 5566 τομῇ
640 5496 682 5548 Δ
704 5495 769 5551 C.
833 5496 889 5566 ,τ’
912 5493 1006 5548 καὶ
1031 5493 1097 5547 τὰ
1119 5492 1181 5566 ΒῘ
1204 5565 1207 5566 ν
1256 5492 1302 5524 ⁸⁸
1331 5491 1501 5566 λάρυξ
1670 5493 1714 5525 ⁸⁸
1736 5493 1994 5566 ίσοφάγου
2012 5493 2075 5566 Δ,
2098 5492 2407 5566 ὑσσοῳάγου
2435 5495 2496 5547 Β.
2570 5494 2996 5566 δ’διαμασσήσιι
3022 5499 3085 5555 Β.
3163 5498 3288 5553 ⁸⁸τέι
3306 5501 3369 5557 Β.
3442 5502 3490 5535 ⁸⁸
3510 5503 3623 5559 hanc

340 5581 453 5621 0m.
477 5568 539 5629 Β,

625 5566 672 5619 λ.
694 5566 803 5620 τῶν
820 5565 898 5620 ὀδ.
919 5581 1028 5618 orn.
1050 5567 1123 5637 _l’.
1164 5562 1513 5637 ⁸³-χρείας-κ.
1533 5563 1834 5637 -ὲνεργείας
1867 5564 1926 5625 Β,
1962 5565 2447 5637 μᾶλλον...,ὲνεργ.
2479 5578 2592 5637 om.
2724 5562 2736 5575 ⁷
2757 5566 2804 5598 ⁸⁸
2833 5562 3126 5637 ύσσοφάγῳ
3158 5568 3235 5623 Β.
3293 5572 3342 5611 ⁸⁷
3361 5570 3625 5629 διαλεκτι-

344 5637 442 5714 καὶ
465 5624 623 5714 5's'_._l_.
701 5636 749 5669 ⁸⁸
766 5633 1151 5714 διαφρροτάτῳ
1408 5624 1480 5714 ’ξ’
1522 5624 1744 5714 opm-£5391
1778 5624 2020 5714 rfpssij’,
2057 5636 2156 5714 καὶ
2196 5633 2265 5686 τὰ
2290 5624 2675 5714 μίνάπόλυτά
2707 5638 2829 5714 ἐστι
2855 5624 2999 5704 (τῆς
3023 5624 3275 5711 γλῶττης

344 5706 404 5780 δὲ
429 5707 740 5780 συνδέδεται
763 5708 823 5758 ὲν
851 5702 1159 5780 ﬁliae...
1176 5704 1388 5780 _el;_cd§
1415 5703 1715 5780 οἰκείαςΔΡ.
1768 5705 1840 5780 _”
1866 5704 2252 5780 χαλαρότερος.
2290 5704 2404 5780 Β.⁸
2428 5704 2473 5780 ’_'
2496 5721 2519 5757 ε
2524 5705 2557 5780 ί
2570 5705 2680 5780 μὲνΔ
2694 5702 3055 5780 ούνεμμετρα
3081 5702 3310 5780 κατεσκ.
3345 5702 3623 5777 εὐτάκτως

346 5779 580 5849 ἐνεργεῖ,
627 5779 676 5831 εί
700 5777 756 5831 δὲ
783 5771 1140 5846 χαλερώτερα
1172 5772 1289 5826 ἐστί
1333 5772 1393 5841 Ρ,
1430 5772 1724 5844 σομφώδης
1768 5775 1832 5829 Ρ.
1868 5771 1955 5853 ut"
1986 5771 2325 5846 στρυφνότης
2368 5774 2409 5828 Β
2433 5772 2476 5831 C
2522 5771 2586 5845 Ρ.
2664 5777 2709 5809 ⁸³

671 5871 942 5934 Ρηιιοι..
987 5868 1102 5928 Gn.
1152 5868 1356 5932 LXIV.

2742 5774 3037 5850 φέρονται’
3087 5774 3184 5837 καὶ
3235 5785 3515 5856 φερόμενα
3556 5774 3617 5838 Β,

3226 5878 3299 5939 40
