  <div class='ocr_page' id='page_1' title='image "/cluster/home/n/w/nwhite01/storage/ocr_20150623/64/hvd.32044073501959/641.png"; bbox 0 0 4066 6214; ppageno 0'>
   <div class='ocr_carea' id='block_1_1' title="bbox 476 327 609 384">
    <p class='ocr_par' dir='ltr' id='par_1_1' title="bbox 476 327 609 384">
     <span class='ocr_line' id='line_1_1' title="bbox 476 327 609 384; baseline 0.008 -2"><span class='ocrx_word' id='word_1_1' title='bbox 476 327 609 384; x_wconf 74' lang='grc'><strong>1191</strong></span> 
     </span>
    </p>
   </div>
   <div class='ocr_carea' id='block_1_2' title="bbox 1753 331 2389 391">
    <p class='ocr_par' dir='ltr' id='par_1_2' title="bbox 1753 331 2389 391">
     <span class='ocr_line' id='line_1_2' title="bbox 1753 331 2389 391; baseline 0.008 -7"><span class='ocrx_word' id='word_1_2' title='bbox 1753 331 2029 388; x_wconf 78' lang='lat' dir='ltr'><strong>MELETII</strong></span> <span class='ocrx_word' id='word_1_3' title='bbox 2075 332 2389 391; x_wconf 74' lang='lat' dir='ltr'><strong>MONACHI</strong></span> 
     </span>
    </p>
   </div>
   <div class='ocr_carea' id='block_1_3' title="bbox 3606 342 3748 397">
    <p class='ocr_par' dir='ltr' id='par_1_3' title="bbox 3606 342 3748 397">
     <span class='ocr_line' id='line_1_3' title="bbox 3606 342 3748 397; baseline 0.007 -1"><span class='ocrx_word' id='word_1_4' title='bbox 3606 342 3748 397; x_wconf 72' lang='grc' dir='ltr'><strong>11θῖ</strong></span> 
     </span>
    </p>
   </div>
   <div class='ocr_carea' id='block_1_4' title="bbox 476 437 2051 528">
    <p class='ocr_par' dir='ltr' id='par_1_4' title="bbox 476 437 2046 518">
     <span class='ocr_line' id='line_1_4' title="bbox 476 437 2046 518; baseline 0.002 -19"><span class='ocrx_word' id='word_1_5' title='bbox 476 442 748 499; x_wconf 88' lang='lat' dir='ltr'><strong>nuntiant.</strong></span> <span class='ocrx_word' id='word_1_6' title='bbox 774 437 1087 510; x_wconf 82' lang='lat' dir='ltr'><strong>Enimvero,</strong></span> <span class='ocrx_word' id='word_1_7' title='bbox 1119 444 1279 501; x_wconf 90' lang='lat' dir='ltr'><strong>divus</strong></span> <span class='ocrx_word' id='word_1_8' title='bbox 1324 444 1452 499; x_wconf 92' lang='lat' dir='ltr'><strong>item</strong></span> <span class='ocrx_word' id='word_1_9' title='bbox 1478 444 1708 501; x_wconf 80' lang='lat' dir='ltr'><strong>Basilius</strong></span> <span class='ocrx_word' id='word_1_10' title='bbox 1733 446 1933 515; x_wconf 73' lang='lat' dir='ltr'><strong>lingua:</strong></span> <span class='ocrx_word' id='word_1_11' title='bbox 1962 447 2046 518; x_wconf 83' lang='lat' dir='ltr'><strong>ip-</strong></span> 
     </span>
    </p>
   </div>
   <div class='ocr_carea' id='block_1_5' title="bbox 2154 437 3749 528">
    <p class='ocr_par' dir='ltr' id='par_1_5' title="bbox 2154 449 3749 528">
     <span class='ocr_line' id='line_1_5' title="bbox 2154 449 3749 528; baseline 0.005 -25"><span class='ocrx_word' id='word_1_12' title='bbox 2154 449 2248 521; x_wconf 81' lang='grc' dir='ltr'>τὴν</span> <span class='ocrx_word' id='word_1_13' title='bbox 2277 452 2441 521; x_wconf 80' lang='grc' dir='ltr'>φύσιν</span> <span class='ocrx_word' id='word_1_14' title='bbox 2462 496 2480 521; x_wconf 83' lang='grc'><strong>,</strong></span> <span class='ocrx_word' id='word_1_15' title='bbox 2510 456 2539 509; x_wconf 84' lang='grc' dir='ltr'><strong>ὁ</strong></span> <span class='ocrx_word' id='word_1_16' title='bbox 2569 454 2713 520; x_wconf 86' lang='grc' dir='ltr'>θεῖος</span> <span class='ocrx_word' id='word_1_17' title='bbox 2748 453 3031 519; x_wconf 77' lang='grc' dir='ltr'>Βασίλειός</span> <span class='ocrx_word' id='word_1_18' title='bbox 3066 471 3236 526; x_wconf 80' lang='grc' dir='ltr'>φησιν</span> <span class='ocrx_word' id='word_1_19' title='bbox 3255 495 3271 520; x_wconf 92' lang='grc'><strong>,</strong></span> <span class='ocrx_word' id='word_1_20' title='bbox 3297 456 3447 518; x_wconf 83' lang='grc' dir='ltr'>ὅπως</span> <span class='ocrx_word' id='word_1_21' title='bbox 3473 454 3659 528; x_wconf 74' lang='grc' dir='ltr'>ἁπαλὴ</span> <span class='ocrx_word' id='word_1_22' title='bbox 3686 475 3749 511; x_wconf 76' lang='grc' dir='ltr'><strong>τε</strong></span> 
     </span>
    </p>
   </div>
   <div class='ocr_carea' id='block_1_6' title="bbox 473 534 2096 609">
    <p class='ocr_par' dir='ltr' id='par_1_6' title="bbox 473 534 2096 609">
     <span class='ocr_line' id='line_1_6' title="bbox 473 534 2096 609; baseline 0.001 -17"><span class='ocrx_word' id='word_1_23' title='bbox 473 536 590 592; x_wconf 87' lang='lat' dir='ltr'><strong>sius</strong></span> <span class='ocrx_word' id='word_1_24' title='bbox 617 544 868 590; x_wconf 87' lang='lat' dir='ltr'><strong>naturam</strong></span> <span class='ocrx_word' id='word_1_25' title='bbox 902 535 1304 590; x_wconf 89' lang='lat' dir='ltr'><strong>animadvertit.</strong></span> <span class='ocrx_word' id='word_1_26' title='bbox 1356 534 1423 591; x_wconf 82' lang='lat' dir='ltr'><strong>Et</strong></span> <span class='ocrx_word' id='word_1_27' title='bbox 1449 550 1687 607; x_wconf 88' lang='lat' dir='ltr'><strong>quonam</strong></span> <span class='ocrx_word' id='word_1_28' title='bbox 1725 547 1887 607; x_wconf 82' lang='lat' dir='ltr'><strong>pacto</strong></span> <span class='ocrx_word' id='word_1_29' title='bbox 1933 539 2049 609; x_wconf 75' lang='lat' dir='ltr'><strong>ipsa</strong></span> <span class='ocrx_word' id='word_1_30' title='bbox 2090 586 2096 593; x_wconf 87' lang='lat'><strong>.</strong></span> 
     </span>
    </p>
   </div>
   <div class='ocr_carea' id='block_1_7' title="bbox 473 627 2046 697">
    <p class='ocr_par' dir='ltr' id='par_1_7' title="bbox 473 627 2046 697">
     <span class='ocr_line' id='line_1_7' title="bbox 473 627 2046 697; baseline 0.001 -14"><span class='ocrx_word' id='word_1_31' title='bbox 473 629 700 684; x_wconf 90' lang='lat' dir='ltr'><strong>mollitie</strong></span> <span class='ocrx_word' id='word_1_32' title='bbox 731 630 802 684; x_wconf 90' lang='lat' dir='ltr'><strong>sit</strong></span> <span class='ocrx_word' id='word_1_33' title='bbox 834 629 1078 697; x_wconf 75' lang='lat' dir='ltr'><strong>prredita,</strong></span> <span class='ocrx_word' id='word_1_34' title='bbox 1122 627 1193 682; x_wconf 90' lang='lat' dir='ltr'><strong>ad</strong></span> <span class='ocrx_word' id='word_1_35' title='bbox 1227 628 1508 697; x_wconf 82' lang='lat' dir='ltr'><strong>ﬂexusque</strong></span> <span class='ocrx_word' id='word_1_36' title='bbox 1539 628 1716 686; x_wconf 81' lang='lat' dir='ltr'><strong>facilis</strong></span> <span class='ocrx_word' id='word_1_37' title='bbox 1758 630 2046 696; x_wconf 74' lang='lat' dir='ltr'><strong>habeatur,</strong></span> 
     </span>
    </p>
   </div>
   <div class='ocr_carea' id='block_1_8' title="bbox 473 720 2052 790">
    <p class='ocr_par' dir='ltr' id='par_1_8' title="bbox 473 720 2052 790">
     <span class='ocr_line' id='line_1_8' title="bbox 473 720 2052 790; baseline 0.003 -17"><span class='ocrx_word' id='word_1_38' title='bbox 473 736 692 790; x_wconf 83' lang='lat' dir='ltr'><strong>quoque</strong></span> <span class='ocrx_word' id='word_1_39' title='bbox 726 721 889 775; x_wconf 84' lang='lat' dir='ltr'><strong>modo</strong></span> <span class='ocrx_word' id='word_1_40' title='bbox 915 720 1081 776; x_wconf 88' lang='lat' dir='ltr'><strong>variis</strong></span> <span class='ocrx_word' id='word_1_41' title='bbox 1111 721 1305 777; x_wconf 83' lang='lat' dir='ltr'><strong>usibus</strong></span> <span class='ocrx_word' id='word_1_42' title='bbox 1326 721 1551 776; x_wconf 76' lang='lat' dir='ltr'><strong>cuilibet</strong></span> <span class='ocrx_word' id='word_1_43' title='bbox 1601 721 1837 777; x_wconf 78' lang='lat' dir='ltr'><strong>orationi</strong></span> <span class='ocrx_word' id='word_1_44' title='bbox 1896 722 2052 779; x_wconf 82' lang='lat' dir='ltr'><strong>suffi-</strong></span> 
     </span>
    </p>
   </div>
   <div class='ocr_carea' id='block_1_9' title="bbox 473 810 2047 884">
    <p class='ocr_par' dir='ltr' id='par_1_9' title="bbox 473 810 2047 884">
     <span class='ocr_line' id='line_1_9' title="bbox 473 810 2047 884; baseline 0.004 -21"><span class='ocrx_word' id='word_1_45' title='bbox 473 813 603 876; x_wconf 77' lang='lat' dir='ltr'><strong>t-iat,</strong></span> <span class='ocrx_word' id='word_1_46' title='bbox 642 810 732 865; x_wconf 88' lang='lat' dir='ltr'><strong>ille</strong></span> <span class='ocrx_word' id='word_1_47' title='bbox 772 811 1186 868; x_wconf 85' lang='lat' dir='ltr'><strong>accuratissime</strong></span> <span class='ocrx_word' id='word_1_48' title='bbox 1216 812 1593 883; x_wconf 79' lang='lat' dir='ltr'><strong>deprehendit.</strong></span> <span class='ocrx_word' id='word_1_49' title='bbox 1620 812 1750 884; x_wconf 78' lang='lat' dir='ltr'><strong>ipsa</strong></span> <span class='ocrx_word' id='word_1_50' title='bbox 1776 814 2047 884; x_wconf 83' lang='lat' dir='ltr'><strong>siquidem</strong></span> 
     </span>
    </p>
   </div>
   <div class='ocr_carea' id='block_1_10' title="bbox 471 904 2048 976">
    <p class='ocr_par' dir='ltr' id='par_1_10' title="bbox 471 904 2048 976">
     <span class='ocr_line' id='line_1_10' title="bbox 471 904 2048 976; baseline 0.004 -20"><span class='ocrx_word' id='word_1_51' title='bbox 471 904 681 973; x_wconf 85' lang='lat' dir='ltr'><strong>lingua,</strong></span> <span class='ocrx_word' id='word_1_52' title='bbox 731 913 845 957; x_wconf 91' lang='lat' dir='ltr'><strong>tum</strong></span> <span class='ocrx_word' id='word_1_53' title='bbox 896 905 1109 975; x_wconf 66' lang='lat' dir='ltr'><strong>amplae,</strong></span> <span class='ocrx_word' id='word_1_54' title='bbox 1158 913 1275 960; x_wconf 89' lang='lat' dir='ltr'><strong>tum</strong></span> <span class='ocrx_word' id='word_1_55' title='bbox 1331 913 1578 976; x_wconf 71' lang='lat' dir='ltr'><strong>angusta:</strong></span> <span class='ocrx_word' id='word_1_56' title='bbox 1636 906 2048 976; x_wconf 76' lang='lat' dir='ltr'><strong>magnitudinis,</strong></span> 
     </span>
    </p>
   </div>
   <div class='ocr_carea' id='block_1_11' title="bbox 472 995 2053 1067">
    <p class='ocr_par' dir='ltr' id='par_1_11' title="bbox 472 995 2053 1067">
     <span class='ocr_line' id='line_1_11' title="bbox 472 995 2053 1067; baseline 0.002 -16"><span class='ocrx_word' id='word_1_57' title='bbox 472 995 567 1051; x_wconf 89' lang='lat' dir='ltr'><strong>sed</strong></span> <span class='ocrx_word' id='word_1_58' title='bbox 596 1004 650 1050; x_wconf 90' lang='lat' dir='ltr'><strong>et</strong></span> <span class='ocrx_word' id='word_1_59' title='bbox 672 995 861 1050; x_wconf 70' lang='lat' dir='ltr'><strong>media:</strong></span> <span class='ocrx_word' id='word_1_60' title='bbox 881 1004 986 1063; x_wconf 89' lang='lat' dir='ltr'><strong>est;</strong></span> <span class='ocrx_word' id='word_1_61' title='bbox 1023 1012 1147 1053; x_wconf 85' lang='lat' dir='ltr'><strong>cum</strong></span> <span class='ocrx_word' id='word_1_62' title='bbox 1192 1012 1319 1052; x_wconf 85' lang='lat' dir='ltr'><strong>vero</strong></span> <span class='ocrx_word' id='word_1_63' title='bbox 1352 996 1601 1051; x_wconf 87' lang='lat' dir='ltr'><strong>latiorem</strong></span> <span class='ocrx_word' id='word_1_64' title='bbox 1628 997 1741 1052; x_wconf 83' lang='lat' dir='ltr'><strong>fieri</strong></span> <span class='ocrx_word' id='word_1_65' title='bbox 1773 1000 2053 1067; x_wconf 90' lang='lat' dir='ltr'><strong>acciderit,</strong></span> 
     </span>
    </p>
   </div>
   <div class='ocr_carea' id='block_1_12' title="bbox 470 1087 2054 1159">
    <p class='ocr_par' dir='ltr' id='par_1_12' title="bbox 470 1087 2054 1159">
     <span class='ocr_line' id='line_1_12' title="bbox 470 1087 2054 1159; baseline 0.004 -19"><span class='ocrx_word' id='word_1_66' title='bbox 470 1088 601 1141; x_wconf 87' lang='lat' dir='ltr'><strong>dum</strong></span> <span class='ocrx_word' id='word_1_67' title='bbox 639 1087 752 1142; x_wconf 88' lang='lat' dir='ltr'><strong>oris</strong></span> <span class='ocrx_word' id='word_1_68' title='bbox 812 1096 1051 1143; x_wconf 87' lang='lat' dir='ltr'><strong>meatum</strong></span> <span class='ocrx_word' id='word_1_69' title='bbox 1122 1089 1246 1159; x_wconf 88' lang='lat' dir='ltr'><strong>plus</strong></span> <span class='ocrx_word' id='word_1_70' title='bbox 1314 1090 1486 1145; x_wconf 89' lang='lat' dir='ltr'><strong>nimio</strong></span> <span class='ocrx_word' id='word_1_71' title='bbox 1535 1090 1800 1159; x_wconf 86' lang='lat' dir='ltr'><strong>repletum</strong></span> <span class='ocrx_word' id='word_1_72' title='bbox 1855 1091 2054 1157; x_wconf 83' lang='lat' dir='ltr'><strong>reddit,</strong></span> 
     </span>
    </p>
   </div>
   <div class='ocr_carea' id='block_1_13' title="bbox 472 1180 2053 1251">
    <p class='ocr_par' dir='ltr' id='par_1_13' title="bbox 472 1180 2053 1251">
     <span class='ocr_line' id='line_1_13' title="bbox 472 1180 2053 1251; baseline 0.003 -17"><span class='ocrx_word' id='word_1_73' title='bbox 472 1180 628 1234; x_wconf 81' lang='lat' dir='ltr'><strong>tardo</strong></span> <span class='ocrx_word' id='word_1_74' title='bbox 645 1181 993 1249; x_wconf 87' lang='lat' dir='ltr'><strong>cessantique</strong></span> <span class='ocrx_word' id='word_1_75' title='bbox 1015 1195 1288 1247; x_wconf 81' lang='lat' dir='ltr'><strong>sermone,</strong></span> <span class='ocrx_word' id='word_1_76' title='bbox 1306 1192 1468 1251; x_wconf 86' lang='lat' dir='ltr'><strong>atque</strong></span> <span class='ocrx_word' id='word_1_77' title='bbox 1489 1181 1836 1236; x_wconf 88' lang='lat' dir='ltr'><strong>inarticulato</strong></span> <span class='ocrx_word' id='word_1_78' title='bbox 1860 1182 2053 1239; x_wconf 87' lang='lat' dir='ltr'><strong>utitur.</strong></span> 
     </span>
    </p>
   </div>
   <div class='ocr_carea' id='block_1_14' title="bbox 2156 542 3755 620">
    <p class='ocr_par' dir='ltr' id='par_1_14' title="bbox 2156 542 3755 620">
     <span class='ocr_line' id='line_1_14' title="bbox 2156 542 3755 620; baseline 0.004 -24"><span class='ocrx_word' id='word_1_79' title='bbox 2156 543 2251 597; x_wconf 84' lang='grc' dir='ltr'>καὶ</span> <span class='ocrx_word' id='word_1_80' title='bbox 2277 542 2578 617; x_wconf 77' lang='grc' dir='ltr'>εύστροςρος</span> <span class='ocrx_word' id='word_1_81' title='bbox 2605 548 2674 613; x_wconf 70' lang='grc'><strong>’⁸,</strong></span> <span class='ocrx_word' id='word_1_82' title='bbox 2722 547 2816 601; x_wconf 82' lang='grc' dir='ltr'>καὶ</span> <span class='ocrx_word' id='word_1_83' title='bbox 2848 546 2984 617; x_wconf 79' lang='grc' dir='ltr'>πρὸς</span> <span class='ocrx_word' id='word_1_84' title='bbox 3015 549 3202 601; x_wconf 79' lang='grc' dir='ltr'>πᾶσαν</span> <span class='ocrx_word' id='word_1_85' title='bbox 3233 548 3425 618; x_wconf 76' lang='grc' dir='ltr'>χρείαν</span> <span class='ocrx_word' id='word_1_86' title='bbox 3458 548 3623 617; x_wconf 84' lang='grc' dir='ltr'>λόγου</span> <span class='ocrx_word' id='word_1_87' title='bbox 3669 550 3755 620; x_wconf 80' lang='grc' dir='ltr'>τῷ</span> 
     </span>
    </p>
   </div>
   <div class='ocr_carea' id='block_1_15' title="bbox 2157 638 3758 712">
    <p class='ocr_par' dir='ltr' id='par_1_15' title="bbox 2157 638 3758 712">
     <span class='ocr_line' id='line_1_15' title="bbox 2157 638 3758 712; baseline 0.004 -23"><span class='ocrx_word' id='word_1_88' title='bbox 2157 638 2390 709; x_wconf 82' lang='grc' dir='ltr'>ποικίλῳ</span> <span class='ocrx_word' id='word_1_89' title='bbox 2414 639 2517 710; x_wconf 81' lang='grc' dir='ltr'>τῆς</span> <span class='ocrx_word' id='word_1_90' title='bbox 2546 641 2821 712; x_wconf 76' lang='grc' dir='ltr'>κινήσεως</span> <span class='ocrx_word' id='word_1_91' title='bbox 2850 639 3192 711; x_wconf 79' lang='grc' dir='ltr'>ὲξαρκοῦσα.</span> <span class='ocrx_word' id='word_1_92' title='bbox 3229 642 3464 695; x_wconf 84' lang='grc' dir='ltr'>Ἔστιδέ</span> <span class='ocrx_word' id='word_1_93' title='bbox 3486 642 3584 697; x_wconf 80' lang='grc' dir='ltr'><strong>καί</strong></span> <span class='ocrx_word' id='word_1_94' title='bbox 3614 643 3758 697; x_wconf 82' lang='grc' dir='ltr'>πλα-</span> 
     </span>
    </p>
   </div>
   <div class='ocr_carea' id='block_1_16' title="bbox 2154 729 3757 805">
    <p class='ocr_par' dir='ltr' id='par_1_16' title="bbox 2154 729 3757 805">
     <span class='ocr_line' id='line_1_16' title="bbox 2154 729 3757 805; baseline 0.005 -24"><span class='ocrx_word' id='word_1_95' title='bbox 2154 730 2277 782; x_wconf 87' lang='grc' dir='ltr'>τεῖα</span> <span class='ocrx_word' id='word_1_96' title='bbox 2318 729 2413 782; x_wconf 83' lang='grc' dir='ltr'><strong>καί</strong></span> <span class='ocrx_word' id='word_1_97' title='bbox 2457 731 2620 803; x_wconf 79' lang='grc' dir='ltr'>στενὴ</span> <span class='ocrx_word' id='word_1_98' title='bbox 2672 732 2752 803; x_wconf 85' lang='grc' dir='ltr'>τῷ</span> <span class='ocrx_word' id='word_1_99' title='bbox 2806 732 3029 803; x_wconf 81' lang='grc' dir='ltr'>μεγέθει</span> <span class='ocrx_word' id='word_1_100' title='bbox 3081 734 3177 786; x_wconf 77' lang='grc' dir='ltr'>καὶ</span> <span class='ocrx_word' id='word_1_101' title='bbox 3224 732 3364 805; x_wconf 83' lang='grc' dir='ltr'>μέση</span> <span class='ocrx_word' id='word_1_102' title='bbox 3389 750 3403 763; x_wconf 83' lang='lat'><strong><em>°</em></strong></span> <span class='ocrx_word' id='word_1_103' title='bbox 3436 735 3535 787; x_wconf 75' lang='grc' dir='ltr'><strong>καὶ</strong></span> <span class='ocrx_word' id='word_1_104' title='bbox 3574 736 3610 805; x_wconf 73' lang='grc' dir='ltr'><strong>η</strong></span> <span class='ocrx_word' id='word_1_105' title='bbox 3649 735 3757 805; x_wconf 82' lang='grc' dir='ltr'>μὲν</span> 
     </span>
    </p>
   </div>
   <div class='ocr_carea' id='block_1_17' title="bbox 2155 821 3756 896">
    <p class='ocr_par' dir='ltr' id='par_1_17' title="bbox 2155 821 3756 896">
     <span class='ocr_line' id='line_1_17' title="bbox 2155 821 3756 896; baseline 0.004 -23"><span class='ocrx_word' id='word_1_106' title='bbox 2155 821 2389 875; x_wconf 85' lang='grc' dir='ltr'>πλατεῖα</span> <span class='ocrx_word' id='word_1_107' title='bbox 2414 821 2478 876; x_wconf 82' lang='grc' dir='ltr'>τὸ</span> <span class='ocrx_word' id='word_1_108' title='bbox 2498 823 2675 893; x_wconf 83' lang='grc' dir='ltr'>στόμα</span> <span class='ocrx_word' id='word_1_109' title='bbox 2703 824 3027 892; x_wconf 76' lang='grc' dir='ltr'>γεμίζουσα,</span> <span class='ocrx_word' id='word_1_110' title='bbox 3055 823 3233 895; x_wconf 82' lang='grc' dir='ltr'>ἀργὴν</span> <span class='ocrx_word' id='word_1_111' title='bbox 3262 824 3363 896; x_wconf 80' lang='grc' dir='ltr'>τὴν</span> <span class='ocrx_word' id='word_1_112' title='bbox 3394 825 3619 895; x_wconf 75' lang='grc' dir='ltr'><strong>ὁμιλίαν</strong></span> <span class='ocrx_word' id='word_1_113' title='bbox 3654 828 3756 879; x_wconf 72' lang='grc' dir='ltr'><strong>καὶ</strong></span> 
     </span>
    </p>
   </div>
   <div class='ocr_carea' id='block_1_18' title="bbox 2154 913 3757 989">
    <p class='ocr_par' dir='ltr' id='par_1_18' title="bbox 2154 913 3757 989">
     <span class='ocr_line' id='line_1_18' title="bbox 2154 913 3757 989; baseline 0.002 -22"><span class='ocrx_word' id='word_1_114' title='bbox 2154 913 2427 984; x_wconf 79' lang='grc' dir='ltr'>ἄναρθρον</span> <span class='ocrx_word' id='word_1_115' title='bbox 2460 917 2642 969; x_wconf 88' lang='grc' dir='ltr'>ποιεῖ·</span> <span class='ocrx_word' id='word_1_116' title='bbox 2677 917 2711 986; x_wconf 80' lang='grc' dir='ltr'><strong>η</strong></span> <span class='ocrx_word' id='word_1_117' title='bbox 2760 916 2817 969; x_wconf 84' lang='grc' dir='ltr'>δὲ</span> <span class='ocrx_word' id='word_1_118' title='bbox 2869 916 3030 988; x_wconf 82' lang='grc' dir='ltr'>στενὴ</span> <span class='ocrx_word' id='word_1_119' title='bbox 3070 918 3167 971; x_wconf 71' lang='grc' dir='ltr'>καὶ</span> <span class='ocrx_word' id='word_1_120' title='bbox 3203 917 3411 989; x_wconf 79' lang='grc' dir='ltr'>μικρὰ,</span> <span class='ocrx_word' id='word_1_121' title='bbox 3468 918 3757 989; x_wconf 82' lang='grc' dir='ltr'>ἐπερείδε-</span> 
     </span>
    </p>
   </div>
   <div class='ocr_carea' id='block_1_19' title="bbox 2157 1005 3753 1082">
    <p class='ocr_par' dir='ltr' id='par_1_19' title="bbox 2157 1005 3753 1082">
     <span class='ocr_line' id='line_1_19' title="bbox 2157 1005 3753 1082; baseline 0.003 -25"><span class='ocrx_word' id='word_1_122' title='bbox 2157 1005 2282 1058; x_wconf 93' lang='grc' dir='ltr'>σθαι</span> <span class='ocrx_word' id='word_1_123' title='bbox 2318 1006 2456 1077; x_wconf 82' lang='grc' dir='ltr'>πρὸς</span> <span class='ocrx_word' id='word_1_124' title='bbox 2496 1008 2625 1071; x_wconf 80' lang='grc' dir='ltr'>τοὺς</span> <span class='ocrx_word' id='word_1_125' title='bbox 2674 1008 2893 1072; x_wconf 81' lang='grc' dir='ltr'><strong>ὀδόντας</strong></span> <span class='ocrx_word' id='word_1_126' title='bbox 2930 1009 3005 1080; x_wconf 80' lang='grc' dir='ltr'><strong>μὴ</strong></span> <span class='ocrx_word' id='word_1_127' title='bbox 3053 1007 3338 1077; x_wconf 78' lang='grc' dir='ltr'><strong>σώζουσα,</strong></span> <span class='ocrx_word' id='word_1_128' title='bbox 3382 1010 3600 1082; x_wconf 82' lang='grc' dir='ltr'>φαύλην</span> <span class='ocrx_word' id='word_1_129' title='bbox 3647 1012 3753 1080; x_wconf 73' lang='grc' dir='ltr'>τὴν</span> 
     </span>
    </p>
   </div>
   <div class='ocr_carea' id='block_1_20' title="bbox 2155 1096 3753 1172">
    <p class='ocr_par' dir='ltr' id='par_1_20' title="bbox 2155 1096 3753 1172">
     <span class='ocr_line' id='line_1_20' title="bbox 2155 1096 3753 1172; baseline 0.005 -23"><span class='ocrx_word' id='word_1_130' title='bbox 2155 1096 2350 1151; x_wconf 86' lang='grc' dir='ltr'>λαλιὰν</span> <span class='ocrx_word' id='word_1_131' title='bbox 2395 1099 2724 1153; x_wconf 86' lang='grc' dir='ltr'>ἀποδίδωσιν</span> <span class='ocrx_word' id='word_1_132' title='bbox 2747 1116 2762 1130; x_wconf 82' lang='grc'><strong>’</strong></span> <span class='ocrx_word' id='word_1_133' title='bbox 2803 1102 2839 1171; x_wconf 78' lang='grc' dir='ltr'><strong>η</strong></span> <span class='ocrx_word' id='word_1_134' title='bbox 2882 1102 3021 1172; x_wconf 82' lang='grc' dir='ltr'>μέση</span> <span class='ocrx_word' id='word_1_135' title='bbox 3047 1100 3106 1155; x_wconf 85' lang='grc' dir='ltr'>δὲ</span> <span class='ocrx_word' id='word_1_136' title='bbox 3144 1102 3289 1155; x_wconf 84' lang='grc' dir='ltr'><strong>κατά</strong></span> <span class='ocrx_word' id='word_1_137' title='bbox 3331 1102 3589 1172; x_wconf 79' lang='grc' dir='ltr'>μέγεθος,</span> <span class='ocrx_word' id='word_1_138' title='bbox 3618 1103 3753 1157; x_wconf 81' lang='grc' dir='ltr'>τού-</span> 
     </span>
    </p>
   </div>
   <div class='ocr_carea' id='block_1_21' title="bbox 2156 1191 3612 1267">
    <p class='ocr_par' dir='ltr' id='par_1_21' title="bbox 2156 1191 3612 1267">
     <span class='ocr_line' id='line_1_21' title="bbox 2156 1191 3612 1267; baseline 0.006 -26"><span class='ocrx_word' id='word_1_139' title='bbox 2156 1206 2268 1243; x_wconf 88' lang='grc' dir='ltr'><strong>των</strong></span> <span class='ocrx_word' id='word_1_140' title='bbox 2296 1191 2643 1262; x_wconf 78' lang='grc' dir='ltr'>ἀπήλλακται</span> <span class='ocrx_word' id='word_1_141' title='bbox 2672 1192 2782 1247; x_wconf 88' lang='grc' dir='ltr'><strong>τῶν</strong></span> <span class='ocrx_word' id='word_1_142' title='bbox 2808 1193 3000 1247; x_wconf 85' lang='grc' dir='ltr'>παθῶν</span> <span class='ocrx_word' id='word_1_143' title='bbox 3021 1233 3037 1259; x_wconf 88' lang='grc'><strong>,</strong></span> <span class='ocrx_word' id='word_1_144' title='bbox 3066 1195 3163 1249; x_wconf 79' lang='grc' dir='ltr'>καὶ</span> <span class='ocrx_word' id='word_1_145' title='bbox 3186 1194 3301 1248; x_wconf 81' lang='grc' dir='ltr'>ἐστι</span> <span class='ocrx_word' id='word_1_146' title='bbox 3333 1195 3612 1267; x_wconf 80' lang='grc' dir='ltr'><strong>βελτίστη.</strong></span> 
     </span>
    </p>
   </div>
   <div class='ocr_carea' id='block_1_22' title="bbox 469 1272 3752 1356">
    <p class='ocr_par' dir='ltr' id='par_1_22' title="bbox 469 1272 3752 1356">
     <span class='ocr_line' id='line_1_22' title="bbox 469 1272 3752 1356; baseline 0.005 -30"><span class='ocrx_word' id='word_1_147' title='bbox 469 1272 659 1341; x_wconf 82' lang='lat' dir='ltr'><strong>Atqui,</strong></span> <span class='ocrx_word' id='word_1_148' title='bbox 721 1273 841 1341; x_wconf 87' lang='lat' dir='ltr'><strong>ejus</strong></span> <span class='ocrx_word' id='word_1_149' title='bbox 894 1272 1084 1326; x_wconf 80' lang='lat' dir='ltr'><strong>.forma</strong></span> <span class='ocrx_word' id='word_1_150' title='bbox 1141 1280 1373 1343; x_wconf 89' lang='lat' dir='ltr'><strong>angusta</strong></span> <span class='ocrx_word' id='word_1_151' title='bbox 1416 1272 1707 1341; x_wconf 88' lang='lat' dir='ltr'><strong>brevisque</strong></span> <span class='ocrx_word' id='word_1_152' title='bbox 1745 1273 2048 1342; x_wconf 75' lang='lat' dir='ltr'><strong>exsistens,</strong></span> <span class='ocrx_word' id='word_1_153' title='bbox 2088 1280 2236 1348; x_wconf 87' lang='lat' dir='ltr'><strong>quod</strong></span> <span class='ocrx_word' id='word_1_154' title='bbox 2266 1297 2376 1352; x_wconf 70' lang='lat' dir='ltr'><strong>pra:</strong></span> <span class='ocrx_word' id='word_1_155' title='bbox 2398 1284 2494 1339; x_wconf 82' lang='lat' dir='ltr'><strong>sui</strong></span> <span class='ocrx_word' id='word_1_156' title='bbox 2526 1285 2779 1356; x_wconf 76' lang='lat' dir='ltr'><strong>angustia</strong></span> <span class='ocrx_word' id='word_1_157' title='bbox 2820 1285 3193 1356; x_wconf 78' lang='lat' dir='ltr'><strong>brevitateque</strong></span> <span class='ocrx_word' id='word_1_158' title='bbox 3257 1300 3367 1341; x_wconf 88' lang='lat' dir='ltr'><strong>non</strong></span> <span class='ocrx_word' id='word_1_159' title='bbox 3428 1288 3568 1344; x_wconf 86' lang='lat' dir='ltr'><strong>satis</strong></span> <span class='ocrx_word' id='word_1_160' title='bbox 3595 1304 3752 1344; x_wconf 81' lang='lat' dir='ltr'><strong>com-</strong></span> 
     </span>
    </p>
   </div>
   <div class='ocr_carea' id='block_1_23' title="bbox 472 1364 3749 1453">
    <p class='ocr_par' dir='ltr' id='par_1_23' title="bbox 472 1364 3749 1453">
     <span class='ocr_line' id='line_1_23' title="bbox 472 1364 3749 1453; baseline 0.006 -33"><span class='ocrx_word' id='word_1_161' title='bbox 472 1367 632 1421; x_wconf 88' lang='lat' dir='ltr'><strong>mode</strong></span> <span class='ocrx_word' id='word_1_162' title='bbox 648 1365 901 1421; x_wconf 89' lang='lat' dir='ltr'><strong>dentibus</strong></span> <span class='ocrx_word' id='word_1_163' title='bbox 922 1364 1081 1419; x_wconf 88' lang='lat' dir='ltr'><strong>inniti</strong></span> <span class='ocrx_word' id='word_1_164' title='bbox 1109 1374 1294 1435; x_wconf 90' lang='lat' dir='ltr'><strong>queat,</strong></span> <span class='ocrx_word' id='word_1_165' title='bbox 1315 1365 1509 1419; x_wconf 89' lang='lat' dir='ltr'><strong>vitiato</strong></span> <span class='ocrx_word' id='word_1_166' title='bbox 1524 1365 1744 1435; x_wconf 83' lang='lat' dir='ltr'><strong>eloquio</strong></span> <span class='ocrx_word' id='word_1_167' title='bbox 1758 1367 2049 1424; x_wconf 89' lang='lat' dir='ltr'><strong>verborum</strong></span> <span class='ocrx_word' id='word_1_168' title='bbox 2090 1384 2249 1429; x_wconf 91' lang='lat' dir='ltr'><strong>usum</strong></span> <span class='ocrx_word' id='word_1_169' title='bbox 2282 1376 2482 1447; x_wconf 77' lang='lat' dir='ltr'><strong>explet.</strong></span> <span class='ocrx_word' id='word_1_170' title='bbox 2542 1375 2719 1433; x_wconf 80' lang='lat' dir='ltr'><strong>Media</strong></span> <span class='ocrx_word' id='word_1_171' title='bbox 2764 1388 2945 1435; x_wconf 89' lang='lat' dir='ltr'><strong>autem</strong></span> <span class='ocrx_word' id='word_1_172' title='bbox 2969 1379 3089 1449; x_wconf 83' lang='lat' dir='ltr'><strong>ejus</strong></span> <span class='ocrx_word' id='word_1_173' title='bbox 3111 1379 3310 1446; x_wconf 84' lang='lat' dir='ltr'><strong>forma,</strong></span> <span class='ocrx_word' id='word_1_174' title='bbox 3337 1382 3586 1437; x_wconf 81' lang='lat' dir='ltr'><strong>omnium</strong></span> <span class='ocrx_word' id='word_1_175' title='bbox 3607 1399 3749 1453; x_wconf 81' lang='lat' dir='ltr'><strong>quas</strong></span> 
     </span>
    </p>
   </div>
   <div class='ocr_carea' id='block_1_24' title="bbox 471 1459 2205 1531">
    <p class='ocr_par' dir='ltr' id='par_1_24' title="bbox 471 1459 2205 1531">
     <span class='ocr_line' id='line_1_24' title="bbox 471 1459 2205 1531; baseline 0.003 -16"><span class='ocrx_word' id='word_1_176' title='bbox 471 1459 1158 1530; x_wconf 77' lang='lat' dir='ltr'><strong>adduximuspassionum,</strong></span> <span class='ocrx_word' id='word_1_177' title='bbox 1203 1474 1398 1529; x_wconf 77' lang='lat' dir='ltr'><strong>expers</strong></span> <span class='ocrx_word' id='word_1_178' title='bbox 1453 1467 1539 1515; x_wconf 90' lang='lat' dir='ltr'><strong>est</strong></span> <span class='ocrx_word' id='word_1_179' title='bbox 1588 1459 1907 1531; x_wconf 82' lang='lat' dir='ltr'><strong>dptimaque</strong></span> <span class='ocrx_word' id='word_1_180' title='bbox 1952 1461 2205 1520; x_wconf 89' lang='lat' dir='ltr'><strong>habetur.</strong></span> 
     </span>
    </p>
   </div>
   <div class='ocr_carea' id='block_1_25' title="bbox 538 1552 2056 1623">
    <p class='ocr_par' dir='ltr' id='par_1_25' title="bbox 538 1552 2056 1623">
     <span class='ocr_line' id='line_1_25' title="bbox 538 1552 2056 1623; baseline 0 -15"><span class='ocrx_word' id='word_1_181' title='bbox 538 1552 756 1609; x_wconf 83' lang='lat' dir='ltr'><strong>Partem</strong></span> <span class='ocrx_word' id='word_1_182' title='bbox 793 1563 977 1608; x_wconf 86' lang='lat' dir='ltr'><strong>autem</strong></span> <span class='ocrx_word' id='word_1_183' title='bbox 1016 1552 1138 1623; x_wconf 84' lang='lat' dir='ltr'><strong>ejus</strong></span> <span class='ocrx_word' id='word_1_184' title='bbox 1178 1567 1303 1621; x_wconf 66' lang='lat' dir='ltr'><strong>quae</strong></span> <span class='ocrx_word' id='word_1_185' title='bbox 1355 1567 1521 1622; x_wconf 88' lang='lat' dir='ltr'><strong>supra</strong></span> <span class='ocrx_word' id='word_1_186' title='bbox 1545 1552 1905 1623; x_wconf 82' lang='lat' dir='ltr'><strong>est,ligulatn</strong></span> <span class='ocrx_word' id='word_1_187' title='bbox 1968 1554 2056 1608; x_wconf 79' lang='lat' dir='ltr'><strong>di-</strong></span> 
     </span>
    </p>
   </div>
   <div class='ocr_carea' id='block_1_26' title="bbox 474 1643 2053 1715">
    <p class='ocr_par' dir='ltr' id='par_1_26' title="bbox 474 1643 2053 1715">
     <span class='ocr_line' id='line_1_26' title="bbox 474 1643 2053 1715; baseline -0.002 -11"><span class='ocrx_word' id='word_1_188' title='bbox 474 1649 671 1710; x_wconf 87' lang='lat' dir='ltr'><strong>cimus,</strong></span> <span class='ocrx_word' id='word_1_189' title='bbox 703 1644 790 1702; x_wconf 90' lang='lat' dir='ltr'><strong>cui</strong></span> <span class='ocrx_word' id='word_1_190' title='bbox 816 1645 953 1700; x_wconf 90' lang='lat' dir='ltr'><strong>illud</strong></span> <span class='ocrx_word' id='word_1_191' title='bbox 987 1644 1137 1715; x_wconf 89' lang='lat' dir='ltr'><strong>quod</strong></span> <span class='ocrx_word' id='word_1_192' title='bbox 1158 1643 1285 1713; x_wconf 89' lang='lat' dir='ltr'><strong>gula</strong></span> <span class='ocrx_word' id='word_1_193' title='bbox 1310 1651 1660 1714; x_wconf 83' lang='lat' dir='ltr'><strong>nuncupatur</strong></span> <span class='ocrx_word' id='word_1_194' title='bbox 1694 1645 1953 1700; x_wconf 60' lang='lat' dir='ltr'><strong>adhaeret.</strong></span> <span class='ocrx_word' id='word_1_195' title='bbox 1984 1644 2053 1701; x_wconf 85' lang='lat' dir='ltr'><strong>Et</strong></span> 
     </span>
    </p>
   </div>
   <div class='ocr_carea' id='block_1_27' title="bbox 2236 1559 3745 1641">
    <p class='ocr_par' dir='ltr' id='par_1_27' title="bbox 2236 1559 3745 1641">
     <span class='ocr_line' id='line_1_27' title="bbox 2236 1559 3745 1641; baseline 0.008 -29"><span class='ocrx_word' id='word_1_196' title='bbox 2236 1559 2303 1613; x_wconf 86' lang='lat' dir='ltr'><strong>&#39;H</strong></span> <span class='ocrx_word' id='word_1_197' title='bbox 2330 1559 2389 1613; x_wconf 86' lang='grc' dir='ltr'><strong>δέ</strong></span> <span class='ocrx_word' id='word_1_198' title='bbox 2412 1560 2767 1629; x_wconf 72' lang='grc' dir='ltr'><strong>ἐπιγλωττὶς</strong></span> <span class='ocrx_word' id='word_1_199' title='bbox 2789 1559 2995 1633; x_wconf 78' lang='grc' dir='ltr'><strong>ταύτης</strong></span> <span class='ocrx_word' id='word_1_200' title='bbox 3027 1564 3193 1636; x_wconf 79' lang='grc' dir='ltr'>μέρος</span> <span class='ocrx_word' id='word_1_201' title='bbox 3217 1568 3339 1621; x_wconf 84' lang='grc' dir='ltr'><strong>ἐστί</strong></span> <span class='ocrx_word' id='word_1_202' title='bbox 3371 1568 3434 1622; x_wconf 79' lang='grc' dir='ltr'>τὸ</span> <span class='ocrx_word' id='word_1_203' title='bbox 3461 1567 3745 1641; x_wconf 53' lang='grc' dir='ltr'>ὕπερθεν</span> 
     </span>
    </p>
   </div>
   <div class='ocr_carea' id='block_1_28' title="bbox 2155 1649 3748 1734">
    <p class='ocr_par' dir='ltr' id='par_1_28' title="bbox 2155 1649 3748 1734">
     <span class='ocr_line' id='line_1_28' title="bbox 2155 1649 3748 1734; baseline 0.009 -31"><span class='ocrx_word' id='word_1_204' title='bbox 2155 1649 2271 1721; x_wconf 76' lang='grc' dir='ltr'>ἔχει</span> <span class='ocrx_word' id='word_1_205' title='bbox 2314 1651 2374 1705; x_wconf 86' lang='grc' dir='ltr'><strong>δέ</strong></span> <span class='ocrx_word' id='word_1_206' title='bbox 2407 1652 2549 1723; x_wconf 76' lang='grc' dir='ltr'>αὕτη</span> <span class='ocrx_word' id='word_1_207' title='bbox 2588 1656 3024 1724; x_wconf 82' lang='grc' dir='ltr'><strong>προσπεφυκότα</strong></span> <span class='ocrx_word' id='word_1_208' title='bbox 3056 1657 3148 1712; x_wconf 79' lang='grc' dir='ltr'>τὸν</span> <span class='ocrx_word' id='word_1_209' title='bbox 3192 1659 3529 1734; x_wconf 73' lang='grc' dir='ltr'>καλούμενον</span> <span class='ocrx_word' id='word_1_210' title='bbox 3575 1665 3748 1718; x_wconf 72' lang='lat' dir='ltr'><strong>olca-</strong></span> 
     </span>
    </p>
   </div>
   <div class='ocr_carea' id='block_1_29' title="bbox 474 1735 2051 1835">
    <p class='ocr_par' dir='ltr' id='par_1_29' title="bbox 474 1735 2051 1798">
     <span class='ocr_line' id='line_1_29' title="bbox 474 1735 2051 1798; baseline -0.004 0"><span class='ocrx_word' id='word_1_211' title='bbox 474 1758 599 1798; x_wconf 87' lang='lat' dir='ltr'><strong>cum</strong></span> <span class='ocrx_word' id='word_1_212' title='bbox 625 1739 881 1795; x_wconf 86' lang='lat' dir='ltr'><strong>dentibus</strong></span> <span class='ocrx_word' id='word_1_213' title='bbox 894 1738 1142 1794; x_wconf 82' lang='lat' dir='ltr'><strong>molitum</strong></span> <span class='ocrx_word' id='word_1_214' title='bbox 1164 1737 1478 1793; x_wconf 78' lang='lat' dir='ltr'><strong>alimentum</strong></span> <span class='ocrx_word' id='word_1_215' title='bbox 1490 1735 1562 1791; x_wconf 91' lang='lat' dir='ltr'><strong>ad</strong></span> <span class='ocrx_word' id='word_1_216' title='bbox 1576 1736 1847 1792; x_wconf 70' lang='lat' dir='ltr'><strong>interiora</strong></span> <span class='ocrx_word' id='word_1_217' title='bbox 1865 1738 2051 1793; x_wconf 88' lang='lat' dir='ltr'><strong>demit-</strong></span> 
     </span>
    </p>
   </div>
   <div class='ocr_carea' id='block_1_30' title="bbox 2154 1735 3748 1835">
    <p class='ocr_par' dir='ltr' id='par_1_30' title="bbox 2154 1742 3748 1827">
     <span class='ocr_line' id='line_1_30' title="bbox 2154 1742 3748 1827; baseline 0.009 -32"><span class='ocrx_word' id='word_1_218' title='bbox 2154 1742 2352 1814; x_wconf 74' lang='grc' dir='ltr'><em>φάγον</em></span> <span class='ocrx_word' id='word_1_219' title='bbox 2370 1746 2437 1799; x_wconf 79' lang='grc'><strong>³⁸.</strong></span> <span class='ocrx_word' id='word_1_220' title='bbox 2472 1747 2586 1800; x_wconf 75' lang='grc' dir='ltr'><strong>Καὶ</strong></span> <span class='ocrx_word' id='word_1_221' title='bbox 2606 1746 2739 1801; x_wconf 81' lang='grc' dir='ltr'>ὅταν</span> <span class='ocrx_word' id='word_1_222' title='bbox 2759 1746 2846 1800; x_wconf 86' lang='grc' dir='ltr'><strong>δια</strong></span> <span class='ocrx_word' id='word_1_223' title='bbox 2856 1750 3239 1821; x_wconf 82' lang='grc' dir='ltr'>μασησάμενοι</span> <span class='ocrx_word' id='word_1_224' title='bbox 3261 1754 3308 1785; x_wconf 77' lang='grc'><strong>’⁵</strong></span> <span class='ocrx_word' id='word_1_225' title='bbox 3334 1754 3428 1808; x_wconf 81' lang='grc' dir='ltr'><strong>καί</strong></span> <span class='ocrx_word' id='word_1_226' title='bbox 3453 1754 3748 1827; x_wconf 79' lang='grc' dir='ltr'>καταλειή-</span> 
     </span>
    </p>
   </div>
   <div class='ocr_carea' id='block_1_31' title="bbox 474 1827 2055 1900">
    <p class='ocr_par' dir='ltr' id='par_1_31' title="bbox 474 1827 2055 1900">
     <span class='ocr_line' id='line_1_31' title="bbox 474 1827 2055 1900; baseline -0.002 -13"><span class='ocrx_word' id='word_1_227' title='bbox 474 1835 664 1895; x_wconf 90' lang='lat' dir='ltr'><strong>timus,</strong></span> <span class='ocrx_word' id='word_1_228' title='bbox 714 1830 951 1897; x_wconf 87' lang='lat' dir='ltr'><strong>arteria,</strong></span> <span class='ocrx_word' id='word_1_229' title='bbox 1001 1843 1174 1900; x_wconf 87' lang='lat' dir='ltr'><strong>quoa</strong></span> <span class='ocrx_word' id='word_1_230' title='bbox 1226 1827 1394 1899; x_wconf 90' lang='lat' dir='ltr'><strong>ligula</strong></span> <span class='ocrx_word' id='word_1_231' title='bbox 1440 1828 1673 1896; x_wconf 87' lang='lat' dir='ltr'><strong>velatur,</strong></span> <span class='ocrx_word' id='word_1_232' title='bbox 1722 1844 1753 1883; x_wconf 92' lang='lat' dir='ltr'><strong>a</strong></span> <span class='ocrx_word' id='word_1_233' title='bbox 1793 1844 1909 1885; x_wconf 67' lang='lat' dir='ltr'><strong>sua:</strong></span> <span class='ocrx_word' id='word_1_234' title='bbox 1963 1843 2055 1884; x_wconf 90' lang='lat' dir='ltr'><strong>ac-</strong></span> 
     </span>
    </p>
   </div>
   <div class='ocr_carea' id='block_1_32' title="bbox 472 1920 2053 1993">
    <p class='ocr_par' dir='ltr' id='par_1_32' title="bbox 472 1920 2053 1993">
     <span class='ocr_line' id='line_1_32' title="bbox 472 1920 2053 1993; baseline 0 -15"><span class='ocrx_word' id='word_1_235' title='bbox 472 1924 641 1979; x_wconf 90' lang='lat' dir='ltr'><strong>tionis</strong></span> <span class='ocrx_word' id='word_1_236' title='bbox 691 1920 867 1978; x_wconf 76' lang='lat' dir='ltr'><strong>omeio</strong></span> <span class='ocrx_word' id='word_1_237' title='bbox 918 1928 1139 1986; x_wconf 89' lang='lat' dir='ltr'><strong>cessat;</strong></span> <span class='ocrx_word' id='word_1_238' title='bbox 1178 1935 1300 1990; x_wconf 62' lang='lat' dir='ltr'><strong>quae</strong></span> <span class='ocrx_word' id='word_1_239' title='bbox 1346 1936 1473 1975; x_wconf 86' lang='lat' dir='ltr'><strong>cum</strong></span> <span class='ocrx_word' id='word_1_240' title='bbox 1520 1921 1605 1976; x_wconf 49' lang='lat' dir='ltr'><strong>.ab</strong></span> <span class='ocrx_word' id='word_1_241' title='bbox 1648 1936 1715 1976; x_wconf 92' lang='lat' dir='ltr'><strong>eo</strong></span> <span class='ocrx_word' id='word_1_242' title='bbox 1761 1921 1856 1993; x_wconf 90' lang='lat' dir='ltr'><strong>qui</strong></span> <span class='ocrx_word' id='word_1_243' title='bbox 1906 1922 2053 1978; x_wconf 88' lang='lat' dir='ltr'><strong>intus</strong></span> 
     </span>
    </p>
   </div>
   <div class='ocr_carea' id='block_1_33' title="bbox 470 2014 2051 2087">
    <p class='ocr_par' dir='ltr' id='par_1_33' title="bbox 470 2014 2051 2087">
     <span class='ocr_line' id='line_1_33' title="bbox 470 2014 2051 2087; baseline -0.004 -14"><span class='ocrx_word' id='word_1_244' title='bbox 470 2026 559 2073; x_wconf 88' lang='lat' dir='ltr'><strong>est</strong></span> <span class='ocrx_word' id='word_1_245' title='bbox 601 2017 794 2087; x_wconf 88' lang='lat' dir='ltr'><strong>spiritu</strong></span> <span class='ocrx_word' id='word_1_246' title='bbox 839 2014 922 2070; x_wconf 88' lang='lat' dir='ltr'><strong>sic</strong></span> <span class='ocrx_word' id='word_1_247' title='bbox 962 2014 1234 2070; x_wconf 88' lang='lat' dir='ltr'><strong>exsistens</strong></span> <span class='ocrx_word' id='word_1_248' title='bbox 1262 2014 1468 2068; x_wconf 88' lang='lat' dir='ltr'><strong>moveri</strong></span> <span class='ocrx_word' id='word_1_249' title='bbox 1504 2021 1759 2083; x_wconf 85' lang='lat' dir='ltr'><strong>nequeat,</strong></span> <span class='ocrx_word' id='word_1_250' title='bbox 1817 2022 1933 2069; x_wconf 87' lang='lat' dir='ltr'><strong>tum</strong></span> <span class='ocrx_word' id='word_1_251' title='bbox 1967 2014 2051 2083; x_wconf 84' lang='lat' dir='ltr'><strong>ip-</strong></span> 
     </span>
    </p>
   </div>
   <div class='ocr_carea' id='block_1_34' title="bbox 473 2104 2047 2177">
    <p class='ocr_par' dir='ltr' id='par_1_34' title="bbox 473 2104 2047 2177">
     <span class='ocr_line' id='line_1_34' title="bbox 473 2104 2047 2177; baseline -0.004 -13"><span class='ocrx_word' id='word_1_252' title='bbox 473 2124 614 2176; x_wconf 82' lang='lat' dir='ltr'><strong>sam,</strong></span> <span class='ocrx_word' id='word_1_253' title='bbox 661 2120 775 2163; x_wconf 91' lang='lat' dir='ltr'><strong>tum</strong></span> <span class='ocrx_word' id='word_1_254' title='bbox 825 2106 1139 2177; x_wconf 90' lang='lat' dir='ltr'><strong>pulmonem</strong></span> <span class='ocrx_word' id='word_1_255' title='bbox 1185 2104 1438 2175; x_wconf 83' lang='lat' dir='ltr'><strong>protinus</strong></span> <span class='ocrx_word' id='word_1_256' title='bbox 1471 2106 1776 2161; x_wconf 89' lang='lat' dir='ltr'><strong>consistere</strong></span> <span class='ocrx_word' id='word_1_257' title='bbox 1824 2104 2047 2170; x_wconf 86' lang='lat' dir='ltr'><strong>accidit,</strong></span> 
     </span>
    </p>
   </div>
   <div class='ocr_carea' id='block_1_35' title="bbox 471 2190 2054 2269">
    <p class='ocr_par' dir='ltr' id='par_1_35' title="bbox 471 2190 2054 2269">
     <span class='ocr_line' id='line_1_35' title="bbox 471 2190 2054 2269; baseline -0.005 -16"><span class='ocrx_word' id='word_1_258' title='bbox 471 2197 734 2269; x_wconf 84' lang='lat' dir='ltr'><strong>quoniam</strong></span> <span class='ocrx_word' id='word_1_259' title='bbox 760 2210 885 2250; x_wconf 89' lang='lat' dir='ltr'><strong>cum</strong></span> <span class='ocrx_word' id='word_1_260' title='bbox 916 2194 1035 2265; x_wconf 86' lang='lat' dir='ltr'><strong>ipsa</strong></span> <span class='ocrx_word' id='word_1_261' title='bbox 1070 2192 1324 2263; x_wconf 87' lang='lat' dir='ltr'><strong>spiritum</strong></span> <span class='ocrx_word' id='word_1_262' title='bbox 1361 2190 1493 2256; x_wconf 89' lang='lat' dir='ltr'><strong>edit,</strong></span> <span class='ocrx_word' id='word_1_263' title='bbox 1525 2191 1689 2246; x_wconf 90' lang='lat' dir='ltr'><strong>etiam</strong></span> <span class='ocrx_word' id='word_1_264' title='bbox 1722 2191 1898 2261; x_wconf 91' lang='lat' dir='ltr'><strong>ipsius</strong></span> <span class='ocrx_word' id='word_1_265' title='bbox 1926 2205 2054 2245; x_wconf 85' lang='lat' dir='ltr'><strong>sne-</strong></span> 
     </span>
    </p>
   </div>
   <div class='ocr_carea' id='block_1_36' title="bbox 470 2279 2052 2355">
    <p class='ocr_par' dir='ltr' id='par_1_36' title="bbox 470 2279 2052 2355">
     <span class='ocr_line' id='line_1_36' title="bbox 470 2279 2052 2355; baseline -0.008 -11"><span class='ocrx_word' id='word_1_266' title='bbox 470 2287 651 2344; x_wconf 87' lang='lat' dir='ltr'><strong>cessio</strong></span> <span class='ocrx_word' id='word_1_267' title='bbox 690 2284 759 2340; x_wconf 92' lang='lat' dir='ltr'><strong>ad</strong></span> <span class='ocrx_word' id='word_1_268' title='bbox 794 2298 927 2338; x_wconf 89' lang='lat' dir='ltr'><strong>cava</strong></span> <span class='ocrx_word' id='word_1_269' title='bbox 971 2281 1247 2353; x_wconf 89' lang='lat' dir='ltr'><strong>pulmonis</strong></span> <span class='ocrx_word' id='word_1_270' title='bbox 1285 2280 1479 2355; x_wconf 86' lang='lat' dir='ltr'><strong>fertur.</strong></span> <span class='ocrx_word' id='word_1_271' title='bbox 1514 2279 1837 2335; x_wconf 86' lang='lat' dir='ltr'><strong>Pulmonetn</strong></span> <span class='ocrx_word' id='word_1_272' title='bbox 1868 2288 2052 2334; x_wconf 88' lang='lat' dir='ltr'><strong>autem</strong></span> 
     </span>
    </p>
   </div>
   <div class='ocr_carea' id='block_1_37' title="bbox 477 2370 2048 2450">
    <p class='ocr_par' dir='ltr' id='par_1_37' title="bbox 477 2370 2048 2450">
     <span class='ocr_line' id='line_1_37' title="bbox 477 2370 2048 2450; baseline -0.006 -16"><span class='ocrx_word' id='word_1_273' title='bbox 477 2380 659 2450; x_wconf 88' lang='lat' dir='ltr'><strong>ipsum</strong></span> <span class='ocrx_word' id='word_1_274' title='bbox 694 2376 807 2447; x_wconf 75' lang='grc'><strong>78</strong></span> <span class='ocrx_word' id='word_1_275' title='bbox 835 2374 1158 2429; x_wconf 90' lang='lat' dir='ltr'><strong>discrimina</strong></span> <span class='ocrx_word' id='word_1_276' title='bbox 1190 2370 1547 2443; x_wconf 85' lang='lat' dir='ltr'><strong>cartilaginea</strong></span> <span class='ocrx_word' id='word_1_277' title='bbox 1606 2370 1808 2425; x_wconf 88' lang='lat' dir='ltr'><strong>habere</strong></span> <span class='ocrx_word' id='word_1_278' title='bbox 1833 2379 2048 2425; x_wconf 90' lang='lat' dir='ltr'><strong>certum</strong></span> 
     </span>
    </p>
   </div>
   <div class='ocr_carea' id='block_1_38' title="bbox 472 2462 2053 2539">
    <p class='ocr_par' dir='ltr' id='par_1_38' title="bbox 472 2462 2053 2539">
     <span class='ocr_line' id='line_1_38' title="bbox 472 2462 2053 2539; baseline -0.006 -14"><span class='ocrx_word' id='word_1_279' title='bbox 472 2478 579 2535; x_wconf 91' lang='lat' dir='ltr'><strong>est,</strong></span> <span class='ocrx_word' id='word_1_280' title='bbox 629 2484 752 2539; x_wconf 63' lang='lat' dir='ltr'><strong>quae</strong></span> <span class='ocrx_word' id='word_1_281' title='bbox 811 2465 1134 2523; x_wconf 76' lang='lat' dir='ltr'><strong>contractim</strong></span> <span class='ocrx_word' id='word_1_282' title='bbox 1176 2464 1231 2518; x_wconf 92' lang='lat' dir='ltr'><strong>in</strong></span> <span class='ocrx_word' id='word_1_283' title='bbox 1272 2472 1497 2518; x_wconf 91' lang='lat' dir='ltr'><strong>acutum</strong></span> <span class='ocrx_word' id='word_1_284' title='bbox 1527 2462 1779 2529; x_wconf 90' lang='lat' dir='ltr'><strong>tendunt;</strong></span> <span class='ocrx_word' id='word_1_285' title='bbox 1809 2477 1905 2533; x_wconf 88' lang='lat' dir='ltr'><strong>per</strong></span> <span class='ocrx_word' id='word_1_286' title='bbox 1935 2462 2053 2517; x_wconf 61' lang='lat' dir='ltr'><strong>haec</strong></span> 
     </span>
    </p>
   </div>
   <div class='ocr_carea' id='block_1_39' title="bbox 472 2554 2050 2631">
    <p class='ocr_par' dir='ltr' id='par_1_39' title="bbox 472 2554 2050 2631">
     <span class='ocr_line' id='line_1_39' title="bbox 472 2554 2050 2631; baseline -0.008 -12"><span class='ocrx_word' id='word_1_287' title='bbox 472 2562 617 2619; x_wconf 89' lang='lat' dir='ltr'><strong>enim</strong></span> <span class='ocrx_word' id='word_1_288' title='bbox 644 2559 871 2631; x_wconf 84' lang='lat' dir='ltr'><strong>spiritus</strong></span> <span class='ocrx_word' id='word_1_289' title='bbox 914 2558 971 2613; x_wconf 89' lang='lat' dir='ltr'><strong>in</strong></span> <span class='ocrx_word' id='word_1_290' title='bbox 1002 2561 1123 2627; x_wconf 85' lang='lat' dir='ltr'><strong>ejus</strong></span> <span class='ocrx_word' id='word_1_291' title='bbox 1161 2555 1434 2611; x_wconf 87' lang='lat' dir='ltr'><strong>foramina</strong></span> <span class='ocrx_word' id='word_1_292' title='bbox 1460 2562 1730 2626; x_wconf 88' lang='lat' dir='ltr'><strong>penetrat,</strong></span> <span class='ocrx_word' id='word_1_293' title='bbox 1767 2554 1895 2611; x_wconf 90' lang='lat' dir='ltr'><strong>inde</strong></span> <span class='ocrx_word' id='word_1_294' title='bbox 1918 2571 2050 2611; x_wconf 75' lang='lat' dir='ltr'><strong>vero</strong></span> 
     </span>
    </p>
   </div>
   <div class='ocr_carea' id='block_1_40' title="bbox 473 2644 2050 2712">
    <p class='ocr_par' dir='ltr' id='par_1_40' title="bbox 473 2644 2050 2712">
     <span class='ocr_line' id='line_1_40' title="bbox 473 2644 2050 2712; baseline -0.006 -2"><span class='ocrx_word' id='word_1_295' title='bbox 473 2655 540 2710; x_wconf 87' lang='lat' dir='ltr'><strong>ad</strong></span> <span class='ocrx_word' id='word_1_296' title='bbox 568 2651 752 2710; x_wconf 90' lang='lat' dir='ltr'><strong>cordis</strong></span> <span class='ocrx_word' id='word_1_297' title='bbox 785 2649 977 2705; x_wconf 89' lang='lat' dir='ltr'><strong>intima</strong></span> <span class='ocrx_word' id='word_1_298' title='bbox 1009 2648 1297 2704; x_wconf 84' lang='lat' dir='ltr'><strong>revertitur</strong></span> <span class='ocrx_word' id='word_1_299' title='bbox 1331 2647 1531 2702; x_wconf 89' lang='lat' dir='ltr'><strong>denuo.</strong></span> <span class='ocrx_word' id='word_1_300' title='bbox 1564 2644 1723 2712; x_wconf 87' lang='lat' dir='ltr'><strong>Nam,</strong></span> <span class='ocrx_word' id='word_1_301' title='bbox 1752 2661 1878 2702; x_wconf 92' lang='lat' dir='ltr'><strong>cum</strong></span> <span class='ocrx_word' id='word_1_302' title='bbox 1902 2655 2050 2702; x_wconf 86' lang='lat' dir='ltr'><strong>arte-</strong></span> 
     </span>
    </p>
   </div>
   <div class='ocr_carea' id='block_1_41' title="bbox 473 2738 2045 2816">
    <p class='ocr_par' dir='ltr' id='par_1_41' title="bbox 473 2738 2045 2816">
     <span class='ocr_line' id='line_1_41' title="bbox 473 2738 2045 2816; baseline -0.006 -15"><span class='ocrx_word' id='word_1_303' title='bbox 473 2747 633 2813; x_wconf 88' lang='lat' dir='ltr'><strong>riam,</strong></span> <span class='ocrx_word' id='word_1_304' title='bbox 641 2744 867 2816; x_wconf 89' lang='lat' dir='ltr'><strong>pulsum</strong></span> <span class='ocrx_word' id='word_1_305' title='bbox 897 2742 1165 2807; x_wconf 86' lang='lat' dir='ltr'><strong>videlicet,</strong></span> <span class='ocrx_word' id='word_1_306' title='bbox 1212 2750 1282 2795; x_wconf 78' lang='lat' dir='ltr'><strong>ut</strong></span> <span class='ocrx_word' id='word_1_307' title='bbox 1308 2739 1515 2795; x_wconf 91' lang='lat' dir='ltr'><strong>dictum</strong></span> <span class='ocrx_word' id='word_1_308' title='bbox 1548 2747 1653 2804; x_wconf 91' lang='lat' dir='ltr'><strong>est,</strong></span> <span class='ocrx_word' id='word_1_309' title='bbox 1684 2738 1850 2810; x_wconf 87' lang='lat' dir='ltr'><strong>ligula</strong></span> <span class='ocrx_word' id='word_1_310' title='bbox 1882 2740 2045 2805; x_wconf 83' lang='lat' dir='ltr'><strong>velet,</strong></span> 
     </span>
    </p>
   </div>
   <div class='ocr_carea' id='block_1_42' title="bbox 472 2831 2054 2892">
    <p class='ocr_par' dir='ltr' id='par_1_42' title="bbox 472 2831 2054 2892">
     <span class='ocr_line' id='line_1_42' title="bbox 472 2831 2054 2892; baseline -0.004 -1"><span class='ocrx_word' id='word_1_311' title='bbox 472 2838 792 2892; x_wconf 88' lang='lat' dir='ltr'><strong>alimentum</strong></span> <span class='ocrx_word' id='word_1_312' title='bbox 814 2834 894 2889; x_wconf 84' lang='lat' dir='ltr'><strong>.ab</strong></span> <span class='ocrx_word' id='word_1_313' title='bbox 925 2848 1020 2888; x_wconf 92' lang='lat' dir='ltr'><strong>ore</strong></span> <span class='ocrx_word' id='word_1_314' title='bbox 1052 2832 1119 2887; x_wconf 91' lang='lat' dir='ltr'><strong>ad</strong></span> <span class='ocrx_word' id='word_1_315' title='bbox 1162 2831 1527 2887; x_wconf 76' lang='lat' dir='ltr'><strong>stomachum</strong></span> <span class='ocrx_word' id='word_1_316' title='bbox 1580 2831 1906 2888; x_wconf 90' lang='lat' dir='ltr'><strong>demittitur.</strong></span> <span class='ocrx_word' id='word_1_317' title='bbox 1948 2831 2054 2885; x_wconf 83' lang='lat' dir='ltr'><strong>Ar-</strong></span> 
     </span>
    </p>
   </div>
   <div class='ocr_carea' id='block_1_43' title="bbox 474 2925 2053 2999">
    <p class='ocr_par' dir='ltr' id='par_1_43' title="bbox 474 2925 2053 2999">
     <span class='ocr_line' id='line_1_43' title="bbox 474 2925 2053 2999; baseline -0.003 -14"><span class='ocrx_word' id='word_1_318' title='bbox 474 2930 607 2985; x_wconf 86' lang='lat' dir='ltr'><strong>teria</strong></span> <span class='ocrx_word' id='word_1_319' title='bbox 654 2943 891 2999; x_wconf 88' lang='lat' dir='ltr'><strong>namque</strong></span> <span class='ocrx_word' id='word_1_320' title='bbox 950 2927 1089 2998; x_wconf 89' lang='lat' dir='ltr'><strong>ipsa,</strong></span> <span class='ocrx_word' id='word_1_321' title='bbox 1116 2934 1172 2981; x_wconf 91' lang='lat' dir='ltr'><strong>et</strong></span> <span class='ocrx_word' id='word_1_322' title='bbox 1223 2926 1412 2982; x_wconf 88' lang='lat' dir='ltr'><strong>alteria</strong></span> <span class='ocrx_word' id='word_1_323' title='bbox 1452 2925 1786 2997; x_wconf 78' lang='lat' dir='ltr'><strong>appellatur,</strong></span> <span class='ocrx_word' id='word_1_324' title='bbox 1815 2925 2053 2999; x_wconf 84' lang='grc' dir='ltr'>ἀρτηρία</span> 
     </span>
    </p>
   </div>
   <div class='ocr_carea' id='block_1_44' title="bbox 470 3014 2049 3092">
    <p class='ocr_par' dir='ltr' id='par_1_44' title="bbox 470 3014 2049 3092">
     <span class='ocr_line' id='line_1_44' title="bbox 470 3014 2049 3092; baseline -0.003 -17"><span class='ocrx_word' id='word_1_325' title='bbox 470 3019 692 3092; x_wconf 90' lang='lat' dir='ltr'><strong>quidem</strong></span> <span class='ocrx_word' id='word_1_326' title='bbox 717 3014 831 3073; x_wconf 78' lang='grc' dir='ltr'>οἷον</span> <span class='ocrx_word' id='word_1_327' title='bbox 881 3016 1199 3089; x_wconf 87' lang='grc' dir='ltr'>ἀεροτηρία,</span> <span class='ocrx_word' id='word_1_328' title='bbox 1235 3031 1358 3087; x_wconf 67' lang='grc' dir='ltr'><strong>ηοω</strong></span> <span class='ocrx_word' id='word_1_329' title='bbox 1395 3016 1554 3087; x_wconf 88' lang='lat' dir='ltr'><strong>quasi</strong></span> <span class='ocrx_word' id='word_1_330' title='bbox 1610 3032 1793 3072; x_wconf 90' lang='lat' dir='ltr'><strong>aerem</strong></span> <span class='ocrx_word' id='word_1_331' title='bbox 1847 3026 2049 3083; x_wconf 87' lang='lat' dir='ltr'><strong>servet,</strong></span> 
     </span>
    </p>
   </div>
   <div class='ocr_carea' id='block_1_45' title="bbox 2153 1839 3742 1918">
    <p class='ocr_par' dir='ltr' id='par_1_45' title="bbox 2153 1839 3742 1918">
     <span class='ocr_line' id='line_1_45' title="bbox 2153 1839 3742 1918; baseline 0.008 -27"><span class='ocrx_word' id='word_1_332' title='bbox 2153 1854 2345 1901; x_wconf 88' lang='grc' dir='ltr'>ναντες</span> <span class='ocrx_word' id='word_1_333' title='bbox 2373 1839 2418 1872; x_wconf 77' lang='grc'><strong>⁸⁷</strong></span> <span class='ocrx_word' id='word_1_334' title='bbox 2465 1839 2929 1913; x_wconf 81' lang='grc' dir='ltr'>παραπέμπωμεν</span> <span class='ocrx_word' id='word_1_335' title='bbox 2968 1842 3069 1913; x_wconf 73' lang='grc' dir='ltr'>τὴν</span> <span class='ocrx_word' id='word_1_336' title='bbox 3109 1844 3320 1918; x_wconf 79' lang='grc' dir='ltr'>τροφὴν</span> <span class='ocrx_word' id='word_1_337' title='bbox 3368 1847 3451 1911; x_wconf 89' lang='grc' dir='ltr'><strong>εἰς</strong></span> <span class='ocrx_word' id='word_1_338' title='bbox 3489 1847 3561 1901; x_wconf 81' lang='grc' dir='ltr'>τὰ</span> <span class='ocrx_word' id='word_1_339' title='bbox 3590 1849 3742 1915; x_wconf 72' lang='grc' dir='ltr'>ἔσω,</span> 
     </span>
    </p>
   </div>
   <div class='ocr_carea' id='block_1_46' title="bbox 2154 1931 3741 2009">
    <p class='ocr_par' dir='ltr' id='par_1_46' title="bbox 2154 1931 3741 2009">
     <span class='ocr_line' id='line_1_46' title="bbox 2154 1931 3741 2009; baseline 0.008 -27"><span class='ocrx_word' id='word_1_340' title='bbox 2154 1931 2567 2000; x_wconf 73' lang='grc' dir='ltr'>ἐπιπωματίζει</span> <span class='ocrx_word' id='word_1_341' title='bbox 2611 1933 2648 2003; x_wconf 71' lang='grc' dir='ltr'><strong>ἡ</strong></span> <span class='ocrx_word' id='word_1_342' title='bbox 2679 1933 3005 2003; x_wconf 75' lang='grc' dir='ltr'><strong>ἐπιγλωττὶς</strong></span> <span class='ocrx_word' id='word_1_343' title='bbox 3033 1935 3133 2006; x_wconf 83' lang='grc' dir='ltr'>τὴν</span> <span class='ocrx_word' id='word_1_344' title='bbox 3163 1938 3435 2009; x_wconf 79' lang='grc' dir='ltr'>ἀρτηρίαν</span> <span class='ocrx_word' id='word_1_345' title='bbox 3457 1977 3473 2003; x_wconf 90' lang='grc'><strong>,</strong></span> <span class='ocrx_word' id='word_1_346' title='bbox 3507 1940 3604 1993; x_wconf 77' lang='grc' dir='ltr'>καὶ</span> <span class='ocrx_word' id='word_1_347' title='bbox 3634 1958 3741 1994; x_wconf 83' lang='grc' dir='ltr'>κω-</span> 
     </span>
    </p>
   </div>
   <div class='ocr_carea' id='block_1_47' title="bbox 2156 2018 3745 2100">
    <p class='ocr_par' dir='ltr' id='par_1_47' title="bbox 2156 2018 3745 2100">
     <span class='ocr_line' id='line_1_47' title="bbox 2156 2018 3745 2100; baseline 0.008 -28"><span class='ocrx_word' id='word_1_348' title='bbox 2156 2019 2274 2073; x_wconf 83' lang='grc' dir='ltr'>λύει</span> <span class='ocrx_word' id='word_1_349' title='bbox 2304 2018 2489 2092; x_wconf 79' lang='grc' dir='ltr'>αύτὴν’</span> <span class='ocrx_word' id='word_1_350' title='bbox 2513 2023 2757 2094; x_wconf 75' lang='grc' dir='ltr'>ἐνεργεῖν</span> <span class='ocrx_word' id='word_1_351' title='bbox 2778 2038 2793 2054; x_wconf 80' lang='grc'><strong>⁸</strong></span> <span class='ocrx_word' id='word_1_352' title='bbox 2826 2024 2914 2093; x_wconf 84' lang='grc' dir='ltr'>ἐφ’</span> <span class='ocrx_word' id='word_1_353' title='bbox 2945 2020 3026 2089; x_wconf 75' lang='grc' dir='ltr'>οἷς</span> <span class='ocrx_word' id='word_1_354' title='bbox 3075 2026 3398 2097; x_wconf 80' lang='grc' dir='ltr'>συμϐαίνει,</span> <span class='ocrx_word' id='word_1_355' title='bbox 3448 2029 3526 2100; x_wconf 83' lang='grc' dir='ltr'><strong>μὴ</strong></span> <span class='ocrx_word' id='word_1_356' title='bbox 3558 2047 3745 2100; x_wconf 65' lang='grc' dir='ltr'>κενου·</span> 
     </span>
    </p>
   </div>
   <div class='ocr_carea' id='block_1_48' title="bbox 2158 2113 3737 2193">
    <p class='ocr_par' dir='ltr' id='par_1_48' title="bbox 2158 2113 3737 2193">
     <span class='ocr_line' id='line_1_48' title="bbox 2158 2113 3737 2193; baseline 0.009 -31"><span class='ocrx_word' id='word_1_357' title='bbox 2158 2113 2327 2184; x_wconf 77' lang='grc' dir='ltr'>μένης</span> <span class='ocrx_word' id='word_1_358' title='bbox 2384 2116 2484 2185; x_wconf 83' lang='grc' dir='ltr'>τῆς</span> <span class='ocrx_word' id='word_1_359' title='bbox 2538 2115 2811 2187; x_wconf 77' lang='grc' dir='ltr'>ἀρτηρίας</span> <span class='ocrx_word' id='word_1_360' title='bbox 2862 2117 2969 2171; x_wconf 84' lang='grc' dir='ltr'><strong>ὑπὸ</strong></span> <span class='ocrx_word' id='word_1_361' title='bbox 3016 2118 3111 2172; x_wconf 82' lang='grc' dir='ltr'>τοῦ</span> <span class='ocrx_word' id='word_1_362' title='bbox 3174 2120 3326 2184; x_wconf 81' lang='grc' dir='ltr'>ἐντὸς</span> <span class='ocrx_word' id='word_1_363' title='bbox 3383 2122 3737 2193; x_wconf 84' lang='grc' dir='ltr'>πνεύματος.</span> 
     </span>
    </p>
   </div>
   <div class='ocr_carea' id='block_1_49' title="bbox 2158 2207 3739 2284">
    <p class='ocr_par' dir='ltr' id='par_1_49' title="bbox 2158 2207 3739 2284">
     <span class='ocr_line' id='line_1_49' title="bbox 2158 2207 3739 2284; baseline 0.005 -23"><span class='ocrx_word' id='word_1_364' title='bbox 2158 2207 2412 2261; x_wconf 81' lang='grc' dir='ltr'><strong>ἵστασθαι</strong></span> <span class='ocrx_word' id='word_1_365' title='bbox 2443 2209 2537 2263; x_wconf 75' lang='grc' dir='ltr'><strong>καὶ</strong></span> <span class='ocrx_word' id='word_1_366' title='bbox 2582 2208 2675 2263; x_wconf 82' lang='grc' dir='ltr'>τὸν</span> <span class='ocrx_word' id='word_1_367' title='bbox 2720 2209 3003 2280; x_wconf 83' lang='grc' dir='ltr'>πνεύμονα</span> <span class='ocrx_word' id='word_1_368' title='bbox 3032 2213 3314 2284; x_wconf 87' lang='grc' dir='ltr'>παρευθύς</span> <span class='ocrx_word' id='word_1_369' title='bbox 3334 2230 3349 2244; x_wconf 89' lang='grc'><strong>·</strong></span> <span class='ocrx_word' id='word_1_370' title='bbox 3396 2216 3483 2269; x_wconf 87' lang='grc' dir='ltr'>ὃτι</span> <span class='ocrx_word' id='word_1_371' title='bbox 3516 2233 3739 2284; x_wconf 71' lang='grc' dir='ltr'>φυσσωο</span> 
     </span>
    </p>
   </div>
   <div class='ocr_carea' id='block_1_50' title="bbox 2157 2300 3742 2377">
    <p class='ocr_par' dir='ltr' id='par_1_50' title="bbox 2157 2300 3742 2377">
     <span class='ocr_line' id='line_1_50' title="bbox 2157 2300 3742 2377; baseline 0.006 -24"><span class='ocrx_word' id='word_1_372' title='bbox 2157 2300 2327 2372; x_wconf 82' lang='grc' dir='ltr'>μένης</span> <span class='ocrx_word' id='word_1_373' title='bbox 2354 2300 2451 2370; x_wconf 84' lang='grc' dir='ltr'>τῆς</span> <span class='ocrx_word' id='word_1_374' title='bbox 2486 2301 2754 2375; x_wconf 80' lang='grc' dir='ltr'>ἀρτηρίας</span> <span class='ocrx_word' id='word_1_375' title='bbox 2774 2304 2821 2336; x_wconf 74' lang='lat'>“</span> <span class='ocrx_word' id='word_1_376' title='bbox 2850 2303 3086 2368; x_wconf 78' lang='grc' dir='ltr'><strong>διάδοσις</strong></span> <span class='ocrx_word' id='word_1_377' title='bbox 3118 2306 3385 2374; x_wconf 86' lang='grc' dir='ltr'>γίνεται⁹⁹</span> <span class='ocrx_word' id='word_1_378' title='bbox 3416 2308 3742 2377; x_wconf 84' lang='grc' dir='ltr'>πνεύματος</span> 
     </span>
    </p>
   </div>
   <div class='ocr_carea' id='block_1_51' title="bbox 2154 2389 3745 2469">
    <p class='ocr_par' dir='ltr' id='par_1_51' title="bbox 2154 2389 3745 2469">
     <span class='ocr_line' id='line_1_51' title="bbox 2154 2389 3745 2469; baseline 0.007 -26"><span class='ocrx_word' id='word_1_379' title='bbox 2154 2391 2236 2454; x_wconf 87' lang='grc' dir='ltr'><strong>εἰς</strong></span> <span class='ocrx_word' id='word_1_380' title='bbox 2284 2389 2355 2445; x_wconf 87' lang='grc' dir='ltr'><strong>τά</strong></span> <span class='ocrx_word' id='word_1_381' title='bbox 2380 2392 2534 2446; x_wconf 89' lang='grc' dir='ltr'>κοῖλα</span> <span class='ocrx_word' id='word_1_382' title='bbox 2564 2393 2711 2463; x_wconf 83' lang='grc' dir='ltr'>μέρη</span> <span class='ocrx_word' id='word_1_383' title='bbox 2736 2392 2832 2446; x_wconf 84' lang='grc' dir='ltr'><strong>τοῦ</strong></span> <span class='ocrx_word' id='word_1_384' title='bbox 2876 2394 3205 2465; x_wconf 82' lang='grc' dir='ltr'>πνεύμονος.</span> <span class='ocrx_word' id='word_1_385' title='bbox 3234 2398 3387 2468; x_wconf 84' lang='grc' dir='ltr'>Ἔχει</span> <span class='ocrx_word' id='word_1_386' title='bbox 3433 2400 3545 2469; x_wconf 83' lang='grc' dir='ltr'>γὰρ</span> <span class='ocrx_word' id='word_1_387' title='bbox 3570 2401 3586 2431; x_wconf 76' lang='grc'><strong>⁸</strong></span> <span class='ocrx_word' id='word_1_388' title='bbox 3618 2401 3745 2454; x_wconf 84' lang='grc' dir='ltr'>δια-</span> 
     </span>
    </p>
   </div>
   <div class='ocr_carea' id='block_1_52' title="bbox 2154 2479 3746 2559">
    <p class='ocr_par' dir='ltr' id='par_1_52' title="bbox 2154 2479 3746 2559">
     <span class='ocr_line' id='line_1_52' title="bbox 2154 2479 3746 2559; baseline 0.006 -26"><span class='ocrx_word' id='word_1_389' title='bbox 2154 2479 2348 2551; x_wconf 80' lang='grc' dir='ltr'>φύσεις</span> <span class='ocrx_word' id='word_1_390' title='bbox 2379 2481 2705 2552; x_wconf 79' lang='grc' dir='ltr'>χονδρώδεις</span> <span class='ocrx_word' id='word_1_391' title='bbox 2736 2484 2764 2535; x_wconf 86' lang='grc' dir='ltr'>ὁ</span> <span class='ocrx_word' id='word_1_392' title='bbox 2793 2483 3055 2555; x_wconf 83' lang='grc' dir='ltr'>πνεύμων</span> <span class='ocrx_word' id='word_1_393' title='bbox 3079 2487 3159 2549; x_wconf 88' lang='grc' dir='ltr'><strong>εἰς</strong></span> <span class='ocrx_word' id='word_1_394' title='bbox 3188 2486 3278 2552; x_wconf 78' lang='grc' dir='ltr'><strong>ὀξὺ</strong></span> <span class='ocrx_word' id='word_1_395' title='bbox 3310 2488 3605 2559; x_wconf 85' lang='grc' dir='ltr'>διηκούσας</span> <span class='ocrx_word' id='word_1_396' title='bbox 3640 2493 3746 2545; x_wconf 68' lang='grc' dir='ltr'>καὶ</span> 
     </span>
    </p>
   </div>
   <div class='ocr_carea' id='block_1_53' title="bbox 2168 2569 3745 2650">
    <p class='ocr_par' dir='ltr' id='par_1_53' title="bbox 2168 2569 3745 2650">
     <span class='ocr_line' id='line_1_53' title="bbox 2168 2569 3745 2650; baseline 0.006 -23"><span class='ocrx_word' id='word_1_397' title='bbox 2168 2575 2517 2645; x_wconf 83' lang='grc' dir='ltr'>συνηγμένας</span> <span class='ocrx_word' id='word_1_398' title='bbox 2539 2592 2553 2607; x_wconf 78' lang='grc' dir='ltr'><strong><em>ο</em></strong></span> <span class='ocrx_word' id='word_1_399' title='bbox 2593 2576 2667 2629; x_wconf 81' lang='grc' dir='ltr'><strong>δι’</strong></span> <span class='ocrx_word' id='word_1_400' title='bbox 2702 2569 2779 2631; x_wconf 76' lang='grc' dir='ltr'><strong>ὧν</strong></span> <span class='ocrx_word' id='word_1_401' title='bbox 2808 2577 3008 2631; x_wconf 80' lang='grc' dir='ltr'><strong>εἴσεισι</strong></span> <span class='ocrx_word' id='word_1_402' title='bbox 3034 2579 3094 2631; x_wconf 81' lang='grc' dir='ltr'>τὸ</span> <span class='ocrx_word' id='word_1_403' title='bbox 3123 2578 3337 2650; x_wconf 77' lang='grc' dir='ltr'>πνεῦμα</span> <span class='ocrx_word' id='word_1_404' title='bbox 3364 2582 3442 2644; x_wconf 86' lang='grc' dir='ltr'><strong>εἰς</strong></span> <span class='ocrx_word' id='word_1_405' title='bbox 3461 2582 3560 2645; x_wconf 77' lang='grc' dir='ltr'>τὰς</span> <span class='ocrx_word' id='word_1_406' title='bbox 3588 2581 3745 2647; x_wconf 80' lang='grc' dir='ltr'>ὀπὰς</span> 
     </span>
    </p>
   </div>
   <div class='ocr_carea' id='block_1_54' title="bbox 2158 2664 3740 2745">
    <p class='ocr_par' dir='ltr' id='par_1_54' title="bbox 2158 2664 3740 2745">
     <span class='ocr_line' id='line_1_54' title="bbox 2158 2664 3740 2745; baseline 0.006 -26"><span class='ocrx_word' id='word_1_407' title='bbox 2158 2666 2368 2732; x_wconf 81' lang='grc' dir='ltr'>αὐτοῦ,</span> <span class='ocrx_word' id='word_1_408' title='bbox 2427 2665 2683 2721; x_wconf 84' lang='grc' dir='ltr'>κάκεῖθεν</span> <span class='ocrx_word' id='word_1_409' title='bbox 2730 2664 2890 2733; x_wconf 81' lang='grc' dir='ltr'>αὖθις</span> <span class='ocrx_word' id='word_1_410' title='bbox 2938 2670 3021 2733; x_wconf 88' lang='grc' dir='ltr'><strong>εἰς</strong></span> <span class='ocrx_word' id='word_1_411' title='bbox 3067 2670 3167 2741; x_wconf 79' lang='grc' dir='ltr'>τὴν</span> <span class='ocrx_word' id='word_1_412' title='bbox 3209 2671 3436 2742; x_wconf 82' lang='grc' dir='ltr'>καρδίαν</span> <span class='ocrx_word' id='word_1_413' title='bbox 3496 2673 3740 2745; x_wconf 88' lang='grc' dir='ltr'>ἐνίησιν.</span> 
     </span>
    </p>
   </div>
   <div class='ocr_carea' id='block_1_55' title="bbox 2165 2755 3743 2831">
    <p class='ocr_par' dir='ltr' id='par_1_55' title="bbox 2165 2755 3743 2831">
     <span class='ocr_line' id='line_1_55' title="bbox 2165 2755 3743 2831; baseline 0.004 -23"><span class='ocrx_word' id='word_1_414' title='bbox 2165 2755 2757 2827; x_wconf 74' lang='grc' dir='ltr'>Ἐπιτυωματιζομένης</span> <span class='ocrx_word' id='word_1_415' title='bbox 2787 2757 2844 2810; x_wconf 78' lang='grc' dir='ltr'>δὲ</span> <span class='ocrx_word' id='word_1_416' title='bbox 2872 2758 2971 2828; x_wconf 84' lang='grc' dir='ltr'>τῆς</span> <span class='ocrx_word' id='word_1_417' title='bbox 2999 2759 3266 2829; x_wconf 84' lang='grc' dir='ltr'>ἀρτηρίας</span> <span class='ocrx_word' id='word_1_418' title='bbox 3297 2759 3450 2830; x_wconf 77' lang='grc' dir='ltr'>παρὰ</span> <span class='ocrx_word' id='word_1_419' title='bbox 3479 2759 3585 2831; x_wconf 83' lang='grc' dir='ltr'>τῆς</span> <span class='ocrx_word' id='word_1_420' title='bbox 3613 2765 3743 2815; x_wconf 75' lang='grc' dir='ltr'>ἐπι-</span> 
     </span>
    </p>
   </div>
   <div class='ocr_carea' id='block_1_56' title="bbox 2155 2847 3745 2923">
    <p class='ocr_par' dir='ltr' id='par_1_56' title="bbox 2155 2847 3745 2923">
     <span class='ocr_line' id='line_1_56' title="bbox 2155 2847 3745 2923; baseline 0.002 -23"><span class='ocrx_word' id='word_1_421' title='bbox 2155 2847 2466 2916; x_wconf 84' lang='grc' dir='ltr'>γλωττίδος,</span> <span class='ocrx_word' id='word_1_422' title='bbox 2485 2848 2562 2911; x_wconf 86' lang='grc' dir='ltr'>ὠς</span> <span class='ocrx_word' id='word_1_423' title='bbox 2590 2847 2831 2919; x_wconf 77' lang='grc' dir='ltr'>εἴρηται,</span> <span class='ocrx_word' id='word_1_424' title='bbox 2860 2851 3346 2922; x_wconf 78' lang='grc' dir='ltr'>παραπέμπεταιή</span> <span class='ocrx_word' id='word_1_425' title='bbox 3370 2852 3546 2923; x_wconf 78' lang='grc' dir='ltr'>τροφὴ</span> <span class='ocrx_word' id='word_1_426' title='bbox 3572 2853 3632 2905; x_wconf 86' lang='grc' dir='ltr'><strong>ἐν</strong></span> <span class='ocrx_word' id='word_1_427' title='bbox 3661 2853 3745 2923; x_wconf 80' lang='grc' dir='ltr'>τῷ</span> 
     </span>
    </p>
   </div>
   <div class='ocr_carea' id='block_1_57' title="bbox 2155 2939 3744 3011">
    <p class='ocr_par' dir='ltr' id='par_1_57' title="bbox 2155 2939 3744 3011">
     <span class='ocr_line' id='line_1_57' title="bbox 2155 2939 3744 3011; baseline 0.003 -18"><span class='ocrx_word' id='word_1_428' title='bbox 2155 2940 2434 3011; x_wconf 84' lang='grc' dir='ltr'>στομάχῳ.</span> <span class='ocrx_word' id='word_1_429' title='bbox 2470 2939 2706 3008; x_wconf 82' lang='grc' dir='ltr'>Λέγεται</span> <span class='ocrx_word' id='word_1_430' title='bbox 2733 2940 2791 2994; x_wconf 77' lang='grc' dir='ltr'>δὲ</span> <span class='ocrx_word' id='word_1_431' title='bbox 2823 2942 3081 3009; x_wconf 73' lang='grc' dir='ltr'>ἀλτηρία</span> <span class='ocrx_word' id='word_1_432' title='bbox 3113 2943 3210 2996; x_wconf 82' lang='grc' dir='ltr'><strong>καί</strong></span> <span class='ocrx_word' id='word_1_433' title='bbox 3238 2943 3493 3011; x_wconf 79' lang='grc' dir='ltr'>ἀρτηρία</span> <span class='ocrx_word' id='word_1_434' title='bbox 3514 2947 3536 2975; x_wconf 77' lang='grc'><strong>⁸</strong></span> <span class='ocrx_word' id='word_1_435' title='bbox 3554 2960 3569 2973; x_wconf 73' lang='grc' dir='ltr'><strong>ο</strong></span> <span class='ocrx_word' id='word_1_436' title='bbox 3601 2946 3697 2998; x_wconf 74' lang='grc' dir='ltr'>καὶ</span> <span class='ocrx_word' id='word_1_437' title='bbox 3720 2948 3744 2978; x_wconf 87' lang='grc'><strong><em>³</em></strong></span> 
     </span>
    </p>
   </div>
   <div class='ocr_carea' id='block_1_58' title="bbox 2149 3026 3743 3109">
    <p class='ocr_par' dir='ltr' id='par_1_58' title="bbox 2149 3026 3743 3109">
     <span class='ocr_line' id='line_1_58' title="bbox 2149 3026 3743 3109; baseline 0.003 -24"><span class='ocrx_word' id='word_1_438' title='bbox 2149 3031 2403 3101; x_wconf 78' lang='grc' dir='ltr'>ἀρτηρία</span> <span class='ocrx_word' id='word_1_439' title='bbox 2444 3033 2563 3103; x_wconf 83' lang='grc' dir='ltr'>μὲν,</span> <span class='ocrx_word' id='word_1_440' title='bbox 2600 3026 2734 3098; x_wconf 85' lang='grc' dir='ltr'>οἷον,</span> <span class='ocrx_word' id='word_1_441' title='bbox 2780 3033 3081 3105; x_wconf 87' lang='grc' dir='ltr'>ἀεροτηρία</span> <span class='ocrx_word' id='word_1_442' title='bbox 3095 3034 3140 3100; x_wconf 75' lang='grc'>⁵,</span> <span class='ocrx_word' id='word_1_443' title='bbox 3184 3034 3294 3088; x_wconf 81' lang='grc' dir='ltr'><strong>ἀπὸ</strong></span> <span class='ocrx_word' id='word_1_444' title='bbox 3320 3034 3418 3088; x_wconf 80' lang='grc' dir='ltr'>τοῦ</span> <span class='ocrx_word' id='word_1_445' title='bbox 3456 3036 3743 3109; x_wconf 78' lang='grc' dir='ltr'>περιέχειν</span> 
     </span>
    </p>
   </div>
   <div class='ocr_carea' id='block_1_59' title="bbox 471 3106 2051 3197">
    <p class='ocr_par' dir='ltr' id='par_1_59' title="bbox 471 3106 2047 3183">
     <span class='ocr_line' id='line_1_59' title="bbox 471 3106 2047 3183; baseline -0.005 -14"><span class='ocrx_word' id='word_1_446' title='bbox 471 3110 1034 3183; x_wconf 84' lang='lat' dir='ltr'><strong>comprehendatque;</strong></span> <span class='ocrx_word' id='word_1_447' title='bbox 1082 3123 1209 3164; x_wconf 89' lang='lat' dir='ltr'><strong>nam</strong></span> <span class='ocrx_word' id='word_1_448' title='bbox 1256 3109 1485 3178; x_wconf 91' lang='lat' dir='ltr'><strong>spiritus</strong></span> <span class='ocrx_word' id='word_1_449' title='bbox 1515 3107 1585 3161; x_wconf 87' lang='lat' dir='ltr'><strong>ab</strong></span> <span class='ocrx_word' id='word_1_450' title='bbox 1632 3106 1751 3178; x_wconf 90' lang='lat' dir='ltr'><strong>ipsa</strong></span> <span class='ocrx_word' id='word_1_451' title='bbox 1801 3122 2047 3177; x_wconf 78' lang='lat' dir='ltr'><strong>compre-</strong></span> 
     </span>
    </p>
   </div>
   <div class='ocr_carea' id='block_1_60' title="bbox 2154 3106 3742 3197">
    <p class='ocr_par' dir='ltr' id='par_1_60' title="bbox 2154 3106 3742 3197">
     <span class='ocr_line' id='line_1_60' title="bbox 2154 3106 3742 3197; baseline 0.004 -20"><span class='ocrx_word' id='word_1_452' title='bbox 2154 3123 2253 3177; x_wconf 73' lang='grc' dir='ltr'>καὶ</span> <span class='ocrx_word' id='word_1_453' title='bbox 2283 3124 2474 3194; x_wconf 81' lang='grc' dir='ltr'>τηρεῖν</span> <span class='ocrx_word' id='word_1_454' title='bbox 2506 3122 2572 3197; x_wconf 54' lang='grc' dir='ltr'><strong>(τὸ</strong></span> <span class='ocrx_word' id='word_1_455' title='bbox 2604 3123 2859 3194; x_wconf 80' lang='grc' dir='ltr'>πνεῦμαο</span> <span class='ocrx_word' id='word_1_456' title='bbox 2887 3123 3144 3192; x_wconf 57' lang='lat' dir='ltr'><strong>ampla</strong></span> <span class='ocrx_word' id='word_1_457' title='bbox 3166 3124 3249 3191; x_wconf 81' lang='grc' dir='ltr'>δὲ,</span> <span class='ocrx_word' id='word_1_458' title='bbox 3288 3126 3440 3197; x_wconf 78' lang='grc' dir='ltr'><strong>παρά</strong></span> <span class='ocrx_word' id='word_1_459' title='bbox 3472 3106 3547 3183; x_wconf 26' lang='grc' dir='ltr'><strong>τὸν</strong></span> <span class='ocrx_word' id='word_1_460' title='bbox 3580 3127 3742 3183; x_wconf 68' lang='grc' dir='ltr'>ἅλλε-</span> 
     </span>
    </p>
   </div>
   <div class='ocr_carea' id='block_1_61' title="bbox 473 3199 2053 3270">
    <p class='ocr_par' dir='ltr' id='par_1_61' title="bbox 473 3199 2053 3270">
     <span class='ocr_line' id='line_1_61' title="bbox 473 3199 2053 3270; baseline -0.002 -12"><span class='ocrx_word' id='word_1_461' title='bbox 473 3204 730 3260; x_wconf 89' lang='lat' dir='ltr'><strong>henditur</strong></span> <span class='ocrx_word' id='word_1_462' title='bbox 752 3202 1196 3270; x_wconf 90' lang='lat' dir='ltr'><strong>contineturque.</strong></span> <span class='ocrx_word' id='word_1_463' title='bbox 1230 3200 1298 3254; x_wconf 81' lang='lat' dir='ltr'><strong>At</strong></span> <span class='ocrx_word' id='word_1_464' title='bbox 1328 3201 1445 3270; x_wconf 88' lang='lat' dir='ltr'><strong>ipsa</strong></span> <span class='ocrx_word' id='word_1_465' title='bbox 1474 3200 1603 3254; x_wconf 86' lang='lat' dir='ltr'><strong>item</strong></span> <span class='ocrx_word' id='word_1_466' title='bbox 1630 3200 1822 3255; x_wconf 84' lang='lat' dir='ltr'><strong>alteria</strong></span> <span class='ocrx_word' id='word_1_467' title='bbox 1848 3199 2053 3256; x_wconf 86' lang='lat' dir='ltr'><strong>dicitur</strong></span> 
     </span>
    </p>
   </div>
   <div class='ocr_carea' id='block_1_62' title="bbox 471 3288 2051 3366">
    <p class='ocr_par' dir='ltr' id='par_1_62' title="bbox 471 3288 2051 3366">
     <span class='ocr_line' id='line_1_62' title="bbox 471 3288 2051 3366; baseline 0 -18"><span class='ocrx_word' id='word_1_468' title='bbox 471 3294 623 3366; x_wconf 86' lang='grc' dir='ltr'><strong>παρά</strong></span> <span class='ocrx_word' id='word_1_469' title='bbox 650 3293 711 3346; x_wconf 80' lang='grc' dir='ltr'>τὸ</span> <span class='ocrx_word' id='word_1_470' title='bbox 741 3291 1017 3357; x_wconf 75' lang='grc' dir='ltr'>ἅλλεσθαι,</span> <span class='ocrx_word' id='word_1_471' title='bbox 1034 3306 1067 3346; x_wconf 91' lang='lat' dir='ltr'><strong>a</strong></span> <span class='ocrx_word' id='word_1_472' title='bbox 1085 3288 1352 3356; x_wconf 89' lang='lat' dir='ltr'><strong>saliendo,</strong></span> <span class='ocrx_word' id='word_1_473' title='bbox 1380 3288 1527 3361; x_wconf 91' lang='lat' dir='ltr'><strong>quod</strong></span> <span class='ocrx_word' id='word_1_474' title='bbox 1543 3298 1804 3362; x_wconf 89' lang='lat' dir='ltr'><strong>perpetuo</strong></span> <span class='ocrx_word' id='word_1_475' title='bbox 1828 3306 2051 3348; x_wconf 86' lang='lat' dir='ltr'><strong>movea-</strong></span> 
     </span>
    </p>
   </div>
   <div class='ocr_carea' id='block_1_63' title="bbox 474 3383 965 3456">
    <p class='ocr_par' dir='ltr' id='par_1_63' title="bbox 474 3383 965 3456">
     <span class='ocr_line' id='line_1_63' title="bbox 474 3383 965 3456; baseline -0.01 -14"><span class='ocrx_word' id='word_1_476' title='bbox 474 3399 563 3442; x_wconf 89' lang='lat' dir='ltr'><strong>tur</strong></span> <span class='ocrx_word' id='word_1_477' title='bbox 589 3393 754 3456; x_wconf 87' lang='lat' dir='ltr'><strong>atque</strong></span> <span class='ocrx_word' id='word_1_478' title='bbox 784 3383 965 3439; x_wconf 88' lang='lat' dir='ltr'><strong>saliat.</strong></span> 
     </span>
    </p>
   </div>
   <div class='ocr_carea' id='block_1_64' title="bbox 540 3472 2051 3549">
    <p class='ocr_par' dir='ltr' id='par_1_64' title="bbox 540 3472 2051 3549">
     <span class='ocr_line' id='line_1_64' title="bbox 540 3472 2051 3549; baseline -0.003 -14"><span class='ocrx_word' id='word_1_479' title='bbox 540 3478 708 3549; x_wconf 88' lang='lat' dir='ltr'><strong>Atqui</strong></span> <span class='ocrx_word' id='word_1_480' title='bbox 731 3477 917 3549; x_wconf 86' lang='lat' dir='ltr'><strong>lingua</strong></span> <span class='ocrx_word' id='word_1_481' title='bbox 953 3476 1070 3547; x_wconf 86' lang='lat' dir='ltr'><strong>ipsa</strong></span> <span class='ocrx_word' id='word_1_482' title='bbox 1116 3473 1187 3530; x_wconf 89' lang='lat' dir='ltr'><strong>ab</strong></span> <span class='ocrx_word' id='word_1_483' title='bbox 1237 3473 1371 3545; x_wconf 87' lang='lat' dir='ltr'><strong>ipsis</strong></span> <span class='ocrx_word' id='word_1_484' title='bbox 1402 3472 1624 3545; x_wconf 88' lang='grc' dir='ltr'>γλῶσσα</span> <span class='ocrx_word' id='word_1_485' title='bbox 1651 3473 1871 3543; x_wconf 88' lang='lat' dir='ltr'><strong>dicitur,</strong></span> <span class='ocrx_word' id='word_1_486' title='bbox 1897 3473 2051 3547; x_wconf 85' lang='grc' dir='ltr'><strong>παρά</strong></span> 
     </span>
    </p>
   </div>
   <div class='ocr_carea' id='block_1_65' title="bbox 471 3566 2049 3639">
    <p class='ocr_par' dir='ltr' id='par_1_65' title="bbox 471 3566 2049 3639">
     <span class='ocr_line' id='line_1_65' title="bbox 471 3566 2049 3639; baseline -0.006 -9"><span class='ocrx_word' id='word_1_487' title='bbox 471 3575 532 3630; x_wconf 82' lang='grc' dir='ltr'>τὸ</span> <span class='ocrx_word' id='word_1_488' title='bbox 590 3570 802 3638; x_wconf 79' lang='grc' dir='ltr'>κλώθω,</span> <span class='ocrx_word' id='word_1_489' title='bbox 854 3587 885 3625; x_wconf 92' lang='lat' dir='ltr'><strong>a</strong></span> <span class='ocrx_word' id='word_1_490' title='bbox 927 3568 1369 3639; x_wconf 88' lang='lat' dir='ltr'><strong>circumagendo,</strong></span> <span class='ocrx_word' id='word_1_491' title='bbox 1413 3566 1559 3639; x_wconf 90' lang='lat' dir='ltr'><strong>quod</strong></span> <span class='ocrx_word' id='word_1_492' title='bbox 1600 3567 1731 3624; x_wconf 90' lang='lat' dir='ltr'><strong>dum</strong></span> <span class='ocrx_word' id='word_1_493' title='bbox 1787 3566 1907 3639; x_wconf 88' lang='lat' dir='ltr'><strong>ipsa</strong></span> <span class='ocrx_word' id='word_1_494' title='bbox 1938 3567 2049 3622; x_wconf 88' lang='lat' dir='ltr'><strong>cir-</strong></span> 
     </span>
    </p>
   </div>
   <div class='ocr_carea' id='block_1_66' title="bbox 470 3655 2051 3734">
    <p class='ocr_par' dir='ltr' id='par_1_66' title="bbox 470 3655 2051 3734">
     <span class='ocr_line' id='line_1_66' title="bbox 470 3655 2051 3734; baseline -0.006 -12"><span class='ocrx_word' id='word_1_495' title='bbox 470 3664 810 3734; x_wconf 76' lang='lat' dir='ltr'><strong>cumagitur,</strong></span> <span class='ocrx_word' id='word_1_496' title='bbox 856 3660 1155 3716; x_wconf 69' lang='lat' dir='ltr'><strong>articulatm</strong></span> <span class='ocrx_word' id='word_1_497' title='bbox 1217 3658 1370 3715; x_wconf 75' lang='lat' dir='ltr'><strong>vocis</strong></span> <span class='ocrx_word' id='word_1_498' title='bbox 1418 3657 1738 3714; x_wconf 89' lang='lat' dir='ltr'><strong>constitutio</strong></span> <span class='ocrx_word' id='word_1_499' title='bbox 1778 3659 1891 3714; x_wconf 84' lang='lat' dir='ltr'><strong>fiat.</strong></span> <span class='ocrx_word' id='word_1_500' title='bbox 1944 3655 2051 3713; x_wconf 68' lang='grc' dir='ltr'><strong>νει</strong></span> 
     </span>
    </p>
   </div>
   <div class='ocr_carea' id='block_1_67' title="bbox 471 3748 2050 3827">
    <p class='ocr_par' dir='ltr' id='par_1_67' title="bbox 471 3748 2050 3827">
     <span class='ocr_line' id='line_1_67' title="bbox 471 3748 2050 3827; baseline -0.004 -12"><span class='ocrx_word' id='word_1_501' title='bbox 471 3759 543 3815; x_wconf 84' lang='lat' dir='ltr'><strong>ob</strong></span> <span class='ocrx_word' id='word_1_502' title='bbox 600 3758 653 3813; x_wconf 93' lang='lat' dir='ltr'><strong>id</strong></span> <span class='ocrx_word' id='word_1_503' title='bbox 710 3756 933 3827; x_wconf 82' lang='grc' dir='ltr'>γλῶσσα</span> <span class='ocrx_word' id='word_1_504' title='bbox 980 3748 1359 3819; x_wconf 70' lang='lat' dir='ltr'><strong>dicitur,oiov</strong></span> <span class='ocrx_word' id='word_1_505' title='bbox 1396 3751 1642 3823; x_wconf 75' lang='grc' dir='ltr'>,γνῶσσα,</span> <span class='ocrx_word' id='word_1_506' title='bbox 1700 3752 1847 3823; x_wconf 91' lang='lat' dir='ltr'><strong>quod</strong></span> <span class='ocrx_word' id='word_1_507' title='bbox 1894 3751 2050 3808; x_wconf 86' lang='lat' dir='ltr'><strong>vide-</strong></span> 
     </span>
    </p>
   </div>
   <div class='ocr_carea' id='block_1_68' title="bbox 471 3843 2049 3920">
    <p class='ocr_par' dir='ltr' id='par_1_68' title="bbox 471 3843 2049 3920">
     <span class='ocr_line' id='line_1_68' title="bbox 471 3843 2049 3920; baseline -0.004 -16"><span class='ocrx_word' id='word_1_508' title='bbox 471 3850 597 3906; x_wconf 86' lang='lat' dir='ltr'><strong>licet</strong></span> <span class='ocrx_word' id='word_1_509' title='bbox 643 3850 930 3920; x_wconf 76' lang='lat' dir='ltr'><strong>dignoscat</strong></span> <span class='ocrx_word' id='word_1_510' title='bbox 986 3844 1553 3916; x_wconf 84' lang='lat' dir='ltr'><strong>comprehendatque;</strong></span> <span class='ocrx_word' id='word_1_511' title='bbox 1604 3844 1724 3915; x_wconf 88' lang='lat' dir='ltr'><strong>ipsa</strong></span> <span class='ocrx_word' id='word_1_512' title='bbox 1773 3843 1946 3910; x_wconf 90' lang='lat' dir='ltr'><strong>enim,</strong></span> <span class='ocrx_word' id='word_1_513' title='bbox 1984 3850 2049 3898; x_wconf 92' lang='lat' dir='ltr'><strong>ut</strong></span> 
     </span>
    </p>
   </div>
   <div class='ocr_carea' id='block_1_69' title="bbox 472 3934 2049 4012">
    <p class='ocr_par' dir='ltr' id='par_1_69' title="bbox 472 3934 2049 4012">
     <span class='ocr_line' id='line_1_69' title="bbox 472 3934 2049 4012; baseline -0.005 -15"><span class='ocrx_word' id='word_1_514' title='bbox 472 3956 647 4012; x_wconf 89' lang='lat' dir='ltr'><strong>nuper</strong></span> <span class='ocrx_word' id='word_1_515' title='bbox 691 3937 1104 4010; x_wconf 71' lang='lat' dir='ltr'><strong>explicavimus,</strong></span> <span class='ocrx_word' id='word_1_516' title='bbox 1136 3935 1426 4007; x_wconf 83' lang='lat' dir='ltr'><strong>cujuslibet</strong></span> <span class='ocrx_word' id='word_1_517' title='bbox 1457 3936 1671 4006; x_wconf 85' lang='lat' dir='ltr'><strong>saporis</strong></span> <span class='ocrx_word' id='word_1_518' title='bbox 1708 3950 1881 4007; x_wconf 89' lang='lat' dir='ltr'><strong>genus</strong></span> <span class='ocrx_word' id='word_1_519' title='bbox 1905 3934 2049 4006; x_wconf 89' lang='lat' dir='ltr'><strong>quod</strong></span> 
     </span>
    </p>
   </div>
   <div class='ocr_carea' id='block_1_70' title="bbox 472 4025 2051 4104">
    <p class='ocr_par' dir='ltr' id='par_1_70' title="bbox 472 4025 2051 4104">
     <span class='ocr_line' id='line_1_70' title="bbox 472 4025 2051 4104; baseline -0.004 -17"><span class='ocrx_word' id='word_1_520' title='bbox 472 4035 593 4104; x_wconf 84' lang='lat' dir='ltr'><strong>ejus</strong></span> <span class='ocrx_word' id='word_1_521' title='bbox 647 4031 924 4102; x_wconf 78' lang='lat' dir='ltr'><strong>peculiare</strong></span> <span class='ocrx_word' id='word_1_522' title='bbox 951 4028 1182 4084; x_wconf 90' lang='lat' dir='ltr'><strong>habetur</strong></span> <span class='ocrx_word' id='word_1_523' title='bbox 1235 4026 1518 4083; x_wconf 90' lang='lat' dir='ltr'><strong>discernit.</strong></span> <span class='ocrx_word' id='word_1_524' title='bbox 1575 4025 1892 4089; x_wconf 87' lang='lat' dir='ltr'><strong>Enimvero,</strong></span> <span class='ocrx_word' id='word_1_525' title='bbox 1944 4027 2051 4082; x_wconf 88' lang='lat' dir='ltr'><strong>hoc</strong></span> 
     </span>
    </p>
   </div>
   <div class='ocr_carea' id='block_1_71' title="bbox 472 4115 2051 4188">
    <p class='ocr_par' dir='ltr' id='par_1_71' title="bbox 472 4115 2051 4188">
     <span class='ocr_line' id='line_1_71' title="bbox 472 4115 2051 4188; baseline -0.006 -8"><span class='ocrx_word' id='word_1_526' title='bbox 472 4123 780 4180; x_wconf 79' lang='lat' dir='ltr'><strong>scnsoriutu</strong></span> <span class='ocrx_word' id='word_1_527' title='bbox 812 4120 1043 4176; x_wconf 72' lang='lat' dir='ltr'><strong>a&#39;tribus</strong></span> <span class='ocrx_word' id='word_1_528' title='bbox 1064 4118 1200 4173; x_wconf 79' lang='lat' dir='ltr'><strong>aliis</strong></span> <span class='ocrx_word' id='word_1_529' title='bbox 1237 4117 1531 4186; x_wconf 86' lang='lat' dir='ltr'><strong>discrepat,</strong></span> <span class='ocrx_word' id='word_1_530' title='bbox 1561 4117 1614 4171; x_wconf 92' lang='lat' dir='ltr'><strong>in</strong></span> <span class='ocrx_word' id='word_1_531' title='bbox 1642 4132 1733 4182; x_wconf 81' lang='lat' dir='ltr'><strong>eo,</strong></span> <span class='ocrx_word' id='word_1_532' title='bbox 1784 4116 1931 4188; x_wconf 83' lang='lat' dir='ltr'><strong>quod</strong></span> <span class='ocrx_word' id='word_1_533' title='bbox 1967 4115 2051 4172; x_wconf 86' lang='lat' dir='ltr'><strong>vi-</strong></span> 
     </span>
    </p>
   </div>
   <div class='ocr_carea' id='block_1_72' title="bbox 473 4206 2048 4279">
    <p class='ocr_par' dir='ltr' id='par_1_72' title="bbox 473 4206 2048 4279">
     <span class='ocr_line' id='line_1_72' title="bbox 473 4206 2048 4279; baseline -0.004 -8"><span class='ocrx_word' id='word_1_534' title='bbox 473 4229 591 4276; x_wconf 86' lang='lat' dir='ltr'><strong>sus.</strong></span> <span class='ocrx_word' id='word_1_535' title='bbox 624 4212 858 4267; x_wconf 89' lang='lat' dir='ltr'><strong>olfactus</strong></span> <span class='ocrx_word' id='word_1_536' title='bbox 902 4211 1233 4279; x_wconf 84' lang='lat' dir='ltr'><strong>auditusque</strong></span> <span class='ocrx_word' id='word_1_537' title='bbox 1257 4209 1492 4274; x_wconf 90' lang='lat' dir='ltr'><strong>eminus,</strong></span> <span class='ocrx_word' id='word_1_538' title='bbox 1525 4223 1591 4264; x_wconf 85' lang='lat' dir='ltr'><strong>ac</strong></span> <span class='ocrx_word' id='word_1_539' title='bbox 1626 4208 1828 4279; x_wconf 89' lang='lat' dir='ltr'><strong>ubique</strong></span> <span class='ocrx_word' id='word_1_540' title='bbox 1871 4206 2048 4265; x_wconf 87' lang='lat' dir='ltr'><strong>sensi-</strong></span> 
     </span>
    </p>
   </div>
   <div class='ocr_carea' id='block_1_73' title="bbox 474 4300 2046 4372">
    <p class='ocr_par' dir='ltr' id='par_1_73' title="bbox 474 4300 2046 4372">
     <span class='ocr_line' id='line_1_73' title="bbox 474 4300 2046 4372; baseline -0.002 -13"><span class='ocrx_word' id='word_1_541' title='bbox 474 4304 624 4369; x_wconf 84' lang='lat' dir='ltr'><strong>bilia,</strong></span> <span class='ocrx_word' id='word_1_542' title='bbox 648 4317 771 4372; x_wconf 65' lang='lat' dir='ltr'><strong>quae</strong></span> <span class='ocrx_word' id='word_1_543' title='bbox 793 4301 991 4369; x_wconf 82' lang='lat' dir='ltr'><strong>cuique</strong></span> <span class='ocrx_word' id='word_1_544' title='bbox 1013 4301 1519 4365; x_wconf 85' lang='lat' dir='ltr'><strong>accommodantur,</strong></span> <span class='ocrx_word' id='word_1_545' title='bbox 1562 4300 2002 4355; x_wconf 87' lang='lat' dir='ltr'><strong>animadvertunt</strong></span> <span class='ocrx_word' id='word_1_546' title='bbox 2029 4316 2046 4356; x_wconf 89' lang='lat'><strong>:</strong></span> 
     </span>
    </p>
   </div>
   <div class='ocr_carea' id='block_1_74' title="bbox 470 4390 2051 4465">
    <p class='ocr_par' dir='ltr' id='par_1_74' title="bbox 470 4390 2051 4465">
     <span class='ocr_line' id='line_1_74' title="bbox 470 4390 2051 4465; baseline -0.004 -14"><span class='ocrx_word' id='word_1_547' title='bbox 470 4393 706 4465; x_wconf 83' lang='lat' dir='ltr'><strong>exempli</strong></span> <span class='ocrx_word' id='word_1_548' title='bbox 761 4392 955 4462; x_wconf 85' lang='lat' dir='ltr'><strong>gratia,</strong></span> <span class='ocrx_word' id='word_1_549' title='bbox 990 4392 1165 4453; x_wconf 90' lang='lat' dir='ltr'><strong>visus,</strong></span> <span class='ocrx_word' id='word_1_550' title='bbox 1205 4406 1327 4460; x_wconf 83' lang='lat' dir='ltr'><strong>quae</strong></span> <span class='ocrx_word' id='word_1_551' title='bbox 1368 4390 1661 4461; x_wconf 87' lang='lat' dir='ltr'><strong>plurimum</strong></span> <span class='ocrx_word' id='word_1_552' title='bbox 1694 4390 1899 4445; x_wconf 79' lang='lat' dir='ltr'><strong>distant</strong></span> <span class='ocrx_word' id='word_1_553' title='bbox 1924 4404 2051 4460; x_wconf 81' lang='lat' dir='ltr'><strong>pro-</strong></span> 
     </span>
    </p>
   </div>
   <div class='ocr_carea' id='block_1_75' title="bbox 2152 3212 3249 3287">
    <p class='ocr_par' dir='ltr' id='par_1_75' title="bbox 2152 3212 3249 3287">
     <span class='ocr_line' id='line_1_75' title="bbox 2152 3212 3249 3287; baseline 0.002 -19"><span class='ocrx_word' id='word_1_554' title='bbox 2152 3212 2280 3269; x_wconf 84' lang='grc' dir='ltr'>σθαι</span> <span class='ocrx_word' id='word_1_555' title='bbox 2304 3213 2328 3247; x_wconf 84' lang='grc'><strong><em>⁵</em></strong></span> <span class='ocrx_word' id='word_1_556' title='bbox 2352 3230 2367 3245; x_wconf 83' lang='grc'><strong>⁸</strong></span> <span class='ocrx_word' id='word_1_557' title='bbox 2398 3216 2432 3285; x_wconf 75' lang='grc' dir='ltr'><strong>ἡ</strong></span> <span class='ocrx_word' id='word_1_558' title='bbox 2463 3214 2550 3268; x_wconf 78' lang='grc' dir='ltr'>ἀεὶ</span> <span class='ocrx_word' id='word_1_559' title='bbox 2576 3214 2851 3287; x_wconf 70' lang='grc' dir='ltr'>ἁλλομένη</span> <span class='ocrx_word' id='word_1_560' title='bbox 2878 3216 2975 3270; x_wconf 66' lang='grc' dir='ltr'><strong>καί⁵</strong></span> <span class='ocrx_word' id='word_1_561' title='bbox 3002 3215 3249 3287; x_wconf 84' lang='grc' dir='ltr'>πηδῶσα.</span> 
     </span>
    </p>
   </div>
   <div class='ocr_carea' id='block_1_76' title="bbox 2222 3470 3742 3551">
    <p class='ocr_par' dir='ltr' id='par_1_76' title="bbox 2222 3470 3742 3551">
     <span class='ocr_line' id='line_1_76' title="bbox 2222 3470 3742 3551; baseline 0.007 -27"><span class='ocrx_word' id='word_1_562' title='bbox 2222 3470 2457 3540; x_wconf 74' lang='grc' dir='ltr'>Λέγεται</span> <span class='ocrx_word' id='word_1_563' title='bbox 2480 3470 2538 3526; x_wconf 84' lang='grc' dir='ltr'>δὲ</span> <span class='ocrx_word' id='word_1_564' title='bbox 2558 3471 2811 3543; x_wconf 73' lang='grc' dir='ltr'>γλῶσσα</span> <span class='ocrx_word' id='word_1_565' title='bbox 2826 3473 2980 3546; x_wconf 83' lang='grc' dir='ltr'>παρὰ</span> <span class='ocrx_word' id='word_1_566' title='bbox 3003 3474 3067 3528; x_wconf 83' lang='grc' dir='ltr'>τὸ</span> <span class='ocrx_word' id='word_1_567' title='bbox 3085 3473 3303 3531; x_wconf 73' lang='grc' dir='ltr'>κλώθωο</span> <span class='ocrx_word' id='word_1_568' title='bbox 3338 3477 3694 3551; x_wconf 76' lang='grc' dir='ltr'>κλωθομένης</span> <span class='ocrx_word' id='word_1_569' title='bbox 3714 3482 3742 3514; x_wconf 84' lang='grc'><strong>⁸</strong></span> 
     </span>
    </p>
   </div>
   <div class='ocr_carea' id='block_1_77' title="bbox 2149 3560 3736 3642">
    <p class='ocr_par' dir='ltr' id='par_1_77' title="bbox 2149 3560 3736 3642">
     <span class='ocr_line' id='line_1_77' title="bbox 2149 3560 3736 3642; baseline 0.006 -28"><span class='ocrx_word' id='word_1_570' title='bbox 2149 3560 2260 3634; x_wconf 76' lang='grc' dir='ltr'>γὰρ</span> <span class='ocrx_word' id='word_1_571' title='bbox 2310 3562 2483 3634; x_wconf 84' lang='grc' dir='ltr'>αὐτῆς</span> <span class='ocrx_word' id='word_1_572' title='bbox 2519 3564 2552 3634; x_wconf 70' lang='grc' dir='ltr'><strong>ἡ</strong></span> <span class='ocrx_word' id='word_1_573' title='bbox 2600 3562 2869 3636; x_wconf 74' lang='grc' dir='ltr'>ἔναρθρος</span> <span class='ocrx_word' id='word_1_574' title='bbox 2911 3566 3067 3638; x_wconf 77' lang='grc' dir='ltr'>φωνὴ</span> <span class='ocrx_word' id='word_1_575' title='bbox 3099 3569 3481 3625; x_wconf 84' lang='grc' dir='ltr'>ἀποτελεῖται’</span> <span class='ocrx_word' id='word_1_576' title='bbox 3534 3570 3569 3642; x_wconf 72' lang='grc' dir='ltr'>ἢ</span> <span class='ocrx_word' id='word_1_577' title='bbox 3600 3568 3736 3637; x_wconf 79' lang='grc' dir='ltr'>οἰον,</span> 
     </span>
    </p>
   </div>
   <div class='ocr_carea' id='block_1_78' title="bbox 2150 3651 3740 3733">
    <p class='ocr_par' dir='ltr' id='par_1_78' title="bbox 2150 3651 3740 3733">
     <span class='ocr_line' id='line_1_78' title="bbox 2150 3651 3740 3733; baseline 0.009 -30"><span class='ocrx_word' id='word_1_578' title='bbox 2150 3651 2403 3721; x_wconf 76' lang='grc' dir='ltr'>γνῶσσαο</span> <span class='ocrx_word' id='word_1_579' title='bbox 2443 3653 2813 3726; x_wconf 79' lang='grc' dir='ltr'>διαγνωστικὴ</span> <span class='ocrx_word' id='word_1_580' title='bbox 2857 3656 2968 3728; x_wconf 83' lang='grc' dir='ltr'><strong>γάρ</strong></span> <span class='ocrx_word' id='word_1_581' title='bbox 3002 3659 3119 3712; x_wconf 82' lang='grc' dir='ltr'>ἐστι</span> <span class='ocrx_word' id='word_1_582' title='bbox 3154 3659 3266 3713; x_wconf 82' lang='grc' dir='ltr'><strong>τῶν</strong></span> <span class='ocrx_word' id='word_1_583' title='bbox 3296 3662 3356 3715; x_wconf 87' lang='grc' dir='ltr'><strong>ἐν</strong></span> <span class='ocrx_word' id='word_1_584' title='bbox 3390 3664 3504 3727; x_wconf 87' lang='grc' dir='ltr'>τοῖς</span> <span class='ocrx_word' id='word_1_585' title='bbox 3537 3665 3740 3733; x_wconf 82' lang='grc' dir='ltr'>χυμοῖς</span> 
     </span>
    </p>
   </div>
   <div class='ocr_carea' id='block_1_79' title="bbox 2155 3744 3733 3827">
    <p class='ocr_par' dir='ltr' id='par_1_79' title="bbox 2155 3744 3733 3827">
     <span class='ocr_line' id='line_1_79' title="bbox 2155 3744 3733 3827; baseline 0.008 -29"><span class='ocrx_word' id='word_1_586' title='bbox 2155 3744 2488 3816; x_wconf 83' lang='grc' dir='ltr'>ἰδιωμάτων,</span> <span class='ocrx_word' id='word_1_587' title='bbox 2526 3746 2709 3811; x_wconf 86' lang='grc' dir='ltr'>καθὼς</span> <span class='ocrx_word' id='word_1_588' title='bbox 2755 3748 2857 3820; x_wconf 64' lang='grc' dir='ltr'>ᾔδη</span> <span class='ocrx_word' id='word_1_589' title='bbox 2892 3748 3132 3820; x_wconf 83' lang='grc' dir='ltr'>εἴρηται.</span> <span class='ocrx_word' id='word_1_590' title='bbox 3164 3752 3315 3825; x_wconf 82' lang='grc' dir='ltr'>Πλὴν</span> <span class='ocrx_word' id='word_1_591' title='bbox 3359 3755 3393 3826; x_wconf 74' lang='grc' dir='ltr'><strong>ἡ</strong></span> <span class='ocrx_word' id='word_1_592' title='bbox 3430 3755 3535 3826; x_wconf 84' lang='grc' dir='ltr'>μὲν</span> <span class='ocrx_word' id='word_1_593' title='bbox 3562 3756 3733 3827; x_wconf 72' lang='grc' dir='ltr'>δψις,</span> 
     </span>
    </p>
   </div>
   <div class='ocr_carea' id='block_1_80' title="bbox 2150 3836 3740 3914">
    <p class='ocr_par' dir='ltr' id='par_1_80' title="bbox 2150 3836 3740 3914">
     <span class='ocr_line' id='line_1_80' title="bbox 2150 3836 3740 3914; baseline 0.004 -23"><span class='ocrx_word' id='word_1_594' title='bbox 2150 3836 2247 3891; x_wconf 81' lang='grc' dir='ltr'><strong>καὶ</strong></span> <span class='ocrx_word' id='word_1_595' title='bbox 2273 3836 2542 3909; x_wconf 68' lang='grc' dir='ltr'>ὄσφρησις</span> <span class='ocrx_word' id='word_1_596' title='bbox 2566 3874 2581 3900; x_wconf 91' lang='grc'><strong>,</strong></span> <span class='ocrx_word' id='word_1_597' title='bbox 2615 3837 2710 3892; x_wconf 86' lang='grc' dir='ltr'><strong>καί</strong></span> <span class='ocrx_word' id='word_1_598' title='bbox 2751 3838 2893 3910; x_wconf 79' lang='grc' dir='ltr'>ἀκοὴ</span> <span class='ocrx_word' id='word_1_599' title='bbox 2930 3839 3223 3911; x_wconf 79' lang='grc' dir='ltr'>πόρρωθεν</span> <span class='ocrx_word' id='word_1_600' title='bbox 3265 3843 3362 3896; x_wconf 76' lang='grc' dir='ltr'>καὶ</span> <span class='ocrx_word' id='word_1_601' title='bbox 3389 3845 3740 3914; x_wconf 79' lang='grc' dir='ltr'>πανταχόθεν</span> 
     </span>
    </p>
   </div>
   <div class='ocr_carea' id='block_1_81' title="bbox 2149 3927 3741 4006">
    <p class='ocr_par' dir='ltr' id='par_1_81' title="bbox 2149 3927 3741 4006">
     <span class='ocr_line' id='line_1_81' title="bbox 2149 3927 3741 4006; baseline 0.006 -26"><span class='ocrx_word' id='word_1_602' title='bbox 2149 3927 2258 3981; x_wconf 86' lang='grc' dir='ltr'><strong>τῶν</strong></span> <span class='ocrx_word' id='word_1_603' title='bbox 2295 3928 2441 3981; x_wconf 87' lang='grc' dir='ltr'>ἰδίων</span> <span class='ocrx_word' id='word_1_604' title='bbox 2471 3927 2748 4000; x_wconf 73' lang='grc' dir='ltr'>αἰσθητῶν</span> <span class='ocrx_word' id='word_1_605' title='bbox 2781 3930 3277 4002; x_wconf 75' lang='grc' dir='ltr'>ἀντιλαμϐάνονται</span> <span class='ocrx_word' id='word_1_606' title='bbox 3296 3949 3312 3966; x_wconf 89' lang='grc'><strong>·</strong></span> <span class='ocrx_word' id='word_1_607' title='bbox 3340 3929 3474 3997; x_wconf 79' lang='grc' dir='ltr'>οἷον,</span> <span class='ocrx_word' id='word_1_608' title='bbox 3501 3936 3609 4006; x_wconf 78' lang='grc' dir='ltr'>δρᾷ</span> <span class='ocrx_word' id='word_1_609' title='bbox 3640 3937 3741 3989; x_wconf 74' lang='grc' dir='ltr'>καὶ</span> 
     </span>
    </p>
   </div>
   <div class='ocr_carea' id='block_1_82' title="bbox 2153 4020 3741 4099">
    <p class='ocr_par' dir='ltr' id='par_1_82' title="bbox 2153 4020 3741 4099">
     <span class='ocr_line' id='line_1_82' title="bbox 2153 4020 3741 4099; baseline 0.004 -24"><span class='ocrx_word' id='word_1_610' title='bbox 2153 4020 2429 4092; x_wconf 80' lang='grc' dir='ltr'>μάκροθεν</span> <span class='ocrx_word' id='word_1_611' title='bbox 2467 4023 2501 4092; x_wconf 81' lang='grc' dir='ltr'>ὴ</span> <span class='ocrx_word' id='word_1_612' title='bbox 2533 4020 2678 4091; x_wconf 71' lang='grc' dir='ltr'>ὄψις,</span> <span class='ocrx_word' id='word_1_613' title='bbox 2710 4024 2805 4077; x_wconf 81' lang='grc' dir='ltr'><strong>καὶ</strong></span> <span class='ocrx_word' id='word_1_614' title='bbox 2836 4025 2869 4095; x_wconf 86' lang='grc' dir='ltr'>ή</span> <span class='ocrx_word' id='word_1_615' title='bbox 2901 4024 3171 4097; x_wconf 76' lang='grc' dir='ltr'>ὄσφρησις</span> <span class='ocrx_word' id='word_1_616' title='bbox 3207 4026 3567 4099; x_wconf 81' lang='grc' dir='ltr'>ὀσφραίνεται</span> <span class='ocrx_word' id='word_1_617' title='bbox 3588 4069 3605 4095; x_wconf 85' lang='grc'><strong>,</strong></span> <span class='ocrx_word' id='word_1_618' title='bbox 3639 4030 3741 4082; x_wconf 77' lang='grc' dir='ltr'>καὶ</span> 
     </span>
    </p>
   </div>
   <div class='ocr_carea' id='block_1_83' title="bbox 2148 4113 3740 4191">
    <p class='ocr_par' dir='ltr' id='par_1_83' title="bbox 2148 4113 3740 4191">
     <span class='ocr_line' id='line_1_83' title="bbox 2148 4113 3740 4191; baseline 0.005 -25"><span class='ocrx_word' id='word_1_619' title='bbox 2148 4116 2184 4184; x_wconf 77' lang='grc' dir='ltr'><strong>η</strong></span> <span class='ocrx_word' id='word_1_620' title='bbox 2216 4114 2356 4185; x_wconf 77' lang='grc' dir='ltr'>ἀκοὴ</span> <span class='ocrx_word' id='word_1_621' title='bbox 2389 4113 2727 4178; x_wconf 74' lang='grc' dir='ltr'>ἐνωτίζεται·</span> <span class='ocrx_word' id='word_1_622' title='bbox 2760 4115 2876 4186; x_wconf 74' lang='grc' dir='ltr'><strong>ἁφὴ</strong></span> <span class='ocrx_word' id='word_1_623' title='bbox 2919 4117 2978 4170; x_wconf 87' lang='grc' dir='ltr'><strong>δέ</strong></span> <span class='ocrx_word' id='word_1_624' title='bbox 3020 4114 3117 4172; x_wconf 72' lang='grc' dir='ltr'>καὶ</span> <span class='ocrx_word' id='word_1_625' title='bbox 3166 4118 3360 4186; x_wconf 83' lang='grc' dir='ltr'>γεῦσις</span> <span class='ocrx_word' id='word_1_626' title='bbox 3397 4120 3524 4173; x_wconf 86' lang='grc' dir='ltr'>τότε</span> <span class='ocrx_word' id='word_1_627' title='bbox 3571 4121 3740 4191; x_wconf 67' lang='grc' dir='ltr'>μόνον</span> 
     </span>
    </p>
   </div>
   <div class='ocr_carea' id='block_1_84' title="bbox 2149 4206 3739 4283">
    <p class='ocr_par' dir='ltr' id='par_1_84' title="bbox 2149 4206 3739 4283">
     <span class='ocr_line' id='line_1_84' title="bbox 2149 4206 3739 4283; baseline 0.004 -22"><span class='ocrx_word' id='word_1_628' title='bbox 2149 4206 2520 4270; x_wconf 76' lang='grc' dir='ltr'>αἰσθάνονται,</span> <span class='ocrx_word' id='word_1_629' title='bbox 2555 4208 2685 4262; x_wconf 82' lang='grc' dir='ltr'>ὅταν</span> <span class='ocrx_word' id='word_1_630' title='bbox 2715 4208 3066 4279; x_wconf 83' lang='grc' dir='ltr'>πλησιάσωσι</span> <span class='ocrx_word' id='word_1_631' title='bbox 3089 4215 3205 4277; x_wconf 88' lang='grc' dir='ltr'>τοῖς</span> <span class='ocrx_word' id='word_1_632' title='bbox 3236 4212 3393 4276; x_wconf 88' lang='grc' dir='ltr'>ἰδίοις</span> <span class='ocrx_word' id='word_1_633' title='bbox 3422 4213 3739 4283; x_wconf 86' lang='grc' dir='ltr'>αἰσθητοῖς.</span> 
     </span>
    </p>
   </div>
   <div class='ocr_carea' id='block_1_85' title="bbox 2148 4295 3739 4378">
    <p class='ocr_par' dir='ltr' id='par_1_85' title="bbox 2148 4295 3739 4378">
     <span class='ocr_line' id='line_1_85' title="bbox 2148 4295 3739 4378; baseline 0.004 -26"><span class='ocrx_word' id='word_1_634' title='bbox 2148 4299 2218 4353; x_wconf 79' lang='grc' dir='ltr'><strong>Δί</strong></span> <span class='ocrx_word' id='word_1_635' title='bbox 2249 4298 2350 4369; x_wconf 77' lang='grc' dir='ltr'><strong>μὲν</strong></span> <span class='ocrx_word' id='word_1_636' title='bbox 2380 4295 2478 4354; x_wconf 80' lang='grc' dir='ltr'>οὖν</span> <span class='ocrx_word' id='word_1_637' title='bbox 2506 4299 2755 4371; x_wconf 85' lang='grc' dir='ltr'>γλώττης</span> <span class='ocrx_word' id='word_1_638' title='bbox 2778 4305 2969 4372; x_wconf 77' lang='grc' dir='ltr'>χρεῖαι</span> <span class='ocrx_word' id='word_1_639' title='bbox 3002 4304 3099 4357; x_wconf 77' lang='grc' dir='ltr'>καὶ</span> <span class='ocrx_word' id='word_1_640' title='bbox 3144 4304 3425 4376; x_wconf 80' lang='grc' dir='ltr'>ἐνέργειαι</span> <span class='ocrx_word' id='word_1_641' title='bbox 3459 4306 3739 4378; x_wconf 74' lang='grc' dir='ltr'>εἴρηνται,</span> 
     </span>
    </p>
   </div>
   <div class='ocr_carea' id='block_1_86' title="bbox 2149 4389 3743 4469">
    <p class='ocr_par' dir='ltr' id='par_1_86' title="bbox 2149 4389 3743 4469">
     <span class='ocr_line' id='line_1_86' title="bbox 2149 4389 3743 4469; baseline 0.004 -25"><span class='ocrx_word' id='word_1_642' title='bbox 2149 4389 2234 4444; x_wconf 78' lang='grc' dir='ltr'>ὅτι</span> <span class='ocrx_word' id='word_1_643' title='bbox 2264 4391 2401 4461; x_wconf 84' lang='grc' dir='ltr'>πρός</span> <span class='ocrx_word' id='word_1_644' title='bbox 2436 4409 2499 4445; x_wconf 86' lang='grc' dir='ltr'>τε</span> <span class='ocrx_word' id='word_1_645' title='bbox 2528 4393 2630 4465; x_wconf 73' lang='grc' dir='ltr'>τὴν</span> <span class='ocrx_word' id='word_1_646' title='bbox 2662 4393 2848 4459; x_wconf 79' lang='grc' dir='ltr'>φωνὴν</span> <span class='ocrx_word' id='word_1_647' title='bbox 2875 4394 2972 4448; x_wconf 81' lang='grc' dir='ltr'>καὶ</span> <span class='ocrx_word' id='word_1_648' title='bbox 3002 4395 3103 4465; x_wconf 76' lang='grc' dir='ltr'>τὴν</span> <span class='ocrx_word' id='word_1_649' title='bbox 3142 4396 3450 4462; x_wconf 85' lang='grc' dir='ltr'>διάλεκτον,</span> <span class='ocrx_word' id='word_1_650' title='bbox 3493 4398 3591 4452; x_wconf 82' lang='grc' dir='ltr'>καὶ</span> <span class='ocrx_word' id='word_1_651' title='bbox 3639 4400 3743 4469; x_wconf 75' lang='grc' dir='ltr'>τὴν</span> 
     </span>
    </p>
   </div>
   <div class='ocr_carea' id='block_1_87' title="bbox 472 4477 2051 4560">
    <p class='ocr_par' dir='ltr' id='par_1_87' title="bbox 472 4480 2049 4559">
     <span class='ocr_line' id='line_1_87' title="bbox 472 4480 2049 4559; baseline -0.004 -14"><span class='ocrx_word' id='word_1_652' title='bbox 472 4488 683 4559; x_wconf 85' lang='lat' dir='ltr'><strong>spicere</strong></span> <span class='ocrx_word' id='word_1_653' title='bbox 739 4485 969 4540; x_wconf 87' lang='lat' dir='ltr'><strong>idoneus</strong></span> <span class='ocrx_word' id='word_1_654' title='bbox 1028 4482 1297 4549; x_wconf 88' lang='lat' dir='ltr'><strong>habetur;</strong></span> <span class='ocrx_word' id='word_1_655' title='bbox 1338 4480 1592 4549; x_wconf 88' lang='lat' dir='ltr'><strong>oifactus,</strong></span> <span class='ocrx_word' id='word_1_656' title='bbox 1630 4491 1870 4537; x_wconf 86' lang='lat' dir='ltr'><strong>remotos</strong></span> <span class='ocrx_word' id='word_1_657' title='bbox 1926 4496 1958 4537; x_wconf 88' lang='lat' dir='ltr'><strong>a</strong></span> <span class='ocrx_word' id='word_1_658' title='bbox 1989 4498 2049 4538; x_wconf 87' lang='lat' dir='ltr'><strong>se</strong></span> 
     </span>
    </p>
   </div>
   <div class='ocr_carea' id='block_1_88' title="bbox 2154 4477 3742 4560">
    <p class='ocr_par' dir='ltr' id='par_1_88' title="bbox 2154 4483 3742 4560">
     <span class='ocr_line' id='line_1_88' title="bbox 2154 4483 3742 4560; baseline 0.006 -25"><span class='ocrx_word' id='word_1_659' title='bbox 2154 4483 2363 4551; x_wconf 81' lang='grc' dir='ltr'>γεῦσιν,</span> <span class='ocrx_word' id='word_1_660' title='bbox 2408 4485 2506 4537; x_wconf 81' lang='grc' dir='ltr'><strong>καί</strong></span> <span class='ocrx_word' id='word_1_661' title='bbox 2546 4485 2649 4555; x_wconf 77' lang='grc' dir='ltr'>τὴν</span> <span class='ocrx_word' id='word_1_662' title='bbox 2692 4484 3029 4557; x_wconf 86' lang='grc' dir='ltr'>διαμάσησιν</span> <span class='ocrx_word' id='word_1_663' title='bbox 3055 4487 3076 4519; x_wconf 83' lang='grc'><strong>⁷</strong></span> <span class='ocrx_word' id='word_1_664' title='bbox 3123 4489 3158 4560; x_wconf 71' lang='grc' dir='ltr'><strong>ἡ</strong></span> <span class='ocrx_word' id='word_1_665' title='bbox 3190 4489 3260 4543; x_wconf 89' lang='grc' dir='ltr'><strong>τά</strong></span> <span class='ocrx_word' id='word_1_666' title='bbox 3290 4489 3475 4543; x_wconf 85' lang='grc' dir='ltr'>πάντα</span> <span class='ocrx_word' id='word_1_667' title='bbox 3522 4491 3742 4544; x_wconf 79' lang='grc' dir='ltr'>οἰκονο-</span> 
     </span>
    </p>
   </div>
   <div class='ocr_carea' id='block_1_89' title="bbox 473 4574 2046 4648">
    <p class='ocr_par' dir='ltr' id='par_1_89' title="bbox 473 4574 2046 4648">
     <span class='ocr_line' id='line_1_89' title="bbox 473 4574 2046 4648; baseline -0.001 -16"><span class='ocrx_word' id='word_1_668' title='bbox 473 4577 672 4633; x_wconf 89' lang='lat' dir='ltr'><strong>odores</strong></span> <span class='ocrx_word' id='word_1_669' title='bbox 712 4575 1067 4648; x_wconf 85' lang='lat' dir='ltr'><strong>deprehendit</strong></span> <span class='ocrx_word' id='word_1_670' title='bbox 1125 4585 1180 4631; x_wconf 87' lang='lat' dir='ltr'><strong>et</strong></span> <span class='ocrx_word' id='word_1_671' title='bbox 1232 4576 1387 4631; x_wconf 91' lang='lat' dir='ltr'><strong>auris</strong></span> <span class='ocrx_word' id='word_1_672' title='bbox 1437 4576 1566 4630; x_wconf 90' lang='lat' dir='ltr'><strong>item</strong></span> <span class='ocrx_word' id='word_1_673' title='bbox 1600 4574 1818 4630; x_wconf 87' lang='lat' dir='ltr'><strong>eminus</strong></span> <span class='ocrx_word' id='word_1_674' title='bbox 1873 4574 2046 4631; x_wconf 87' lang='lat' dir='ltr'><strong>audit.</strong></span> 
     </span>
    </p>
   </div>
   <div class='ocr_carea' id='block_1_90' title="bbox 2147 4565 3741 4652">
    <p class='ocr_par' dir='ltr' id='par_1_90' title="bbox 2147 4565 3741 4652">
     <span class='ocr_line' id='line_1_90' title="bbox 2147 4565 3741 4652; baseline 0.004 -25"><span class='ocrx_word' id='word_1_675' title='bbox 2147 4574 2325 4646; x_wconf 84' lang='grc' dir='ltr'>μοῦσα</span> <span class='ocrx_word' id='word_1_676' title='bbox 2356 4575 2589 4646; x_wconf 87' lang='grc' dir='ltr'>δύναμις</span> <span class='ocrx_word' id='word_1_677' title='bbox 2616 4565 3044 4648; x_wconf 76' lang='grc' dir='ltr'>ἐπιτηδειότητα</span> <span class='ocrx_word' id='word_1_678' title='bbox 3086 4581 3225 4651; x_wconf 79' lang='grc' dir='ltr'>αὐτῇ</span> <span class='ocrx_word' id='word_1_679' title='bbox 3258 4582 3576 4652; x_wconf 75' lang='grc' dir='ltr'>ἐχαρίσατοο</span> <span class='ocrx_word' id='word_1_680' title='bbox 3621 4581 3741 4635; x_wconf 84' lang='grc' dir='ltr'>λοι-</span> 
     </span>
    </p>
   </div>
   <div class='ocr_carea' id='block_1_91' title="bbox 472 4665 2051 4746">
    <p class='ocr_par' dir='ltr' id='par_1_91' title="bbox 472 4665 2047 4738">
     <span class='ocr_line' id='line_1_91' title="bbox 472 4665 2047 4738; baseline -0.001 -15"><span class='ocrx_word' id='word_1_681' title='bbox 472 4668 588 4725; x_wconf 83' lang='lat' dir='ltr'><strong>lloc</strong></span> <span class='ocrx_word' id='word_1_682' title='bbox 616 4684 749 4725; x_wconf 92' lang='lat' dir='ltr'><strong>vero</strong></span> <span class='ocrx_word' id='word_1_683' title='bbox 795 4668 1125 4734; x_wconf 88' lang='lat' dir='ltr'><strong>sensoriutn,</strong></span> <span class='ocrx_word' id='word_1_684' title='bbox 1148 4667 1293 4738; x_wconf 85' lang='lat' dir='ltr'><strong>quod</strong></span> <span class='ocrx_word' id='word_1_685' title='bbox 1318 4675 1372 4722; x_wconf 92' lang='lat' dir='ltr'><strong>et</strong></span> <span class='ocrx_word' id='word_1_686' title='bbox 1398 4665 1468 4721; x_wconf 90' lang='lat' dir='ltr'><strong>de</strong></span> <span class='ocrx_word' id='word_1_687' title='bbox 1488 4672 1637 4721; x_wconf 81' lang='lat' dir='ltr'><strong>tactu</strong></span> <span class='ocrx_word' id='word_1_688' title='bbox 1665 4665 1898 4731; x_wconf 89' lang='lat' dir='ltr'><strong>diceres,</strong></span> <span class='ocrx_word' id='word_1_689' title='bbox 1938 4665 2047 4721; x_wconf 86' lang='lat' dir='ltr'><strong>nisi</strong></span> 
     </span>
    </p>
   </div>
   <div class='ocr_carea' id='block_1_92' title="bbox 2154 4665 3738 4746">
    <p class='ocr_par' dir='ltr' id='par_1_92' title="bbox 2154 4667 3738 4746">
     <span class='ocr_line' id='line_1_92' title="bbox 2154 4667 3738 4746; baseline 0.004 -25"><span class='ocrx_word' id='word_1_690' title='bbox 2154 4668 2248 4722; x_wconf 71' lang='grc' dir='ltr'>τεὸν</span> <span class='ocrx_word' id='word_1_691' title='bbox 2277 4667 2480 4739; x_wconf 81' lang='grc' dir='ltr'>ίδωμεν</span> <span class='ocrx_word' id='word_1_692' title='bbox 2509 4670 2605 4723; x_wconf 77' lang='grc' dir='ltr'>καὶ</span> <span class='ocrx_word' id='word_1_693' title='bbox 2649 4670 2759 4743; x_wconf 82' lang='grc' dir='ltr'>τῶν</span> <span class='ocrx_word' id='word_1_694' title='bbox 2787 4670 3018 4725; x_wconf 83' lang='grc' dir='ltr'>ὀδόντων</span> <span class='ocrx_word' id='word_1_695' title='bbox 3045 4670 3146 4743; x_wconf 79' lang='grc' dir='ltr'>τὴν</span> <span class='ocrx_word' id='word_1_696' title='bbox 3173 4673 3477 4746; x_wconf 78' lang='grc' dir='ltr'>σύμπηξιν,</span> <span class='ocrx_word' id='word_1_697' title='bbox 3509 4674 3608 4729; x_wconf 79' lang='grc' dir='ltr'>καὶ</span> <span class='ocrx_word' id='word_1_698' title='bbox 3634 4675 3738 4745; x_wconf 70' lang='grc' dir='ltr'>τὴν</span> 
     </span>
    </p>
   </div>
   <div class='ocr_carea' id='block_1_93' title="bbox 472 4756 2045 4829">
    <p class='ocr_par' dir='ltr' id='par_1_93' title="bbox 472 4756 2045 4829">
     <span class='ocr_line' id='line_1_93' title="bbox 472 4756 2045 4829; baseline -0.001 -14"><span class='ocrx_word' id='word_1_699' title='bbox 472 4760 706 4816; x_wconf 80' lang='lat' dir='ltr'><strong>admotis</strong></span> <span class='ocrx_word' id='word_1_700' title='bbox 766 4760 1000 4816; x_wconf 85' lang='lat' dir='ltr'><strong>sensatis</strong></span> <span class='ocrx_word' id='word_1_701' title='bbox 1055 4760 1113 4813; x_wconf 90' lang='lat' dir='ltr'><strong>in</strong></span> <span class='ocrx_word' id='word_1_702' title='bbox 1164 4757 1367 4829; x_wconf 84' lang='lat' dir='ltr'><strong>quibus</strong></span> <span class='ocrx_word' id='word_1_703' title='bbox 1414 4756 1595 4822; x_wconf 76' lang='lat' dir='ltr'><strong>ipsum</strong></span> <span class='ocrx_word' id='word_1_704' title='bbox 1641 4771 1802 4827; x_wconf 87' lang='lat' dir='ltr'><strong>agere</strong></span> <span class='ocrx_word' id='word_1_705' title='bbox 1856 4757 2045 4822; x_wconf 86' lang='lat' dir='ltr'><strong>valet,</strong></span> 
     </span>
    </p>
   </div>
   <div class='ocr_carea' id='block_1_94' title="bbox 2146 4758 2935 4832">
    <p class='ocr_par' dir='ltr' id='par_1_94' title="bbox 2146 4758 2935 4832">
     <span class='ocr_line' id='line_1_94' title="bbox 2146 4758 2935 4832; baseline 0.006 -20"><span class='ocrx_word' id='word_1_706' title='bbox 2146 4758 2332 4828; x_wconf 81' lang='grc' dir='ltr'>φύσιν,</span> <span class='ocrx_word' id='word_1_707' title='bbox 2369 4759 2467 4813; x_wconf 73' lang='grc' dir='ltr'><strong>καὶ</strong></span> <span class='ocrx_word' id='word_1_708' title='bbox 2499 4760 2601 4831; x_wconf 79' lang='grc' dir='ltr'>τὴν</span> <span class='ocrx_word' id='word_1_709' title='bbox 2628 4760 2935 4832; x_wconf 81' lang='grc' dir='ltr'>ἐνέργειαν.</span> 
     </span>
    </p>
   </div>
   <div class='ocr_carea' id='block_1_95' title="bbox 473 4849 3733 4928">
    <p class='ocr_par' dir='ltr' id='par_1_95' title="bbox 473 4849 3733 4928">
     <span class='ocr_line' id='line_1_95' title="bbox 473 4849 3733 4928; baseline 0 -17"><span class='ocrx_word' id='word_1_710' title='bbox 473 4855 671 4927; x_wconf 90' lang='lat' dir='ltr'><strong>agendi</strong></span> <span class='ocrx_word' id='word_1_711' title='bbox 722 4852 983 4911; x_wconf 80' lang='lat' dir='ltr'><strong>facultate</strong></span> <span class='ocrx_word' id='word_1_712' title='bbox 1011 4852 1328 4908; x_wconf 78' lang='lat' dir='ltr'><strong>frustratur.</strong></span> <span class='ocrx_word' id='word_1_713' title='bbox 1374 4849 1503 4917; x_wconf 91' lang='lat' dir='ltr'><strong>Sed,</strong></span> <span class='ocrx_word' id='word_1_714' title='bbox 1530 4850 1598 4907; x_wconf 92' lang='lat' dir='ltr'><strong>de</strong></span> <span class='ocrx_word' id='word_1_715' title='bbox 1661 4851 1859 4921; x_wconf 69' lang='lat' dir='ltr'><strong>lingua:</strong></span> <span class='ocrx_word' id='word_1_716' title='bbox 1894 4851 2085 4908; x_wconf 88' lang='lat' dir='ltr'><strong>usibus</strong></span> <span class='ocrx_word' id='word_1_717' title='bbox 2121 4852 2566 4924; x_wconf 87' lang='lat' dir='ltr'><strong>actionibusque,</strong></span> <span class='ocrx_word' id='word_1_718' title='bbox 2636 4870 2879 4924; x_wconf 87' lang='lat' dir='ltr'><strong>quonam</strong></span> <span class='ocrx_word' id='word_1_719' title='bbox 2918 4864 3084 4926; x_wconf 79' lang='lat' dir='ltr'><strong>pacto</strong></span> <span class='ocrx_word' id='word_1_720' title='bbox 3113 4866 3356 4927; x_wconf 86' lang='lat' dir='ltr'><strong>potestas</strong></span> <span class='ocrx_word' id='word_1_721' title='bbox 3380 4874 3505 4928; x_wconf 67' lang='lat' dir='ltr'><strong>qua:</strong></span> <span class='ocrx_word' id='word_1_722' title='bbox 3537 4870 3733 4914; x_wconf 83' lang='lat' dir='ltr'><strong>cuneta</strong></span> 
     </span>
    </p>
   </div>
   <div class='ocr_carea' id='block_1_96' title="bbox 470 4948 3732 5022">
    <p class='ocr_par' dir='ltr' id='par_1_96' title="bbox 470 4948 3732 5022">
     <span class='ocr_line' id='line_1_96' title="bbox 470 4948 3732 5022; baseline 0.001 -16"><span class='ocrx_word' id='word_1_723' title='bbox 470 4950 747 5022; x_wconf 82' lang='lat' dir='ltr'><strong>produxit,</strong></span> <span class='ocrx_word' id='word_1_724' title='bbox 778 4959 893 5005; x_wconf 92' lang='lat' dir='ltr'><strong>tum</strong></span> <span class='ocrx_word' id='word_1_725' title='bbox 925 4948 991 5004; x_wconf 90' lang='lat' dir='ltr'><strong>ad</strong></span> <span class='ocrx_word' id='word_1_726' title='bbox 1014 4964 1177 5005; x_wconf 92' lang='lat' dir='ltr'><strong>voces</strong></span> <span class='ocrx_word' id='word_1_727' title='bbox 1203 4958 1365 5019; x_wconf 87' lang='lat' dir='ltr'><strong>atque</strong></span> <span class='ocrx_word' id='word_1_728' title='bbox 1418 4948 1698 5015; x_wconf 89' lang='lat' dir='ltr'><strong>idiomata,</strong></span> <span class='ocrx_word' id='word_1_729' title='bbox 1766 4958 1880 5004; x_wconf 90' lang='lat' dir='ltr'><strong>tum</strong></span> <span class='ocrx_word' id='word_1_730' title='bbox 1948 4951 2113 5004; x_wconf 92' lang='lat' dir='ltr'><strong>etiam</strong></span> <span class='ocrx_word' id='word_1_731' title='bbox 2154 4950 2223 5005; x_wconf 91' lang='lat' dir='ltr'><strong>ad</strong></span> <span class='ocrx_word' id='word_1_732' title='bbox 2269 4958 2485 5019; x_wconf 85' lang='lat' dir='ltr'><strong>gustum</strong></span> <span class='ocrx_word' id='word_1_733' title='bbox 2537 4960 2701 5020; x_wconf 86' lang='lat' dir='ltr'><strong>atque</strong></span> <span class='ocrx_word' id='word_1_734' title='bbox 2737 4950 2931 5007; x_wconf 88' lang='lat' dir='ltr'><strong>edendi</strong></span> <span class='ocrx_word' id='word_1_735' title='bbox 2957 4967 3133 5020; x_wconf 41' lang='lat' dir='ltr'><strong>,usum</strong></span> <span class='ocrx_word' id='word_1_736' title='bbox 3186 4952 3421 5008; x_wconf 89' lang='lat' dir='ltr'><strong>reddidit</strong></span> <span class='ocrx_word' id='word_1_737' title='bbox 3457 4953 3732 5019; x_wconf 86' lang='lat' dir='ltr'><strong>idoneam,</strong></span> 
     </span>
    </p>
   </div>
   <div class='ocr_carea' id='block_1_97' title="bbox 470 5041 3728 5117">
    <p class='ocr_par' dir='ltr' id='par_1_97' title="bbox 470 5041 3728 5117">
     <span class='ocr_line' id='line_1_97' title="bbox 470 5041 3728 5117; baseline -0 -15"><span class='ocrx_word' id='word_1_738' title='bbox 470 5044 606 5102; x_wconf 83' lang='lat' dir='ltr'><strong>satis</strong></span> <span class='ocrx_word' id='word_1_739' title='bbox 638 5059 669 5099; x_wconf 85' lang='lat' dir='ltr'><strong>a</strong></span> <span class='ocrx_word' id='word_1_740' title='bbox 697 5042 855 5099; x_wconf 91' lang='lat' dir='ltr'><strong>nobis</strong></span> <span class='ocrx_word' id='word_1_741' title='bbox 894 5042 1011 5112; x_wconf 83' lang='lat' dir='ltr'><strong>jam</strong></span> <span class='ocrx_word' id='word_1_742' title='bbox 1042 5041 1247 5097; x_wconf 90' lang='lat' dir='ltr'><strong>dictum</strong></span> <span class='ocrx_word' id='word_1_743' title='bbox 1275 5049 1360 5097; x_wconf 88' lang='lat' dir='ltr'><strong>est</strong></span> <span class='ocrx_word' id='word_1_744' title='bbox 1393 5059 1408 5097; x_wconf 88' lang='lat'><strong>:</strong></span> <span class='ocrx_word' id='word_1_745' title='bbox 1436 5051 1491 5097; x_wconf 93' lang='lat' dir='ltr'><strong>et</strong></span> <span class='ocrx_word' id='word_1_746' title='bbox 1515 5042 1629 5097; x_wconf 70' lang='lat' dir='ltr'><strong>haec</strong></span> <span class='ocrx_word' id='word_1_747' title='bbox 1665 5043 1732 5097; x_wconf 92' lang='lat' dir='ltr'><strong>de</strong></span> <span class='ocrx_word' id='word_1_748' title='bbox 1762 5042 1942 5113; x_wconf 83' lang='lat' dir='ltr'><strong>lingua</strong></span> <span class='ocrx_word' id='word_1_749' title='bbox 1970 5043 2177 5100; x_wconf 82' lang='lat' dir='ltr'><strong>dixisse</strong></span> <span class='ocrx_word' id='word_1_750' title='bbox 2236 5042 2495 5100; x_wconf 87' lang='lat' dir='ltr'><strong>sufticiat.</strong></span> <span class='ocrx_word' id='word_1_751' title='bbox 2526 5042 2742 5112; x_wconf 79' lang='lat' dir='ltr'><strong>Restat,</strong></span> <span class='ocrx_word' id='word_1_752' title='bbox 2795 5044 2876 5099; x_wconf 90' lang='lat' dir='ltr'><strong>uti</strong></span> <span class='ocrx_word' id='word_1_753' title='bbox 2918 5045 2995 5101; x_wconf 86' lang='lat' dir='ltr'><strong>de</strong></span> <span class='ocrx_word' id='word_1_754' title='bbox 3021 5045 3268 5103; x_wconf 88' lang='lat' dir='ltr'><strong>dentium</strong></span> <span class='ocrx_word' id='word_1_755' title='bbox 3306 5047 3728 5117; x_wconf 87' lang='lat' dir='ltr'><strong>compositione,</strong></span> 
     </span>
    </p>
   </div>
   <div class='ocr_carea' id='block_1_98' title="bbox 481 5134 1781 5207">
    <p class='ocr_par' dir='ltr' id='par_1_98' title="bbox 481 5134 1781 5207">
     <span class='ocr_line' id='line_1_98' title="bbox 481 5134 1781 5207; baseline -0.004 -13"><span class='ocrx_word' id='word_1_756' title='bbox 481 5146 808 5207; x_wconf 82' lang='lat' dir='ltr'><strong>naturaque,</strong></span> <span class='ocrx_word' id='word_1_757' title='bbox 833 5150 1044 5191; x_wconf 90' lang='lat' dir='ltr'><strong>necnon</strong></span> <span class='ocrx_word' id='word_1_758' title='bbox 1100 5134 1411 5191; x_wconf 82' lang='lat' dir='ltr'><strong>actionibus</strong></span> <span class='ocrx_word' id='word_1_759' title='bbox 1454 5134 1781 5191; x_wconf 89' lang='lat' dir='ltr'><strong>referamus.</strong></span> 
     </span>
    </p>
   </div>
   <div class='ocr_carea' id='block_1_99' title="bbox 544 5227 2045 5299">
    <p class='ocr_par' dir='ltr' id='par_1_99' title="bbox 544 5227 2045 5299">
     <span class='ocr_line' id='line_1_99' title="bbox 544 5227 2045 5299; baseline -0.001 -13"><span class='ocrx_word' id='word_1_760' title='bbox 544 5231 744 5288; x_wconf 85' lang='lat' dir='ltr'><strong>Dentes</strong></span> <span class='ocrx_word' id='word_1_761' title='bbox 784 5230 930 5286; x_wconf 89' lang='lat' dir='ltr'><strong>enim</strong></span> <span class='ocrx_word' id='word_1_762' title='bbox 985 5237 1136 5295; x_wconf 86' lang='lat' dir='ltr'><strong>sunt,</strong></span> <span class='ocrx_word' id='word_1_763' title='bbox 1174 5228 1268 5299; x_wconf 90' lang='lat' dir='ltr'><strong>qui</strong></span> <span class='ocrx_word' id='word_1_764' title='bbox 1322 5227 1544 5285; x_wconf 83' lang='lat' dir='ltr'><strong>secandi</strong></span> <span class='ocrx_word' id='word_1_765' title='bbox 1573 5228 1819 5284; x_wconf 85' lang='lat' dir='ltr'><strong>alimenti</strong></span> <span class='ocrx_word' id='word_1_766' title='bbox 1872 5229 2045 5285; x_wconf 83' lang='lat' dir='ltr'><strong>conti-</strong></span> 
     </span>
    </p>
   </div>
   <div class='ocr_carea' id='block_1_100' title="bbox 472 5317 2046 5394">
    <p class='ocr_par' dir='ltr' id='par_1_100' title="bbox 472 5317 2046 5394">
     <span class='ocr_line' id='line_1_100' title="bbox 472 5317 2046 5394; baseline -0.006 -14"><span class='ocrx_word' id='word_1_767' title='bbox 472 5323 761 5394; x_wconf 86' lang='lat' dir='ltr'><strong>ciendique</strong></span> <span class='ocrx_word' id='word_1_768' title='bbox 827 5336 1030 5375; x_wconf 91' lang='lat' dir='ltr'><strong>munus</strong></span> <span class='ocrx_word' id='word_1_769' title='bbox 1079 5320 1299 5388; x_wconf 77' lang='lat' dir='ltr'><strong>explent</strong></span> <span class='ocrx_word' id='word_1_770' title='bbox 1353 5327 1408 5373; x_wconf 89' lang='lat' dir='ltr'><strong>et</strong></span> <span class='ocrx_word' id='word_1_771' title='bbox 1466 5318 1628 5373; x_wconf 88' lang='lat' dir='ltr'><strong>iidem</strong></span> <span class='ocrx_word' id='word_1_772' title='bbox 1691 5317 2046 5373; x_wconf 73' lang='lat' dir='ltr'><strong>aniculandte</strong></span> 
     </span>
    </p>
   </div>
   <div class='ocr_carea' id='block_1_101' title="bbox 472 5408 2045 5472">
    <p class='ocr_par' dir='ltr' id='par_1_101' title="bbox 472 5408 2045 5472">
     <span class='ocr_line' id='line_1_101' title="bbox 472 5408 2045 5472; baseline -0.003 -3"><span class='ocrx_word' id='word_1_773' title='bbox 472 5414 626 5472; x_wconf 80' lang='lat' dir='ltr'><strong>vocis</strong></span> <span class='ocrx_word' id='word_1_774' title='bbox 680 5410 863 5469; x_wconf 84' lang='lat' dir='ltr'><strong>officio</strong></span> <span class='ocrx_word' id='word_1_775' title='bbox 913 5410 1415 5466; x_wconf 84' lang='lat' dir='ltr'><strong>accommodantur.</strong></span> <span class='ocrx_word' id='word_1_776' title='bbox 1455 5408 1662 5464; x_wconf 77' lang='lat' dir='ltr'><strong>Horum</strong></span> <span class='ocrx_word' id='word_1_777' title='bbox 1721 5409 1814 5464; x_wconf 92' lang='lat' dir='ltr'><strong>alii</strong></span> <span class='ocrx_word' id='word_1_778' title='bbox 1864 5424 1894 5463; x_wconf 90' lang='lat' dir='ltr'><strong>a</strong></span> <span class='ocrx_word' id='word_1_779' title='bbox 1954 5423 2045 5465; x_wconf 90' lang='lat' dir='ltr'><strong>se-</strong></span> 
     </span>
    </p>
   </div>
   <div class='ocr_carea' id='block_1_102' title="bbox 2236 5226 3735 5303">
    <p class='ocr_par' dir='ltr' id='par_1_102' title="bbox 2236 5226 3735 5303">
     <span class='ocr_line' id='line_1_102' title="bbox 2236 5226 3735 5303; baseline 0.005 -21"><span class='ocrx_word' id='word_1_780' title='bbox 2236 5226 2510 5294; x_wconf 81' lang='grc' dir='ltr'>Ὀδόντες</span> <span class='ocrx_word' id='word_1_781' title='bbox 2556 5227 2697 5282; x_wconf 74' lang='grc' dir='ltr'>εἰσὶν</span> <span class='ocrx_word' id='word_1_782' title='bbox 2744 5229 2795 5282; x_wconf 84' lang='grc' dir='ltr'><strong>οἰ</strong></span> <span class='ocrx_word' id='word_1_783' title='bbox 2841 5227 3183 5301; x_wconf 80' lang='grc' dir='ltr'>διαιροῦντες</span> <span class='ocrx_word' id='word_1_784' title='bbox 3212 5231 3313 5303; x_wconf 78' lang='grc' dir='ltr'>τὴν</span> <span class='ocrx_word' id='word_1_785' title='bbox 3360 5232 3596 5303; x_wconf 72' lang='grc' dir='ltr'>τροφὴν,</span> <span class='ocrx_word' id='word_1_786' title='bbox 3642 5240 3735 5291; x_wconf 79' lang='grc' dir='ltr'>καὶ</span> 
     </span>
    </p>
   </div>
   <div class='ocr_carea' id='block_1_103' title="bbox 2152 5318 3735 5408">
    <p class='ocr_par' dir='ltr' id='par_1_103' title="bbox 2152 5318 3735 5408">
     <span class='ocr_line' id='line_1_103' title="bbox 2152 5318 3735 5408; baseline 0.006 -38"><span class='ocrx_word' id='word_1_787' title='bbox 2152 5318 2623 5389; x_wconf 76' lang='grc' dir='ltr'>κατεργαζόμενοι</span> <span class='ocrx_word' id='word_1_788' title='bbox 2663 5318 2879 5408; x_wconf 40' lang='grc' dir='ltr'><strong>αὐτὴν..</strong></span> <span class='ocrx_word' id='word_1_789' title='bbox 2911 5321 3304 5394; x_wconf 85' lang='grc' dir='ltr'>συνεργοῦντες</span> <span class='ocrx_word' id='word_1_790' title='bbox 3344 5323 3439 5377; x_wconf 79' lang='grc' dir='ltr'><strong>καὶ</strong></span> <span class='ocrx_word' id='word_1_791' title='bbox 3475 5326 3545 5393; x_wconf 76' lang='grc' dir='ltr'>τῇ</span> <span class='ocrx_word' id='word_1_792' title='bbox 3586 5325 3735 5401; x_wconf 85' lang='grc' dir='ltr'>διαρ-</span> 
     </span>
    </p>
   </div>
   <div class='ocr_carea' id='block_1_104' title="bbox 2154 5410 3735 5489">
    <p class='ocr_par' dir='ltr' id='par_1_104' title="bbox 2154 5410 3735 5489">
     <span class='ocr_line' id='line_1_104' title="bbox 2154 5410 3735 5489; baseline 0.008 -26"><span class='ocrx_word' id='word_1_793' title='bbox 2154 5410 2354 5482; x_wconf 85' lang='grc' dir='ltr'>θρώσει</span> <span class='ocrx_word' id='word_1_794' title='bbox 2393 5411 2494 5481; x_wconf 85' lang='grc' dir='ltr'>τῆς</span> <span class='ocrx_word' id='word_1_795' title='bbox 2526 5413 2713 5483; x_wconf 79' lang='grc' dir='ltr'>φωνῆς</span> <span class='ocrx_word' id='word_1_796' title='bbox 2738 5429 2754 5446; x_wconf 76' lang='grc' dir='ltr'><strong>ο</strong></span> <span class='ocrx_word' id='word_1_797' title='bbox 2804 5414 2853 5467; x_wconf 90' lang='grc' dir='ltr'><strong>οί</strong></span> <span class='ocrx_word' id='word_1_798' title='bbox 2884 5414 2984 5485; x_wconf 82' lang='grc' dir='ltr'>μὲν</span> <span class='ocrx_word' id='word_1_799' title='bbox 3017 5416 3127 5487; x_wconf 84' lang='grc' dir='ltr'>γὰρ</span> <span class='ocrx_word' id='word_1_800' title='bbox 3154 5417 3414 5489; x_wconf 80' lang='grc' dir='ltr'>τέμνουσι</span> <span class='ocrx_word' id='word_1_801' title='bbox 3448 5418 3519 5471; x_wconf 78' lang='grc' dir='ltr'><strong>τά</strong></span> <span class='ocrx_word' id='word_1_802' title='bbox 3561 5422 3735 5484; x_wconf 74' lang='grc' dir='ltr'>σιτία,</span> 
     </span>
    </p>
   </div>
   <div class='ocr_carea' id='block_1_105' title="bbox 544 5560 3725 5635">
    <p class='ocr_par' dir='ltr' id='par_1_105' title="bbox 544 5560 3725 5635">
     <span class='ocr_line' id='line_1_105' title="bbox 544 5560 3725 5635; baseline 0.001 -15"><span class='ocrx_word' id='word_1_803' title='bbox 544 5567 591 5601; x_wconf 67' lang='grc'><strong>⁵⁵</strong></span> <span class='ocrx_word' id='word_1_804' title='bbox 614 5566 733 5620; x_wconf 81' lang='grc' dir='ltr'>ἐστι</span> <span class='ocrx_word' id='word_1_805' title='bbox 771 5564 870 5619; x_wconf 73' lang='grc' dir='ltr'>καὶ</span> <span class='ocrx_word' id='word_1_806' title='bbox 909 5563 1093 5635; x_wconf 76' lang='grc' dir='ltr'>εὖστρ.</span> <span class='ocrx_word' id='word_1_807' title='bbox 1134 5562 1220 5635; x_wconf 71' lang='grc' dir='ltr'><strong>Β.Δ</strong></span> <span class='ocrx_word' id='word_1_808' title='bbox 1255 5562 1318 5635; x_wconf 27' lang='grc'><strong>’⁵⁵</strong></span> <span class='ocrx_word' id='word_1_809' title='bbox 1344 5560 1670 5635; x_wconf 55' lang='grc' dir='ltr'>ὑσσώεραγον</span> <span class='ocrx_word' id='word_1_810' title='bbox 1691 5561 1751 5616; x_wconf 89' lang='grc' dir='ltr'><strong>Β.</strong></span> <span class='ocrx_word' id='word_1_811' title='bbox 1802 5563 1858 5635; x_wconf 54' lang='grc' dir='ltr'><strong>ξ’</strong></span> <span class='ocrx_word' id='word_1_812' title='bbox 1881 5561 2393 5635; x_wconf 80' lang='grc' dir='ltr'>διαμασσησάμενοι</span> <span class='ocrx_word' id='word_1_813' title='bbox 2424 5566 2485 5619; x_wconf 86' lang='grc' dir='ltr'>Β.</span> <span class='ocrx_word' id='word_1_814' title='bbox 2552 5567 2597 5599; x_wconf 77' lang='grc'><strong>’⁷</strong></span> <span class='ocrx_word' id='word_1_815' title='bbox 2623 5568 3057 5633; x_wconf 82' lang='grc' dir='ltr'>καταλεάναντες</span> <span class='ocrx_word' id='word_1_816' title='bbox 3079 5570 3145 5633; x_wconf 79' lang='grc' dir='ltr'>Δ,</span> <span class='ocrx_word' id='word_1_817' title='bbox 3178 5573 3640 5635; x_wconf 83' lang='grc' dir='ltr'>καταλαιάναντες</span> <span class='ocrx_word' id='word_1_818' title='bbox 3668 5569 3725 5633; x_wconf 73' lang='grc' dir='ltr'>Β,</span> 
     </span>
    </p>
   </div>
   <div class='ocr_carea' id='block_1_106' title="bbox 473 5630 3727 5711">
    <p class='ocr_par' dir='ltr' id='par_1_106' title="bbox 473 5630 3727 5711">
     <span class='ocr_line' id='line_1_106' title="bbox 473 5630 3727 5711; baseline 0.001 -22"><span class='ocrx_word' id='word_1_819' title='bbox 473 5634 1020 5711; x_wconf 58' lang='grc' dir='ltr'>καταλειάναντεςβ.</span> <span class='ocrx_word' id='word_1_820' title='bbox 1047 5630 1464 5711; x_wconf 15' lang='grc' dir='ltr'>ήκαταλρισαντες</span> <span class='ocrx_word' id='word_1_821' title='bbox 1628 5632 1673 5711; x_wconf 43' lang='grc'><strong>⁸-⁸</strong></span> <span class='ocrx_word' id='word_1_822' title='bbox 1705 5631 1885 5711; x_wconf 54' lang='grc' dir='ltr'><strong>νει-ἰκξ⁵</strong></span> <span class='ocrx_word' id='word_1_823' title='bbox 1911 5646 1941 5686; x_wconf 90' lang='lat' dir='ltr'><strong>a</strong></span> <span class='ocrx_word' id='word_1_824' title='bbox 2119 5630 2169 5689; x_wconf 72' lang='grc' dir='ltr'>τ’.</span> <span class='ocrx_word' id='word_1_825' title='bbox 2204 5630 2254 5688; x_wconf 70' lang='grc' dir='ltr'>ἐξ</span> <span class='ocrx_word' id='word_1_826' title='bbox 2289 5650 2461 5711; x_wconf 65' lang='lat' dir='ltr'><strong>usque</strong></span> <span class='ocrx_word' id='word_1_827' title='bbox 2486 5637 2816 5711; x_wconf 50' lang='lat' dir='ltr'><strong>rﬁidpmp.</strong></span> <span class='ocrx_word' id='word_1_828' title='bbox 2842 5654 2955 5694; x_wconf 88' lang='lat' dir='ltr'><strong>om.</strong></span> <span class='ocrx_word' id='word_1_829' title='bbox 2987 5630 3051 5694; x_wconf 69' lang='grc' dir='ltr'>Α.</span> <span class='ocrx_word' id='word_1_830' title='bbox 3130 5630 3175 5711; x_wconf 51' lang='grc' dir='ltr'>δέ</span> <span class='ocrx_word' id='word_1_831' title='bbox 3206 5641 3444 5696; x_wconf 82' lang='grc' dir='ltr'>διάδοσιν</span> <span class='ocrx_word' id='word_1_832' title='bbox 3476 5630 3727 5711; x_wconf 73' lang='grc' dir='ltr'>γίνεσθαι</span> 
     </span>
    </p>
   </div>
   <div class='ocr_carea' id='block_1_107' title="bbox 473 5701 3722 5784">
    <p class='ocr_par' dir='ltr' id='par_1_107' title="bbox 473 5701 3722 5784">
     <span class='ocr_line' id='line_1_107' title="bbox 473 5701 3722 5784; baseline 0.002 -28"><span class='ocrx_word' id='word_1_833' title='bbox 473 5709 541 5784; x_wconf 43' lang='lat' dir='ltr'><strong>is.</strong></span> <span class='ocrx_word' id='word_1_834' title='bbox 574 5706 635 5784; x_wconf 43' lang='grc' dir='ltr'><strong>Α*</strong></span> <span class='ocrx_word' id='word_1_835' title='bbox 657 5704 728 5784; x_wconf 48' lang='grc' dir='ltr'>δὲ</span> <span class='ocrx_word' id='word_1_836' title='bbox 748 5705 844 5784; x_wconf 49' lang='grc' dir='ltr'><strong>Β..</strong></span> <span class='ocrx_word' id='word_1_837' title='bbox 883 5703 1054 5784; x_wconf 30' lang='grc' dir='ltr'>’.ἀρχα</span> <span class='ocrx_word' id='word_1_838' title='bbox 1093 5702 1191 5784; x_wconf 39' lang='grc' dir='ltr'><strong>κιαί</strong></span> <span class='ocrx_word' id='word_1_839' title='bbox 1223 5701 1342 5784; x_wconf 67' lang='grc' dir='ltr'>ἁλτ.</span> <span class='ocrx_word' id='word_1_840' title='bbox 1378 5702 1486 5784; x_wconf 70' lang='lat' dir='ltr'><strong>B_._</strong></span> <span class='ocrx_word' id='word_1_841' title='bbox 1521 5703 1542 5733; x_wconf 89' lang='grc'><em>³</em></span> <span class='ocrx_word' id='word_1_842' title='bbox 1572 5703 1669 5784; x_wconf 75' lang='grc' dir='ltr'>καὶ</span> <span class='ocrx_word' id='word_1_843' title='bbox 1698 5716 1807 5756; x_wconf 91' lang='lat' dir='ltr'><strong>om.</strong></span> <span class='ocrx_word' id='word_1_844' title='bbox 1846 5702 1910 5784; x_wconf 43' lang='grc' dir='ltr'><strong>Β,ζ</strong></span> <span class='ocrx_word' id='word_1_845' title='bbox 1985 5703 2008 5737; x_wconf 75' lang='grc'><strong>⁸</strong></span> <span class='ocrx_word' id='word_1_846' title='bbox 2038 5701 2451 5779; x_wconf 66' lang='grc' dir='ltr'>ἀρεωτηρίαᾞ.</span> <span class='ocrx_word' id='word_1_847' title='bbox 2531 5701 2551 5741; x_wconf 75' lang='grc'><strong><em>⁸</em></strong></span> <span class='ocrx_word' id='word_1_848' title='bbox 2572 5701 2801 5762; x_wconf 54' lang='lat' dir='ltr'><strong>att-539a.</strong></span> <span class='ocrx_word' id='word_1_849' title='bbox 2834 5711 2900 5777; x_wconf 78' lang='grc' dir='ltr'>Α,</span> <span class='ocrx_word' id='word_1_850' title='bbox 2944 5712 3095 5782; x_wconf 67' lang='grc' dir='ltr'>παρὰ</span> <span class='ocrx_word' id='word_1_851' title='bbox 3124 5710 3187 5765; x_wconf 84' lang='grc' dir='ltr'>τὸ</span> <span class='ocrx_word' id='word_1_852' title='bbox 3214 5712 3398 5767; x_wconf 74' lang='grc' dir='ltr'>ἄλσειν</span> <span class='ocrx_word' id='word_1_853' title='bbox 3425 5701 3595 5784; x_wconf 57' lang='grc' dir='ltr'>ἤγουν</span> <span class='ocrx_word' id='word_1_854' title='bbox 3624 5711 3722 5764; x_wconf 75' lang='grc' dir='ltr'>ἀλ·</span> 
     </span>
    </p>
   </div>
   <div class='ocr_carea' id='block_1_108' title="bbox 473 5770 1932 5843">
    <p class='ocr_par' dir='ltr' id='par_1_108' title="bbox 473 5770 1932 5843">
     <span class='ocr_line' id='line_1_108' title="bbox 473 5770 1932 5843; baseline -0.001 -14"><span class='ocrx_word' id='word_1_855' title='bbox 473 5772 661 5829; x_wconf 78' lang='grc' dir='ltr'>λεσθαι</span> <span class='ocrx_word' id='word_1_856' title='bbox 692 5774 749 5829; x_wconf 84' lang='grc' dir='ltr'>Β.</span> <span class='ocrx_word' id='word_1_857' title='bbox 825 5774 847 5806; x_wconf 81' lang='grc'>⁸</span> <span class='ocrx_word' id='word_1_858' title='bbox 876 5770 1242 5843; x_wconf 72' lang='grc' dir='ltr'>κλωθωμένης</span> <span class='ocrx_word' id='word_1_859' title='bbox 1271 5771 1335 5829; x_wconf 90' lang='lat' dir='ltr'><strong>C.</strong></span> <span class='ocrx_word' id='word_1_860' title='bbox 1408 5773 1428 5806; x_wconf 69' lang='grc' dir='ltr'><strong><em>τ</em></strong></span> <span class='ocrx_word' id='word_1_861' title='bbox 1459 5771 1827 5843; x_wconf 87' lang='grc' dir='ltr'>διαμάσσησιν</span> <span class='ocrx_word' id='word_1_862' title='bbox 1869 5772 1932 5828; x_wconf 86' lang='grc' dir='ltr'><strong>Β.</strong></span> 
     </span>
    </p>
   </div>
  </div>
