4054 6216
331 344 481 402 “93

1583 342 1673 398 DE
1712 340 1999 399 NA'I‘URA
2039 341 2343 398 llOMlNIS.

3436 340 3595 409 ⁷1194

323 460 377 514 oi
402 458 461 512 δὲ
496 455 802 512 λεαίνουσι·
830 457 878 510 οἱ
907 457 1003 510 καὶ
1028 458 1215 527 μύλαι
1246 458 1553 527 λεγόμενοι,
1587 458 1620 528 ἢ
1642 457 1906 526 μυλῖταιθ

2014 460 2190 515 cando
2241 461 2365 515 cibo
2392 500 2405 519 .
2444 468 2694 515 secantes
2736 478 2750 525 ;
2797 459 2888 513 alii
2936 474 2963 513 a
3007 460 3261 517 molendo
3292 504 3307 529 ,
3359 464 3598 520 molares

324 553 390 606 ὲκ
422 550 519 604 τοῦ
555 550 657 603 ἔδω
675 549 739 602 τὸ
766 550 949 603 ἐσθίω
983 549 1158 613 οὕτως
1184 551 1603 621 ὀνομαζόμενοι.
1636 552 1907 617 Τριάκον-

321 640 490 695 ταδύο
514 640 572 693 δέ
605 641 715 692 είσι
742 639 836 693 τὸν
868 639 1123 710 ἀριθμόν·
1163 639 1226 705 ἓξ
1274 642 1369 695 καὶ
1401 642 1535 694 δέκα
1565 642 1689 695 καθ’
1716 641 1902 695 ἑκατέ-

327 750 428 805 ραν
452 733 617 799 γένυν
646 730 841 784 ὄντων.
868 731 1150 801 Τέσσαρες
1183 733 1283 801 μὲν
1309 733 1331 764 ⁸
1371 733 1705 805 ἔμπροσθεν,
1733 735 1782 787 οἱ
1811 751 1909 789 το-

2022 551 2299 605 dicuntur.
2356 547 2498 605 Sunt
2551 550 2697 604 enim
2752 564 2943 605 omnes
2994 565 3228 607 numero
3258 568 3422 624 supra
3499 557 3598 609 tri-

2020 640 2193 710 ginta,
2246 648 2477 709 utraque
2543 637 2764 693 maxilla
2824 637 3102 693 sexdecim
3161 652 3264 693 suo
3312 640 3364 692 in
3408 640 3600 695 ordine

2018 731 2353 787 continente.
2407 730 2515 795 Qui
2596 744 2726 785 vero
2789 729 3041 800 quaterni
3134 729 3393 798 utrinque
3448 740 3587 785 ante-

319 822 455 892 μεῒς
487 822 801 892 λεγόμενοι,
835 822 1148 893 μονόρριζοι
1169 827 1189 856 ⁸
1220 822 1442 886 πάντες·
1475 824 1821 892 ἑκατέρωθεν
1850 824 1909 877 δὲ

2019 823 2193 878 riores
2220 823 2536 889 exsistunt,
2592 835 2733 891 quos
2788 830 3037 876 secantes
3093 830 3433 889 nuncupant,
3481 823 3597 876 sin-

325 912 507 966 αὑτῶν
532 913 651 977 δύο,
687 913 738 965 oi
770 911 1154 979 κυνόδοντες·
1193 914 1508 987 μονόρῤιζοι
1542 917 1584 947 ¹⁴³
1611 916 1704 969 καὶ
1739 910 1909 972 οὗτοι.

2020 914 2143 984 gula
2215 912 2597 968 tantummodo
2661 911 2847 967 radice
2924 912 3209 975 nituntur;
3270 920 3327 966 at
3380 912 3473 981 qui
3534 914 3601 965 ab

323 1001 460 1057 Εἶτα
477 1006 529 1057 oi
556 1006 812 1073 γόμφιον
836 1006 1044 1058 τούτων
1072 1005 1199 1076 ἑξῆς
1220 1006 1325 1059 ἀνὰ
1350 1007 1539 1059 πέντε·
1569 1005 1842 1077 τρίρῤιζοι
1868 1006 1910 1037 ⁸⁸

2014 1005 2101 1061 his
2163 1005 2274 1060 duo
2321 1004 2576 1075 utrinque
2606 1005 2769 1074 positi
2828 1004 2939 1075 79
2970 1005 3252 1066 visuntur,
3292 1004 3472 1059 canini
3507 1020 3595 1073 ap-

327 1094 431 1164 μὲν
452 1094 503 1145 οἱ
530 1094 589 1145 ὲν
613 1095 680 1163 τῇ
711 1093 823 1147 ἄνω
852 1092 1009 1161 γένυῖ
1030 1094 1180 1147 δυοῖν
1211 1094 1268 1148 δὲ
1296 1093 1463 1165 ῥιζῶν
1489 1096 1540 1149 oi
1564 1097 1622 1149 ἐν
1648 1098 1713 1165 τῇ
1737 1095 1910 1151 κάτω.

2014 1098 2284 1168 pellantur
2308 1136 2323 1160 ,
2348 1097 2441 1166 qui
2479 1104 2535 1152 et
2570 1097 2672 1166 ipsi
2720 1112 2919 1161 unam,
2950 1097 3331 1168 singulamque
3361 1097 3597 1151 radicem

327 1184 601 1257 Εὕρηνται
628 1186 685 1239 δὲ
714 1186 811 1239 καὶ
830 1187 1180 1258 τετράρριζοι
1211 1190 1275 1220 ⁸⁸·
1309 1193 1544 1259 γόμφιοι
1579 1190 1636 1242 δὲ
1664 1188 1910 1257 λέγονται

2018 1188 2239 1244 habent.
2267 1188 2497 1245 Molares
2510 1204 2641 1243 vero
2673 1189 2903 1243 subinde
2924 1190 2992 1243 ab
3009 1199 3237 1260 utraque
3253 1199 3406 1259 parte
3432 1190 3600 1259 quino

326 1274 414 1328 διὰ
456 1274 557 1345 τὴν
596 1273 831 1345 κάμψιν·
868 1276 1319 1347 ὲπικεκαμμέναι
1362 1280 1472 1349 γάρ
1527 1280 1667 1332 εἰσιν
1698 1278 1753 1331 αἶ
1788 1294 1910 1332 συν-

2018 1295 2250 1335 numero
2309 1280 2361 1333 in
2416 1281 2664 1335 ordinem
2708 1280 3021 1350 diriguntur
3072 1300 3087 1335 :
3139 1291 3193 1336 et
3243 1298 3339 1338 eos
3392 1286 3485 1354 qui
3532 1300 3596 1338 rx

326 1370 542 1439 έχουσιν
574 1369 616 1401 ¹³
636 1369 838 1433 αὐτοὺς
864 1370 1138 1437 σιαγόνες.

2022 1370 2109 1426 his
2149 1370 2448 1441 superioris
2487 1371 2722 1425 maxilla:
2755 1380 2905 1434 sunt,
2945 1380 3140 1427 natura
3179 1373 3374 1443 triplici
3420 1374 3600 1428 radice

326 1465 605 1536 insignivit
641 1482 659 1531 ;
688 1465 784 1535 qui
818 1480 948 1520 vero
996 1465 1309 1531 inferioris,
1354 1468 1625 1538 geminam
1672 1468 1912 1524 radicem
1954 1467 2175 1521 habent.
2238 1465 2518 1533 Quosdam
2547 1475 2601 1521 et
2668 1465 2975 1537 quadriﬁda
3006 1466 3190 1521 radice
3220 1483 3445 1524 cernere
3478 1478 3594 1531 est;
3674 1526 3677 1533 ,

327 1560 564 1613 molares
615 1572 850 1628 namque
882 1560 1105 1631 γόμφιοι
1153 1560 1239 1614 διὰ
1279 1562 1376 1632 τὴν
1422 1562 1631 1633 κάμψιν
1664 1562 1793 1618 dicti
1824 1600 1840 1625 ,
1884 1577 1910 1616 a

2013 1577 2095 1616 sxu
2159 1561 2276 1617 sive
2314 1569 2604 1616 curvatura
2639 1574 2835 1615 nomen
2877 1569 3184 1625 sumentes,
3254 1561 3399 1632 quod
3433 1558 3594 1633 positi

326 1652 382 1705 in
420 1648 667 1703 recurvis
719 1650 956 1704 maxillis
1010 1651 1281 1705 visuntur.

392 1741 726 1812 Διαφέρουσι
757 1741 890 1810 γοῦν
935 1743 1044 1797 τῶν
1089 1742 1267 1797 ἄλλων
1300 1743 1477 1798 ὀστῶν
1516 1745 1568 1799 οί
1598 1743 1811 1809 ὀδόντες
1846 1745 1905 1798 ἒν

2083 1743 2201 1799 Hoc
2219 1743 2436 1815 quidem
2486 1743 2628 1797 inter
2676 1742 2868 1797 dentes
2912 1741 3128 1813 aliaque
3165 1756 3293 1798 ossa
3347 1743 3591 1804 interest,

322 1832 403 1904 τῷ
440 1832 795 1886 αἰσθάνεσθαι
830 1832 874 1863 ’⁵
898 1848 912 1863 ·
946 1832 1131 1904 ἔχουσι
1180 1833 1290 1906 γὰρ
1333 1836 1564 1907 ἀρτικὴν
1594 1836 1833 1891 διάθεσιν
1866 1836 1907 1868 ¹¹¹

323 1921 664 1993 αίσθητικῶν
690 1921 902 1994 νεύρων
940 1925 1259 1996 φερομένων
1288 1926 1348 1979 ὲν
1380 1930 1493 1991 τοῖς
1524 1927 1906 1997 φατνώμασιν,

325 2019 387 2069 ὲν
440 2010 521 2078 οἷς
562 2013 863 2085 ῥιζοῦνταιο
906 2016 1259 2072 αἰσθάνονται
1299 2018 1358 2072 δὲ
1400 2020 1507 2072 ὑπὸ
1547 2020 1650 2089 τῆς
1689 2019 1910 2091 ὁμιλίας

322 2107 438 2161 τῶν
466 2108 723 2179 ἀμέτρων
755 2106 982 2177 ψυχρῶν
1034 2109 1133 2163 καὶ⁵
1169 2109 1412 2180 θερμῶν.
1472 2112 1632 2165 Ἀλλὰ
1665 2115 1761 2166 καί
1800 2114 1909 2167 τῶν

320 2198 576 2267 γευστῶν
608 2198 712 2268 τῆς
763 2199 1053 2271 ποιότητος
1106 2202 1631 2275 μεταλαμϐάνουσι,
1680 2205 1771 2260 διὰ
1814 2205 1908 2259 τοῦ

325 2290 530 2361 ὑμένος
553 2290 597 2321 ¹⁶
646 2289 742 2343 τοῦ
796 2290 1194 2358 ὁπαλείφοντος
1241 2293 1336 2346 τὸν
1379 2296 1651 2364 στόμαχον
1689 2295 1911 2349 καὶτὸν

322 2381 623 2450 οἰσοφάγον
649 2381 711 2444 ι’.
744 2384 839 2436 καὶ
872 2381 949 2452 μὴ
982 2383 1142 2453 μόνον
1170 2384 1442 2453 γλῶτταν,
1478 2388 1616 2441 ἀλλὰ
1656 2389 1751 2442 καὶ
1782 2390 1910 2451 τοὺς

327 2470 551 2534 ὀδόντας
578 2470 970 2540 ὀπαλείφοντος
997 2488 1009 2501 ·
1049 2472 1108 2537 ὃς
1156 2474 1252 2527 καὶ
1289 2474 1389 2545 τὴν
1427 2474 1523 2528 τοῦ
1563 2477 1834 2549 αίμωδιᾷν
1865 2477 1908 2508 ³⁸

325 2563 539 2634 νάρκην
569 2564 611 2596 ¹⁹
641 2565 827 2628 αὐτοῖς
865 2564 1169 2636 ἐπεγείρει.
1220 2567 1341 2619 Ἔτι
1374 2569 1422 2621 oi
1464 2567 1679 2632 ὀδόντες
1705 2569 1908 2639 γυμνοί

324 2657 456 2721 εἰσι,
479 2655 587 2709 τῶν
607 2655 787 2710 ἄλλων
803 2655 977 2709 ὀστῶν
1013 2658 1089 2727 μὴ
1120 2657 1289 2711 ὄντων
1310 2674 1378 2727 γυ
1386 2659 1555 2730 μνῶν’
1591 2660 1771 2715 πάντα
1799 2661 1910 2732 γὰρ

324 2744 397 2799 τά
422 2747 558 2800 ὀστᾶ
586 2745 771 2817 ἔχουσι
806 2748 1169 2818 περικείμενα
1197 2748 1246 2780 ³⁵
1294 2748 1438 2819 μύας
1480 2751 1578 2804 καὶ
1600 2750 1799 2822 δέρμω
1829 2749 1910 2803 ἑτι
1962 2748 1965 2751 “

323 2838 643 2909 διαφέρουσι
665 2838 743 2910 τῷ
776 2840 999 2894 πίπτειν
1019 2841 1114 2895 καὶ
1130 2837 1288 2905 αὖθις
1315 2840 1567 2910 φύεσθαι·
1585 2841 1648 2895 οὐ
1672 2841 1830 2913 μόνον
1853 2843 1911 2896 ἐν

326 2932 448 2994 ταῖς
467 2929 713 3000 πρώταις
724 2929 986 3001 ἡλικίαις,
1010 2931 1147 2986 ἀλλὰ
1167 2932 1262 2986 καὶ
1284 2934 1343 2987 ὲν
1362 2934 1483 2995 ταῖς
1506 2932 1744 2996 λοιπαῖς⁶
1767 2933 1913 2986 ίστό⁶

327 3038 489 3092 ρηται
503 3020 562 3074 δὲ
583 3022 678 3075 καὶ
696 3021 789 3075 ἐπὶ
804 3023 1099 3095 γερόντων.
1128 3022 1251 3077 Elei.
1271 3024 1328 3076 δὲ
1346 3022 1457 3076 τῶν
1478 3023 1710 3076 ὀδόντων
1733 3024 1783 3077 οἱ
1813 3022 1912 3093 μὲν

2010 1833 2157 1903 quod
2181 1833 2372 1887 dentes
2396 1848 2561 1887 sensu
2587 1830 2796 1901 praediti
2826 1839 2975 1895 sunt,
3002 1832 3149 1886 hunc
3199 1833 3468 1901 siquidem
3494 1850 3593 1887 ex-

2011 1934 2130 1978 acte
2156 1922 2492 1977 obtinentob
2515 1935 2713 1976 nervos
2746 1921 2837 1991 qui
2879 1922 2947 1977 ad
2996 1922 3258 1992 praesepia
3294 1924 3345 1977 in
3389 1925 3591 1994 quibus

2012 2011 2115 2080 ipsi
2139 2011 2457 2066 radicantur
2482 2012 2760 2067 declinant
2786 2029 2800 2077 ;
2820 2011 3064 2068 sentiunt
3078 2012 3248 2077 enim,
3268 2029 3391 2069 cum
3418 2014 3472 2067 in
3495 2013 3592 2068 fri-

2011 2103 2132 2173 gida
2157 2105 2282 2174 plus
2299 2103 2489 2168 nimio,
2504 2119 2570 2159 ac
2589 2105 2761 2159 calida
2790 2104 3101 2159 inciderint.
3137 2104 3243 2159 Sed
3262 2114 3316 2159 et
3340 2106 3587 2160 ciborum

2011 2194 2329 2250 discrimina
2359 2200 2675 2250 membrana
2714 2206 2979 2252 causante
3011 2197 3446 2266 deprehendunt.
3466 2213 3591 2267 qum

2011 2301 2121 2341 non
2165 2286 2327 2341 modo
2385 2287 2729 2343 stomachum
2772 2296 2828 2343 et
2879 2288 3094 2359 gulam,
3125 2289 3220 2343 sed
3261 2298 3317 2343 et
3345 2289 3589 2360 linguam

2012 2377 2295 2446 ipsam,ac
2323 2376 2490 2431 etiam
2532 2377 2724 2432 dentes
2747 2378 3021 2431 demulcet
3048 2386 3213 2447 atque
3250 2380 3518 2448 perungit,
3536 2391 3593 2432 et

2011 2469 2161 2541 ipsos
2180 2469 2307 2523 item
2321 2469 2389 2524 ad
2412 2469 2674 2525 humores
2691 2468 3064 2525 excernendos
3082 2469 3300 2525 excitat.
3320 2469 3589 2526 Praeterea

2011 2575 2137 2616 cum
2172 2560 2429 2616 omnibus
2474 2561 2695 2616 ossibus
2737 2572 2930 2616 natura
2981 2571 3160 2616 cutem
3202 2565 3592 2632 musculosque

2012 2651 2339 2715 obduxerit,
2383 2651 2517 2706 nudi
2554 2652 2655 2721 ipsi
2709 2653 3001 2720 omnisque
3047 2653 3299 2724 tegminis
3340 2662 3590 2722 expertes

2012 2752 2285 2807 visuntur.
2302 2750 2383 2806 Ad
2398 2750 2514 2805 haec
2531 2768 2545 2804 :
2564 2764 2831 2805 annorum
2851 2750 3075 2820 periodo
3088 2766 3194 2805 non
3218 2750 3382 2806 modo
3399 2752 3589 2821 prima:

2011 2837 2189 2892 aetatis
2220 2836 2583 2907 temporibus,
2616 2852 2802 2893 verum
2838 2837 3005 2893 etiam
3032 2854 3156 2908 qua:
3183 2839 3408 2908 reliquae
3437 2848 3587 2905 sunt,

2011 2936 2067 2981 et
2104 2925 2158 2980 in
2200 2927 2425 2981 senibus
2466 2926 2595 2981 item
2632 2926 2941 2991 concidere,
2976 2942 3042 2983 ac
3076 2928 3259 2982 denuo
3301 2929 3435 2983 oriri
3472 2945 3591 2983 me-

2014 3019 2204 3073 moriae
2257 3018 2531 3089 proditum
2561 3027 2665 3075 est.
2713 3018 2948 3085 Quidam
2986 3026 3171 3073 autem
3216 3034 3342 3073 raro
3377 3018 3587 3084 ordine,

325 3112 553 3182 ἀραιοὶ,
584 3114 636 3165 οί
666 3112 725 3166 δὲ
765 3113 980 3167 πυκνοί·
1011 3113 1164 3169 ἄλλοι
1202 3114 1453 3186 μεγάλοι,
1482 3116 1580 3169 καὶ
1605 3117 1785 3188 ἕτεροι
1817 3133 1910 3187 μι-

2013 3110 2107 3165 alii
2136 3110 2328 3178 denso,
2368 3110 2623 3165 nonnulli
2652 3110 2864 3173 breves,
2892 3110 3184 3181 parvique,
3218 3110 3310 3164 alii
3344 3110 3590 3181 ingentes

329 3203 473 3273 κροί·
507 3203 663 3258 ἄλλοι
708 3211 980 3275 κογχωτοὶ
1001 3246 1018 3272 ,
1066 3207 1161 3260 καὶ
1189 3206 1341 3261 ἄλλοι
1375 3207 1496 3262 κατ’
1526 3206 1748 3262 εὐθεῖαν
1790 3208 1910 3261 κεί-

328 3310 487 3364 μενοι
508 3312 521 3326 ·
555 3295 615 3348 οὐ
654 3295 816 3364 μόνον
848 3296 944 3348 ἐπὶ
989 3296 1299 3369 ἀνθρώπων
1326 3299 1396 3366 ³³,
1443 3298 1585 3353 ἀλλὰ
1612 3300 1709 3353 καὶ
1755 3298 1910 3364 ζώων

327 3384 555 3457 ἑτέρων.
582 3386 695 3440 Καὶ
724 3386 833 3459 γὰρ
861 3388 892 3440 ὀ
933 3388 1313 3463 Ἀριστοτέλης
1335 3428 1350 3455 ,
1381 3390 1453 3444 τὰ
1483 3390 1584 3461 μὲν
1611 3390 1721 3444 τῶν
1754 3389 1910 3455 ζώων

327 3477 641 3549 ἀμφόδοντα
680 3478 859 3533 καλεῖ*
891 3475 1005 3533 οἷον
1034 3479 1341 3553 ἄνθρωπον,
1384 3481 1571 3546 ἵππον,
1616 3480 1759 3547 ὄνον,
1792 3481 1912 3535 ἑλέ-

329 3585 528 3636 φαντασ
578 3570 650 3622 τὰ
689 3569 749 3623 δὲ
802 3571 1234 3643 καρχαρόδοντα·
1284 3569 1398 3625 οἷον
1444 3572 1679 3637 λέοντα,
1718 3571 1906 3637 λύκον,

327 3660 536 3729 ἄρκτον
566 3661 632 3723 ³³,
680 3660 945 3732 πάρδαλιν
965 3678 978 3692 ·
1016 3662 1085 3716 τὰ
1116 3661 1173 3715 δὲ
1203 3662 1493 3717 συνόδοντα
1525 3663 1591 3695 ³³⁸
1620 3658 1732 3716 οἷον
1769 3662 1903 3733 πρό-

329 3750 520 3815 6ατον,
557 3750 704 3821 βοῦν,
734 3749 885 3823 αἶγα,
916 3753 1154 3825 δορκάδα
1174 3771 1188 3786 ο
1216 3753 1284 3808 τὰ
1311 3754 1367 3808 δὲ
1396 3754 1768 3825 χαυλιόδοντα·
1799 3749 1912 3809 οἷον

328 3844 535 3912 χοῖρον,
586 3843 920 3915 άσφάλαγγα
945 3845 1013 3908 ’⁸,
1048 3846 1142 3899 καὶ
1171 3847 1275 3900 ὅσα
1319 3848 1445 3910 τοὺς
1477 3845 1697 3909 ὀδόντας
1742 3846 1910 3917 ὕπερ.

331 3932 617 4002 φαίνουσιν
658 3934 784 4002 ἔξω.
823 3937 966 4001 Τοὺς
997 3937 1055 3990 δὲ
1094 3936 1321 4007 μυλίτας
1351 3937 1459 3990 τῶν
1502 3936 1730 3990 ὀδόντων
1767 3936 1911 4000 τινὲς

329 4026 824 4096 σωφρονιστῆρας
857 4028 1151 4095 ἐκάλεσαν,
1182 4028 1273 4082 διά
1300 4027 1362 4081 τὸ
1388 4026 1619 4096 φύεσθαι
1652 4030 1784 4098 περὶ
1810 4026 1908 4098 τὴν

327 4114 423 4167 τοῦ
448 4114 716 4186 ἄρχεσθαι
744 4120 962 4188 φρονεῖν
987 4119 1115 4182 τοὺς
1148 4119 1344 4181 παῖδας
1370 4118 1541 4189 ὥραν.

2014 3200 2440 3256 constituuntur.
2479 3199 2621 3255 Sunt
2668 3210 2724 3255 et
2769 3200 3100 3271 conchyliati
3132 3200 3335 3271 aliqui,
3368 3200 3591 3270 quidam

2014 3307 2146 3347 vero
2179 3303 2329 3347 recto
2378 3291 2631 3361 dispositi
2660 3291 2871 3357 ordine,
2901 3300 2958 3347 et
2983 3290 3303 3360 hujusmodi
3348 3291 3587 3361 generis,

2016 3400 2124 3439 non
2167 3384 2326 3440 modo
2353 3384 2407 3439 in
2449 3384 2784 3450 hominibus,
2835 3384 2930 3439 sed
2981 3384 3147 3439 etiam
3206 3384 3258 3439 in
3313 3382 3435 3438 aliis
3469 3384 3590 3437 ani-

2015 3476 2250 3531 malibus
2273 3476 2482 3547 positos
2517 3491 2794 3532 cerneres.
2838 3475 3118 3546 Siquidem
3150 3477 3469 3531 Aristoteles
3502 3478 3591 3530 do-

2015 3575 2102 3623 cet
2129 3584 2251 3623 esse
2279 3568 2538 3623 animalia
2568 3568 2816 3638 quaedam
2841 3567 3099 3637 utrinque
3119 3567 3375 3633 dentata;
3408 3581 3590 3622 exem-

2017 3660 2091 3730 pli
2124 3659 2320 3729 gratia,
2349 3659 2649 3725 hominem,
2697 3673 2921 3729 equum,
2954 3658 3190 3723 asinum,
3222 3657 3586 3727 elephantem.

2018 3749 2278 3815 Quaedam
2326 3764 2455 3804 vero
2500 3750 2724 3805 serratis
2781 3748 3055 3814 dentibus,
3107 3757 3165 3802 ut
3217 3748 3458 3813 leonum,
3509 3750 3587 3803 le—

2017 3857 2247 3912 porum,
2320 3856 2577 3896 ursorum
2642 3857 2708 3897 ac
2766 3840 3150 3911 pantherarum
3216 3855 3423 3910 genus;
3483 3842 3587 3895 alia

2014 3936 2363 3988 continuatos
2427 3933 2681 3988 habentia
2736 3934 2961 4001 dentes,
3019 3948 3253 4001 quorum
3303 3934 3587 4004 pecudes,

2016 4027 2203 4089 boves,
2256 4040 2454 4096 caprae,
2504 4025 2875 4094 dorcadesque
2912 4034 3041 4079 sunt
3096 4043 3108 4079 :
3166 4025 3426 4079 nonnulla
3468 4041 3589 4095 qum

2014 4127 2263 4172 exsertos
2315 4118 2635 4184 sortiuntur,
2686 4126 2747 4172 ut
2790 4132 3019 4187 porcus,
3063 4117 3240 4187 talpa,
3283 4127 3590 4189 creteraqu-s

332 4205 644 4277 huiusmodi
676 4224 797 4279 quae
822 4210 1012 4266 dentes
1039 4220 1338 4277 exsertam.
1365 4210 1525 4275 Sunt,
1582 4210 1674 4281 qui
1710 4216 1948 4266 molares
1984 4209 2175 4267 dentes
2250 4210 2699 4282 σωφρονιστῆρας
2737 4209 3005 4278 dictitant,
3030 4210 3176 4282 quod
3207 4209 3263 4266 in
3301 4219 3424 4267 ortu
3463 4227 3584 4277 suo,

332 4302 636 4371 prudentiae
669 4304 1032 4374 percipiendae
1088 4313 1333 4376 tempora
1364 4305 1550 4376 pueris
1606 4305 1902 4369 adducant.

408 4394 473 4449 'H
500 4395 558 4450 δὲ
586 4397 885 4469 συνέχουσα
931 4400 1131 4463 αὐτοὺς
1174 4399 1312 4471 σάρξ
1352 4397 1543 4455 οὖλον
1569 4399 1906 4471 ὠνόμασται,

2086 4399 2229 4455 Caro
2254 4408 2431 4455 autem
2460 4415 2583 4470 quae
2612 4399 2761 4471 ipsas
2789 4400 3197 4470 complectitur,
3226 4399 3440 4469 gingiva
3471 4409 3582 4461 est,

325 4484 415 4539 διά
440 4485 503 4537 τὸ
548 4486 825 4556 τρυφερὸν
856 4488 1024 4559 αὐτῆς
1058 4490 1153 4543 καὶ
1179 4488 1408 4543 ἁπαλόνο
1440 4488 1473 4560 ἢ
1506 4489 1658 4561 παρὰ
1686 4488 1748 4544 τὸ
1769 4490 1907 4561 ἡλῶ·

2013 4505 2134 4561 quae
2158 4487 2313 4546 οὖλον
2348 4492 2416 4547 ab
2459 4491 2567 4547 illis
2592 4492 2663 4547 ob
2702 4492 2898 4547 molem
2925 4491 3066 4560 eius,
3094 4498 3445 4557 leneramque
3482 4504 3585 4542 na-

325 4577 517 4647 τρόπῳ
543 4579 652 4649 γάρ
672 4595 780 4631 τινι
804 4578 949 4650 ήλῶν
973 4578 1133 4645 τάξιν
1155 4581 1201 4613 ’⁸
1224 4580 1413 4652 ὶπέχει
1443 4582 1524 4645 είς
1549 4580 1910 4652 διακράτησιν

2013 4592 2187 4638 turam
2211 4584 2513 4654 appellatur
2552 4602 2566 4639 :
2613 4584 2698 4640 vel
2726 4584 2815 4638 illa
2842 4583 2950 4637 ἀπὸ
2976 4582 3069 4636 τοῦ
3096 4581 3411 4653 είλεῖν,.8ο
3438 4582 3583 4651 quod

328 4667 437 4720 τῶν
467 4668 719 4722 όδόντων’
768 4670 801 4739 ἢ
844 4672 926 4723 ὅτι
966 4672 1132 4743 οὐλὴν
1176 4671 1321 4743 ἔχει,
1371 4672 1472 4744 τὴν
1517 4674 1909 4743 ὲπιγινομένην

2013 4673 2274 4728 inuoluere
2331 4675 2579 4741 diceres,
2640 4691 2766 4729 nam
2836 4673 3291 4728 continendorum
3339 4674 3581 4727 dentium

325 4760 389 4829 τῇ
422 4758 530 4812 τῶν
554 4762 841 4831 φυομένων
881 4761 1114 4816 ὀδόντων
1146 4763 1386 4834 διακοπῇ
1416 4803 1430 4828 ,
1471 4764 1565 4817 καὶ
1608 4763 1905 4833 ὑγιαζομέ-

2013 4764 2203 4833 gratia,
2231 4764 2364 4833 ipsis
2398 4764 2731 4829 involvitur;
2758 4763 2839 4819 vel
2867 4762 3013 4834 quod
3042 4762 3355 4817 cicatricem
3387 4764 3584 4823 habeat

326 4867 442 4920 νην.
474 4850 618 4922 υύλὴ
647 4852 753 4924 γὰρ
788 4854 848 4906 τὸ
894 4853 1157 4920 ὑγιασθὲν
1183 4852 1426 4924 τραῦμαπ
1465 4853 1621 4907 ἐνθεν
1674 4853 1771 4906 καὶ
1819 4853 1897 4919 τὸ,

2013 4854 2273 4917 vulneris,
2303 4855 2447 4923 quod
2477 4869 2542 4909 ex
2574 4865 2696 4909 ortu
2725 4853 2971 4908 dentium
3003 4852 3229 4916 factum,
3251 4862 3305 4907 et
3328 4862 3579 4908 sanatum

328 4936 490 5002 Οὗλε.
537 4943 785 5011 Ὑγίαινε
830 4946 895 4977 ’⁸⁸
935 4941 1093 5000 Οὗλέ
1130 4961 1230 5011 t8,
1280 4946 1380 5000 καί
1419 4945 1573 5015 μέγα
1613 4944 1777 5013 χαῖρε
1814 4944 1899 5015 (ι).

2013 4954 2112 5008 est,
2146 4960 2266 5014 qua:
2299 4945 2484 5000 Graece
2532 4945 2661 5017 οὐλὴ
2718 4945 2937 5000 dicitur.
2973 4945 3277 5015 Siquidem,
3329 4945 3577 4999 medicati

324 5030 589 5099 Λέγονται
635 5034 695 5087 δὲ
742 5035 787 5067 ’⁷
858 5036 1043 5105 τρίχες
1104 5032 1295 5099 οὖλαι,
1353 5038 1411 5091 αἱ
1450 5036 1496 5068 ’⁸
1552 5035 1900 5106 είλούμεναι,

2013 5035 2252 5091 vulneris
2298 5037 2589 5107 vestigium
2630 5037 2853 5092 cicatrix
2912 5047 3279 5107 nuncupatur,
3308 5036 3449 5092 unde
3500 5037 3577 5092 illi

327 5126 479 5195 παρὰ
520 5125 580 5178 τὸ
630 5128 889 5182 είλεῐσθαι
926 5129 990 5160 ’ὀ
1027 5130 1122 5181 καὶ
1165 5128 1323 5181 οὐλαὶ
1361 5129 1419 5183 αί
1454 5128 1641 5201 κριθαί
1678 5129 1757 5161 ’⁸ο
1809 5128 1906 5183 καὶ

2013 5121 2134 5179 οὖλε
2169 5124 2351 5181 dicere
2380 5127 2577 5194 solent,
2635 5128 2803 5194 salve,
2836 5128 2921 5183 vel
2944 5128 3083 5182 vale.
3118 5124 3231 5182 Sed
3255 5135 3307 5181 et
3334 5126 3470 5197 pilos
3504 5126 3591 5181 ita-

432 5304 464 5383 '_
490 5304 589 5383 μὲν
616 5320 726 5383 om.
761 5305 821 5357 Β.
873 5303 1231 5383 ᾖᾼμονόριζοι
1266 5306 1325 5359 Β.
1359 5375 1384 5383 _
1432 5306 1475 5338 "
1504 5306 1792 5383 μρνόριζοι⁸
1817 5307 1877 5360 Β.
1920 5378 1941 5383 _
1984 5308 2039 5383 “_
2056 5310 2291 5383 τρίριζοι
2322 5314 2383 5367 Β.
2486 5312 2875 5383 ’ζτετράριζοι
2920 5310 2980 5366 Β.
3010 5382 3013 5383 ν
3086 5313 3127 5344 ⁸³
3148 5310 3481 5383 συνέχουσαι

329 5371 375 5402 ’⁸
411 5371 762 5454 αἰσθάνεσθαι
783 5391 796 5404 ·
831 5371 1122 5454 αίσρητὶικᾶ
1145 5375 1461 5454 χάρίνεῠρα
1490 5371 1747 5454 φέρονται
1776 5379 1835 5429 ἐν
1857 5378 1971 5454 τοῖς
2005 5371 2110 5454 P.:
2145 5371 2189 5413 ί⁸
2217 5371 2482 5454 ⁷ατσίὶησιν
2532 5380 2621 5454 Bt
2662 5371 2716 5414 ’⁸⁸
2897 5382 3109 5454 ἑκείνου
3146 5382 3184 5435 Β
3209 5371 3320 5454 P._"
3354 5377 3577 5454 ”__6gtb-

325 5443 1106 5530 φφτῖὶθ⁸·..,.¹ῗ.μωδτᾷχ⁷¹³·..
1145 5446 1187 5530 ξ’
1224 5443 1512 5530 “alme:
1550 5443 1646 5530 ."'
1677 5443 2657 5530 τξεεᾱκείμξγονέυπξρικειὲιέθρυξὲδο
2746 5443 2909 5530 1"???
2930 5451 3236 5530 ἐνθρέιέπωγ
3262 5452 3324 5530 9-
3400 5451 3446 5530 ff
3478 5450 3581 5530 ﬁt.-

329 5469 499 5511 ψαγυν
529 5469 587 5495 υ.
700 5469 740 5477 ·-
768 5469 973 5518 μωοιᾳν
1004 5469 1064 5500 υ.
1145 5469 1185 5477 ’⁷
1224 5469 1398 5516 ναρκη
1423 5469 1489 5502 Δ.
1600 5469 1645 5478 "
1677 5469 2056 5519 περικειμενον
2076 5469 2137 5511 ι).
2154 5469 2221 5504 πε
2264 5469 2572 5524 ικειμενους
2600 5469 2657 5506 I’.
2747 5469 2788 5484 "
2822 5469 2906 5505 επ
2935 5469 3236 5522 ανυρωπων
3264 5469 3324 5509 υ.
3402 5469 3446 5481 ’⁸
3478 5469 3574 5519 αρ-

329 5528 424 5563 κον
450 5512 508 5563 Β.
584 5513 629 5542 ’³
648 5514 899 5581 βούδοντα
927 5515 989 5571 C.
1066 5515 1111 5548 "
1138 5516 1431 5585 ἀσφάλακα
1456 5517 1515 5571 Β.
1539 5516 1741 5574 ἀσπαλ.
1764 5519 1824 5571 Ρ.
1932 5519 1977 5552 ’⁸
2006 5519 2158 5586 τάξιν
2191 5469 2275 5593 ης.
2311 5521 2368 5577 Β.
2445 5524 2491 5556 ³⁸
2518 5519 2691 5579 οὖλαι.
2722 5523 2781 5577 τὸ
2813 5525 2901 5592 ὑγ.
2930 5522 2988 5578 Β.
3066 5522 3111 5553 ³⁷
3139 5522 3231 5575 καὶ
3261 5523 3323 5578 Β.
3400 5520 3444 5552 ’⁸
3478 5526 3574 5574 καὶ

330 5578 392 5635 Β.
467 5581 510 5612 ⁸³
541 5581 786 5652 είλῆσθαι
818 5584 878 5639 Β.
953 5587 999 5619 ³⁸
1031 5588 1089 5642 αί
1124 5603 1216 5658 κρ.
1248 5603 1358 5644 om.
1394 5587 1453 5644 Β.
2170 5622 2171 5625 η

400 5735 464 5807 (ι)
501 5732 605 5792 Od.
631 5734 690 5789 ο.
721 5734 843 5791 tm.
