4054 6216
326 272 464 329 “9':
1582 270 1671 325 DE
1707 269 1998 328 NATURA
2043 268 2346 328 IIOMINIS.
3467 273 3608 332 N98

316 394 397 464 τῷ
428 389 776 446 καταπίνειν.
814 389 1038 458 Λαιμὸς
1064 387 1124 443 δὲ
1146 388 1242 442 καὶ
1270 389 1505 459 λάρυγξ
1544 390 1659 453 τοῖς
1681 389 1892 459 όνόμασ

2015 389 2078 444 τὸ
2132 389 2351 459 πνεῦμα
2407 384 2641 449 ἐκεῖθεν,
2705 385 2853 456 quod
2904 386 3030 442 imle
3078 385 3340 443 videlicet
3381 391 3607 459 spiritus

314 485 642 558 διαφέρουσι
676 483 863 554 μόνον·
912 483 1068 554 παρὰ
1092 484 1203 555 γὰρ
1228 482 1288 536 τὸ
1311 482 1507 545 λαίειν,
1538 482 1572 553 ἢ
1614 481 1861 547 λαύσειν,
1889 483 1899 535 i

2018 482 2284 551 prosiliat,
2323 478 2406 535 vel
2435 478 2592 549 quasi
2617 477 2889 548 άνθερών,
2921 479 3024 533 hoc
3051 480 3406 536 tantumdem:
3428 482 3607 546 valet‘.

294 580 436 631 tam
468 579 528 631 τὸ
570 576 874 631 ἁπολάσειν
893 577 961 640 ⁵⁸,
995 576 1287 645 ἀμφότερα
1322 575 1658 647 παράγεταιο
1691 573 1780 628 διὰ
1807 573 1899 646 γὰρ

2020 589 2086 628 ac
2135 573 2182 628 si
2243 573 2455 628 obicem
2491 570 2665 637 dicas,
2707 566 2854 647 quod
2894 571 3040 637 cibo,
3066 572 3195 627 dum
3247 587 3373 627 eum
3416 574 3607 643 deglu-

317 670 514 742 λαιμοῦ
561 671 659 725 καὶ
702 670 983 740 λάρυγγος
1014 669 1114 740 τὴν
1159 668 1466 722 ἀπόλαυσιν
1515 667 1754 738 ἔσχομεν
1804 667 1899 719 τῶι

2021 666 2209 731 timus,
2235 681 2302 720 ne
2330 666 2383 719 in
2414 663 2674 719 arteriam
2705 663 2930 726 incidat,
2961 664 3244 719 obstaculo
3278 673 3383 720 est.
3408 664 3609 721 Guttur

315 764 556 833 τροφῶνο
587 761 817 832 λαιμᾷν
839 761 949 833 γὰρ
982 760 1044 814 τὸ
1078 759 1502 824 ἀπολαυστικῶς
1526 759 1673 830 ἔχειν
1697 759 1899 833 εἴρηται

2021 766 2203 813 autem
2230 757 2447 828 λαιμὸς,
2482 758 2577 811 καὶ
2612 756 2820 827 λάρυγξ
2845 756 3045 811 dicitur
3080 757 3331 827 (utraque
3366 757 3481 813 haec
3512 774 3609 812 no-

316 858 471 929 παρά
497 875 666 911 τισιν.

2022 850 2169 905 mine
2201 855 2437 912 tantum,
2480 848 2616 903 nihil
2663 864 2793 904 vero
2847 864 2906 902 re
2950 848 3289 918 discrepant,
3336 850 3606 916 siquidem

316 949 549 1019 a-qnalia
605 947 791 1003 munia
832 944 1147 1017 peragunt),
1190 944 1340 1017 παρὰ
1366 944 1429 999 τὸ
1467 944 1762 1001 ἀπολαύειν
1808 942 2059 1007 deducta,
2095 940 2242 1011 quod
2312 940 2423 1010 frui
2488 939 2725 1006 diceres,
2790 939 3062 1013 siquidem
3127 940 3305 1013 hujus-
3355 942 3606 998 ministe-

317 1046 402 1097 rio
424 1041 809 1096 alimentorum
833 1039 1022 1095 usibus
1050 1038 1307 1094 fruimur.

398 1186 462 1239 Ἦ
497 1186 554 1238 δὲ
586 1184 925 1254 ὑποκειμένη
966 1183 1043 1255 τῷ
1080 1184 1323 1256 λάρυγγι
1366 1182 1620 1254 ἀρτηρία
1662 1181 1908 1252 τραχεῖα

316 1278 658 1348 ὠνόμασται,
683 1279 747 1330 ὲκ
769 1276 863 1329 τοῦ
888 1276 1194 1346 πνεύμονος
1234 1275 1600 1348 ἀνερχομένη,
1638 1274 1714 1340 ὡς
1743 1277 1911 1347 πόρος

315 1365 450 1423 οὖσα
498 1367 692 1422 αὑτοῦ·
730 1367 1003 1437 τετύχηκε
1048 1368 1106 1420 δὲ
1139 1367 1336 1422 τούτου
1378 1366 1473 1421 τοῦ
1505 1367 1772 1439 ὀνόματος
1811 1366 1905 1419 τοῦ

314 1461 544 1528 τραχεῖα
592 1457 887 1526 λέγεσθαι,
941 1457 1134 1528 ἐπειδὴ
1186 1457 1473 1525 σύγκειται
1520 1460 1585 1512 ὲκ
1632 1456 1909 1528 διαφόρων

314 1551 535 1613 οὑσιῶν,
575 1550 889 1621 χονδρωδῶν
915 1549 1064 1618 λέγω
1101 1552 1196 1604 καὶ
1226 1551 1543 1621 ὑμενωδὼν.
1590 1549 1761 1614 Εἰδὼς
1792 1550 1909 1621 γάρ

315 1644 343 1695 ὁ
366 1641 632 1712 Τεχνίτης
661 1642 762 1713 τῆς
800 1641 1016 1710 φύσεως
1049 1644 1134 1695 ὅτι
1170 1642 1461 1713 διαφόρους
1488 1641 1680 1713 ἔμελλε
1709 1642 1903 1714 χρείας

2080 1173 2245 1245 Atqui
2297 1174 2497 1229 arteria
2547 1174 2664 1245 ipsa
2696 1188 2817 1247 qua:
2846 1174 3052 1247 gutturi
3106 1174 3352 1246 subjecta
3399 1186 3516 1242 est,
3573 1194 3603 1235 a

2011 1269 2270 1339 pulmone
2332 1274 2511 1321 ortum
2575 1280 2845 1333 sumens,
2897 1265 3055 1335 cujus
3101 1274 3155 1321 et
3218 1276 3434 1325 meatus
3474 1277 3602 1335 est,

2011 1376 2204 1432 aspera
2255 1367 2606 1428 nuncupatur
2640 1376 2653 1413 :
2685 1370 2847 1429 quam
2886 1356 3011 1413 Inde
3058 1373 3306 1429 asperam
3340 1361 3445 1416 dici
3482 1376 3605 1417 cer-

2009 1461 2125 1505 tum
2178 1456 2282 1516 est,
2361 1447 2506 1518 quod
2540 1487 2556 1512 ,
2615 1460 2644 1501 a
2716 1447 2949 1502 diversis
3012 1446 3381 1517 substantiis,
3431 1467 3603 1506 mem-

2010 1542 2250 1607 branea,
2316 1540 2539 1611 inquam
2572 1579 2588 1606 ,
2638 1539 3102 1611 cartilaglneaque
3153 1544 3602 1599 conatitutioncm

2010 1633 2201 1689 sortita
2263 1632 2353 1688 sit.
2418 1630 2555 1688 Cum
2617 1640 2825 1687 naturae
2875 1630 3110 1703 Opifex,
3172 1636 3384 1690 arteria:
3443 1635 3598 1706 ipsi,

313 1731 601 1785 ἀποτελεῖν
633 1735 702 1803 τῇ
745 1749 802 1785 τε
834 1734 1079 1802 ἀναπνοῇ
1117 1733 1212 1785 καὶ⁴
1243 1735 1309 1803 τῇ
1343 1735 1494 1804 φωνῇ
1514 1773 1528 1795 ,
1557 1734 1623 1785 ὲκ
1663 1733 1899 1804 χονδρώ-

2011 1734 2224 1790 diversa
2264 1734 2483 1805 explere
2531 1733 2753 1799 munia,
2804 1733 3033 1805 spiritus
3067 1734 3327 1791 videlicet
3358 1737 3601 1807 recipro-

312 1824 433 1886 δους
477 1824 666 1887 οὐσίας
716 1823 888 1893 αὐτὴν
928 1825 1261 1892 ὲτεχνάσατο
1304 1826 1397 1875 καὶ
1436 1822 1777 1894 ὑμενώδους,
1817 1824 1906 1877 διὰ

312 1913 411 1985 τὴν
447 1915 545 1984 τῆς
584 1914 805 1984 φωνῆς,
846 1913 921 1976 ώς
961 1915 1055 1967 ἐπὶ
1100 1913 1163 1967 τὸ
1202 1915 1458 1968 πλεῖστον
1502 1916 1714 1985 χρείαν.
1759 1914 1908 1968 Ἔδει

312 2006 423 2075 γάρ
449 2006 549 2073 τὴν
577 2003 760 2076 φωνὴν
794 2005 1007 2077 στερεῷ
1036 2023 1142 2061 τινι
1176 2005 1391 2075 σώματι
1419 2006 1784 2078 προσκρούειν
1812 2008 1906 2061 καὶ

314 2095 390 2166 μὴ
420 2095 671 2166 μαλακῷ·
714 2097 980 2166 ἀλαμπὴς
1005 2098 1112 2168 γὰρ
1142 2097 1208 2150 ἂν
1246 2096 1423 2161 οὕτως
1460 2094 1693 2166 ἐγίνετο.
1734 2096 1904 2152 Πάλιν
1950 2120 1955 2125 ⁴

309 2186 361 2237 εἰ
399 2188 464 2239 ὲκ
500 2186 738 2258 χόνδρων
782 2188 958 2258 μόνων
986 2189 1030 2221 ⁸¹
1076 2187 1389 2251 συνέκειτο,
1434 2182 1534 2240 ούκ
1578 2186 1643 2242 ἂν
1678 2186 1905 2242 ἐδύνατο

309 2278 404 2330 ἐπὶ
438 2278 597 2333 πλέον
623 2283 668 2313 ⁸⁸
705 2281 1064 2350 διασταλῆναι
1101 2283 1160 2335 ὲν
1196 2284 1319 2344 ταῖς
1353 2279 1620 2351 μεγάλαις
1661 2282 1900 2349 φωναῖς,

310 2370 406 2424 καὶ
432 2370 721 2443 διαρκέσαι
761 2375 817 2427 ὲν
852 2376 918 2444 τῇ
946 2373 1215 2443 άναπνοῇ.
1255 2370 1365 2425 Καὶ
1392 2370 1481 2424 διὰ
1504 2371 1662 2425 τοῦτο
1695 2371 1898 2442 μεταξὺ

307 2461 418 2513 τῶν
452 2463 691 2534 χόνδρων
720 2465 845 2527 τοὺς
882 2462 1088 2533 ὑμένας
1119 2464 1463 2517 συντέθεικεν
1487 2462 1553 2497 ⁸³·
1580 2464 1721 2517 ὥστε
1768 2465 1896 2527 τοὺς

307 2552 565 2623 χόνδρους
594 2553 693 2623 μὲν
717 2554 807 2607 διὰ
831 2554 930 2626 τὴν
952 2555 1160 2625 φωνὴν,
1194 2555 1321 2619 τοὺς
1348 2554 1557 2625 ὑμένας
1593 2554 1649 2608 δὲ
1673 2554 1762 2609 διὰ
1790 2555 1892 2624 τὴν

306 2645 581 2716 ἀναπνοὴν
600 2645 646 2679 ⁸⁸
670 2647 950 2716 γενέσθαι.

2022 1827 2255 1884 cationis
2303 1835 2357 1883 et
2408 1825 2710 1882 formandae
2761 1826 2912 1882 vocis
2968 1843 3108 1898 opus
3156 1842 3279 1883 esse
3354 1828 3599 1884 animad-

2008 1928 2291 1984 verteret,
2343 1918 2544 1989 duplici
2610 1919 2756 1972 illam
2819 1929 3014 1974 natura
3066 1918 3421 1990 compositam
3478 1935 3600 1990 pro-

2010 2007 2197 2072 duxit,
2229 2008 2322 2064 sed
2359 2008 2425 2062 ad
2462 2008 2566 2063 hoc
2606 2008 2905 2078 praasertim
2950 2018 3009 2063 ut
3039 2008 3188 2064 vocis
3220 2009 3342 2064 usui
3377 2007 3599 2065 sufﬁce-

2015 2111 2116 2157 ret.
2141 2098 2458 2164 Enimvero,
2498 2114 2684 2154 vocem
2718 2099 2918 2169 ipsam,
2963 2100 3138 2154 solido
3165 2100 3328 2155 alicui
3352 2102 3592 2172 corpori,

2011 2210 2128 2249 non
2172 2201 2354 2248 autem
2388 2192 2539 2247 molli
2576 2191 2804 2263 impingi
2841 2192 3105 2262 oportuit,
3142 2193 3408 2262 quiaehoc
3432 2203 3605 2264 pacto

2010 2287 2130 2341 sine
2202 2300 2340 2341 sono
2412 2294 2578 2341 esset.
2643 2283 2700 2338 Si
2782 2284 3130 2355 cartilaginea
3216 2287 3593 2342 tantummodo

2009 2392 2207 2431 natura
2263 2373 2465 2431 arteria
2522 2384 2823 2441 constaret,
2857 2374 2967 2446 82
3000 2376 3051 2429 in
3078 2376 3415 2432 vehementis
3442 2378 3591 2434 vocis

2002 2466 2335 2529 emissione,
2380 2465 2631 2536 plurimae
2661 2464 2826 2521 simul
2878 2466 3206 2531 extensioni,
3246 2483 3311 2525 ac
3366 2468 3601 2538 spiritus

1998 2554 2437 2625 reeiprocationi,
2468 2556 2715 2613 sullicere
2745 2556 3058 2627 neutiquam
3102 2570 3307 2627 posset.
3339 2558 3451 2616 Hac
3489 2562 3591 2616 ita-

1992 2659 2100 2715 que
2134 2645 2199 2699 de
2229 2659 2416 2710 causa,
2451 2646 2835 2719 cartilaginem
2853 2665 2977 2704 cum
3010 2652 3325 2707 membrana
3360 2667 3591 2722 compo-

306 2742 434 2805 suit,
466 2757 609 2812 quo,
637 2749 806 2799 altera
843 2744 1063 2816 quidem
1099 2743 1167 2799 ad
1190 2744 1339 2800 vocis
1376 2759 1535 2800 usum
1588 2744 1680 2809 sit,
1711 2740 2026 2798 membrana
2058 2756 2192 2797 vero
2226 2738 2573 2813 respirationi
2625 2743 3163 2800 accommodaretur-

376 2875 618 2947 Tpaxeia.
648 2877 747 2948 μὲν
776 2872 869 2931 οὖν
897 2879 1046 2930 ἐστιν
1068 2877 1289 2941 ἔξωθεν·
1322 2876 1524 2930 ἔσωθεν
1551 2876 1607 2929 δὲ
1630 2875 1731 2930 οὐκ
1754 2874 1836 2927 ἔτι
1857 2890 1874 2907 ο

308 2968 596 3038 ὑπαλείφει
623 2970 732 3041 γὰρ
765 2969 937 3038 αὐτῆς
954 2969 1076 3022 ὅλον
1098 2970 1189 3023 τὸν
1217 2970 1383 3035 πόρον
1424 2968 1570 3040 ὑμήν
1605 2984 1689 3029 τις
1717 2968 1881 3028 λεῖος,

308 3060 395 3114 ῐνα
421 3061 494 3132 μὴ
517 3062 941 3134 προσπίπτουσα
967 3062 1000 3132 ἠ
1022 3061 1318 3131 τῆςφωνῆς
1339 3058 1441 3130 ὕλη
1459 3058 1792 3132 τραχύνηται
1815 3057 1883 3089 II-

2055 2872 2182 2930 Hrec
2204 2882 2384 2930 autem
2416 2873 2643 2939 arteria,
2666 2874 3014 2929 extrinsecus
3049 2889 3274 2943 aspera;
3310 2874 3433 2945 ejus
3458 2892 3589 2932 vero

1989 2967 2135 3033 quod
2162 2967 2309 3023 intus
2337 2975 2442 3034 est,
2462 2966 2782 3037 neutiquam
2803 2966 2928 3031 tale,
2944 2966 3037 3022 sed
3054 2967 3140 3021 illa
3159 2982 3222 3021 ex
3240 2980 3393 3038 parte
3410 2968 3587 3039 ipsam

1988 3067 2160 3112 totam
2198 3059 2339 3114 levis
2362 3058 2654 3113 admodum
2684 3058 2933 3128 quaedam
2968 3059 3283 3114 membrana
3318 3061 3489 3127 velat,
3520 3076 3589 3117 ne

309 3149 408 3223 ὕλη
432 3153 488 3206 δὲ
506 3153 690 3221 φωνῆς
713 3153 933 3223 πνεῦμά
953 3155 1101 3207 ἐστι.
1123 3153 1356 3223 Πλησίον
1375 3152 1433 3204 δὲ
1450 3152 1657 3220 ταύτης
1680 3150 1775 3202 καὶ⁵
1794 3149 1823 3201 ὁ
1839 3149 1887 3181 ⁸⁸

2007 3151 2197 3204 ιοίΙίοει
2223 3151 2469 3220 spiritus,
2498 3150 2591 3220 qui
2624 3152 2775 3205 vocis
2799 3151 3025 3205 materia
3055 3161 3171 3215 est,
3206 3153 3257 3205 in
3289 3168 3455 3224 rugas
3503 3152 3589 3207 in-

308 3244 608 3311 οἰσοφάγος
634 3244 817 3313 ἐπάγη
845 3259 859 3274 ο
885 3245 1055 3314 πόρος
1082 3244 1139 3296 δέ
1170 3246 1287 3295 ἐστι
1317 3243 1413 3297 καὶ
1442 3243 1604 3306 αὑτὸς
1634 3243 1736 3313 τῆς
1787 3260 1887 3311 γα-

2007 3240 2182 3295 :idens
2238 3256 2401 3310 asper
2448 3239 2789 3295 redderetur.
2845 3240 2951 3310 Ipsi
3000 3251 3180 3296 autem
3239 3243 3365 3311 gula
3420 3260 3585 3313 quam

312 3335 471 3405 στρδς
498 3377 514 3401 ,
547 3339 606 3389 ὲν
635 3336 773 3405 αὐτῇ
806 3335 906 3405 τὴν
948 3334 1157 3407 τροφὴν
1208 3334 1601 3406 προσκομίζων
1627 3349 1642 3363 ·
1676 3335 1741 3387 ὲκ
1793 3333 1888 3387 τοῦ

2007 3330 2289 3399 ›ἰσοφάγον
2336 3329 2509 3385 Graeci
2541 3330 2845 3400 appellant,
2883 3340 3165 3400 compacta
3195 3330 3456 3399 adhaeret,
3477 3335 3575 3404 qui

309 3428 406 3480 οἴω
426 3426 488 3480 τὸ
508 3425 726 3496 κομίζω
750 3425 926 3487 οὕτως
952 3426 1279 3497 ὀνομασθείς
1301 3441 1315 3457 ’
1352 3427 1471 3479 ἔστι
1500 3426 1557 3479 δὲ
1600 3426 1698 3479 καὶ
1731 3426 1894 3489 αὑτὸς

308 3516 613 3589 νευρώδης,
638 3517 733 3571 καὶ
758 3514 871 3571 οἷον
895 3518 1258 3590 ὲντεροειδής.
1290 3518 1373 3570 Τά
1404 3518 1462 3572 δὲ
1492 3520 1827 3589 «aptaapta
1846 3518 1890 3557 ⁸⁷

314 3610 520 3680 σαρκία
559 3611 667 3663 elei
685 3610 733 3644 ⁸⁸
777 3609 872 3663 τοῦ
908 3609 1204 3681 φάρυγγος
1240 3608 1427 3681 μυώδη
1485 3610 1583 3665 καὶ
1607 3610 1851 3681 νευρώδη
1877 3623 1892 3638 ⁸

308 3699 559 3768 λέγονται
583 3700 645 3754 δὲ
667 3699 839 3765 οὑτως
860 3701 952 3755 διὰ
974 3702 1034 3754 τὸ
1068 3702 1256 3754 στενὸν
1286 3701 1384 3755 τοῦ
1408 3704 1466 3754 ὲν
1493 3696 1539 3770 ᾧ
1560 3702 1666 3755 εἰσι
1688 3702 1854 3754 τόπου
1875 3717 1889 3730 ·

309 3794 408 3846 καὶ
437 3792 526 3847 διὰ
552 3794 615 3847 τὸ
651 3794 1026 3865 παρακεῖσθαι
1054 3793 1134 3864 τῷ
1159 3794 1338 3865 ἰσθμῷ
1362 3811 1378 3826 ο
1413 3795 1627 3863 ἰσθμὸς
1655 3793 1714 3847 δέ
1746 3795 1894 3846 ἐστιν

310 3883 338 3934 ό
370 3883 557 3946 στενὸς
584 3884 773 3945 τόπος.
805 3883 872 3936 δι’
901 3879 962 3937 οὑ
993 3882 1140 3936 ἐστιν
1166 3883 1302 3936 ἰέναι
1334 3883 1432 3954 τὴν
1468 3883 1640 3953 πνοήν
1666 3898 1680 3912 °
1718 3883 1753 3952 ὴ
1784 3881 1897 3952 γὰρ

316 3973 521 4042 μεταξὺ
546 3975 702 4047 χώρα
734 3974 831 4028 τοῦ
859 3975 1158 4046 οἰσοφάγου
1183 3977 1278 4028 καὶ
1317 3978 1415 4045 τῆς
1445 3975 1708 4047 τραχείας
1729 3977 1895 4045 ἀρτηο

312 4067 457 4136 ρίας,
494 4067 689 4137 ἰσθμὸς
714 4068 991 4130 καλεῖται,
1018 4069 1171 4138 παρὰ
1207 4067 1266 4120 τὸ
1289 4070 1333 4100 ⁵³
1362 4067 1427 4121 δι’
1455 4066 1623 4121 αὑτοῦ
1656 4067 1888 4120 εἰσιέναι

308 4158 377 4210 τά
416 4156 686 4227 βρώματα
720 4157 812 4211 καὶ
852 4158 921 4212 τὰ
953 4158 1178 4229 πόματα
1204 4158 1272 4212 ⁸⁸.
1306 4157 1472 4212 Ὅθεν
1497 4157 1594 4211 καὶ
1637 4156 1894 4225 παρισθ-

305 4264 412 4316 pta
439 4250 536 4302 καὶ
570 4248 913 4315 ἁηιάδεςσί
961 4249 1239 4318 λέγονται,
1285 4249 1376 4303 διὰ
1427 4249 1488 4303 τὸ
1544 4247 1893 4303 ἀντικεῖσθαι

308 4339 581 4409 ἀλλήλοις.
635 4340 796 4404 Τινὲς
857 4340 917 4393 δὲ
971 4342 1067 4395 καὶ
1110 4340 1353 4411 βράγχη
1407 4340 1666 4394 καλοῦσιν
1723 4340 1891 4395 αὑτά·

329 4432 541 4485 ἐκεῖθεν
569 4430 679 4503 γὰρ
708 4433 809 4486 καὶ
831 4434 895 4486 τὸ
942 4433 1210 4505 βραγχιᾷν
1263 4433 1435 4497 πάθος
1482 4434 1720 4502 γίνεται.
1776 4434 1897 4488 Πᾶν

325 4523 434 4593 γὰρ
465 4523 632 4595 ὑγρὸν
651 4526 714 4577 ὲκ
736 4524 1042 4595 φάρυγγος,
1070 4526 1165 4578 καὶ
1198 4525 1497 4595 λάρυγγος,
1522 4526 1616 4579 καὶ
1639 4526 1771 4597 βραγ
1783 4526 1895 4597 χῶν

1994 3432 2207 3477 meatus
2240 3423 2308 3476 ad
2340 3423 2522 3477 alvum
2551 3422 2745 3485 tendit,
2784 3437 2880 3491 per
2918 3438 3080 3492 quem
3112 3422 3217 3493 ipsi
3259 3424 3581 3481 alimentum

2006 3514 2471 3570 subministratur.
2540 3512 2668 3568 Inde
2697 3513 2991 3583 οἰσοφάγον
3021 3515 3165 3570 dicta
3227 3517 3294 3569 ὲκ
3348 3516 3446 3570 τοῦ
3490 3518 3590 3571 οῐω

2003 3606 2069 3659 ἰδ
2113 3606 2350 3675 κομίζω,
2393 3605 2539 3675 quod
2563 3605 2814 3660 videlicet
2838 3605 2961 3660 alvo
2990 3606 3308 3660 alimentum
3369 3607 3581 3665 afferat.

2005 3695 2073 3751 Et
2118 3697 2236 3766 ipsa
2272 3696 2493 3765 quidem
2546 3696 2730 3750 nervis
2756 3693 2978 3760 referta,
3025 3704 3081 3751 et
3124 3697 3283 3768 quasi
3331 3698 3589 3754 intestino

1994 3787 2192 3841 similis
2229 3795 2333 3842 est.
2367 3785 2472 3841 Sed
2502 3796 2557 3842 et
2588 3786 2844 3850 tonsillae,
2881 3803 3005 3857 quae
3034 3789 3104 3842 ab
3130 3788 3217 3844 his
3246 3788 3585 3861 παρίσθμια,

1996 3876 2238 3931 faucium
2289 3878 2527 3947 gutturis
2580 3879 2890 3933 caruncula}
2939 3889 3106 3945 sunt,
3163 3880 3426 3936 musculis
3466 3896 3590 3935 ner-

1995 3970 2191 4039 visque
2220 3968 2462 4036 rel‘ertae,
2488 3968 2802 4041 παρίσθμια
2835 3970 2904 4026 ob
2923 3971 3025 4026 loci
3056 3972 3359 4041 angustiam
3392 3973 3446 4026 in
3477 3988 3589 4043 quo

1996 4058 2313 4115 consistunt
2344 4059 2502 4115 dictae
2534 4060 2682 4130 quod
2714 4060 2901 4116 isthmi
2940 4060 3357 4115 similitudinem
3388 4076 3591 4130 reprae-

1996 4159 2252 4217 sentent;
2289 4165 2414 4206 nam
2447 4153 2681 4207 Isthmos
2700 4161 2969 4223 angustus
2994 4153 3148 4209 locus
3168 4162 3275 4218 est,
3297 4168 3396 4225 per
3423 4170 3588 4224 quem

1996 4244 2245 4316 spiritus,
2279 4245 2430 4301 intus
2490 4262 2557 4302 ac
2585 4254 2762 4311 extra,
2802 4246 3165 4317 reciprocatio
3198 4256 3364 4303 meat.
3402 4247 3589 4318 Siqui-

1996 4347 2143 4414 dem,
2190 4347 2400 4418 capedo
2430 4347 2607 4403 media
2657 4347 2798 4403 inter
2825 4348 3007 4418 gulam
3048 4359 3105 4404 ct
3146 4364 3395 4419 asperam
3443 4356 3593 4405 arte-

1998 4440 2136 4497 riam
2182 4440 2418 4496 isthmos
2461 4441 2685 4507 dieitur,
2734 4440 2843 4495 άπὺ
2881 4441 2986 4495 τοῦ.
3006 4440 3251 4503 εἰσιέναι,
3295 4438 3442 4508 quod
3493 4453 3593 4507 per

2001 4529 2180 4600 ipsum
2213 4528 2464 4584 videlicet
2494 4545 2618 4599 qua:
2670 4544 2771 4584 esu
2809 4537 3059 4600 potuque
3076 4536 3391 4593 sumuntur,
3442 4528 3594 4583 intus

308 4613 568 4683 φέρεταιο
597 4616 706 4669 είσί
750 4615 807 4668 δὲ
860 4616 930 4669 τά
979 4615 1195 4688 βράγχη
1226 4616 1273 4648 ⁸⁸
1325 4616 1526 4686 σαρκία
1562 4616 1774 4686 μυώδη.
1824 4617 1887 4669 Ἠ

2007 4620 2367 4691 ingrediantur
2399 4635 2465 4675 ac
2506 4628 2809 4690 penetrem.
2868 4620 3069 4675 Adhaac
3113 4627 3293 4675 autem
3336 4617 3591 4701 tonsillae,

308 4707 460 4760 πᾶσα
506 4706 689 4761 τοίνυν
714 4706 813 4760 τοῦ
851 4707 1119 4779 στόματος
1170 4706 1326 4779 χώρα
1370 4707 1609 4778 φάρυγξ
1660 4709 1879 4777 λέγεται

2007 4727 2109 4782 tua:
2154 4721 2208 4767 et
2267 4711 2617 4783 παρίσθμια,
2653 4710 2747 4764 καὶ
2815 4710 3098 4775 άνθιάδες,
3142 4710 3302 4781 quasi
3359 4711 3588 4767 invicem

308 4797 401 4849 καὶ
429 4799 663 4868 λάρυγξ
686 4816 701 4831 ο
739 4800 801 4853 τὸ
831 4800 933 4870 μὲν
959 4798 1229 4869 ἐσώτερον
1261 4800 1496 4869 ,λάρυγξ
1515 4841 1530 4867 ,
1564 4801 1624 4856 τὸ
1655 4801 1713 4855 δὲ
1754 4799 1888 4867 ἐξώ-

2007 4804 2350 4861 Idversanles
2412 4806 2525 4860 sint
2569 4803 2871 4859 dicuntur:
2927 4805 3239 4860 carunculae
3287 4804 3431 4860 enim
3489 4804 3595 4860 illa

304 4904 459 4957 τερον
500 4890 759 4960 φάρυγξ.

2007 4910 2055 4949 :x
2099 4896 2328 4951 adverso
2360 4895 2590 4950 invicem
2632 4894 2962 4951 consistunt.
3004 4894 3143 4952 Sunt
3168 4897 3261 4968 qui
3302 4912 3395 4953 eas
3428 4898 3592 4953 bran-

307 4984 458 5039 chL-as
524 4986 960 5052 dictitant;inde
1023 4986 1169 5041 enim
1195 4988 1379 5058 passio
1445 5002 1568 5058 qua:
1640 4987 1881 5045 raucedo
1955 4992 2257 5062 appellatur
2310 4992 2576 5062 originem
2620 4992 2813 5047 trahit.
2877 4991 3089 5050 Etenim
3144 4995 3326 5050 onmis
3397 4995 3597 5050 humor

305 5088 370 5127 ex
416 5074 665 5132 faucibus
719 5078 954 5148 gutturis
1006 5086 1062 5131 et
1106 5092 1171 5131 ex
1250 5086 1469 5149 gutture
1507 5080 1670 5149 ipso,
1725 5095 1936 5136 necnon
1977 5097 2045 5137 ex
2091 5081 2367 5139 branchiis
2426 5083 2618 5140 fertur.
2675 5083 2960 5141 Branchia:
3029 5094 3248 5149 autem,
3320 5101 3594 5142 caruncu-

305 5167 371 5223 lae
400 5172 728 5228 musculosa
750 5180 904 5227 sunt.
946 5171 1138 5227 Omnis
1168 5173 1353 5245 itaque
1403 5176 1518 5231 oris
1591 5176 1833 5246 capcdo,
1880 5178 2119 5246 gutturis
2161 5178 2346 5234 fauces
2396 5188 2450 5234 et
2521 5188 2709 5249 guttur
2765 5190 3131 5251 nuncupatur.
3176 5180 3330 5247 Quod
3370 5181 3591 5251 quidem

307 5264 484 5336 magis
518 5266 666 5323 intus
732 5267 936 5337 vergit,
1002 5278 1210 5337 guttur,
1241 5270 1386 5340 quod
1428 5287 1559 5327 vero
1587 5271 1829 5329 exterius
1857 5282 1958 5339 est,
2001 5273 2187 5331 fauces
2215 5276 2455 5346 gutturis
2469 5283 2614 5331 recte
2631 5276 2859 5346 quilibet
2888 5276 3069 5332 dicere
3097 5284 3280 5348 queat.

382 5577 429 5608 '°
445 5576 525 5655 Ib
554 5578 860 5655 ἀπολαύειν.
897 5582 957 5634 Β.
1123 5583 1295 5655 μόνον
1317 5585 1377 5655 Β.
1452 5585 1498 5616 ⁵²
1541 5584 1723 5637 πλεῖον
1758 5586 1818 5639 Β.
1895 5586 1942 5617 ⁵³
1974 5585 2275 5653 συνέθηκεν
2309 5586 2373 5647 Β,
2402 5585 2546 5640 ὲνὲθ.
2575 5585 2633 5639 Ρ.
2725 5585 2773 5618 ⁸⁵
2798 5584 3076 5655 ἀναπνοὴν
3106 5586 3171 5638 Α.
3264 5585 3309 5616 ⁸⁸
3342 5584 3587 5655 παχύνη-

304 5663 418 5727 λῖςιε
445 5646 504 5703 Β.
578 5648 627 5727 ξ’
661 5652 689 5727 ό
728 5665 835 5727 mn.
877 5655 965 5727 A._
1028 5651 1072 5682 "
1106 5646 1437 5725 παρισθίμια
1477 5656 1541 5708 Δ.
1616 5655 1662 5685 ⁸⁸
1693 5657 1811 5709 ἐστὶ
1834 5655 1892 5708 Β.
1970 5658 2015 5689 ⁵⁰
2046 5646 2236 5711 τοῦἈ.
2314 5646 2454 5709 θδτὰ
2492 5656 2630 5710 ποτὰ
2658 5673 2711 5709 κ.
2739 5674 2789 5712 τ.
2831 5646 3113 5727 βρώμ.’Β.
3194 5657 3236 5689 ⁸⁸
3280 5658 3339 5711 αἰ
3371 5646 3492 5711 αντ.
3528 5646 3587 5712 Β.

312 5719 356 5750 ⁶²
389 5716 626 5790 βραγχία
657 5719 702 5773 Δ
736 5720 799 5773 1’.
824 5730 886 5797 θυι
924 5723 1001 5778 sic
1025 5716 1208 5792 supra.
