4066 6214
470 239 613 302 H99.

974 361 1108 432 Cap.
1140 362 1232 417 Xl.
1267 363 1341 418 De
1373 379 1517 418 voce.

534 473 901 531 lnstrumenta
967 486 1149 530 autem
1201 491 1324 547 quae
1370 481 1489 533 voci
1523 478 1866 542 inserviunt,
1925 480 2039 535 lucc

469 567 756 623 habentur.
804 568 1091 637 Gurgulio,
1132 577 1339 639 guttur,
1391 584 1585 639 aspera
1634 572 1870 633 arteria;
1922 573 2042 641 pul-

469 674 576 722 mo,
639 667 845 727 pectus,
884 667 939 713 et
972 658 1119 714 nervi
1158 659 1251 725 qui
1329 659 1609 730 reciproco
1656 669 1808 715 motu
1853 659 2040 715 ferun-

467 758 573 802 tur.
644 746 776 813 Quae
854 756 1036 803 autem
1090 748 1157 803 ad
1236 749 1527 805 verborum
1596 767 1661 806 ac
1720 750 2040 805 idiomatum

468 855 627 893 nsum
722 841 1253 897 accommodantur:
1296 841 1516 910 lingua,
1596 843 1809 909 dentes,
1875 842 2039 903 labia,

468 948 655 996 nasus,
730 934 995 1003 palatum,
1050 949 1115 989 ac
1138 934 1390 1005 gurgulio
1452 943 1614 1001 sunt;
1666 935 1774 1005 83
1841 950 2045 1006 gurgu-

467 1024 542 1077 lio
593 1024 739 1079 enim
774 1025 861 1080 hic
902 1026 1068 1081 etiam
1123 1027 1567 1083 accommodatus
1601 1036 1704 1082 est.
1749 1026 1867 1081 lloc
1895 1026 2040 1081 enim

467 1124 643 1183 pacto,
696 1128 799 1169 vox
843 1114 956 1187 ipsa
991 1115 1213 1171 formari
1256 1126 1447 1186 suapte
1493 1127 1683 1172 natura
1728 1117 1921 1172 idonea
1961 1118 2039 1172 tit.

468 1200 826 1276 Posteaquam
883 1207 1109 1276 spiritus
1166 1223 1196 1261 a
1251 1208 1394 1263 vasis
1449 1223 1480 1261 a
1543 1208 1744 1278 quibus
1798 1208 1913 1278 ipse
1953 1223 2042 1263 re-

468 1297 667 1368 cipitur
700 1298 963 1368 expulsus
996 1298 1179 1362 fuerit,
1221 1306 1351 1353 tunc
1379 1314 1504 1354 cum
1533 1314 1730 1354 sonum
1755 1298 1906 1355 vocis
1927 1296 2046 1354 edi-

470 1390 575 1444 turi
627 1390 746 1455 vis,
795 1392 859 1445 ad
921 1391 1302 1461 cartilagincas
1354 1391 1583 1447 interius
1648 1392 1751 1448 sibi
1798 1392 2043 1461 objectas

469 1489 674 1548 partes,
702 1495 825 1550 qua:
858 1479 1199 1534 circulariter
1242 1479 1485 1535 tibialem
1509 1490 1749 1536 meatum
1774 1482 2041 1547 ambiunt,

471 1571 775 1626 membrum
804 1586 1187 1641 repercussum
1211 1571 1362 1628 vocis
1389 1572 1699 1627 emittenda:
1721 1572 1893 1644 gratia
1918 1588 2045 1628 con-

472 1662 726 1729 tenderit,
774 1663 905 1717 dum
969 1662 1147 1732 ipsum
1178 1663 1251 1717 ita
1283 1678 1380 1733 per
1436 1664 1786 1735 cartilaginea
1818 1664 1908 1719 illa
1946 1681 2043 1719 ca-

468 1754 687 1807 cumina
732 1751 1073 1808 circumferri
1111 1754 1411 1823 contingit,
1456 1755 1649 1811 similis
1685 1756 1933 1826 qumdam
1978 1755 2045 1811 ti-

472 1841 573 1899 biae
611 1846 859 1899 sonantis
884 1861 987 1899 vox
1031 1845 1402 1901 constituitur.
1444 1845 1692 1902 Palatum
1724 1856 1928 1911 autem,
1957 1862 2047 1901 so-

472 1949 602 1987 num
628 1934 841 1991 interne
876 1937 1308 2005 provenientem,
1337 1939 1567 2009 geminis
1613 1938 1756 1996 tibiis
1787 1939 1839 1993 in
1874 1954 2047 1995 vacuo

472 2025 591 2095 ipso
613 2026 681 2080 ad
718 2042 876 2081 nares
902 2028 1272 2093 tendentibus,
1295 2030 1515 2100 accipit,
1544 2045 1845 2101 vocemque
1871 2031 2043 2100 ipsam

472 2115 891 2185 cartilaginibus
966 2117 1021 2172 in
1078 2118 1262 2187 anguli
1326 2120 1594 2190 angustiis
1637 2121 2044 2184 exsistentibus,

473 2222 596 2274 qum
640 2224 1052 2278 squammarum
1092 2208 1326 2280 efﬁgiem
1352 2209 1615 2276 referunt,
1656 2211 2045 2279 prwscindens,

474 2302 595 2356 soni
635 2298 1057 2354 vehementioris
1122 2313 1286 2353 causa
1331 2299 1563 2354 exsistit.
1610 2300 1678 2353 At
1716 2315 1882 2370 gena,
1940 2299 2049 2354 lin-

477 2406 692 2461 guaque
733 2398 787 2443 et
830 2398 1012 2459 partes
1052 2403 1115 2444 ex
1162 2389 1362 2458 quibus
1420 2389 1604 2447 fauces
1641 2391 1880 2459 gutturis
1926 2406 2053 2445 con-

479 2484 829 2546 stilttttntur,
886 2482 990 2536 sub
1040 2482 1240 2553 quibus
1294 2490 1536 2536 mentum
1582 2491 1703 2549 est,
1746 2499 1870 2538 cum
1920 2500 2051 2541 cava

482 2574 637 2638 tiunt,
687 2587 790 2626 vox
834 2571 1119 2627 remissior
1160 2573 1577 2644 inclinatiorque
1626 2574 1720 2629 ﬁt:
1777 2577 2053 2647 przeipsa-

482 2680 602 2719 rum
648 2678 777 2718 vero
824 2663 1182 2729 extensione,
1229 2664 1461 2719 acutiori
1506 2675 1695 2731 motu,
1738 2674 1796 2721 ut
1842 2669 1894 2722 in
1937 2669 2055 2723 lidi-

482 2756 584 2810 bus
617 2756 799 2811 cordte
832 2755 935 2811 sub
970 2755 1174 2826 plectro
1222 2756 1425 2821 solent,
1474 2757 1803 2825 intenditur;
1849 2770 1903 2815 et
1955 2762 2057 2815 boc

482 2862 664 2904 causa:
716 2853 835 2912 est,
896 2858 956 2903 ut
996 2861 1103 2902 vox
1144 2847 1291 2903 varia
1341 2848 1774 2920 multimodaque
1826 2849 2054 2919 feratur,

484 2947 653 3007 utque
696 2952 937 3008 congrue
966 2939 1163 2994 musici
1196 2940 1309 2995 toni
1345 2940 1410 2994 ad
1441 2956 1576 2996 usus
1608 2942 1950 2999 necessarios
1974 2944 2060 2998 di-

1746 244 2027 300 MELETII
2070 246 2303 303 MONAC
2315 243 2378 298 ιιι

3576 220 3718 278 19.00

2441 364 2584 429 Κεφ.
2618 355 2720 411 lA'.
2750 383 2818 394 -—
2852 352 2992 420 Περὶ
3033 349 3142 419 τῆς
3172 345 3403 419 φωνῆς.

2210 476 2497 548 Φωνητικά
2545 472 2602 528 δὲ
2654 471 2866 541 όργανα
2904 461 3083 518 ταῦτα
3110 480 3126 495 ο
3160 463 3189 515 6
3247 455 3629 548 γαργαρεὼγ,
3671 450 3725 548 ῌό

2141 543 2394 641 λάρυγξ,
2417 571 2451 639 ἡ
2479 562 2722 635 τραχεῖα
2747 559 3019 628 ἀρτηρία,
3045 557 3074 609 ὁ
3121 553 3428 641 πνεύμων,
3450 543 3720 641 bow.

2143 632 2239 715 xui.
2276 632 2556 714 τὲέτᾶλὶν
2592 632 2908 724 δρομΟὖντα
2956 645 3148 716 νεῦρα.
3179 637 3511 695 Διαλεκτικά
3531 635 3579 667 ⁸³
3637 632 3723 696 δὲ,

2145 752 2395 823 γλῶττα,
2432 748 2698 810 ὀδόντες,
2735 742 2933 812 χείλη,
2964 733 3544 832 ῥίς-κούρανςίσκοςῖι
3568 724 3727 832 καὶὸ

2144 819 2512 914 γαργαρεὼν·
2541 836 2639 891 καὶ
2675 832 2913 888 ἐνταῦθα
2961 830 3069 900 γὰρ
3104 824 3480 914 ξυμϐάλλεται
3502 820 3578 914 ⁸ξῖ
3611 819 3723 914 96A-

2142 908 2395 1002 τως-δὲνὴ
2426 928 2578 999 φωνὴ
2602 922 2851 995 γίνεσθαι
2890 919 3126 990 πέφυκε.
3164 916 3239 970 Τὸ
3296 912 3519 982 πνεῦμα
3533 909 3580 941 ⁸⁵
3613 908 3726 962 ἀπὸ

2142 1026 2251 1080 τῶν
2273 1019 2725 1093 πνευματοδόχων
2772 1014 3012 1085 ἀγγείων
3048 1008 3461 1079 ἀνωθούμενον,
3491 1005 3628 1057 ὅταν
3685 1004 3723 1071 η

2143 1119 2290 1191 ὁρμὴ
2306 1115 2401 1169 τοῦ
2424 1109 2800 1183 φθεγγομένου
2824 1106 2961 1178 πρὸς
2981 1103 3165 1173 φωνὴν
3186 1098 3395 1168 τονώσῃ
3420 1097 3482 1150 τὸ
3514 1094 3705 1191 μέλος,

2144 1186 2509 1274 ταίςνένδοθεν
2536 1200 3015 1275 προσκρουόμενον
3037 1192 3393 1267 προσϐολαῖς,
3426 1191 3484 1243 αἱ
3520 1186 3725 1242 κυκλο-

2143 1303 2319 1376 τερῶς
2345 1302 2439 1356 τὸν
2471 1297 2724 1368 αὕλοειδῆ
2760 1292 3072 1364 διειλήφασι
3095 1287 3287 1358 πόρον,
3318 1280 3724 1376 μιμεῖτα-ίλπως

2144 1372 2245 1466 τὴν
2274 1393 2342 1447 δι’
2367 1391 2535 1446 αὐλοῦ
2560 1387 2859 1459 γινομένην
2892 1382 3084 1453 φωνήν
3106 1394 3120 1409 ’
3165 1379 3291 1440 ταῖς
3304 1377 3350 1408 ⁸⁸
3384 1372 3727 1466 ύμενωδεσ-ιν

2145 1462 2357 1551 ἐξοχαῖς
2408 1479 2597 1548 κύκλῳ
2654 1470 3128 1547 περιδονούμενον.
3197 1464 3466 1533 ’Υπερῴα
3516 1462 3575 1515 δὲ
3628 1462 3727 1513 τὸν

2145 1572 2392 1626 κάτωθεν
2421 1569 2659 1639 φθόγγον
2694 1566 3017 1635 ἐκδέχεται·
3044 1559 3120 1630 τῷ
3146 1556 3273 1612 κατ’
3322 1556 3495 1625 αὐτὴν
3551 1551 3727 1604 κενώ-

2150 1681 2281 1735 ματι
2318 1660 2567 1732 διδύμοις
2616 1657 2800 1719 αὐλοῖς
2842 1656 2956 1718 τοῖς
3006 1652 3101 1705 ἐπὶ
3141 1650 3273 1711 τοὺς
3315 1646 3603 1717 μυκτῆρας
3643 1642 3728 1735 διέ

2147 1734 2343 1827 ηκουσι
2374 1769 2389 1782 ⁶
2423 1753 2518 1807 καὶ
2540 1746 2653 1805 οἷον
2683 1747 2922 1802 λεπίδων
2951 1745 3095 1799 τισὶν
3119 1741 3336 1811 ἐξοχαῖς
3353 1739 3421 1803 ⁸⁷,
3450 1738 3570 1798 τοῖς
3599 1751 3661 1786 τε
3681 1734 3731 1765 ⁸³

2148 1847 2282 1919 περὶ
2313 1846 2407 1899 τὸν
2441 1843 2633 1915 ἰσθμὸν
2679 1840 2924 1912 χόνδροις
2955 1837 3056 1907 τὴν
3083 1832 3269 1904 φωνὴν
3302 1828 3728 1919 περισχίζουσα,

2145 1937 2527 2010 γεγωνοτέραν
2561 1933 2731 2004 αὐτὴν
2787 1926 3187 2001 ἀπεργάζεται.
3254 1921 3470 1993 Παρειά
3519 1920 3580 1973 δὲ

2146 2006 2394 2099 γλῶσσα,
2428 2006 2524 2082 καὶ
2568 2026 2605 2096 ἡ
2644 2023 2777 2094 περὶ
2817 2022 2912 2075 τὸν
2945 2018 3204 2089 φάρυγγα
3261 2010 3548 2081 διασκευὴ.
3603 2006 3730 2062 καθ’

2148 2122 2215 2193 ἣν
2252 2122 2281 2174 ό
2316 2117 2591 2190 ἀνθερεὼν
2635 2113 2884 2185 ύποχαλᾷ
2933 2107 3365 2176 κοιλαινόμενος,
3415 2103 3511 2155 καὶ
3541 2100 3727 2193 ὀξυτοο

2149 2192 2259 2268 νῶν
2284 2212 2328 2245 ⁸⁸
2356 2209 2715 2272 ἐπιτείνεται,
2771 2206 2875 2277 τήν
2920 2203 2981 2255 ἑν
3023 2203 3146 2264 ταῖς
3184 2199 3409 2268 νευραῖς
3455 2194 3552 2248 τοῦ
3591 2192 3729 2261 πλή-

2151 2322 2319 2375 κτρου
2354 2302 2572 2372 κίνησιν
2594 2297 2956 2370 ὑποκρίνεται
2979 2309 2995 2325 ·
3024 2290 3292 2353 ποικίλως
3333 2287 3428 2342 καὶ
3454 2284 3729 2354 πολυτρόο

2151 2412 2270 2461 πως
2333 2395 2430 2448 σὺν
2476 2390 2662 2461 πολλῷ
2714 2391 2873 2459 τάχει
2920 2382 3291 2457 μεθαρμόζων
3334 2379 3402 2432 τά
3438 2377 3579 2446 πρὸς
3630 2375 3741 2445 τὴν

2152 2489 2364 2561 χρείαν,
2398 2485 2536 2558 πρὸς
2555 2484 2684 2547 τοὺς
2713 2482 2909 2543 πόνους
2936 2477 3045 2530 τῶν
3074 2471 3363 2548 μουσικῶν.
3388 2467 3636 2561 Χεῗιλεων
3651 2466 3737 2561 -δὲ

2153 2557 2405 2650 διαστολὴ
2445 2557 2539 2631 καὶ
2573 2575 2836 2646 ὲπίμυσις
2868 2571 3069 2625 ταυτὸν
3100 2568 3243 2621 ποιεῖ
3291 2565 3400 2625 τοῖς
3457 2558 3550 2611 διὰ
3601 2557 3741 2609 τῶν

2154 2649 2432 2726 δακτύλων
2467 2665 2907 2738 ἐπιλαμϐάνουσι
2927 2660 3023 2715 τοῦ
3051 2657 3221 2714 αὐλοῦ
3243 2655 3303 2709 τὸ
3336 2651 3558 2721 πνεῦμα
3584 2649 3741 2703 κατὰ

2155 2766 2255 2835 τὴν
2275 2763 2323 2795 ⁷⁸
2378 2759 2649 2833 ἁρμονίαν
2704 2756 2801 2810 τοῦ
2873 2755 3111 2826 μέλους’
3166 2749 3475 2819 σύμμικτος
3524 2742 3637 2813 γὰρ

2162 2834 2396 2927 μουσικὴ
2453 2853 2585 2922 περὶ
2632 2851 2697 2903 τὸ
2750 2846 3097 2918 ἀνθρώπινον
3128 2843 3362 2915 ὄργανον
3415 2836 3585 2892 αὐλοῦ
3640 2834 3741 2888 καὶ

2158 2948 2347 3019 λύρας,
2379 2945 2571 3013 ὥσπερ
2603 2944 2662 2996 ὲν
2703 2938 2999 3011 συνῳδίᾳ⁷¹
3030 2935 3141 2990 τινὶ
3170 2932 3317 2988 κατὰ
3337 2930 3543 2985 ταυτὸν
3566 2928 3735 2995 ἀλλή-

482 3032 757 3099 rigantur.
797 3030 879 3084 Ad
929 3031 1044 3085 haec
1094 3039 1277 3087 autem
1328 3032 1594 3088 labiorum
1636 3034 1976 3101 dilatationc,
2006 3047 2053 3092 el

2163 3018 2279 3103 λοις
2310 3034 2839 3107 συμφθεγγομένων.
2883 3028 2993 3083 Καὶ
3016 3026 3189 3089 οὕτως
3231 3023 3329 3095 μὲν
3349 3025 3385 3093 ἡ
3416 3018 3572 3112 φωνὴ
3592 3019 3742 3087 γίνεο

487 3122 897 3192 eompressione
945 3122 1124 3179 simile
1174 3126 1469 3193 quoddam,
1507 3132 1566 3179 ut
1610 3125 1792 3197 digitis
1832 3128 1886 3182 in
1930 3129 2059 3183 tibia

489 3214 869 3285 pertractanda
905 3215 1205 3284 peragitur.
1233 3214 1390 3280 Nam,
1421 3231 1521 3286 pro
1557 3218 1943 3273 modulaminis
1969 3235 2059 3274 ra-

490 3306 673 3367 tione,
721 3304 973 3373 spiritum
1013 3305 1383 3376 comprimunt
1428 3323 1493 3362 ac
1522 3308 1804 3363 remittunt
1854 3310 2061 3380 (siqui-

489 3397 611 3449 dem
667 3395 813 3449 tibiae
846 3395 1083 3465 lyrzeque
1139 3396 1371 3462 musica,
1412 3413 1536 3453 cum
1581 3399 1819 3455 hominis
1852 3401 2061 3457 instru-

493 3492 676 3539 mento
702 3499 993 3540 commune
1025 3486 1207 3541 nescio
1237 3487 1366 3557 quid
1401 3488 1707 3558 possidens,
1744 3490 1900 3560 quasi
1932 3507 2063 3546 con-

491 3586 653 3632 centu
688 3576 928 3647 quodam
978 3578 1209 3633 invicem
1255 3581 1604 3650 consonant),
1631 3588 1685 3636 et
1714 3581 1785 3635 ita
1819 3582 2063 3650 quidem,

491 3667 952 3736 quemadmodum
1004 3669 1369 3735 ostendimus,
1422 3672 1573 3727 vocis
1621 3672 1939 3728 constitutio
1983 3673 2061 3728 lit.

492 3761 628 3815 Cum
670 3762 815 3816 enim
865 3777 895 3817 a
935 3761 1191 3831 pulmone
1234 3763 1462 3832 spiritus
1498 3765 1724 3819 materia
1772 3780 1869 3835 per
1905 3781 2066 3835 aspe-

496 3869 610 3908 ram
661 3855 917 3909 arteriam
968 3854 1162 3918 fertur,
1207 3870 1329 3925 quae
1370 3856 1464 3910 tali
1504 3856 1808 3912 ministerio
1839 3857 2064 3922 sufﬁcit,

2166 3149 2258 3186 ται
2288 3130 2412 3184 καθ’
2462 3128 2521 3181 ὃν
2568 3126 2787 3195 εἴρηται
2830 3120 3067 3192 τρόπον·
3131 3117 3226 3171 τοῦ
3281 3114 3381 3184 μὲν
3433 3111 3744 3181 πνεύμονος

2167 3219 2551 3293 ὲκφυσσῶντός
2581 3235 2664 3280 τε,
2696 3215 2791 3269 καὶ
2825 3215 2925 3284 τὴν
2972 3210 3107 3279 ὓλην
3137 3207 3471 3280 παρέχοντος
3494 3219 3510 3234 ·
3540 3204 3640 3272 τῆς
3683 3200 3747 3253 δὲ

2166 3314 2428 3386 τραχείας
2484 3308 2752 3379 ἀρτηρίας
2804 3304 2994 3371 ὥσπερ
3058 3299 3204 3391 τινος
3270 3294 3447 3391 αὑλοῦΔ
3505 3294 3745 3391 διαπορ-

2168 3384 2480 3475 θμευούσης
2505 3399 2597 3452 τὸν
2648 3396 2810 3465 ἀέρα,
2867 3394 2964 3447 καὶ
3014 3387 3396 3458 πληττομένης
3426 3385 3519 3439 ὑπ’
3549 3384 3745 3447 αὐτοῦ,

2168 3496 2264 3549 καὶ
2283 3493 2489 3547 τοῖόνδε
2516 3488 2649 3562 ἦχον
2667 3484 3063 3553 ἀποτελούσης.
3087 3482 3256 3535 Οὐδὲν
3287 3480 3399 3551 γάρ
3430 3480 3554 3531 ἐστι
3580 3476 3742 3545 φωνὴ

2161 3587 2194 3655 ἢ
2221 3585 2414 3657 πλῆξις
2442 3583 2627 3654 ἀέρος,
2657 3581 2689 3651 ἢ
2740 3578 2850 3649 ἀὴρ
2886 3572 3277 3645 πεπληγμένος
3321 3568 3637 3639 φωτίζουσα
3664 3565 3745 3635 τῷ

2161 3677 2305 3748 λόγῳ
2335 3675 2436 3739 τάς
2464 3673 2557 3728 τοῦ
2591 3672 2711 3735 νοὸς
2736 3667 3000 3730 διανοίας.
3033 3666 3099 3718 Τί
3120 3664 3176 3718 δὲ
3205 3665 3304 3717 καὶ
3332 3661 3404 3716 τὰ
3419 3660 3601 3731 χείλη,
3639 3659 3739 3711 καὶ

2158 3772 2191 3838 ἡ
2218 3770 2324 3840 ῥὶς,
2355 3768 2453 3821 καὶ
2484 3769 2513 3821 ό
2549 3762 2883 3835 ἀνθερεὼν⁷²
2909 3758 3047 3829 πρὸς
3092 3756 3301 3827 ταύτην
3332 3753 3697 3825 συνεργοῦσιν
3722 3788 3742 3813 .

2163 3860 2381 3931 εἴρηται
2414 3857 2598 3929 μικρῷ
2621 3854 2886 3927 πρόσθεν.

493 3948 621 4003 dum
691 3963 789 4017 per
867 3948 1015 4002 illam
1078 3965 1202 4015 aer,
1256 3950 1414 4020 quasi
1469 3966 1565 4020 per
1612 3952 1894 4022 siphonem
1957 3953 2245 4023 trajicitur,
2308 3954 2448 4010 idem
2497 3954 2550 4007 in
2586 3953 2702 4022 ipsa
2747 3962 3009 4009 extensus
3065 3947 3299 4007 similem
3376 3955 3572 3998 sonum
3627 3953 3752 4009 per-

494 4042 624 4110 agit.
660 4041 802 4097 Nihil
849 4044 993 4097 enim
1042 4043 1186 4097 aliud
1236 4058 1341 4097 vox
1374 4059 1539 4113 quam
1591 4045 1735 4101 aeris
1798 4046 2099 4115 percussio,
2138 4047 2253 4102 sive
2312 4060 2606 4116 percussus
2658 4059 2754 4099 aer
2806 4044 3058 4108 habetur,
3135 4054 3258 4112 quae
3298 4034 3498 4091 mentis
3541 4030 3751 4102 cogita-

494 4139 671 4192 tiones
697 4140 943 4193 oratione
974 4139 1229 4195 illustrat.
1262 4138 1531 4205 Quidnam
1584 4141 1745 4205 labia,
1776 4157 2065 4213 naresque,
2106 4158 2171 4198 ac
2199 4150 2385 4212 guttur
2413 4142 2542 4209 sint,
2586 4141 2908 4211 jamdudum
2953 4141 3087 4196 satis
3149 4134 3536 4192 disseruimus.

558 4232 823 4304 Gurgulio
843 4249 991 4297 vero,
1004 4251 1164 4305 quem
1184 4236 1488 4305 stapliylen,
1508 4236 1612 4292 hoc
1634 4246 1712 4291 est
1727 4253 1883 4291 uvam
1901 4239 2066 4309 pleri~

2254 4238 2314 4294 '0
2338 4239 2397 4293 δὲ
2411 4236 2770 4309 γαργαρεὼν,
2798 4236 2859 4289 ὃν
2882 4236 2977 4289 καὶ
3001 4229 3331 4305 σταφυλὴν
3357 4225 3673 4287 καλέουσιν,
3687 4221 3752 4273 οὐ

496 4340 603 4394 quc
628 4339 966 4396 nuncupant,
989 4342 1096 4381 non
1127 4328 1290 4382 modo
1312 4337 1467 4382 extra
1493 4329 1757 4383 emissum
1791 4331 2044 4401 spiritum

2181 4332 2341 4403 μόνον
2360 4332 2516 4403 δίκην
2538 4331 2819 4402 πλήκτρου
2847 4330 2911 4383 τδ
2935 4329 3303 4398 ὲκπνεόμενον
3328 4320 3550 4390 πνεῦμα
3578 4332 3755 4387 προσ-

494 4419 625 4472 dum
663 4434 788 4473 eum
840 4433 938 4473 ceu
972 4418 1175 4489 plectro
1228 4426 1561 4482 contrectat,
1608 4422 1663 4474 in
1708 4421 1852 4476 banc
1891 4422 2066 4476 illam-

494 4523 563 4563 ve
604 4508 751 4563 modi
781 4506 1014 4565 formam
1038 4508 1314 4579 efligiandi
1343 4507 1655 4564 facultatem
1700 4510 1926 4578 obtinet,
1959 4512 2073 4584 86

498 4616 686 4655 verum
726 4601 891 4655 etiam
930 4602 984 4655 in
1034 4616 1225 4672 aspera
1255 4601 1476 4663 arteria.
1508 4615 1575 4656 ac
1625 4609 1799 4657 totum
1835 4606 2071 4674 gutturis

498 4692 736 4761 spatium
773 4692 1102 4758 continetur,
1128 4694 1197 4748 ad
1218 4693 1363 4748 aeris
1387 4692 1711 4749 immodicas
1743 4696 2072 4751 mutationes

500 4783 606 4837 alia
632 4798 740 4838 non
770 4784 979 4854 vulgari
1008 4786 1181 4840 utitur
1204 4784 1365 4839 ollicii
1411 4786 1713 4840 functioue.
1757 4785 1891 4841 Cum
1925 4787 2071 4842 enim

497 4890 610 4939 aer,
645 4876 943 4931 immodico
982 4876 1164 4932 calore
1195 4878 1279 4932 vel
1322 4878 1520 4952 frigore
1561 4881 1848 4950 premitur,
1875 4896 2075 4951 gurgu-

2173 4421 2388 4491 κρδύων
2404 4421 2451 4453 ⁷³
2470 4420 2604 4475 αὐτὸ
2625 4419 2983 4473 διατυποῦται
3000 4415 3247 4476 τοιῶσδε,
3263 4413 3403 4467 ἀλλά
3433 4410 3529 4464 καὶ
3553 4407 3755 4477 ἑτέραν

2171 4514 2362 4585 χρείαν
2400 4514 2461 4567 ού
2493 4514 2700 4585 μικρὰν
2739 4515 2807 4585 τῇ
2847 4530 2907 4565 τε
2939 4510 3174 4584 τραχείᾳ
3223 4503 3466 4579 ἀρτηρίᾳ
3515 4498 3613 4554 καὶ
3646 4498 3756 4562 δλφ

2175 4607 2412 4660 ποιεῖται
2437 4605 2516 4675 τῷ
2541 4606 2802 4676 λάρυγγι.
2836 4603 2977 4674 Πρὸς
3021 4601 3134 4671 γὰρ
3179 4598 3278 4662 τὰς
3323 4595 3601 4667 ἀμέτρους
3655 4589 3755 4642 τοῦ

2171 4698 2334 4767 ἀέρος
2393 4696 2723 4766 μεταϐολὰς,
2778 4693 3126 4765 θερμότητας
3146 4691 3192 4722 ⁷⁵
3224 4688 3389 4759 τυχὸν
3441 4685 3476 4755 ἢ
3532 4680 3753 4751 ψῦξειςο
3802 4676 3813 4685 ’

2169 4789 2568 4859 ἀνθιστάμενος
2597 4788 2815 4857 πρῶτος
2839 4787 2883 4819 ⁷⁵
2937 4785 3033 4838 καὶ
3072 4780 3355 4843 ἀπαντῶν,
3402 4777 3484 4839 είς
3533 4789 3758 4842 συμμε-

2165 4882 2325 4953 τρίαν
2362 4882 2487 4949 ἄγει
2523 4882 2586 4934 τὸ
2619 4880 2884 4949 ἄμετρον,
2921 4877 3020 4930 καὶ
3065 4874 3241 4937 οὕτως
3281 4869 3657 4940 παραπέμπει
3688 4866 3755 4933 τῇ

426 4968 429 4971 ’
501 4967 577 5023 ΙΞυ
616 4983 739 5025 sese
788 4969 864 5023 illi
912 4984 1078 5039 quam
1132 4970 1368 5039 primum
1411 4972 1623 5041 objicit,
1661 4983 1824 5043 atque
1858 4972 2053 5028 obvia"

2167 4972 2405 5043 ἀρτηρίᾳ
2431 4972 2532 5043 τὴν
2560 4971 2821 5039 εἰσπνοήν
2840 4984 2855 5001 ο
2898 4968 2995 5022 καὶ
3022 4967 3091 5021 δι’
3123 4967 3297 5034 αὐτῆς
3344 4961 3428 5032 τῷ
3476 4956 3749 5027 πνεύμονι

501 5062 690 5127 fertur,
730 5077 1128 5134 excessumque
1172 5064 1325 5119 illum
1358 5064 1411 5118 in
1445 5065 1759 5135 temperiem
1809 5064 1940 5135 agit,
2012 5080 2053 5119 at

2182 5065 2275 5117 καὶ
2299 5066 2365 5133 τῇ
2404 5060 2625 5134 καρδίᾳ.
2665 5060 2740 5114 Οὐ
2778 5060 2939 5131 μόνον
2970 5058 3029 5111 δὲ
3086 5058 3186 5121 τὰς
3230 5054 3333 5125 τῆς
3390 5050 3608 5122 ψύξεως
3661 5047 3759 5100 καὶ

500 5150 573 5206 ita
632 5150 885 5222 spiritum
931 5151 985 5205 in
1017 5153 1271 5207 arteriam
1319 5152 1510 5221 adigit,
1578 5169 1739 5223 quem
1770 5154 1977 5221 pulmo.
2012 5169 2053 5209 ω

2188 5153 2527 5224 θερμότητος
2567 5152 2829 5224 εὐκρατεῖ
2850 5152 2897 5182 ⁷⁸
2944 5152 2973 5205 ό
3012 5145 3343 5221 γαργαρεὼν
3388 5138 3753 5211 δυσκρασίας,

502 5259 597 5297 cor
635 5242 806 5313 ipsius
844 5241 1146 5298 ministerio
1186 5242 1252 5297 ad
1296 5258 1430 5298 usus
1476 5245 1727 5312 proprios
1774 5243 2053 5298 vindicant

2184 5245 2322 5300 ἁλλά
2372 5245 2467 5297 καὶ
2503 5243 2817 5314 παχύτητος
2839 5241 2935 5295 τοῦ
2964 5241 3149 5311 ἀέρος,
3177 5241 3241 5292 ὲκ
3267 5234 3477 5290 καπνοῦ
3519 5232 3554 5303 ἢ
3613 5246 3763 5283 κονι-

505 5331 622 5389 Non
667 5333 813 5388 enim
854 5334 1029 5390 solum
1081 5332 1332 5405 gurgulio
1362 5371 1377 5397 ,
1409 5332 1591 5403 frigidi
1640 5331 1906 5402 calidique
1934 5332 2042 5386 aeri

2185 5332 2345 5406 ορτοῦ
2391 5332 2726 5398 ὲπελθούσας
2746 5335 2792 5366 ⁷⁷
2820 5332 2993 5403 αὐτῷ,
3042 5330 3298 5384 λεπτύνει
3346 5327 3446 5381 καὶ
3498 5323 3760 5392 καθαίρει

595 5494 641 5527 ⁸³
683 5489 993 5544 διελεκτικὰ
1043 5489 1109 5542 Α.
1219 5486 1617 5558 ιδξυμὸἀλεται
1655 5486 1718 5558 Β,
1816 5486 1861 5519 ⁸⁸
1909 5484 2131 5541 ἐπειδὰν
2191 5485 2298 5558 γὰρ
2358 5487 2419 5541 τὸ
2471 5506 2560 5543 πν.
2596 5488 2658 5550 Β,
2706 5483 3065 5558 γαργαρεῴνθ
3115 5482 3342 5558 ,γίνεται
3383 5477 3456 5558 δὲ
3508 5475 3758 5558 {ffugi}

508 5560 699 5623 οὕτως’
727 5561 948 5613 ἐπειδὰν
972 5560 1033 5613 τὸ
1055 5558 1272 5629 πνεῦμα
1296 5544 1367 5611 Ῥξ
1443 5559 1489 5590 ⁵⁸
1518 5559 1636 5629 ταῖς
1649 5544 1734 5629 -δὲ
1780 5559 1845 5611 Δ.
1912 5559 1966 5629 Ῠ⁶⁷
1994 5574 2053 5629 qu

2154 5544 2276 5629 ge'qf
2296 5573 2465 5629 usque
2493 5544 2934 5629 allaqueani.
2969 5555 3033 5629 A.
3111 5544 3157 5584 ⁶⁶
3185 5568 3243 5629 τε
3271 5565 3388 5629 οιιεἒ
3415 5548 3476 5601 Β.
3530 5544 3600 5578 ’⁸⁸
3629 5544 3756 5629 ὀξύ-

511 5620 675 5702 τονοκί
700 5632 765 5684 Α.
841 5630 886 5660 ⁷⁰
917 5629 1015 5698 τὴν
1048 5644 1157 5682 om.
1186 5620 1249 5682 Ᾱ.
1329 5630 1371 5660 ⁷¹
1404 5626 1705 5702 συνοδίᾳ-β.
1756 5630 1801 5659 ⁷⁸
1834 5620 2325 5702 ἀνθερέὼνβνκιίί
2355 5620 2641 5702 σταφυλὴν
2660 5620 2937 5702 καλούαιν,
2966 5623 3301 5702 είρηται-ῐς..
3343 5620 3390 5649 ⁷³
3412 5620 3757 5702 προσκρούων

516 5693 557 5745 Β
583 5697 641 5750 l‘.
716 5699 761 5729 ”
796 5690 1192 5769 θερμότητοςῦ
1224 5702 1285 5754 Ρ.
1329 5708 1383 5755 ct
1410 5715 1531 5753 mox
1558 5690 1770 5769 ψύξεως
1797 5701 1858 5754 Ρ.
1939 5690 1984 5732 ⁷⁵
2027 5695 2252 5769 πρώτως
2282 5698 2343 5750 Β.
2418 5690 2749 5770 ηἐὐκρατοί
2781 5696 2824 5749 Δ
2852 5697 2911 5749 Ρ.
2992 5696 3031 5725 ⁷⁷
3068 5690 3411 5753 ἁπελθούσας
3439 5690 3505 5740 Δ.
