4066 6214
348 229 366 281 f
377 225 476 280 ΞΟΙ

1581 218 1670 274 ΒΕ
1709 218 1892 277 NATU
1907 219 1997 273 ΒΑ
2039 217 2345 275 ιιωιιΝι-ε.

3463 224 3484 277 Ι
3495 222 3600 278 ’202

333 347 491 415 δίκην
525 338 720 410 ἰσθμοῦ
747 355 760 370 '
787 339 882 393 καῖ
907 336 1180 410 εἰλικρινῆ
1207 337 1306 406 τὴν
1331 337 1592 407 εἰσπνοὴν
1618 336 1918 406 παραπέμ-

2034 352 2308 391 excessum
2356 335 2422 390 ad
2455 334 2792 391 moderatam
2835 336 3148 407 temperiem
3176 337 3386 408 redigit,
3419 339 3512 393 sed
3550 348 3603 392 et

336 453 428 490 πει
460 437 574 498 τοῖς
601 432 730 487 ἔσω.
761 426 995 485 Abeat"
1033 431 1143 483 τῶν
1183 428 1510 498 φωνητικῶν
1569 429 1820 498 ὁργάνων
1861 429 1918 480 αί

336 527 648 599 ὀνομασίαι,
677 525 774 577 καὶ
801 526 1004 594 χρεῖαι,
1048 524 1143 576 καὶ
1186 523 1475 593 ἐνέργειαι.

2029 430 2208 498 ipsum
2237 443 2302 482 ex
2333 426 2543 482 fumosa
2597 429 3085 500 pulverulentaque
3132 430 3428 485 emissione
3450 447 3602 486 cras-

2029 531 2327 575 sesccntem
2366 521 2432 574 ad
2488 521 2661 591 magis
2691 531 2908 577 tenuem
2945 533 3218 585 naturam,
3242 538 3339 577 ceu
3372 523 3606 577 istlimus

337 622 591 683 adducit,
652 633 868 672 necnon
901 618 1150 688 angustis
1179 619 1448 673 meatibus
1516 626 1828 687 perpurgat,
1889 630 1953 670 ac
1991 616 2058 670 ad
2091 631 2185 670 eas
2215 631 2334 684 qua:
2389 616 2536 672 intus
2597 626 2727 670 sunt
2770 624 2954 685 partes
3011 617 3286 670 sincerum
3351 614 3604 684 spiritum

337 713 598 769 demittit.
635 709 866 765 Nomina
905 710 1091 778 igitur,
1144 725 1380 778 ususque
1409 718 1463 763 et
1487 709 1730 764 actiones
1766 709 2035 763 vocalium
2065 709 2575 772 instrumentorum,
2614 708 2931 778 huiusmodi
2964 708 3254 763 habentur.

418 805 483 858 Ἢ
511 806 568 858 δὲ
595 803 816 874 ἀφωνία
836 804 929 855 ἐπὶ
959 803 1118 856 ἐνίων
1146 801 1473 872 ἀνθρώπων,
1501 801 1533 870 ἢ
1565 802 1912 870 κακοφωνία,

338 897 513 959 οὕτως
551 897 790 964 γίνεται.
841 893 948 946 Δύο
1004 893 1198 962 ὑμένες
1242 892 1636 963 διαφρὰττουσι
1673 893 1765 946 τὸν
1813 894 1919 946 θώ-

342 1007 502 1063 ρακω
526 988 574 1041 οἳ
601 989 693 1042 καὶ
716 987 1012 1056 ἀρχόμενοι
1039 985 1152 1038 ἀπὸ
1174 983 1276 1037 τοῦ
1298 983 1520 1053 στέρνου
1553 983 1918 1052 ἀφικνοῦνται

347 1082 512 1152 μέχρι
541 1079 641 1149 τῆς
689 1079 931 1150 ῥάχεως·
969 1077 1046 1138 ὡς
1079 1075 1332 1144 γίνεσθαι
1382 1075 1476 1128 δύο
1506 1075 1718 1139 κοιλίας
1748 1078 1806 1128 ἐν
1844 1075 1921 1146 τῷ

341 1174 591 1244 θώρακιο
623 1173 719 1224 καὶ
749 1170 914 1237 μέσον
945 1168 1050 1221 τῶν
1081 1168 1308 1221 κοιλιῶν
1333 1163 1476 1220 εἶναι
1500 1167 1591 1220 τὸν
1616 1167 1918 1236 πνεύμονα.

342 1262 684 1330 Διείργονται
711 1257 806 1309 οῦν
842 1257 897 1309 αἱ
920 1254 1014 1308 δύο
1045 1255 1248 1308 κοιλίαι
1275 1257 1370 1308 ἀπ’
1403 1255 1678 1324 ἀλλήλων,
1712 1255 1788 1317 ὡς
1826 1273 1924 1325 μη-

341 1355 397 1407 δὲ
441 1350 706 1405 δύνασθαι
761 1348 1122 1418 μεθίστασθαι
1173 1348 1281 1400 ἀπὸ
1332 1347 1433 1417 τῆς
1477 1347 1658 1412 δεξιᾶς
1710 1348 1923 1410 κοιλίας

348 1445 445 1497 ἐπὶ
496 1443 599 1513 τὴν
633 1440 968 1512 ἀριστεράν·
1009 1441 1145 1509 μήτε
1179 1439 1287 1492 ἀπὸ
1337 1439 1434 1508 τῆς
1481 1441 1778 1509 ἀριστερᾶς
1830 1440 1923 1492 ἐπὶ

342 1534 443 1603 τὴν
473 1533 676 1598 δεξιάν.
718 1528 1021 1599 Συμὸαίνει
1050 1528 1234 1580 τοίνυν
1267 1529 1331 1580 ἐκ
1356 1527 1572 1597 ψύξεως
1601 1528 1632 1598 ἢ
1667 1527 1920 1591 καύσεως

2070 799 2231 854 Vocis
2243 800 2912 871 veroimpedimenta(quo
2928 799 3276 854 incommodo
3291 797 3457 867 premi
3481 807 3610 850 non'

2021 891 2186 945 nullis
2199 891 2420 960 accidit)
2442 893 2543 947 hoc
2559 892 2777 961 quidem
2796 902 2955 961 pacto
2977 891 3090 945 fieri
3105 891 3299 945 solent.
3314 889 3449 943 Cum
3462 889 3607 942 enim

2023 984 2376 1048 membranae,
2401 999 2522 1052 quae
2560 999 2590 1038 a
2628 985 2848 1039 thorace
2904 975 3259 1052 procedentes
3289 981 3354 1034 ad
3395 981 3608 1048 spinam

2026 1091 2201 1143 usque
2240 1076 2490 1138 tendunt.
2539 1085 2730 1146 pectus
2787 1076 3100 1129 obturatum
3148 1073 3501 1137 reddiderint,
3530 1073 3610 1126 sic

2029 1179 2088 1222 ut
2118 1169 2172 1221 in
2192 1169 2412 1221 thorace
2443 1169 2691 1238 geminos
2712 1169 2826 1222 ﬁeri
2853 1167 3183 1222 ventriculos
3210 1166 3441 1229 accidat,
3469 1164 3609 1218 inter

2030 1259 2175 1328 ipsos
2204 1259 2389 1328 pulmo
2420 1260 2633 1313 medius
2673 1260 2977 1314 consistere
3025 1261 3286 1313 cernitur.
3322 1257 3386 1311 lli
3420 1258 3609 1326 itaque

2029 1351 2138 1403 duo
2183 1350 2467 1405 ventriculi
2523 1350 2604 1405 sic
2663 1350 2896 1404 invicem
2946 1349 3175 1417 scjuncti
3239 1359 3388 1411 sunt,
3452 1357 3533 1409 ut,
3578 1363 3612 1400 a

2029 1441 2221 1494 dextra
2246 1441 2299 1494 in
2327 1441 2611 1506 laevam,ac
2641 1458 2670 1496 a
2694 1443 2823 1497 lzeva
2847 1443 3089 1497 vicissim
3123 1443 3187 1496 ad
3206 1442 3450 1496 dextram
3483 1454 3608 1508 per-

2030 1532 2227 1584 mutari
2283 1541 2576 1602 nequeant.
2628 1532 2818 1601 Itaque
2869 1535 3150 1588 humorem
3197 1533 3506 1603 quemdmn,
3542 1546 3610 1584 ex

344 1623 541 1699 ρεῦσαί
569 1640 693 1676 τινα
729 1620 904 1691 χυμὸν
934 1620 1028 1672 ἐπὶ
1055 1622 1174 1682 ταῖς
1200 1620 1524 1690 εἰρημέναις
1553 1619 1804 1683 κοιλίαις,
1833 1619 1928 1672 καὶ

2034 1621 2324 1677 immodico
2352 1623 2573 1694 frigore,
2630 1640 2726 1678 seu
2755 1639 2820 1677 ex
2853 1625 3024 1679 nimio
3052 1625 3234 1679 calore
3289 1623 3612 1693 proveniet:-

343 1715 628 1788 ἐμφράξαι
659 1713 832 1773 αὑτάς
854 1728 868 1744 ο
902 1711 1198 1765 κάντεῦθεν
1229 1710 1485 1778 γενέσθαι
1515 1710 1614 1782 τὴν
1651 1711 1922 1780 ἀφωνίαν.

346 1809 408 1862 Et
473 1808 577 1877 μὲν
631 1801 725 1858 οὖν
788 1803 885 1874 μία
922 1802 1028 1855 τῶν
1076 1801 1298 1856 κοιλιῶν
1352 1803 1499 1873 πάθῃ
1525 1804 1590 1866 ⁷⁸,
1649 1803 1929 1873 ἡμιφωνία

345 1897 771 1971 παρακολουθεῖ.
823 1896 921 1948 Ἂν
957 1895 1014 1947 δὲ
1045 1897 1099 1948 αἱ
1123 1896 1168 1926 ⁸⁸
1193 1894 1310 1957 δύο,
1346 1895 1618 1966 παντελὴς
1636 1896 1677 1927 ⁸¹
1715 1896 1929 1965 γίνεται

346 1991 580 2060 ἀφωνία.
610 1990 724 2043 Καὶ
747 1989 875 2059 περὶ
908 1987 1008 2058 μὲν
1034 1988 1220 2056 φωνῆς
1250 1989 1282 2058 ἡ
1317 1987 1515 2052 σκέψις.
1540 1988 1845 2059 αὐτάρκης.

2031 1721 2162 1775 tem,
2206 1712 2258 1765 in
2293 1712 2440 1782 ipsos
2460 1729 2599 1782 quos
2644 1715 2984 1770 asseruimus
3017 1709 3345 1770 ventriculos
3371 1713 3612 1784 quando-

2026 1821 2132 1875 que
2163 1806 2455 1876 prolluere,
2504 1822 2707 1877 eosque
2730 1809 3016 1863 obturatos
3057 1809 3283 1863 reddere
3321 1807 3609 1876 contingit,

2026 1914 2134 1966 qua
2165 1913 2230 1954 ex
2260 1914 2426 1954 causa
2461 1901 2612 1955 vocis
2652 1901 3040 1971 impedimenta
3077 1915 3142 1956 ac
3180 1901 3380 1969 eloquii
3412 1914 3609 1969 prove-

2029 1989 2149 2044 nire
2212 1999 2550 2060 compertum
2610 1992 2898 2049 habemus.
2951 1992 3010 2046 Si
3050 2000 3230 2046 autem
3278 1991 3507 2045 alterum
3542 2003 3612 2044 ex

345 2082 660 2138 ventriculis
699 2079 943 2135 obturari
1025 2078 1308 2140 acciderit,
1380 2077 1695 2148 imperfecta
1752 2077 2148 2150 dimidiataque
2233 2096 2334 2135 vox
2393 2081 2660 2151 sequitur.
2723 2080 2966 2153 Utroque
3011 2097 3138 2138 vero
3183 2083 3444 2153 patiente,
3494 2091 3609 2137 tota

344 2180 560 2250 penitus
603 2192 710 2232 vox
760 2173 1126 2245 intercipitur.
1179 2174 1244 2228 Et
1301 2173 1519 2244 quidem
1569 2174 1637 2230 de
1676 2189 1809 2230 voce
1848 2175 1976 2230 talia
2001 2175 2205 2231 dixisse
2225 2175 2493 2232 sutIiciat..

677 2292 817 2359 Κεφ.
853 2287 957 2347 ων.
992 2319 1063 2328 -
1088 2289 1228 2358 Περὶ
1256 2288 1594 2359 ἀναπνοῆς.

421 2402 630 2456 Λοιπὸν
675 2402 876 2471 ῐδωμεν
923 2402 1020 2455 καὶ
1052 2402 1170 2464 πῶς
1200 2403 1246 2472 ἡ,
1270 2402 1516 2470 ἀναπνοὴ
1547 2401 1794 2468 γίνεται,
1831 2403 1928 2456 καὶ

346 2496 402 2547 τί
428 2495 489 2547 τὸ
538 2493 792 2564 ἐνεργοῦν
851 2494 1078 2565 μόριον⁹
1126 2494 1221 2546 καὶ
1285 2494 1402 2554 πῶς
1449 2493 1640 2547 ἄλλοτε
1682 2494 1922 2563 μεγάλη,

347 2586 446 2638 καὶ
468 2586 512 2616 ⁸¹
545 2584 735 2638 ἄλλοτε
772 2583 1021 2654 μικρὰ,ἢ
1061 2584 1241 2652 μέσως
1271 2582 1474 2654 ἔχουσα
1521 2584 1801 2653 φαίνεται·
1833 2583 1932 2636 καὶ

347 2677 429 2730 δεῖ
477 2667 675 2730 εἰδέναι
705 2677 786 2728 ὅτι
838 2677 938 2745 τὴν
969 2675 1108 2728 κατὰ
1162 2675 1327 2744 φύσιν
1358 2675 1454 2728 καὶ
1500 2675 1761 2728 ἀϐίαστον
1794 2675 1928 2728 ἁνα-

365 2771 572 2838 πνοὴν,
636 2768 702 2821 τὸ
763 2768 1090 2836 λεγόμενον
1135 2767 1462 2837 διάφραγμα
1524 2767 1928 2837 ἀπεργάζεται.

352 2862 511 2914 Ἐστι
538 2860 679 2914 δὲτὸ
710 2858 1049 2928 διάφραγμα
1079 2857 1223 2928 ὑμὴν
1244 2858 1290 2889 ⁸³
1319 2875 1384 2910 πε
1397 2857 1706 2928 ριζωννύων
1735 2857 1834 2910 ὅλα
1862 2857 1931 2910 τὰ

351 2953 640 3023 σπλάγχνα
656 2951 704 2982 ⁸⁸
726 2969 740 2983 ·
773 2950 1091 3020 διαχωρίςει
1124 2949 1181 3002 δὲ
1208 2950 1276 3003 τὰ
1321 2948 1595 3019 θρεπτικά
1628 2949 1794 3019 μόρια
1823 2947 1932 3000 ἀπὸ

349 3045 462 3098 τῶν
512 3044 1010 3098 ἀναπνευστικῶνο
1068 3043 1118 3094 εί
1187 3041 1246 3094 δέ
1309 3043 1428 3094 ἐστι
1495 3041 1934 3110 συντεταμένη⁸⁸

350 3137 618 3206 ἀναπνοὴ,
653 3136 776 3187 τότε
809 3136 903 3187 καὶ
933 3135 982 3186 οἱ
1017 3132 1406 3204 μεσοπλεύριοι
1462 3133 1599 3204 μῦες
1624 3132 1932 3203 ἐνεργοῦσι.

353 3230 465 3281 Καὶ
495 3227 686 3297 ῶσπερ
724 3228 780 3278 ἐν
826 3224 903 3294 τῷ
933 3225 1118 3295 ἠρέμα
1160 3226 1310 3295 ἡμᾶς
1355 3224 1590 3294 βαδίζειν
1607 3225 1672 3287 ⁸⁸,
1725 3224 1940 3294 ἐνεργεῖ

351 3319 682 3389 διάφραγμα
701 3319 746 3349 ⁸⁷
789 3317 888 3387 τὴν
930 3317 1074 3370 κατὰ
1125 3317 1288 3386 φύσιν
1322 3315 1621 3386 ἀναπνοὴν,
1663 3315 1839 3378 οὓτως
1879 3316 1939 3367 ἐν

354 3411 430 3482 τῷ
465 3411 874 3480 ἐπιτεταμένως
909 3409 1166 3479 βαδίζειν,
1196 3410 1300 3478 τὴν
1332 3409 1734 3478 ἐπιτεταμένην
1789 3409 1930 3461 ἁνα-

354 3503 584 3574 πνοήν⁸⁸
603 3519 614 3530 ·
682 3503 806 3554 ἐπεὶ
829 3503 885 3554 δὲ
909 3502 1012 3555 οὐκ
1037 3501 1314 3570 ἐξαρκεί⁸⁹
1341 3501 1503 3570 μόνον
1529 3500 1590 3552 τὸ
1611 3499 1939 3569 διάφραγμα

356 3591 755 3663 ἀναπληρῶσαι
811 3591 910 3662 τὴν
953 3592 1163 3660 χρείαν,
1214 3590 1498 3661 ἐνεργοῦσι
1546 3591 1642 3642 καὶ¹
1678 3594 1727 3644 οἱ
1774 3608 1939 3660 μεσοο

359 3683 608 3753 πλεύριοι
649 3682 779 3753 μῦες
803 3685 872 3747 ⁸ο,
903 3683 1092 3753 ὥσπερ
1130 3683 1221 3734 ἐπὶ
1249 3683 1360 3734 τῶν
1402 3682 1568 3746 ὀξέως
1597 3681 1938 3753 βαδιζόντων.

359 3777 421 3830 Ei
452 3775 508 3828 δέ
544 3776 804 3827 ἐπιπλέον
854 3775 933 3827 ἔτι
985 3775 1135 3826 ἐστὶν
1185 3775 1600 3844 ἐπιτεταμμένη
1622 3776 1664 3805 ⁹¹
1702 3776 1796 3826 καὶ
1849 3773 1940 3842 βε·

358 3868 633 3938 ϐιασμένη
665 3869 698 3938 ἡ
745 3868 1013 3937 ἀναπνοὴ,
1050 3866 1240 3936 ἐπειδὴ
1270 3869 1393 3918 τότε
1421 3867 1520 3918 οὐκ
1551 3866 1850 3936 ἐξαρκοῦσι
1879 3865 1941 3919 τό

359 3977 418 4012 τε
469 3959 797 4028 διάφραγμα
848 3960 944 4012 καὶ
973 3960 1022 4010 οἱ
1075 3957 1461 4029 μεσοπλεύριοι
1519 3955 1654 4026 μῦες
1691 3959 1941 4027 ἀναπλη-

361 4051 538 4123 ρῶσαι
568 4051 666 4121 τὴν
696 4051 911 4120 χρείαν,
935 4051 1058 4102 τότε
1089 4051 1184 4104 καὶ
1212 4051 1262 4103 οί
1286 4050 1480 4119 ὑψηλοὶ
1508 4050 1790 4119 λεγόμενοι
1808 4049 1942 4120 μῦες

359 4145 698 4214 ἐνεργοῦσιν,
729 4145 917 4214 ῶσπερ
942 4146 1032 4196 ἐπὶ
1059 4144 1168 4196 τῶν
1200 4144 1500 4216 τρεχόντων
1523 4145 1618 4198 καὶ
1645 4146 1944 4215 ἐπιτεταμ-

363 4237 541 4306 μένως
561 4239 606 4268 ’³
635 4235 1091 4305 γυμναζομένων.

443 4495 868 4565 ’Ᾱξιολογωτάτη
894 4495 950 4549 δέ
985 4497 1132 4548 ἐστιν
1162 4497 1194 4566 ἡ
1224 4496 1471 4566 ἀναπνοὴ
1498 4495 1609 4549 τῶν
1639 4497 1935 4566 ἐνεργειῶν

2419 2290 2551 2361 Gap.
2595 2290 2709 2347 XII.
2747 2291 2824 2347 De
2864 2294 3232 2363 respiratione.

2103 2401 2396 2474 Reliquum
2441 2417 2544 2470 est,
2606 2407 2682 2460 uti
2728 2408 2795 2462 de
2844 2408 3205 2477 respiratione
3243 2421 3477 2478 quonam
3521 2420 3617 2476 pa-

2029 2507 2117 2551 cto
2185 2498 2321 2564 tiat,
2365 2514 2552 2569 quaeve
2624 2515 2749 2568 pars
2830 2501 3008 2553 activa
3081 2501 3191 2566 sit,
3229 2510 3283 2554 et
3341 2499 3616 2568 quomodo

2035 2590 2361 2659 quandoque
2407 2591 2701 2644 vehemens
2728 2629 2742 2651 ,
2795 2605 3188 2659 nonnunquam
3229 2590 3469 2654 modica,
3515 2587 3621 2642 ali-

2035 2681 2254 2750 quando
2295 2695 2424 2734 vero
2473 2681 2732 2734 mediocri
2793 2690 2981 2734 tenore
3042 2682 3248 2733 feratur
3292 2680 3615 2733 referamus.

2038 2769 2190 2825 Scire
2241 2771 2460 2840 quidem
2513 2785 2611 2824 nos
2663 2771 2863 2836 decet,
2920 2771 3066 2840 quod
3120 2771 3441 2840 respiratio,
3495 2786 3618 2837 quat

2033 2876 2143 2915 non
2194 2861 2246 2914 vi
2288 2861 2382 2915 sed
2432 2869 2640 2914 natura:
2674 2859 2862 2914 ordine
2910 2858 3116 2927 fertur,
3163 2876 3194 2914 a
3247 2870 3400 2929 septo
3439 2871 3620 2914 trans-

2033 2965 2226 3011 verso,
2279 2949 2425 3019 quod
2487 2949 2807 3020 διάφραγμα
2867 2948 3036 3003 Graeci
3095 2949 3280 3003 dicunt
3323 2949 3618 3017 proficisci-

2038 3051 2140 3094 tur.
2157 3038 2249 3094 Est
2275 3048 2454 3094 autem
2487 3049 2699 3109 septum
2750 3049 3119 3094 transversum
3149 3039 3464 3093 membrana
3498 3053 3622 3108 qum

2037 3139 2208 3184 totum
2260 3144 2462 3199 corpus
2508 3129 2814 3199 prmeingit,
2851 3137 2906 3183 et
2939 3129 3055 3198 ipsa
3103 3137 3189 3183 est
3241 3145 3363 3199 qua:
3401 3129 3621 3184 altrices

2035 3231 2216 3287 partes
2243 3220 2353 3292 85
2398 3237 2429 3274 a
2469 3222 2807 3290 spiritalibus
2845 3221 3205 3276 disterminat.
3254 3221 3320 3276 Et
3352 3222 3620 3292 quemad-

2039 3314 2263 3368 modum
2342 3313 2580 3379 accidit,
2631 3329 2755 3369 cum
2803 3320 3085 3369 moderato
3140 3315 3350 3369 utimur
3401 3331 3618 3385 gressu,

2040 3413 2253 3472 septum
2315 3412 2704 3470 transversum,
2767 3405 3180 3474 respirationem
3223 3421 3344 3474 quae
3414 3415 3622 3459 naturae

2039 3494 2231 3548 ordine
2289 3493 2462 3548 fertur
2512 3509 2804 3564 peragere,
2863 3497 2937 3550 ita
2983 3512 3107 3551 cum
3160 3498 3446 3565 respiratio
3487 3513 3622 3552 con-

2039 3583 2258 3635 citatior
2285 3584 2363 3642 lit.
2416 3593 2549 3638 tunc
2580 3593 2634 3637 et
2674 3585 2908 3640 musculi
2939 3587 3107 3641 costis
3128 3586 3461 3650 intermedii,
3492 3602 3619 3640 cum

2042 3670 2161 3738 ipso
2209 3670 2376 3725 ofticii
2435 3672 2771 3727 functionem
2834 3675 3072 3744 explent,
3127 3677 3385 3746 quoniam
3440 3677 3618 3746 ipsum

2043 3762 2136 3814 tali
2187 3761 2369 3816 ofﬁcio
2402 3779 2499 3832 per
2531 3779 2591 3819 se
2617 3765 2867 3820 sufficere
2911 3768 3102 3835 nequit
3133 3769 3214 3835 (ut
3249 3767 3337 3823 his
3365 3769 3456 3837 qui
3492 3784 3625 3838 per-.

2044 3852 2152 3906 nici
2189 3868 2380 3922 gressu
2411 3856 2661 3908 feruntur
2694 3857 2938 3926 accidit),
2972 3874 3095 3912 cum
3150 3860 3399 3928 spiritum
3439 3859 3619 3930 ipsum

2045 3946 2220 4014 magis
2259 3945 2475 3999 extendi
2515 3947 2822 4017 contigerit,
2879 3957 3009 4005 tunc
3057 3959 3112 4004 et
3159 3951 3239 4004 illi
3280 3952 3374 4022 qui
3417 3953 3619 4008 excelsi

2044 4037 2304 4092 dicuntur
2335 4039 2566 4093 musculi
2590 4049 2778 4109 agunt,
2808 4042 2934 4110 quia
2961 4052 3072 4096 tum
3099 4053 3311 4112 septum
3343 4054 3619 4100 transver-

2046 4148 2192 4198 sum,
2216 4141 2330 4186 tum
2353 4133 2589 4188 musculi
2615 4135 2784 4190 costis
2822 4136 3152 4205 intermedii,
3184 4149 3448 4207 quantum
3484 4141 3621 4196 satis

1971 4252 2015 4308 υ
2046 4223 2118 4278 sit
2179 4221 2430 4278 sufficere
2501 4224 2722 4279 minime
2772 4225 2985 4293 valent;
3033 4237 3088 4282 et
3138 4230 3242 4283 hoc
3292 4231 3347 4284 in
3401 4230 3486 4287 his
3525 4232 3618 4301 qui

2045 4324 2290 4378 currunt,
2343 4331 2407 4370 ac
2448 4316 2714 4373 intensius
2754 4318 2807 4372 in
2847 4321 3237 4377 certaminibus
3271 4334 3616 4389 exercentur,

2045 4421 2267 4462 cernere
2311 4417 2414 4461 est.

2117 4495 2408 4552 Enimvero
2473 4499 2760 4568 respiratio
2792 4503 3037 4556 omnium
3067 4504 3316 4572 corporis
3337 4505 3614 4559 actionum

360 4587 456 4640 τοῦ
501 4587 792 4657 σώματος,
828 4587 1032 4656 μᾶλλον
1077 4587 1136 4640 δὲ
1185 4588 1286 4656 τῆς
1320 4587 1535 4658 ψυχῆς·
1586 4588 1802 4659 ἐδείχθη
1830 4590 1930 4660 γὰρ

2035 4585 2120 4639 vel
2165 4587 2361 4640 animae
2399 4589 2580 4656 potius
2651 4591 3095 4658 praestantissima
3169 4593 3434 4655 habetur;
3466 4595 3619 4662 prius

363 4680 680 4750 ἔμπροσθεν
730 4682 812 4734 ὅτι
857 4681 1037 4734 πάντα
1085 4680 1164 4732 τὰ
1193 4681 1298 4732 ὑπὸ
1365 4682 1520 4751 μυῶν
1573 4683 1669 4734 καὶ
1731 4683 1930 4753 νεύρωι

2035 4678 2182 4732 enim
2213 4694 2243 4732 a
2265 4679 2428 4737 nobis.
2461 4681 2781 4749 planissime
2802 4682 3239 4737 demonstratum
3267 4693 3374 4749 est,
3392 4695 3618 4742 cunctas

363 4773 661 4842 κινούμενα
715 4771 911 4842 μόρια,
967 4774 1033 4824 ἐκ
1073 4771 1172 4840 τῆς
1216 4773 1398 4842 ψυχῆς
1429 4773 1527 4844 τὴν
1571 4773 1804 4842 δύναμιν
1840 4776 1930 4842 τῆς

2037 4784 2160 4838 qua:
2205 4785 2237 4825 a
2290 4773 2555 4826 musculis
2610 4771 2900 4840 nervisque
2941 4785 3232 4826 moventur
3279 4785 3494 4844 partes,
3551 4777 3620 4830 ab

361 4865 644 4933 ἐνεργείας
675 4862 1033 4931 ).αμ6ἁνει⁹³,
1075 4864 1169 4915 καὶ
1216 4862 1425 4930 ψυχικά
1475 4864 1641 4916 ἐστιν.
1702 4861 1937 4928 ’Λξιολο-

360 4956 586 5026 γωτάτη
618 4955 674 5007 δέ
703 4956 853 5006 ἐστιν
892 4957 924 5025 ὴ
957 4954 1221 5026 ἀναπνοὴ,
1254 4954 1442 5025 ἐπειδὴ
1476 4955 1570 5006 καὶ
1613 4953 1870 5022 ζωογονεῖ
1892 4955 1939 4985 ’δ

362 5047 458 5099 καὶ
488 5047 791 5100 ἅνακτᾶται
818 5045 878 5098 τὸ
907 5045 1131 5116 θερμόν·
1167 5047 1259 5098 καὶ
1288 5045 1456 5113 ύγιῶς
1484 5043 1620 5112 αύτὴ
1650 5044 1848 5114 ἔχουσα
1867 5043 1935 5110 θ’,

431 5227 600 5299 "ran
617 5230 761 5281 οὕτω
794 5228 894 5299 μὲν
920 5225 988 5278 τὰ
1015 5225 1114 5299 τῆς
1141 5224 1329 5299 φωνῇέ
1353 5225 1416 5275 Ρ.
1438 5224 1522 5299 --⁷⁸
1549 5222 1710 5275 πάθοι
1735 5220 1793 5275 Β.
1838 5291 1848 5299 .
1868 5222 1914 5251 ⁸ο
1939 5220 1988 5299 οἱ
2015 5222 2080 5276 Α.
2138 5219 2180 5250 ⁸⁸

2045 4861 2242 4914 anima:
2297 4860 2646 4916 facultatibus
2697 4863 2966 4916 actionem
3032 4865 3346 4930 vindicare,
3389 4869 3620 4922 animal-

2044 4965 2214 5018 esque
2269 4965 2409 5005 esse.
2469 4951 2609 5006 Inter
2657 4953 2801 5021 ipsas
2846 4963 3066 5019 autem,
3131 4959 3415 5026 respiratio
3474 4961 3619 5014 cclc-

2046 5041 2280 5096 herrima
2339 5051 2464 5107 cst,
2522 5045 2779 5113 quoniam
2843 5045 2898 5100 in
2956 5047 3113 5101 nobis
3180 5047 3405 5102 insitum
3474 5049 3620 5104 calo-

2213 5221 2245 5291 ἡ
2277 5239 2434 5298 παντ.
2470 5223 2537 5298 ΒΔ
2572 5223 2631 5298 ξ’
2654 5224 2746 5298 καί
2773 5241 2881 5298 om.
2910 5227 2970 5281 Β.
3030 5226 3074 5258 ⁸³
3089 5225 3263 5298 ούμὴν
3291 5228 3354 5282 Λ.
3430 5229 3477 5262 ⁸⁸
3498 5229 3620 5284 ὅλον

364 5299 454 5353 τὸν
479 5298 706 5369 θώρακα
744 5291 805 5362 Β,
832 5298 912 5350 ὄλ.
944 5300 1004 5348 τὸ
1041 5291 1200 5369 σῶμα
1431 5294 1478 5369 δή
1513 5291 1918 5369 συντεταγμένη
1944 5293 2006 5353 Α,
2032 5293 2468 5369 σνντεταμμένον
2499 5293 2538 5348 C
2697 5293 2748 5369 δέ
2774 5291 3168 5369 βαδιμὴμᾶς
3217 5291 3261 5369 ξ’
3288 5298 3348 5350 τὸ
3368 5299 3516 5367 διάφ,
3557 5303 3614 5356 Β,

326 5365 330 5370 ’
363 5369 410 5397 ⁸⁸
441 5363 581 5422 οὕτω
635 5371 734 5438 τὴν
768 5365 1171 5440 ἐπιτεταμένην
1230 5365 1428 5440 ἀναπν.
1461 5364 1602 5440 (otii.
1634 5363 2257 5440 Plentrscaypévtoeet
2290 5364 2691 5440 ἐπιτεταμένην
2725 5363 2790 5417 Δ.
2866 5366 2911 5397 ⁸⁸
2944 5363 3145 5440 ’ἐπειδὴ
3175 5367 3298 5420 τότε
3328 5370 3427 5422 οὐκ
3460 5363 3618 5440 ἐξαρ-
3689 5394 3693 5398 ·

365 5437 524 5490 κοῦσι
554 5441 673 5491 τότε
693 5433 889 5508 διαφρ.
918 5433 1014 5489 καί
1044 5433 1372 5508 οί-μεσοπλ,

1407 5433 1540 5501 μύες
1566 5433 1626 5484 Β.
1703 5434 1748 5463 ⁹⁰
1774 5434 1900 5506 τότε
1929 5476 1930 5482 η

2053 5434 2101 5506 οί
2128 5432 2326 5500 ὑψηλοὶ
2360 5433 2495 5506 λεγεᾳ
2525 5435 2658 5506 μύες
2693 5437 2875 5505 ἐνεργ.
2901 5437 2979 5490 sic
3012 5435 3070 5499 P,
3106 5432 3200 5490 ora
3232 5439 3320 5506 qui
3347 5451 3472 5493 ante
3496 5432 3619 5493 τότε

369 5510 482 5560 haec
507 5511 629 5561 add.
663 5511 711 5560 εί
733 5502 901 5560 δὲ’ἔτι
936 5508 1030 5558 ἐπὶ
1062 5504 1243 5580 πλεῖον
1265 5504 1412 5580 ἐστὶν
1443 5502 1930 5580 ὲπιτεταλμμένονς]

2034 5505 2282 5580 ssis__qua_:_
2307 5503 2521 5580 seq._B.
2595 5504 2636 5534 ⁹¹
2660 5502 3074 5580 επιτεταγμένη
3105 5507 3162 5559 Β.
3199 5578 3213 5580 ,Α
3322 5510 3616 5580 ἐντεταμέ-

367 5594 472 5638 νως
512 5579 571 5630 Β.
647 5579 692 5608 θ’
725 5582 790 5630 ἐκ
825 5579 921 5647 τῆς
949 5574 1227 5644 ἐνεργείας
1254 5574 1350 5643 τῆς
1382 5572 1509 5642 ψυχ.
1538 5571 1703 5642 λαμῦ.
1735 5573 1829 5641 τὴν
1859 5571 2086 5642 δύναμιν
2113 5572 2169 5626 Β.
2246 5572 2292 5604 ’⁵
2320 5572 2680 5635 ἀναζωοποιεῖ
2709 5576 2770 5637 Β,
2803 5571 3214 5640 ἐπεῖζωόποιεῖ
3238 5579 3297 5632 Ρ.
3375 5580 3420 5610 ⁸³
3447 5571 3617 5652 αὐτῆς

368 5647 596 5716 ἐχούσης
634 5648 672 5698 Β
694 5649 754 5701 Ρ.
