4054 6216
398 257 420 313 1
433 252 537 312 ΞΟΞ

1637 258 1725 313 DE
1764 256 2053 315 NATURA
2095 261 2403 322 HOMINIS.

3526 271 3547 328 1
3559 271 3665 329 206

392 373 590 446 Θώραξ
608 368 666 427 at
692 372 752 427 τὸ
776 370 940 427 ὅπλον
968 371 1075 429 ἀπὸ
1092 374 1187 428 τοῦ
1211 374 1605 447 περιεχομένου
1633 377 1693 430 τὸ
1717 377 1973 449 περιέχον

2079 382 2296 440 Thorax
2332 386 2458 441 item
2490 394 2543 441 et
2576 394 2864 441 armaturae
2888 402 3058 458 genus
3089 395 3191 452 est,
3240 387 3309 442 ab
3361 387 3452 442 illo
3516 391 3660 460 quod

390 469 729 542 παρίστησιν
756 467 979 534 ἔξωθεν,
1030 468 1393 540 μετωνυμικῷ
1433 469 1621 541 τρόπῳ
1645 471 1689 501 ²⁰
1718 486 1732 501 ·
1767 469 1843 534 ὡς
1883 472 1978 524 καὶ

394 557 464 613 Ὅ
472 576 547 629 μη
557 574 648 628 ρος
668 595 683 622 ,
1070 602 1077 613 ,

461 652 588 720 Πῦρ
615 649 785 704 δαῖεν
805 650 925 704 ἀπὸ
950 651 1168 719 κρατός
1196 668 1261 705 τε
1282 651 1383 705 καὶ
1403 651 1577 721 ὤμων
1607 651 1625 721 ί
1629 653 1682 723 ρ)
1700 668 1716 683 ·

392 743 499 797 ἀπὸ
532 742 641 795 τῶν
680 743 1089 812 περιεχομένων
1115 742 1184 795 τὰ
1206 744 1560 812 περιέχοντα·
1594 745 1718 798 ἀντὶ
1748 743 1842 799 τοῦ
1869 744 1978 799 ἀπὸ

388 840 490 901 τῆς
510 833 737 897 ἀσπίδος
766 836 860 886 καὶ
888 836 989 905 τῆς
1016 835 1482 907 περικεφαλαίας.

465 927 654 980 Ἔστιν
694 922 790 979 οὖν
822 928 849 977 ὁ
883 925 1070 997 θώραξ
1105 927 1405 998 νευρώδης,
1459 927 1553 981 καλ⁵
1592 929 1837 1000 μυώδης,
1882 929 1979 983 καὶ

390 1018 694 1089 φλεόώδης,
742 1020 836 1071 καὶ
869 1019 1255 1090 ἀρτηριώδης,
1297 1020 1590 1091 ὀργανικὸν
1635 1021 1823 1091 μόριον
1870 1022 1978 1075 ὑπὸ

388 1109 483 1162 τοῦ
510 1108 857 1179 Δημιουργοῦ
883 1111 1353 1174 κατασκευασθεὶς
1391 1112 1527 1183 πρὸς
1559 1111 1658 1183 τὴν
1686 1112 1976 1183 ἐνέργειαν

391 1204 493 1274 τῆς
522 1204 800 1274 ἀναπνοῆς
820 1218 833 1233 ·
869 1203 1177 1257 συνδέδεται
1208 1204 1263 1258 δὲ
1293 1208 1415 1268 ταῖς
1454 1206 1831 1277 ώμοπλάταις,
1880 1209 1976 1261 καὶ

392 1298 516 1359 ταῖς
566 1293 915 1358 κατακλεῖσι,
952 1297 1048 1348 καὶ
1092 1298 1216 1360 ταῖς
1266 1296 1552 1367 πλευραῖς.
1606 1297 1764 1351 Κατὰ
1813 1298 1872 1353 δὲ
1914 1299 1976 1353 τὸ

394 1391 572 1460 πέρας
609 1389 776 1443 αὑτοῦ
816 1389 1063 1443 κάτωθεν
1104 1390 1216 1444 τῶν
1267 1392 1515 1462 μαιστῶν
1538 1392 1606 1456 ¹¹,
1645 1394 1703 1446 ἐν
1728 1395 1795 1464 τῇ
1831 1393 1973 1465 μέσῃ

395 1482 754 1552 συμπέφυκεν
787 1481 937 1551 αύτῷ
961 1484 988 1535 ὁ
1015 1481 1327 1551 ξιφοειδὴς
1356 1484 1655 1555 λεγόμενος
1694 1486 1972 1555 χόνδρος.

407 1576 496 1629 ,Εν
527 1568 571 1643 ᾧ
599 1574 694 1628 καὶ
734 1573 795 1627 τὸ
839 1573 1166 1645 διάφραγμα
1220 1575 1585 1647 περιζωννύει
1621 1577 1683 1631 τὸ
1725 1576 1971 1648 σῶμαη,

393 1666 715 1738 διαχωρίζον
736 1667 779 1698 ⁸⁸
825 1666 896 1720 τά
923 1683 982 1719 τε
1039 1666 1145 1720 ὑπὸ
1174 1667 1267 1721 τὸν
1310 1668 1559 1739 θώρακα.
1592 1670 1686 1722 καὶ
1712 1669 1855 1739 ὑπὲρ
1881 1669 1975 1721 τὸν

2080 480 2582 549 comprehenditur,
2613 488 2668 533 et
2727 479 2856 533 illud
2915 480 3062 549 quod
3115 480 3529 549 comprehendit
3573 497 3665 552 ap-

2081 568 2370 634 pellatum;
2422 568 2885 638 quemadmodum
2936 584 2990 624 et
3040 570 3312 625 cassidem
3365 588 3664 643 περικεφα-

2079 658 2226 724 λαία,
2254 661 2400 731 quod
2426 661 2678 716 videlicet
2712 670 2877 732 caput
2908 663 3133 730 ambiat,
3159 664 3338 719 dicere
3370 664 3567 719 solent.

2149 928 2430 999 Siquidem
2467 928 2661 982 thorax
2705 942 2830 997 pars
2875 935 2993 990 est,
3040 926 3222 981 nervis
3253 925 3657 995 musculisque,

2079 1038 2144 1077 ac
2196 1022 2412 1076 arteriis
2476 1021 2585 1090 87
2632 1020 2853 1083 referta,
2920 1035 3084 1089 quam
3128 1034 3309 1073 rerum
3353 1017 3544 1087 Opifex
3593 1020 3660 1075 ad

2079 1111 2305 1181 spiritus
2337 1110 2820 1179 reciprocationem
2850 1124 2947 1178 pro
2967 1108 3328 1162 instrumento
3354 1109 3657 1163 constituit.

2078 1202 2194 1270 Ipse
2212 1211 2392 1256 autem
2420 1216 2542 1255 cum
2575 1202 2835 1268 scapulis,
2860 1200 3250 1269 claviculisque
3280 1216 3346 1255 ac
3381 1202 3550 1255 costis
3576 1217 3664 1256 co-

2079 1298 2315 1367 pulatur.
2353 1294 2408 1349 In
2434 1303 2586 1363 parte
2621 1307 2771 1355 vero,
2805 1307 2930 1362 quae
2955 1292 3007 1345 in
3041 1291 3146 1346 line
3176 1291 3295 1361 ejus
3315 1292 3419 1346 sub
3447 1292 3660 1362 papillis

2078 1390 2255 1443 media
2278 1396 2360 1444 cst
2386 1426 2401 1450 ,
2430 1386 2697 1453 cartilago
2731 1399 2852 1455 qua:
2875 1383 3125 1452 gladialis
3151 1394 3516 1453 uttncupatur,
3558 1383 3659 1452 ipsi

2076 1482 2346 1547 cohaeret;
2379 1494 2489 1549 quo
2518 1478 2719 1531 inloco
2745 1484 2955 1544 septum
2995 1483 3384 1538 transversum,
3426 1477 3657 1540 viscera,

2077 1590 2199 1644 qua:
2239 1574 2342 1627 sub
2385 1579 2606 1641 pectore
2646 1569 2713 1623 ab
2757 1568 2843 1621 his
2882 1583 3003 1637 qua:
3043 1582 3206 1636 supra
3259 1578 3445 1636 pectus
3506 1580 3655 1632 sunt,

2077 1665 2370 1734 splritales,
2408 1664 2649 1732 inquam,
2675 1661 3049 1730 vegetalesque
3072 1669 3254 1729 partes
3274 1661 3659 1717 disterminans

395 1758 617 1827 θώρακα
679 1756 997 1827 σπλάγχνα·
1060 1758 1228 1828 ἤγουν
1281 1758 1349 1812 τὰ
1404 1760 1817 1813 άναπνευστικὰ
1876 1759 1973 1813 καὶ

2077 1773 2142 1812 ac
2163 1757 2434 1821 dividens,
2458 1770 2655 1824 corpus
2676 1754 2730 1807 in
2761 1767 2911 1807 zona:
2942 1752 3163 1806 iiiodum
3200 1753 3499 1824 praecingit.

394 1848 669 1921 θρεπτικά
699 1850 888 1920 μόρια.

466 1941 658 1994 Ἔστιν
685 1936 780 1993 οὖν
828 1943 856 1994 ὁ
885 1938 1071 2010 θώραξ
1102 1940 1424 2011 οἰκητήριον
1451 1941 1548 2007 μὲν
1578 1942 1679 2011 τῆς
1712 1943 1974 2014 καρδίας·

393 2033 679 2102 σύγκειται
703 2034 760 2087 δὲ
790 2032 939 2103 αὐτῷ
977 2032 1208 2087 ὄπισθεν
1236 2035 1336 2102 μὲν
1362 2035 1393 2103 ἡ
1418 2032 1629 2101 ῥάχις,
1658 2034 1976 2105 ἔμπροσθεν

390 2126 447 2179 δὲ
476 2126 535 2179 τὸ
563 2125 853 2194 στέρνον·
886 2126 1230 2193 ἑκατέρωθεν
1261 2125 1319 2177 δὲ
1343 2127 1399 2177 αἱ
1429 2127 1708 2193 πλευραί.
1738 2127 1895 2195 Ἔχει
1918 2125 1976 2178 δὲ

394 2218 550 2271 atat“
605 2216 699 2271 δύο
747 2217 983 2281 κοιλίας,
1044 2216 1247 2278 καθὼς
1288 2217 1509 2287 εἴρηται
1556 2216 1852 2286 ἀνωτέρω·
1907 2218 1976 2282 ἃς

395 2310 654 2381 ἐποίησεν
695 2312 731 2380 ἠ
763 2310 947 2379 φύσις,
988 2309 1178 2378 ὥσπερ
1209 2309 1361 2371 τινὰς
1400 2308 1705 2379 δεξαμενὰς
1733 2311 1811 2373 είς
1839 2310 1975 2364 ὑπο-

396 2400 558 2470 δοχὴν
599 2402 694 2453 καὶ⁵
737 2401 984 2471 φυλακὴν
1021 2400 1367 2470 πνεύματος·
1407 2400 1495 2454 ἶνα
1522 2402 1580 2455 ὲν
1604 2400 1783 2474 καιρῷ
1817 2419 1977 2470 περι-

397 2493 658 2556 στάσεως,
692 2492 921 2564 εὑρίσκῃ
949 2492 1237 2563 ἀναψυχὴν
1260 2493 1294 2562 ἡ
1319 2492 1537 2562 καρδία.
1571 2493 1840 2556 Πολλάκις
1868 2494 1976 2564 γὰρ

395 2582 444 2633 ai
464 2581 835 2650 άναφωνισταὶ
860 2582 969 2635 τῶν
990 2581 1145 2652 ᾠδῶν
1168 2581 1344 2646 λέξεις
1363 2583 1457 2637 ἐπὶ
1480 2583 1660 2649 λέξεσι
1681 2584 1977 2638 συνάπτειν

396 2670 693 2735 ἐθέλοντες,
720 2672 752 2743 ἢ
789 2671 926 2741 μέλη
955 2673 1021 2725 ἐκ
1049 2671 1229 2743 μελῶν
1254 2672 1584 2734 συντιθέναι,
1620 2672 1680 2724 οὐ
1720 2672 1977 2726 δύνανται

392 2763 684 2816 ἀναπνεῖν·
717 2763 751 2834 ἢ
790 2764 994 2832 μᾶλλον
1037 2765 1099 2819 ού
1142 2763 1444 2834 βούλονται,
1479 2765 1567 2819 διά
1611 2764 1673 2818 τὸ
1698 2766 1772 2836 μὴ
1800 2765 1977 2819 θέλειν

394 2857 649 2909 ἐκπεσεῖν
678 2857 778 2924 τῆς
797 2859 893 2910 τοῦ
939 2857 1150 2928 ῥυθμοῦ
1189 2859 1481 2929 ἁρμονίας.
1516 2856 1741 2922 Τούτοις
1766 2860 1811 2891 ⁸⁸
1844 2859 1976 2928 γοῦν

392 2949 426 3016 ἡ
457 2947 657 3017 καρδία
680 2948 789 3001 ἀπὸ
809 2947 919 3001 τῶν
942 2951 1002 3002 ὲν
1026 2948 1105 3019 τῷ
1150 2948 1365 3020 θώρακι
1398 2950 1730 3021 κοιλοτήτων
1759 2950 1975 3022 δέχεται

2150 1933 2372 1988 Thorax
2395 1931 2559 2001 igitur
2594 1928 2933 1984 domicilium
2975 1927 3155 1982 cordis
3185 1936 3287 1993 est,
3316 1927 3401 1982 cui
3432 1944 3461 1980 a
3505 1935 3658 1998 tergo

2078 2027 2254 2095 spina,
2286 2041 2352 2079 ex
2391 2023 2622 2077 adverso
2655 2036 2782 2074 vero
2806 2030 3016 2090 pectus,
3046 2028 3101 2073 at
3130 2036 3194 2073 ex
3236 2029 3467 2088 utroque
3491 2019 3659 2074 latere

2077 2129 2354 2174 costarum
2401 2114 2719 2171 constitutio
2779 2124 3061 2182 compacta
3103 2120 3205 2165 est.
3247 2110 3555 2175 Enimvero,
3602 2112 3656 2164 in

2078 2213 2220 2282 ipso,
2238 2209 2483 2279 geminos
2497 2206 2832 2261 ventriculos
2848 2220 2968 2259 esse
2984 2206 3133 2273 prius
3151 2203 3657 2271 ostendintus,quos

2079 2310 2275 2356 natura
2298 2300 2414 2368 ipsa
2438 2298 2596 2367 quasi
2636 2298 2977 2367 receptacula
3014 2295 3283 2365 quaedam,
3322 2296 3437 2350 sive
3467 2295 3661 2349 cister-

2078 2396 2240 2451 nulas
2300 2392 2624 2447 admittendi
2680 2392 3150 2460 conservandique
3202 2391 3428 2457 spiritus
3482 2390 3657 2461 gratia

2079 2487 2384 2549 constituit,
2407 2500 2518 2555 quo
2552 2484 2701 2540 cordi
2738 2485 2792 2538 in
2821 2499 3046 2539 casuum
3072 2492 3267 2536 eventu
3316 2481 3655 2550 refrigerium

2078 2581 2435 2648 levamenque
2476 2589 2727 2647 paratum
2757 2577 2847 2631 sit.
2882 2575 3210 2644 Plerumque
3240 2575 3383 2628 enim
3413 2572 3659 2629 accidere

2078 2674 2217 2729 solet
2248 2671 2332 2725 his
2361 2669 2454 2738 qui
2488 2685 2547 2725 se
2578 2668 2838 2723 cantandi
2871 2675 2986 2721 arte
3003 2673 3280 2728 exercent,
3314 2682 3437 2720 cum
3470 2665 3655 2727 verba,

2079 2766 2162 2820 vel
2199 2760 2571 2817 modulamina
2607 2758 2948 2829 ingeminare
2976 2757 3247 2819 nituntur,
3284 2754 3656 2824 respirationis

2079 2860 2390 2915 facultatem
2461 2851 2734 2921 intercipi,
2772 2850 2857 2904 vel
2900 2850 2954 2904 id
3007 2855 3202 2918 sponte
3249 2846 3428 2917 potius
3466 2853 3653 2915 agunt,

2081 2970 2149 3009 ne
2193 2969 2223 3008 a
2273 2959 2439 3006 recta:
2489 2942 2791 3000 harmoniae
2825 2940 3011 2995 debito
3051 2948 3240 2993 tenore
3279 2936 3551 2992 deficiant.
3597 2932 3657 2988 ln

396 3040 637 3110 πνεῦμα,
660 3041 757 3094 καὶ
782 3042 993 3113 ἅνακτᾷ
1020 3042 1239 3113 ἑαυτὴν,
1263 3042 1370 3106 ἕως
1394 3043 1460 3095 ἂν
1481 3045 1678 3098 ἐκεῖνοι
1701 3044 1972 3107 παύσωσι,

2083 3047 2168 3101 his
2213 3044 2377 3114 igitur
2427 3037 2677 3096 casibus,
2725 3048 2821 3087 cor
2863 3047 2895 3086 a
2946 3030 3096 3086 cavis
3139 3044 3262 3099 quae
3321 3028 3373 3082 in
3435 3028 3659 3081 thorace

396 3133 491 3184 καὶ
513 3135 614 3201 τὴν
650 3134 908 3205 εἰσπνοὴν
947 3135 1393 3190 ἐπισπάσωνται·
1441 3137 1668 3208 τοιαύτη
1702 3138 1786 3201 τίς
1820 3142 1971 3192 ἐστιν

2080 3146 2211 3197 sunt
2252 3132 2506 3205 spiritum
2561 3124 2814 3194 suscipit,
2863 3139 2894 3178 a
2949 3122 3150 3193 quibus
3202 3132 3255 3176 et
3298 3118 3654 3179 refocillatur,

392 3226 425 3293 ἠ
452 3223 547 3278 τοῦ
570 3225 821 3297 θώρακος
846 3227 1006 3281 ούσία
1034 3230 1097 3295 ¹⁶,
1117 3228 1369 3297 ἐνέργειά
1396 3246 1457 3283 τε
1482 3230 1574 3283 καὶ
1597 3230 1778 3301 χρεία.

2080 3233 2256 3287 donec
2282 3224 2381 3295 ipsi
2418 3222 2473 3276 in
2503 3216 2821 3287 respirando
2852 3214 2974 3285 (illi,
3007 3216 3250 3283 inquam,
3286 3212 3379 3282 qui
3405 3209 3659 3266 cantibus

393 3316 689 3389 indulgent)
730 3318 972 3388 ejusdem
1039 3320 1524 3391 reciprocationem
1581 3322 1892 3381 admittant.
1957 3325 2105 3380 Talis
2160 3318 2411 3392 qutedam
2507 3314 2748 3395 thoracis
2806 3309 3141 3374 substantia,
3205 3307 3557 3375 actionesque
3604 3311 3660 3359 et

393 3424 548 3471 usus,
609 3419 668 3463 ut
706 3410 967 3477 diximus,
1022 3412 1311 3467 habentur.
1340 3412 1621 3483 Sequitur,
1654 3423 1714 3469 ut
1742 3415 1809 3470 de
1835 3417 1959 3471 colli
2000 3412 2304 3473 substantia
2358 3408 2681 3475 actioneque
2719 3402 2968 3473 proxime
3005 3399 3274 3455 dicamus.

394 3501 534 3573 Κεφ.
554 3502 675 3556 ⁸1Δ’.
705 3532 777 3573 έ-
804 3503 941 3571 Περὶ
976 3504 1082 3558 τοῦ
1117 3505 1454 3573 τραχήλου,
1485 3507 1585 3559 καὶ
1618 3506 1738 3560 τῶν·
1774 3524 1966 3563 σπον-

461 3569 663 3625 cum
677 3572 788 3640 τῆς
807 3569 1062 3642 ῥάχεως,
1088 3569 1187 3627 κάι
1212 3569 1318 3629 τοῦ
1347 3576 1621 3630 νωτιαίου
1642 3578 1893 3646 μυέλου.

479 3684 819 3755 ’Δνιλθωμεν
847 3686 904 3739 δὲ
956 3687 1095 3756 πρὸς
1143 3686 1234 3740 τὸν
1284 3688 1578 3758 τράχηλον,
1632 3692 1726 3743 καὶ
1770 3692 1969 3763 ἴδωμεν

389 3776 493 3845 τὴν
517 3777 709 3831 οὐσίαν
735 3779 898 3832 αὐτοῦ
929 3781 1114 3846 ὁποία,
1153 3780 1248 3834 καὶ
1280 3780 1380 3851 τὴν
1411 3781 1729 3852 ἐνέργειαν·
1755 3778 1878 3837 εἶτα
1902 3785 1969 3839 τὰ

394 3868 711 3940 μετάφρενα
754 3872 850 3924 καὶ
870 3870 971 3940 τὴν
1009 3871 1167 3942 ῥάχιν
1187 3887 1201 3903 ·
1235 3870 1427 3924 ἔπειτα
1452 3870 1551 3934 τὰς
1583 3872 1844 3943 πλευρὰς,
1875 3876 1971 3929 καὶ

389 3959 479 4011 τὸν
504 3959 825 4024 ὑπεξωκότα
842 3977 856 3993 ·
884 3962 979 4014 καὶ
1004 3962 1125 4014 τότε
1151 3963 1281 4032 περὶ
1300 3960 1396 4015 τοῦ
1420 3961 1724 4032 πνεύμονος
1758 3964 1971 4035 καὶτῆς

389 4051 617 4121 καρδίας
635 4051 1066 4122 διασκεῲόμεθα.
1105 4052 1165 4105 ’0
1202 4052 1509 4121 τράχηλος
1535 4054 1719 4107 τοίνυν
1746 4055 1970 4125 λέγεται

390 4143 483 4196 καὶ
508 4143 696 4197 τένων
716 4145 813 4198 καὶ
841 4145 1062 4212 αὐχήν.
1097 4142 1204 4196 Τοῦ
1241 4143 1298 4195 δὲ
1323 4145 1595 4216 τραχήλου
1621 4145 1681 4198 το
1717 4145 1816 4215 μὲν
1863 4146 1964 4216 ἐμ-

387 4236 626 4306 προσθεν
670 4237 858 4300 αὑτοῦ,
908 4237 1298 4304 κατακλεῖδες
1340 4239 1624 4306 λέγονται·
1659 4239 1720 4291 τὸ
1745 4239 1801 4291 δὲ
1841 4238 1964 4293 ὀπι-

2178 3524 2309 3593 Cap.
2330 3518 2472 3575 XIV.
2499 3518 2572 3571 De
2598 3514 2757 3577 collo,
2790 3515 2943 3583 spina
2977 3522 3024 3565 et
3061 3510 3263 3564 doraoli
3294 3506 3551 3562 medulla.

2141 3698 2223 3752 Ab
2271 3695 2356 3751 his
2409 3707 2540 3747 vero
2591 3692 2658 3745 dc
2704 3690 2871 3744 dorso
2906 3687 3204 3756 spinaque,
3247 3695 3360 3738 tum
3390 3683 3458 3738 de
3490 3683 3655 3739 costis

2070 3800 2125 3846 et
2171 3788 2488 3843 membrana
2521 3799 2629 3854 qua
2667 3782 2801 3852 ipsae
2834 3790 3113 3851 teguntur,
3153 3789 3339 3849 postea
3375 3785 3558 3830 autem
3587 3777 3656 3830 de

2073 3882 2333 3951 pulmone
2367 3876 2639 3945 cordeque
2693 3882 2947 3929 accurate
2980 3869 3404 3939 disputabimus.
3440 3869 3653 3925 Collum

2072 3974 2240 4045 igitur
2280 3968 2453 4026 (ἶνετεί
2500 3968 2693 4030 τένων,
2728 3966 2823 4020 καὶ
2866 3965 3067 4035 αὐχένα
3107 3970 3444 4033 nuncupant,
3501 3971 3655 4016 ante-

2073 4066 2276 4119 riorem
2326 4062 2547 4131 quidem
2592 4061 2713 4130 ejus
2759 4068 2965 4128 partem
3025 4055 3404 4119 κατακλείδας.
3442 4054 3546 4111 hoc
3571 4064 3656 4110 est

2070 4154 2386 4209 rlaviculam
2428 4153 2639 4208 dicunt.
2676 4151 2810 4218 Qum
2844 4166 2972 4205 vero
3016 4159 3163 4204 retro
3207 4163 3335 4219 pars
3378 4147 3653 4210 consistit,

2071 4261 2269 4303 nervus
2287 4254 2389 4305 est,
2413 4244 2500 4300 cui
2536 4243 2699 4298 torulo
2728 4257 2951 4304 nomen,
2976 4242 3045 4296 ab
3069 4240 3174 4296 illis
3200 4239 3371 4293 τένων
3397 4239 3598 4301 dictus,
3622 4253 3651 4291 a

390 4326 537 4391 σθεν,
578 4328 782 4382 τὲνων·
820 4329 880 4394 ἐξ
926 4323 987 4383 οἵ)
1032 4331 1128 4382 καὶ
1162 4329 1458 4383 τενάντιον.
1510 4329 1619 4383 Καὶ
1657 4330 1964 4400 τράχηλος

2076 4355 2180 4411 quo
2210 4348 2264 4394 et
2288 4335 2615 4395 tenantium.
2643 4333 2817 4389 morbi
2860 4333 3112 4389 videlicet
3148 4349 3320 4405 genus
3350 4332 3495 4402 quod
3529 4331 3654 4387 collt

389 4417 489 4485 μὲν
512 4418 753 4488 λέγεται,
790 4421 901 4474 ἀπὸ
923 4424 1023 4492 τῆς
1052 4420 1392 4493 τραχύτητος
1413 4419 1522 4474 τῶν
1552 4422 1734 4475 ἐκεῖσε
1761 4422 1961 4476 ὀστῶν·

2067 4447 2265 4488 nervos
2298 4430 2557 4485 infestare
2580 4427 2739 4495 solet,
2763 4428 3087 4499 appellatur.
3104 4427 3341 4483 Collum.
3357 4420 3654 4495 τράχηλος,

384 4510 618 4575 ὀστῶδες
658 4512 767 4584 γὰρ
807 4513 869 4566 τδ
914 4514 1079 4585 μέρος
1125 4512 1311 4567 τοῦτο’
1352 4513 1385 4585 ἦ
1411 4514 1564 4584 παρὰ
1588 4513 1650 4566 τδ
1695 4510 1765 4568 δι’
1795 4513 1961 4568 αὐτοῦ
2070 4523 2179 4578 άπὸ
2209 4518 2313 4593 τῆς
2340 4520 2682 4595 τραχύτητος
2704 4519 2813 4574 τῶν
2843 4521 3021 4573 ἐκεῖσε
3049 4518 3243 4581 ὀστῶν,
3276 4517 3344 4570 ab
3362 4516 3656 4584 asperitate

376 4604 525 4673 ῥεῖν,
552 4605 673 4675 ἦτοι
696 4604 914 4676 τρέχειν
939 4605 1039 4679 τὴν
1060 4607 1269 4678 τροφήν
1290 4620 1303 4636 ⁸
1335 4600 1448 4660 οἷον
1479 4606 1775 4678 τρόχαλος·
1809 4608 1865 4661 αἱ
1904 4608 1961 4662 δὲ

2076 4610 2319 4669 videlicet
2379 4613 2589 4668 ossium
2646 4626 2769 4682 quae
2812 4610 2947 4665 inibi
3004 4618 3156 4672 sunt,
3207 4606 3321 4679 88
3366 4608 3449 4663 vel
3508 4607 3654 4677 quod

387 4694 782 4763 κατακλεῖδες,
825 4698 909 4750 ὅτι
958 4697 1332 4768 περικλείουσι
1380 4696 1451 4751 τά
1507 4701 1645 4770 πρὸς
1693 4696 1754 4752 τὸ
1801 4699 1963 4771 στέρ-

2076 4721 2161 4774 per
2192 4704 2387 4774 ipsum
2435 4704 2755 4759 alimentum
2803 4702 3011 4767 deﬂuit,
3058 4701 3205 4770 quod
3266 4700 3341 4754 illi
3378 4702 3511 4771 ῥεῖν,
3561 4706 3655 4753 aut

385 4804 475 4841 νον
499 4788 769 4854 ¹τ·¹⁸,ταῖς
794 4792 837 4823 ¹⁹
854 4790 1204 4861 ώμοπλάταις
1220 4788 1645 4861 διαρθρούμεναι
1673 4790 1741 4845 ’⁸.
1771 4791 1836 4844 Ἦ
1853 4792 1960 4861 γάρ

2076 4795 2279 4867 τρέχειν
2312 4796 2522 4858 dicunt,
2552 4804 2905 4865 nuncupant;
2938 4792 3295 4856 κατακλεῖδας
3324 4806 3473 4855 vero,
3505 4791 3653 4862 quod

385 4879 535 4943 κλεὶς
562 4881 650 4937 διὰ
675 4883 847 4951 μόνην
875 4883 974 4953 τὴν
997 4882 1092 4935 τοῦ
1117 4880 1367 4951 θώρακος
1404 4882 1619 4951 ἐγένετο
1644 4881 1951 4941 διάστασιν·

2076 4904 2165 4944 nos
2214 4888 2571 4954 claviculam,
2619 4888 2746 4944 inde
2801 4887 2910 4943 dici
2967 4887 3265 4957 opinantur
3317 4885 3463 4956 quod
3526 4899 3649 4937 rum

383 4970 463 5025 διὸ
482 4974 577 5027 καλ⁸
609 4975 768 5045 μόνος
790 4978 818 5029 ὀ
837 4976 1123 5047 ἅνθρωπος
1147 4976 1211 5029 ὲκ
1231 4975 1451 5029 πάντων
1474 4974 1582 5029 τῶν
1604 4974 1781 5031 ἄλλων
1805 4976 1961 5042 ζώων

2076 4981 2298 5050 scapulis
2328 4981 2433 5036 tale
2480 4996 2543 5036 os
2590 4981 3006 5047 dearticulatur,
3044 4995 3109 5035 ac
3145 4992 3324 5050 partes
3346 4993 3469 5048 qua:
3505 4977 3649 5032 cirra

384 5064 497 5135 ἔχει
517 5067 684 5121 κλεῖν.
1839 5069 1847 5077 ’

2076 5084 2248 5128 ιεειιιε
2274 5084 2399 5129 ειιηι
2451 5074 2715 5129 claudat:
2752 5074 3022 5144 siquidem
3068 5071 3331 5128 clavicula
3368 5071 3484 5139 ipsa
3531 5069 3653 5123 tho-

387 5159 527 5215 racis
554 5162 931 5216 tantummodo
971 5161 1389 5219 disterminandi
1419 5164 1594 5235 gratia
1659 5165 1955 5221 constituta
1993 5177 2097 5226 est.
2136 5169 2280 5239 quod
2312 5184 2398 5235 os,
2432 5179 2627 5241 prreter
2696 5169 2883 5224 omnia
2924 5167 3183 5223 animalia
3218 5165 3428 5221 homini
3452 5166 3651 5219 dunta-

386 5260 477 5307 xat
512 5265 705 5308 natura
751 5254 960 5309 tribuit.

457 5346 617 5401 Ἐστι
654 5347 712 5400 δὲ
759 5347 876 5412 ὀλος
912 5348 941 5400 ὀ
987 5347 1260 5420 τράχηλος
1290 5348 1562 5422 ὀστώδης·
1612 5350 1941 5417 σπονδύλους

2120 5353 2334 5411 Collum
2392 5362 2566 5411 totum
2624 5353 2845 5410 ossibus
2880 5351 3124 5407 obsitum
3177 5360 3283 5417 est,
3314 5350 3383 5405 ab
3416 5347 3646 5417 occipite

454 5456 501 5490 ¹⁰
526 5456 603 5539 ξς.
636 5475 845 5539 μετωνἒ
864 5461 1051 5539 τρόπῳ
1077 5476 1186 5539 orn.
1208 5462 1288 5539 _P._
1389 5462 1429 5495 “
1456 5461 1629 5539 ὀστῶν
1649 5462 1972 5539 ῥημαστῶν
2131 5470 2174 5500 ¹²
2195 5468 2255 5521 τὸ
2278 5468 2436 5539 σῶμα
2462 5485 2573 5523 om.
2603 5470 2665 5525 A.
2785 5469 2828 5499 ¹³
2857 5465 3270 5539 διαχωρίζων-ίὶ
3301 5465 3362 5520 Β.

380 5540 493 5583 om.
528 5526 591 5580 Β.
641 5526 711 5559 ⁷¹³
748 5526 920 5585 ταῦτα
949 5526 1034 5587 Α(
1091 5532 1135 5563 ’⁸
1170 5532 1325 5586 οὐσία
1363 5546 1473 5589 om.
1502 5538 1567 5589 A.
1648 5526 1768 5576 "-‘5
1803 5535 1880 5588 τῶ
1921 5537 2129 5608 στέρνῳ
2165 5540 2228 5593 Α.
2310 5526 2493 5603 ¹⁹’τοῖς
2540 5541 2595 5592 Β.
2673 5541 2719 5572 ¹⁹
2759 5526 3163 5609 διαρθρούμενα
3204 5536 3264 5592 Β.

452 5678 549 5749 (ρ).
587 5680 645 5734 ιι.
676 5680 734 5739 Ε.
760 5682 808 5734 7.

3473 5464 3516 5497 ⁸⁸
3545 5464 3643 5519 καὶ
