4054 6216
451 246 591 304 1207

1733 246 2013 304 HELE’I‘II
2054 244 2366 303 MONACﬂl

3580 247 3729 303 1268

447 381 579 419 vero
607 366 778 436 spinae
802 367 1064 423 vertebrae
1093 377 1241 433 sunt,
1269 381 1393 438 qum
1419 367 1685 424 musculis
1736 370 2031 437 nervisque

2133 366 2243 421 ἀπὸ
2267 364 2363 418 τοῦ
2417 360 2553 417 ἰνίου
2594 364 2764 434 ἔχων,
2807 362 2917 416 ἀπὸ
2937 364 2981 396 ’⁸
3024 362 3181 433 μυῶν
3230 364 3326 417 καὶ
3368 364 3583 436 νεύρων
3630 371 3727 422 καὶ

445 459 680 514 lnvicem
711 460 1003 514 coluerent.
1032 459 1106 513 Ex
1139 460 1225 514 bis
1263 475 1385 529 qua:
1413 460 1555 515 collo
1584 462 1846 516 vertebrae
1883 462 2037 516 adhi-

446 552 577 607 bitas
625 561 775 614 sunt,
825 563 1054 621 septem,
1113 566 1237 622 quae
1265 566 1396 605 vero
1424 551 1592 607 dorso
1619 552 1931 615 duodecim,
1965 553 2033 608 ad

442 645 665 699 lumbos
694 653 876 699 autem
915 644 1128 713 positas,
1161 642 1406 713 quinque
1437 652 1821 710 numerantur,
1858 645 1940 700 sic
1977 652 2037 698 ut

447 752 710 793 numerus
767 737 1140 791 vertebrarum
1192 738 1438 792 omnium
1476 747 1716 805 quatuor
1752 752 1917 808 spura
1952 737 2035 792 vi-

447 829 583 899 ginti
637 829 927 886 habeatur.
962 829 1102 883 Sunt
1133 830 1353 901 quidem
1383 844 1573 885 omnes
1602 830 1837 887 invicem
1883 845 2034 884 com-

447 929 617 991 pactae
683 921 1143 992 compositasque,
1197 937 1262 976 ac
1318 923 1375 977 in
1423 921 1508 978 his
1563 922 1982 991 coniunctiones
2014 962 2031 988 ,

446 1028 848 1084 processusque
894 1015 948 1068 in
990 1016 1209 1070 modum
1240 1016 1527 1086 spinarum
1555 1016 1925 1086 prominentes
1956 1015 2035 1071 vi-

447 1115 662 1161 suntur.
724 1104 917 1159 Medici
992 1116 1172 1161 autem
1228 1107 1422 1161 barum
1481 1108 1868 1163 cohaerentiam
1894 1124 2033 1177 γυγ-

446 1195 696 1266 γλυσμόν
756 1195 1033 1265 appellare
1100 1206 1527 1252 consueverunt.
1564 1194 1695 1262 Sed,
1734 1212 2031 1266 quamnam

447 1286 711 1341 vertebra:
771 1286 901 1357 ipsa!
953 1289 1062 1340 vim
1118 1287 1376 1350 habeant,
1428 1288 1587 1343 cuive
1639 1288 1762 1342 usui
1800 1288 2035 1342 actioni-

447 1395 554 1447 que
613 1378 1121 1445 accommodentur,
1163 1381 1217 1434 in
1275 1381 1362 1435 his
1407 1397 1530 1450 quae
1571 1381 1724 1451 prius
1772 1382 2032 1451 exposui-

447 1490 569 1528 mus
602 1475 740 1529 satis
792 1473 997 1528 dictum
1056 1482 1155 1530 est.
1210 1473 1512 1537 Praeterea,
1553 1475 1759 1530 collum
1810 1475 1880 1528 ab
1926 1474 2034 1529 illis

445 1565 598 1639 δειρὴ
640 1577 992 1637 nuncupatur
1023 1608 1038 1633 ,
1091 1568 1186 1623 sed
1242 1568 1347 1623 hoc
1408 1583 1609 1623 nomen
1658 1568 1880 1638 prOpria
1929 1582 2033 1622 vo-

2136 459 2451 529 συνδέσμων
2498 454 2926 528 περιεχομένους
2950 469 2967 486 ο
3000 458 3148 511 κατὰ
3194 457 3309 525 μὲν·
3327 457 3422 511 τὸν
3451 459 3729 529 τράχηλον

2097 587 2103 593 ς
2136 551 2297 615 ἑπτὰ,
2331 548 2476 603 κατὰ
2500 549 2559 603 δὲ
2588 549 2681 602 τὸν
2713 548 2885 603 νῶτον
2915 547 3010 602 δύο
3038 548 3137 623 καὶ
3181 550 3338 604 δέκα·
3375 550 3521 604 κατὰ
3544 550 3602 604 δὲ
3626 552 3729 621 τὴν

2134 643 2308 711 ὀσφὺν
2352 643 2539 696 πέντε·
2571 642 2648 705 ὡς
2679 638 2823 696 εἶναι
2869 642 3083 705 πάντας
3111 643 3211 697 κδ’.
3261 643 3625 714 Ἐνσφιγμένοι
3669 643 3731 698 δέ

2135 736 2243 788 εἰσι
2276 733 2413 804 πρὸς
2449 733 2717 804 ἀλλήλους
2756 734 2853 788 καὶ
2893 734 3222 804 τεθειμένοι,
3258 734 3542 805 συμϐολὰς
3571 735 3730 806 ἕχον-

2134 843 2228 890 τες
2263 826 2361 880 καὶ
2393 825 2703 895 ἀποφύσεις
2728 826 3091 891 ἀκανθώδεις.
3132 828 3197 881 Ἤ
3226 828 3286 881 δὲ
3318 829 3567 899 συμϐολὴ
3597 828 3730 882 τού-

2134 934 2271 984 των,
2307 917 2645 990 γυγλισμὸς
2672 918 2893 988 λέγεται
2925 921 3085 991 παρὰ·
3117 920 3228 974 τῶν
3268 921 3494 992 ἰατρῶν·
3530 921 3634 993 τὴν
3672 922 3731 975 δὲ

2135 1012 2346 1068 τούτων
2390 1013 2702 1067 σπονδύλων
2742 1013 2975 1085 δύναμιν
2998 1056 3013 1077 ,
3050 1018 3147 1070 καὶ
3179 1017 3391 1087 χρείαν,
3428 1017 3526 1072 καὶ
3565 1018 3730 1089 ὲνέρ·

2135 1126 2316 1178 γειαν,
2360 1110 2421 1162 ὲν
2458 1110 2571 1172 τοῖς
2617 1107 2845 1163 ὄπισθεν
2883 1110 3261 1182 διεξήλθομεν.
3314 1110 3555 1179 Λέγεται
3591 1110 3651 1166 δὲ
3701 1116 3731 1167 ὀ

2135 1202 2435 1272 τράχηιιος
2469 1203 2565 1257 καὶ
2599 1202 2803 1273 δειρή·
2838 1203 3048 1274 κυρίως
3084 1204 3184 1273 μὲν
3229 1204 3325 1257 ἐπὶ
3372 1203 3483 1256 τῶν
3523 1220 3731 1268 τετρα-

2137 1295 2335 1359 πόδων,
2377 1292 2469 1347 διὰ
2516 1293 2578 1346 τὺ
2614 1293 2827 1348 ἐκεῖθεν
2870 1294 3227 1364 ὲκδέρεσθαι·
3260 1296 3732 1366 καταχρηστικῶς

2135 1385 2194 1439 δὲ
2224 1386 2319 1439 καὶ
2353 1387 2444 1439 ἐπὶ
2474 1386 2584 1439 τῶν
2620 1384 2948 1458 ἀνθρώπων,
2994 1387 3132 1441 διότι
3170 1389 3279 1441 πᾶν
3311 1388 3340 1441 ὀ
3373 1388 3450 1459 μὴ
3481 1388 3554 1441 δι’
3594 1389 3726 1441 ὅλου

2137 1478 2286 1532 ἔστιν
2309 1473 2355 1547 ᾧ
2382 1481 2427 1511 ¹¹
2449 1478 2690 1548 λέγεται,
2714 1480 2780 1532 ὲκ
2807 1479 3209 1552 καταχρήσεως
3237 1479 3353 1551 ἔχει
3376 1482 3475 1551 τὴν
3503 1481 3728 1552 κλῆσιν.

2136 1571 2221 1625 Τὰ
2252 1572 2312 1627 δὲ
2352 1570 2710 1625 ὑποκάτωθεν
2750 1570 2862 1624 τῶν
2893 1571 3241 1643 ὡμοπλατῶν
3277 1573 3602 1643 μετάφρενα
3631 1573 3729 1625 λέ-

447 1660 627 1714 cabnli
664 1660 1065 1729 signiﬁcatione
1095 1659 1163 1713 ad
1217 1658 1568 1729 quadrupeda
1603 1658 1877 1721 refertur,
1932 1658 2032 1712 hac

2137 1679 2347 1732 γονται,
2376 1664 2465 1718 ὅτι
2493 1662 2780 1728 ἐξόπισθεν
2816 1664 2926 1717 τῶν
2958 1664 3174 1735 φρενῶν
3207 1668 3426 1719 κεῖται·
3472 1665 3603 1719 ὅθεν
3634 1666 3735 1718 καὶ

446 1749 667 1819 quidem
700 1724 768 1804 de
796 1766 986 1812 causa,
1027 1751 1169 1819 quod
1194 1724 1263 1804 ab
1311 1724 1452 1819 ipso-
1478 1749 1741 1804 animalia
1787 1750 2032 1821 ἐκδέρονμ

2140 1724 2168 1805 ὀ
2206 1724 2457 1824 Ὀμήρός
2495 1724 2698 1823 φὴσιν,
2730 1748 2895 1824 ἧπαρ
3076 1754 3393 1822 πραπίδων
3417 1752 3515 1825 (q),
3546 1755 3577 1808 δ
3610 1757 3732 1808 ἐστι

444 1859 558 1905 ται,
592 1842 697 1896 hoc
727 1852 811 1897 est
832 1841 1225 1906 excoriantur;
1266 1842 1359 1896 sed
1386 1851 1439 1896 et
1471 1842 1698 1906 abusus,
1730 1840 1798 1896 ad
1848 1842 2027 1897 homi-

2139 1844 2251 1897 τῶν
2282 1845 2497 1917 φρενῶν
2519 1846 2588 1901 ⁸³.

446 1949 578 1987 num
638 1933 836 1988 collum
881 1936 983 1989 hoc
1042 1949 1242 1988 nomen
1273 1933 1463 1988 referri
1503 1934 1660 1989 solet.
1702 1931 1838 1987 Illud
1885 1935 2031 1989 enim
2073 1934 2247 1990 abusu
2287 1936 2508 2000 dicitur,
2576 1937 2725 2007 quod
2773 1951 2881 1992 non
2920 1952 2989 1993 ex
3037 1945 3152 1992 toto
3186 1951 3251 1993 ac
3326 1945 3475 1991 recta
3511 1937 3745 1993 ratione

446 2024 611 2079 alicui
647 2026 720 2079 rei
753 2027 1162 2081 accommodari
1204 2026 1396 2097 possit.
1440 2026 1576 2083 Pars
1636 2036 1819 2083 autem
1858 2044 1983 2098 qua:
2020 2029 2263 2100 scapulis
2323 2029 2599 2094 subditur,
2659 2032 2885 2087 dorsum
2940 2032 3162 2098 dicitur,
3226 2032 3372 2102 quod
3430 2032 3507 2085 illi
3556 2032 3736 2103 μετα-

448 2133 645 2188 φρενον
682 2117 890 2181 dicunt,
915 2118 1084 2185 quod,
1121 2125 1247 2185 post
1310 2117 1428 2171 loca
1478 2116 1533 2171 in
1581 2118 1783 2187 quibus
1825 2118 2027 2172 mentis
2063 2134 2129 2173 ac
2180 2119 2602 2188 prazcordiorum
2645 2121 2802 2176 sedes
2868 2129 2971 2185 est,
3004 2120 3277 2185 consistit,
3310 2128 3370 2175 ut
3404 2119 3681 2177 Homerus
3709 2127 3727 2160 τ

446 2209 513 2263 At
538 2208 690 2279 jecur
722 2218 800 2263 est
828 2212 1011 2262 subter
1038 2208 1361 2278 praecordia.

520 2301 688 2371 Spina
740 2317 891 2366 vero,
921 2318 1043 2372 qua:
1074 2303 1251 2374 ῥάχις,
1278 2297 1390 2356 οἷον
1421 2300 1578 2374 ῥῆξις
1616 2301 1701 2367 τίς
1746 2304 1913 2367 ἐστιν,
1949 2302 2032 2357 vi—

2225 2303 2290 2357 Ἦ
2322 2304 2380 2357 δὲ
2405 2305 2585 2374 ῥάχις
2616 2305 2775 2377 ῥῆξις
2812 2306 2901 2371 τίς
2925 2307 3065 2371 ἐστι,
3099 2307 3169 2360 τὰ
3196 2304 3350 2372 δεξιὰ
3383 2304 3494 2357 τῶν
3522 2303 3733 2357 εὐωνύ-

446 2388 643 2445 delicet
678 2391 780 2445 rivi
824 2392 1113 2461 cujusdam
1162 2393 1398 2450 efﬂuxus
1450 2400 1556 2461 est,
1601 2394 1696 2465 qui
1753 2394 2031 2451 dexteram

2145 2412 2263 2466 μων
2289 2396 2714 2469 διαχωρίζουσα·
2756 2397 2789 2469 ἢ
2822 2398 2911 2452 διὰ
2951 2398 3272 2469 τραχύτητα
3313 2396 3423 2449 τῶν
3462 2412 3733 2464 συνεστη·

449 2494 484 2535 a
532 2480 663 2536 laeva
714 2492 866 2552 parte
927 2483 1141 2540 dividit.
1203 2483 1330 2540 Sive
1387 2485 1529 2550 inde,
1575 2501 1607 2540 a
1657 2486 2031 2541 vertebrarum

2141 2488 2318 2543 κάτων
2347 2492 2487 2561 αὐτῇ
2521 2490 2813 2545 κονδύλων·
2846 2485 2982 2553 οἷον,
3013 2490 3224 2562 τρὰχις
3255 2490 3357 2545 καὶ
3376 2488 3575 2559 ῥάχις.
3614 2490 3728 2541 At-

450 2571 669 2640 quidcm
711 2571 1039 2642 asperitate,
1086 2589 1116 2626 a
1151 2574 1352 2643 quibus
1384 2574 1501 2644 ipsa
1535 2585 1753 2629 constat
1795 2577 2032 2630 nominis

2138 2598 2294 2651 γεται
2340 2582 2398 2635 δὲ
2449 2583 2544 2637 καὶ
2582 2582 2850 2649 ἄκανθα,
2912 2582 2992 2654 τῷ
3035 2584 3135 2647 τὰς
3180 2584 3255 2637 ὲκ
3295 2581 3408 2635 τῶν
3454 2580 3739 2634 κονδύλων

451 2675 676 2714 causam
713 2660 975 2724 desumit,
1010 2661 1157 2732 quod
1205 2663 1274 2717 ab
1319 2662 1452 2732 ipsis
1498 2664 1713 2733 τραχὶς,
1741 2664 1836 2718 καὶ
1878 2665 2032 2736 ῥάχις

2142 2674 2449 2744 ἀποφύσεις
2477 2675 2816 2740 ἀκανθώδεις
2841 2669 3003 2729 εἶναι·
3035 2679 3063 2730 ὀ
3088 2677 3148 2730 δὲ
3177 2676 3429 2747 Ὄμηρος
3455 2674 3597 2739 ἰξὺν
3626 2675 3735 2728 af;-

450 2752 677 2809 dicitur.
726 2752 833 2808 Sed
875 2761 931 2808 et
973 2754 1143 2824 spinae
1180 2770 1378 2810 nomen
1423 2755 1653 2819 obtinet.
1687 2772 1754 2812 ex
1786 2771 1853 2811 eo
1891 2758 2032 2827 quod

2142 2767 2243 2836 τὴν
2278 2767 2449 2820 καλεῖ·
2478 2768 2544 2838 ἥν
2570 2769 2667 2837 οὐχ
2694 2762 2811 2821 οἶόν
2839 2785 2900 2821 τε
2928 2768 3115 2821 κνίσαι
3142 2767 3176 2838 ἥ
3209 2766 3373 2834 ξύσαι
3407 2767 3455 2798 ’⁸
3485 2765 3733 2829 εὐκόλως

452 2845 859 2914 prominentiis,
880 2847 997 2902 sive
1038 2848 1390 2917 processibus
1422 2847 1750 2917 quibusdam
1778 2850 1832 2905 in
1869 2850 2032 2920 spina:

2143 2858 2209 2926 τῇ
2248 2854 2356 2927 ἰδίᾳ
2390 2856 2557 2927 χειρὶ,
2588 2856 2703 2909 ἀλλ’
2734 2858 2941 2929 ἐτέρων
2966 2858 3013 2890 ⁸⁸
3033 2857 3246 2911 δεῖσθαι
3270 2857 3350 2920 εἰς
3371 2856 3557 2910 τοῦτο·
3594 2857 3733 2926 φησὶ

449 2937 670 2992 modum
707 2937 949 3002 fulcitur,
975 2954 1099 3009 quas
1142 2940 1213 2995 ab
1257 2939 1392 3010 ipsis
1427 2939 1640 2994 ἄκανθα
1665 2950 2031 3012 nuncupatur.

2142 2949 2273 3018 γάρ·
2309 2948 2735 3017 Κατάκνηστιν
2758 2950 2923 3019 μέσα
2950 2949 3112 3004 νῶτα
3138 2947 3340 3019 πλῆξε
3362 2949 3458 3017 (r).
3497 2949 3605 3004 Τὸν
3638 2950 3733 3003 τό-

449 3025 720 3085 ﬂomerus
776 3039 956 3084 autem
1016 3031 1157 3084 hanc
1210 3030 1325 3096 ἰξὺν
1376 3031 1631 3100 appellat,
1676 3041 1864 3103 utpote
1909 3048 2032 3103 qua:

2135 3058 2236 3094 πον
2288 3041 2613 3113 ἑρμηνεύων
2656 3043 2817 3097 τοῦτο
2853 3044 3095 3115 εἴρηκεν.
3139 3046 3203 3097 Ol
3256 3038 3403 3112 ὦμοι
3458 3044 3619 3115 παρὰ
3669 3043 3729 3095 τδ

448 3120 622 3190 scalpi
683 3122 903 3190 propria
948 3121 1061 3191 89
1116 3137 1281 3176 manu
1332 3122 1477 3178 haud
1525 3123 1684 3180 facile
1719 3136 1904 3194 queat,
1935 3126 2031 3181 sed

2140 3132 2436 3204 ὑπομένειν
2491 3135 2563 3189 τὰ
2611 3134 2754 3206 βάρη
2796 3136 2906 3189 τῶν
2939 3136 3175 3207 φορτίων
3216 3137 3462 3207 εἴρηται.
3494 3136 3739 3203 Λέγεται

448 3211 625 3265 aliena
680 3212 922 3266 ol‘licium
974 3214 1175 3281 explet,
1227 3229 1257 3267 a
1308 3216 1477 3269 verbo
1521 3215 1760 3287 ξύσαι,ἢ
1809 3219 2028 3288 κνῆσαι.

2138 3222 2196 3276 δὲ
2224 3223 2286 3276 τὸ
2314 3225 2485 3295 μέρος
2522 3227 2588 3278 ὲν
2610 3219 2654 3293 ᾧ
2685 3228 2734 3279 oi
2765 3226 3094 3296 ῶμοπλάται
3137 3225 3363 3292 νῶτος,
3395 3225 3589 3296 ἐπειδὴ
3620 3225 3730 3278 τῶν

450 3302 584 3355 Nam
642 3301 955 3365 llomerus,
1028 3303 1196 3372 hujus
1249 3305 1355 3361 loci
1405 3306 1795 3376 interpretandi
1858 3309 2032 3378 gratia

2139 3314 2316 3370 ἄλλων
2371 3316 2645 3381 νοτίζεται
2704 3318 2907 3387 μᾶλλον
2932 3359 2947 3385 ,
2995 3320 3090 3373 καὶ
3125 3320 3207 3380 εἰς
3253 3315 3443 3370 τοῦτον
3488 3318 3518 3369 ὁ
3570 3314 3731 3386 ἱδρὼς

450 3388 532 3446 sic
590 3391 768 3461 inquit
821 3411 835 3447 :
882 3392 989 3458 Qui
1045 3396 1276 3447 medium
1328 3396 1474 3450 dorsi
1526 3397 1801 3467 ποιμενιάί
1855 3400 2032 3470 gratia

2141 3410 2430 3481 καταρῥεί·
2476 3410 2554 3474 ὼς
2600 3412 2695 3465 καὶ
2722 3412 2768 3442 ⁸³
2815 3412 3096 3482 Ὄμηρος·
3139 3411 3298 3466 Κατὰ
3339 3410 3408 3463 δὲ
3448 3407 3728 3475 νιιῖιτιος¹⁷

450 3483 641 3552 tangit.
696 3481 967 3539 Humeros
1017 3501 1256 3556 namque
1320 3485 1502 3557 ὤμους
1565 3489 1717 3560 παρὰ
1779 3488 1842 3543 τὸ
1899 3492 2032 3545 ὐπο-

2133 3499 2273 3565 ρέεν
2303 3501 2479 3570 ἱδρὼς
2523 3504 2770 3574 (armi,
2803 3504 2927 3559 Τὸν
2945 3481 3137 3559 νῶτόν
3171 3521 3290 3574 μου
3332 3502 3525 3557 ἔδωκα
3550 3500 3599 3532 ’⁸
3642 3503 3729 3565 εἰς

451 3572 633 3667 μένειν
674 3574 736 3627 τὸ
794 3575 931 3647 βαρὺ
984 3576 1093 3630 τῶν
1149 3578 1386 3650 φορτίων
1420 3619 1435 3644 ,
1489 3580 1636 3650 quod
1692 3583 2030 3637 sarcinarum
2131 3592 2454 3664 μάστιγας·
2487 3572 2583 3650 καὶ
2618 3596 2906 3667 νωτοφόρα
2936 3596 3054 3661 ζῶά
3086 3572 3268 3666 φαμεν
3290 3595 3355 3648 ’⁸.
3395 3593 3641 3662 Λέγεται
3670 3589 3735 3643 τὸ

446 3665 698 3721 videlicet
742 3669 981 3738 pondera
1038 3671 1349 3727 sustineant
1398 3673 1504 3728 dici
1560 3674 1882 3743 opinantur.
1927 3675 2032 3731 Ve-

2133 3685 2379 3739 τοιοῦτον
2408 3687 2574 3760 μέρος
2600 3690 2693 3741 καὶ
2723 3665 2876 3757 min,
2907 3687 3059 3758 παρὰ
3085 3688 3146 3740 τὸ
3171 3665 3349 3756 ψαύω·
3373 3683 3727 3755 ήὲπιψαύου·

446 3764 594 3825 rum,
643 3759 796 3816 locus
854 3764 906 3814 in
954 3776 1065 3831 quo
1116 3764 1353 3834 scapulae
1405 3774 1534 3819 sunt
1580 3774 1789 3834 tergum
1844 3770 2030 3838 appel-

2134 3776 2272 3828 σα⁸⁶
2303 3777 2460 3848 σὰρξ,
2487 3759 2588 3833 καὶ
2618 3780 2714 3832 ἐπὶ
2746 3778 2964 3843 πολλοῖς
2994 3776 3132 3833 οὖσα
3161 3779 3275 3841 τοῖς
3306 3778 3541 3840 ὀστέοις.

447 3849 611 3919 latur,
660 3854 805 3923 quod
867 3854 965 3919 illi,
1011 3853 1181 3909 νῶτον
1245 3855 1356 3910 ἀπὸ
1405 3854 1500 3909 τοῦ
1556 3856 1827 3922 νωτίζειν,
1885 3862 2031 3931 quod

2133 3867 2417 3936 rgiversari
2458 3879 2561 3932 est.
2629 3871 2715 3927 vel
2752 3871 2899 3942 quod
2953 3873 3128 3942 magis
3192 3886 3355 3942 quam
3395 3869 3517 3923 aliae
3546 3876 3729 3937 partes

448 3946 686 4016 pondera
717 3946 1048 4003 sustinentes
1069 3948 1268 4003 sudore
1285 3949 1619 4013 madescant,
1647 3960 1707 4006 ut
1753 3952 2059 4012 Homerus:
2103 3960 2300 4029 Defluit
2357 3978 2422 4017 ea:
2461 3965 2690 4020 humeris
2745 3964 2929 4020 sudor.
2968 3964 3032 4020 Et
3076 3965 3205 4020 illud
3244 3965 3545 4035 prophetae,
3593 3961 3726 4013 Do:-

445 4056 567 4095 sum
593 4055 764 4094 meum
805 4040 926 4095 dedi
964 4041 1376 4110 percutientibus
1428 4042 1541 4114 (a),
1571 4044 1715 4100 unde
1766 4047 2022 4104 animalia
2062 4051 2229 4109 dorso
2298 4057 2625 4114 sustinentia
2688 4058 2903 4128 pondus
2942 4058 3228 4127 νωτοφόρα
3258 4055 3376 4120 ζῶα
3435 4056 3716 4110 dicuntur.

869 4154 1003 4225 Cap.
1033 4155 1149 4210 XV.
1184 4184 1257 4196 —
1285 4154 1365 4209 De
1393 4158 1579 4211 costis.

522 4264 628 4323 Sed
662 4275 715 4322 et
744 4267 1056 4323 lumborum
1088 4270 1244 4326 locus
1279 4282 1384 4337 est,
1445 4271 1540 4344 qui
1579 4271 1655 4326 illi
1702 4273 1847 4342 ψύας
1879 4276 2031 4348 παρὰ

2418 4173 2561 4241 Κεφ.
2595 4168 2701 4226 ΙΕ’.
2726 4204 2799 4213 -
2818 4172 2961 4241 Περὶ
2982 4171 3104 4226 τῶν
3138 4169 3444 4239 πλευρῶν.

2220 4284 2376 4338 Ἐπεὶ
2422 4284 2479 4339 δὲ
2521 4286 2558 4357 ἡ
2603 4284 2749 4358 ψύη,
2790 4284 2888 4339 καὶ
2927 4285 2963 4337 ὀ
2999 4282 3206 4354 θώραξ,
3246 4283 3344 4339 καὶ
3378 4283 3443 4337 αἱ
3484 4280 3725 4350 πλευραὶ

447 4358 509 4414 τὸ
555 4358 717 4430 ψαύω
760 4359 1032 4424 dictitant,
1082 4377 1113 4415 a
1150 4363 1425 4433 tangendo
1480 4363 1748 4429 videlicet,
1801 4366 2032 4434 quodin

2141 4378 2561 4449 συνήρθρωνται
2598 4379 2697 4433 καὶ
2728 4377 3094 4441 συνδέδενται,
3136 4376 3233 4429 καὶ
3261 4372 3374 4430 οἷον
3422 4392 3725 4445 συγκοινω-

447 4454 530 4510 eis
586 4457 716 4509 caro
763 4468 890 4509 ossa
948 4453 1066 4523 ipsa
1118 4455 1500 4510 tantummodo
1550 4455 1743 4525 tangit,
1809 4472 1875 4511 ac
1936 4473 2030 4527 per

448 4545 794 4617 superﬁciem
845 4545 1193 4601 distenditur.
1238 4545 1508 4613 Quoniam
1552 4562 1682 4601 vero
1738 4547 1929 4612 lumbi,
1974 4559 2032 4605 et

449 4640 666 4705 thorax,
701 4649 1089 4709 costarumque
1116 4639 1252 4695 ordo
1274 4640 1507 4696 invicem
1542 4641 1819 4696 cohaerent
1863 4657 2033 4711 copu-

447 4731 738 4801 lanturque
758 4772 773 4796 ,
809 4741 864 4786 et
891 4747 990 4787 ceu
1016 4733 1330 4788 communia
1358 4735 1606 4803 quaedam
1632 4749 1831 4789 usuum
1856 4735 2031 4789 actio-

446 4839 689 4894 numque
747 4824 924 4880 ollicia
985 4826 1255 4896 explent,
1311 4843 1419 4883 non
1465 4827 1534 4881 ab
1594 4844 1652 4881 re
1699 4827 1914 4882 videtur
1964 4826 2034 4883 de

447 4916 616 4972 costis
642 4916 805 4970 etiam
840 4916 1045 4982 aliquid
1084 4915 1324 4986 proferre
1364 4918 1419 4973 in
1462 4918 1724 4975 medium.
1770 4916 2030 4985 Quaedam

448 5024 683 5079 namque
710 5016 875 5063 costae
907 5008 1101 5077 longua,
1157 5010 1405 5078 quaedam
1462 5024 1590 5064 vero
1642 5010 1837 5066 breves
1876 5019 2026 5075 sunt,

446 5114 585 5170 quas
639 5100 881 5156 costulas
930 5101 1045 5156 sive
1088 5099 1405 5172 degeneres,
1456 5102 1537 5158 vel
1598 5103 1796 5158 nothas
1847 5112 2029 5159 costas

518 5232 595 5303 (α)
624 5230 728 5287 lsa.
758 5248 808 5295 ι..
840 5233 894 5287 6.

513 5345 555 5419 ’_‘
587 5345 778 5419 61:58.
854 5348 898 5379 ²¹
923 5347 949 5401 ὃ
977 5348 1037 5401 Β.
1072 5418 1075 5419 ν
1116 5348 1162 5379 ⁸³
1192 5346 1297 5419 {me
1326 5348 1426 5419 τὰς
1456 5346 1660 5419 φρένας
1682 5348 1751 5419 fro
1786 5342 1943 5419 ἧπαρ
1968 5347 2206 5419 ἔτρωσεν
2233 5348 2294 5401 Β.
2372 5350 2419 5380 ’⁵
2458 5368 2543 5404 κν.

1591 5420 1635 5449 ’⁸
1675 5418 1886 5471 δέδωκα
1925 5420 1965 5469 Β
1994 5420 2056 5473 Ρ.
2137 5422 2182 5451 ¹⁹

524 5415 597 5476 ὡς
625 5417 717 5469 καὶ
746 5432 856 5471 om.
887 5418 952 5472 A.
1065 5418 1110 5448 ²⁷
1146 5417 1382 5485 νὼτερος
1413 5414 1472 5469 Β.

450 5481 493 5513 ¹¹
527 5486 619 5537 καὶ
642 5487 701 5538 τὸ
730 5487 950 5558 στέρνον
981 5487 1073 5542 τοῦ
1105 5481 1373 5559 θώρακος,
1411 5489 1519 5542 εἰσὶ
1563 5488 1613 5544 δ.
1652 5490 1708 5543 Β.

523 5616 597 5683 (qi
631 5617 688 5670 ΙΙ.
724 5621 790 5683 Ν,
829 5621 952 5675 ιιρ,

518 5689 721 5753 11⁸)Οιί.
752 5694 818 5752 h,
852 5694 966 5743 liii.

2132 4468 2318 4523 νοῦσιν
2343 4469 2598 4541 ἀλλήλοις
2623 4472 2745 4533 ταῖς
2768 4469 2988 4541 χρείαις
3016 4469 3112 4522 καὶ
3142 4469 3227 4520 ὲνε
3239 4466 3475 4537 ργείαις·
3504 4465 3663 4518 οὐδὲν
3682 4463 3724 4493 ’ί

2132 4555 2335 4610 ἄτοπον
2364 4556 2773 4626 ἐπισκέψασθαι
2810 4559 2942 4630 περὶ
2974 4557 3159 4611 αὐτῶν
3187 4557 3299 4611 τῶν
3342 4553 3619 4626 πλευρῶν.
3660 4555 3725 4607 Al

2137 4646 2234 4717 μὲν
2262 4647 2372 4700 εἰσὶ
2400 4652 2638 4721 μακραὶ,
2660 4651 2797 4704 αἰδὲ
2826 4650 3035 4705 κονταί·
3063 4649 3127 4714 ἃς
3160 4649 3256 4703 καὶ
3283 4648 3724 4715 κοντοπλεύρια

2132 4739 2406 4810 λέγουσιν,
2484 4744 2705 4810 νόθους
2730 4744 3019 4813 πλευράς.
3052 4745 3177 4798 Εἰσὶ
3198 4743 3256 4797 δὲ
3281 4743 3445 4796 πέντε
3475 4742 3532 4794 αἱ
3559 4740 3723 4793 νόθοι·

2135 4834 2479 4904 συμφύονται
2498 4834 2556 4888 δὲ
2589 4836 2668 4907 τῷ
2701 4853 2760 4889 τε
2790 4836 3169 4907 διαφράγματι
3195 4836 3293 4889 καὶ
3324 4833 3614 4904 ἀλλήλαις·
3644 4831 3724 4891 εἰς

2133 4924 2356 4998 χόνδρον
2388 4915 2649 4998 τδπέρας
2677 4927 2862 4981 αὐτῶν
2895 4927 3145 4999 ἔχουσαι.
3188 4928 3256 4979 Αἱ
3286 4926 3345 4979 δὲ
3377 4925 3569 4979 λοιπαὶ
3614 4922 3723 4975 τῶν

2134 5015 2389 5088 πλευρῶν
2449 5020 2545 5072 καὶ
2592 5021 2643 5072 οἱ
2705 5019 2808 5089 τῆς
2866 5019 3082 5090 ῥάχεως
3141 5017 3432 5072 σπόνδυλοι
3489 5014 3617 5086 περὶ
3665 5011 3723 5063 τὺ

2138 5106 2359 5179 στέρνον
2392 5109 2461 5177 ³³,
2492 5108 2588 5163 τοῦ
2619 5109 2874 5181 θώρακός
2912 5111 3055 5163 εἰσιν
3098 5109 3236 5163 ὀστᾶ
3259 5109 3326 5140 ³³·
3366 5106 3579 5160 δώδεκα
3628 5104 3724 5174 μὲν

2565 5350 2785 5471 Ἕξύσαι
2819 5351 2876 5415 Β,
2916 5351 3136 5422 κινῆσαι
3165 5351 3229 5404 Λ.
3305 5350 3351 5381 ³⁸
3375 5349 3639 5440 ἑτέρωθεν
3661 5350 3717 5401 Β.

2656 5422 2712 5471 l’.
2794 5424 2837 5453 ³⁰
2883 5424 2977 5471 γαὶ
3013 5422 3166 5471 ὲπιώ.
3210 5423 3274 5471 Α.
3355 5421 3396 5451 ³³
3430 5421 3545 5471 ουδ.
3574 5420 3631 5471 οὲ
3657 5421 3700 5471 Β

2224 5420 2405 5489 φαμὲν
2440 5437 2549 5472 nun
2582 5420 2622 5471 Β
2656 5422 2712 5476 ι».
2794 5424 2837 5453 ³⁰
2883 5424 2977 5476 ναὶ
3013 5420 3166 5490 ἔπιψ.
3210 5423 3274 5476 Α.
3355 5421 3396 5451 ³³
3430 5421 3545 5473 οὐδ.
3570 5420 3631 5490 δὲ
3657 5421 3700 5472 Β

1827 5490 1871 5521 ³³
1899 5488 1990 5543 τοῦ
2031 5489 2088 5543 δὲ
2126 5488 2261 5559 θωρ.
2309 5488 2448 5543 εἰσιν
2488 5492 2629 5545 ἑπτα
2660 5492 2779 5547 ὀστ.
2821 5495 2886 5559 Λ,
2919 5492 3014 5547 τοῦ
3053 5488 3189 5563 Οωρ.
3224 5494 3330 5545 εἰσ.
3362 5490 3503 5545 ὀστᾶ.
3546 5489 3608 5546 C.

2206 5626 2273 5694 (δ)
2301 5625 2362 5680 n.
2402 5627 2467 5691 Α,
2498 5627 2621 5681 διο.
