4066 6214
341 222 474 284 1209

1580 226 1665 281 DE
1701 227 1883 284 NATU
1896 228 1983 281 ΠΛ
2031 229 2334 284 ιιυΜιΝιε.

3459 234 3596 294 1210

335 335 683 408 ἑκατέρωθεν
715 335 772 389 αἱ
805 335 1063 409 πλευραὶ,
1095 336 1351 408 καθάπερ
1379 340 1474 393 καλ⁵
1511 342 1562 394 οἱ
1585 343 1875 396 σπόνδυλοι
1896 362 1911 376 ·
1948 400 1949 405 η

2060 348 2290 401 ictitaut.
2348 343 2441 400 liae
2490 345 2711 416 quidem
2766 359 2997 400 numero
3034 342 3281 415 quinque
3320 344 3614 410 habentur,

336 431 703 500 διήρθρωνται
734 425 780 459 ³⁵
828 428 937 500 γὰρ
986 429 1196 500 ἑκάστη
1251 430 1390 500 πρὸς
1439 430 1556 491 ἕνα.
1609 434 1681 486 τὰ
1730 434 1787 486 δὲ
1824 435 1921 488 τοῦ

338 520 564 591 στέρνου
625 517 1045 589 συνήρθρωνται
1071 519 1116 551 ³⁵
1162 519 1439 591 ἀλλήλοις.
1500 521 1675 575 Ἑπτὰ
1723 523 1780 576 δὲ
1832 524 1925 578 τὸν

336 610 573 682 ἀριθμόν
602 612 763 663 εισιψ
801 610 926 663 ὅσαι
960 611 1054 664 καὶ
1085 612 1140 664 αἱ
1175 613 1313 680 πρὸς
1339 612 1473 665 αὐτὸ
1495 614 1926 687 διαρθρούμεναι

338 702 601 774 πλευραί*
652 701 728 764 ὡς
777 696 921 754 εἶναι
966 701 1066 765 τὰς
1109 702 1287 766 πάσας
1317 704 1361 734 ³⁸
1395 704 1571 757 εἴκοσι
1620 706 1924 777 τέσσαραςο

337 793 548 848 δώδεκα
580 792 704 847 καθ’
734 793 997 862 ἑκάτερον
1022 793 1191 864 μέρος
1218 795 1707 867 συναρθρουμένας
1736 798 1804 829 ³⁷·
1824 799 1927 861 τὰς

344 883 443 953 μὲν
472 882 705 947 δώδεκα,
736 884 851 945 τοῖς
879 881 1090 935 δώδεκα
1125 882 1444 947 σπονδύλοις
1472 885 1566 938 τοῦ
1599 887 1792 953 νώτου,
1823 890 1925 953 τὰς

340 976 397 1027 δέ
428 992 490 1043 γε
514 977 695 1041 πέντε,
724 977 790 1047 τῇ
810 973 993 1044 ὀσφύῖ’
1014 975 1069 1028 αἱ
1094 974 1151 1028 δὲ
1180 975 1343 1041 ἑπτὰ,
1370 976 1449 1047 τῷ
1481 978 1710 1049 στέρνῳ,
1738 980 1925 1045 καθὼς

344 1066 585 1136 εἴρηται.

2029 447 2086 493 et
2119 447 2274 507 septo
2333 448 2648 494 transverso
2698 438 3011 501 cohaerent,
3069 453 3135 493 ac
3183 436 3415 492 invicem
3469 448 3619 493 recto

2030 526 2225 582 ordine
2289 527 2653 583 consistentes
2692 565 2707 591 ,
2772 526 2827 580 in
2894 525 3274 596 cartilaginem
3337 523 3617 579 desinunt.

2033 614 2278 685 Reliquae
2314 633 2446 672 vero
2473 627 2641 672 costae
2674 616 2977 686 spiuaeque,
3006 615 3272 671 vertebrae
3300 623 3354 669 et
3393 621 3579 684 pectus
3601 650 3618 676 ,

2038 707 2281 764 thoracis
2315 725 2442 765 ossa
2492 722 2643 765 sunt.
2674 708 2943 776 Quaelibet
2987 725 3133 780 pars,
3182 708 3442 777 utrinque
3484 706 3623 759 duo-

2032 801 2202 855 denas
2234 814 2440 866 costas,
2498 803 2643 872 quod
2696 813 2750 857 et
2818 803 2976 872 spina
3024 802 3305 856 vertebras
3355 798 3620 862 continet,

2032 908 2265 963 quarum
2306 895 2563 965 quaelibet
2609 896 2842 967 singulis
2895 895 3163 950 vertebris
3209 892 3619 946 coarticulatur.

2036 986 2107 1039 At
2177 986 2413 1055 pectoris
2471 1003 2594 1043 ossa
2628 1027 2643 1052 ,
2701 1003 2824 1055 quia;
2896 986 3268 1057 septenarium
3332 996 3623 1039 numerum

2030 1075 2273 1145 explent,
2310 1078 2766 1134 dearticulatioue
2812 1079 3043 1133 invicem
3074 1077 3401 1146 junguntur,
3433 1087 3627 1143 quem-

4050 3 4057 185 l

322 1162 640 1217 admodum
680 1168 733 1215 et
781 1168 966 1225 costae,
1010 1176 1152 1231 quae,
1179 1160 1281 1227 ipsi
1313 1171 1440 1216 sunt
1471 1161 1925 1220 dearticulatione
1985 1168 2311 1237 conjunctae.
2380 1168 2591 1241 Itaque,
2622 1179 2803 1225 costas
2869 1185 3060 1225 omnes
3100 1182 3332 1223 numero
3380 1177 3616 1236 quatuor

346 1274 510 1328 supra
558 1256 746 1326 viginti
783 1271 903 1312 esse
936 1268 1165 1312 constat.
1197 1257 1279 1312 Ab
1319 1267 1551 1328 utraque
1579 1259 1724 1313 enim
1787 1271 1937 1330 parte
2010 1265 2296 1330 duodenm,
2348 1267 2496 1324 dorsi
2555 1269 2858 1333 vertebris,
2913 1282 3036 1337 quae
3091 1264 3314 1320 totidem
3396 1277 3625 1317 numero

348 1361 496 1417 sunt,
528 1350 976 1413 coarticulantur,
1011 1365 1243 1419 quarum
1314 1350 1558 1420 quinque
1598 1351 1799 1408 lumbis
1864 1354 1998 1425 ipsis
2035 1359 2413 1429 applicantur,
2468 1368 2674 1430 septem
2735 1374 2863 1415 vero
2919 1374 3043 1414 cum
3111 1368 3360 1429 pectore,
3426 1370 3625 1425 quem-

350 1447 643 1502 admodum
674 1445 914 1499 diximus
937 1484 952 1510 ,
987 1443 1254 1513 copulatae
1288 1453 1438 1498 sunt.

420 1558 637 1620 Ταύτας
664 1558 720 1611 δὲ
746 1560 845 1622 τὰς
877 1559 922 1591 ³⁸
962 1559 1106 1612 ἑπτὰ
1135 1558 1471 1623 ὑποζωννῦει
1503 1560 1596 1613 καὶ
1639 1560 1931 1630 ὑπαλείφει

2112 1562 2223 1618 llas
2256 1576 2436 1619 autem
2497 1574 2702 1636 septem
2758 1574 2960 1628 costas,
3010 1564 3319 1619 communis
3376 1566 3623 1635 quaedam

353 1667 437 1712 τις
494 1649 639 1720 ὑμὴν
700 1649 917 1712 κοινὸς,
974 1649 1033 1712 ὃς
1082 1649 1195 1703 ἀπὸ
1245 1652 1345 1720 τῆς
1393 1652 1584 1721 χρείας
1635 1652 1936 1718 ὑπεζωκὼς

2052 1658 2355 1712 membrana
2431 1674 2539 1727 qua
2599 1668 2765 1715 costae
2803 1667 3086 1728 teguntur,
3137 1674 3259 1727 quze
3318 1657 3627 1722 ὑπεξωκὼς

355 1742 690 1811 ὠνόμασται.
744 1740 1002 1808 Ἐγένετο
1037 1740 1095 1793 δὲ
1150 1732 1306 1804 οὗτος
1356 1741 1385 1793 ὁ
1431 1742 1581 1813 ὑμὴν
1636 1744 1791 1814 παρὰ
1836 1746 1938 1814 τῆς

2052 1748 2148 1818 Bo
2184 1749 2403 1815 dicitur,
2436 1750 2710 1820 subcingit
2758 1750 3010 1820 velatqne
3073 1750 3141 1804 ah
3172 1748 3337 1804 oflicii
3367 1749 3629 1804 videlicet

357 1834 646 1905 προνοίας,
692 1833 783 1887 ἵνα
820 1834 895 1903 μὴ
930 1831 1011 1903 τῷ
1062 1831 1327 1903 πνεύμονι
1365 1834 1593 1904 ἁμέσως
1639 1836 1940 1906 ὁμιλοῦσα,

2052 1840 2320 1896 iunctione
2359 1844 2505 1911 quod
2538 1844 2739 1912 explet,
2778 1844 2851 1896 ita
2880 1842 3168 1912 appellata.
3198 1840 3381 1895 Talem
3406 1841 3626 1911 quidem

358 1928 466 1980 τῶν
484 1926 659 1981 ὀστῶν
686 1929 721 1997 ἡ
751 1927 911 1980 οὐσία
945 1925 1160 1997 σκληρὰ
1186 1926 1280 1979 καὶ
1302 1925 1597 1991 ἀντίτυπος
1624 1924 1781 1993 οὖσα,
1814 1930 1944 2001 ἀνιᾷ

2052 1933 2417 1988 membranam
2470 1933 2747 1990 Creatoris
2790 1934 3126 2004 providentia
3167 1932 3297 1986 inibi
3322 1932 3627 1994 constituit.

363 2021 523 2074 αὑτὸν
567 2022 661 2073 καὶ
699 2018 1014 2090 ἐπιπλήσσῃ
1056 2020 1124 2089 τῇ
1173 2017 1540 2090 προσψαύσει.
1592 2020 1714 2074 Εἰσὶ
1745 2022 1802 2074 δὲ
1849 2022 1943 2075 καὶ

2052 2040 2113 2079 ne
2138 2025 2348 2081 scilicet
2375 2025 2582 2080 ossium
2623 2026 2951 2089 substantia,
2993 2040 3115 2094 qua:
3152 2038 3345 2093 aspera
3375 2038 3440 2078 ac
3479 2022 3627 2076 relu-

364 2113 507 2168 κατὰ
539 2112 638 2177 τὰς
677 2114 874 2177 λοιπὰς
922 2112 1167 2182 πλευρὰς
1217 2112 1605 2184 μεσοπλεύριοι
1646 2114 1817 2184 μῦες,
1848 2115 1943 2180 οὒς

2052 2124 2205 2171 etans
2227 2124 2332 2179 est,
2389 2126 2611 2186 repente
2667 2117 2875 2186 absque
2923 2116 3105 2170 medio
3147 2115 3330 2184 aliquo
3383 2112 3629 2184 pulmoni

365 2207 462 2258 καὶ
494 2204 720 2274 φρένας
752 2204 1010 2259 καλοῦσι’
1051 2203 1145 2257 διὰ
1182 2203 1243 2257 τὸ
1277 2207 1577 2277 φρενητιᾷν
1607 2207 1651 2238 ³⁹
1678 2208 1807 2271 τοὺς
1849 2209 1947 2260 ἀν-

2052 2222 2368 2274 occnrrens,
2420 2208 2637 2264 dolores
2667 2208 2772 2278 ipsi
2815 2207 3044 2279 inlligat,
3100 2207 3364 2275 illumque
3403 2220 3513 2274 prae
3543 2204 3630 2259 sui

369 2297 657 2366 Θρώπους,
697 2297 925 2351 ἐκείνων
970 2295 1436 2367 φλεγμαινὸντων.
1469 2298 1638 2352 Οὐδὲν
1677 2302 1786 2369 γάρ
1830 2302 1947 2354 ἐστι

2052 2308 2195 2354 tactu
2225 2300 2414 2354 reddat
2443 2300 2758 2355 attonitum.
2801 2299 2940 2354 Sunt
2977 2299 3198 2368 quidem
3232 2306 3285 2351 et
3311 2298 3459 2352 circa
3490 2296 3630 2349 alias

373 2388 652 2457 πλευρῖτις
680 2428 696 2453 ,
732 2389 780 2440 εἰ
807 2387 884 2456 μὴ
906 2384 1190 2457 φλεγμονὴ
1218 2384 1315 2439 τοῦ
1344 2386 1442 2451 τὰς
1472 2387 1709 2458 πλευρὰς
1739 2389 1949 2452 ὑπεζω-

2052 2401 2232 2447 costas
2263 2392 2517 2456 musculi,
2549 2392 2639 2462 qui
2671 2391 3038 2446 intercostiles
3079 2389 3359 2452 dicuntur,
3398 2402 3539 2457 quos
3578 2394 3633 2438 et

372 2480 530 2542 κότος
559 2480 777 2548 ὑμένος.

2054 2483 2291 2551 phrenas
2339 2490 2693 2553 nuncupant.
2734 2482 2994 2552 quoniam
3032 2481 3085 2534 in
3133 2478 3446 2551 pbrenesim
3507 2476 3633 2546 ipsi,

370 2573 476 2627 hoc
499 2575 663 2628 estin
694 2575 1128 2640 insaniarn,cum
1158 2593 1253 2633 eos
1319 2586 1625 2633 tumescere
1689 2578 1911 2643 accidit,
1938 2577 2216 2633 hominem
2249 2580 2493 2651 adigunt.
2556 2578 2703 2633 Nihil
2750 2579 2895 2633 enim
2943 2576 3091 2632 aliud
3127 2574 3431 2645 ‘pleuresis,
3470 2587 3633 2644 quam

371 2666 703 2723 membranae
722 2682 901 2725 tumor
917 2686 1039 2741 quae
1059 2678 1242 2727 costas
1263 2670 1540 2740 subeiugit
1558 2670 1828 2740 velatqne,
1853 2678 1956 2725 est.

442 2801 605 2864 Τινὲς
633 2801 691 2855 δὲ
722 2802 786 2855 τὸ
827 2801 1169 2873 διάφραγμα
1209 2804 1304 2858 καὶ
1348 2802 1439 2856 τὸν
1469 2799 1811 2862 ὑπεζωκότα
1856 2801 1949 2855 ἕνα

2131 2804 2271 2860 Sunt
2306 2805 2399 2875 qui
2450 2815 2662 2875 septum
2722 2812 3120 2866 transversum,
3178 2809 3233 2854 et
3280 2804 3465 2853 costas
3507 2795 3637 2851 sub-

374 2889 645 2943 ὑπέλαεον
679 2887 821 2944 εἶναι
872 2893 1083 2962 ὑμένα’
1118 2893 1219 2946 οὐκ
1264 2893 1412 2946 ἔστιν
1452 2891 1531 2945 δέ.
1577 2892 1739 2945 ’Δλλο
1759 2892 1805 2923 ⁸ο
1845 2893 1949 2961 γὰρ

2057 2901 2363 2968 cingentem
2408 2898 2804 2963 membranam,
2852 2910 3015 2948 unam
3074 2892 3431 2961 eamdemque
3461 2903 3636 2943 mem-

374 2984 604 3049 ἐκεῖνος,
636 2984 731 3037 καὶ
755 2983 885 3037 ἄλλο
906 2984 949 3015 δι
977 2978 1154 3048 οὗτος.
1202 2985 1442 3047 Ἐκεῖνος
1476 2984 1577 3053 μὲν
1611 2982 1721 3053 γὰρ
1751 2983 1949 3052 διαχω-

2058 2996 2285 3050 branam
2319 3007 2462 3056 esse,
2488 2991 2581 3046 sed
2615 3004 2721 3044 non
2764 2998 2909 3044 recte
2933 2986 3138 3057 opinati
3190 2994 3337 3043 sunt.
3370 2981 3503 3036 Nam
3530 2981 3636 3037 alia

377 3074 510 3145 ρξζει
550 3076 623 3129 τά
654 3093 713 3129 τε
743 3078 799 3128 ὲν
828 3075 907 3146 τῷ
938 3075 1172 3148 θώρακι,
1202 3078 1298 3131 καὶ
1338 3076 1407 3129 τὰ
1453 3076 1558 3129 ὑπὸ
1603 3075 1695 3129 τὸν
1728 3074 1949 3147 Θώρακα

2056 3087 2276 3158 quidem
2311 3086 2423 3150 illa,
2455 3085 2559 3139 alia
2580 3098 2709 3137 vero
2733 3084 2845 3137 huic
2865 3081 3112 3135 habetur.
3141 3077 3364 3148 Septum
3402 3089 3641 3144 namque

378 3168 682 3243 σπλάγχνα,
714 3168 811 3221 καὶ⁵
840 3169 939 3239 τὴν
973 3167 1251 3239 ἀναπνοὴν
1283 3170 1529 3238 ἐνεργεῖ,
1566 3166 1751 3230 καθὼς
1784 3166 1949 3239 ἔφθην

2060 3191 2455 3242 transversum,
2487 3194 2548 3231 ea
2609 3190 2732 3245 qua:
2761 3175 2813 3228 in
2846 3176 3067 3227 thorace
3098 3180 3245 3232 sunt.
3276 3178 3331 3224 et
3364 3183 3487 3238 quae
3536 3167 3641 3223 sub

377 3260 575 3314 εἰπών·
610 3255 765 3323 οὗτος
797 3260 855 3313 δὲ
895 3259 991 3324 τὰς
1038 3261 1281 3333 πλευρὰς
1326 3259 1697 3324 ὑποζωννύει,
1731 3262 1825 3313 καὶ
1864 3260 1949 3313 τὸν

2060 3273 2178 3343 ipso
2198 3271 2504 3326 consistunt
2529 3269 2762 3332 viscera,
2796 3263 3161 3326 disterminat,
3186 3267 3240 3315 et
3265 3257 3642 3329 respirationis

377 3356 656 3423 πνεύμονα
696 3352 1045 3422 διαφυλάττει
1094 3353 1192 3424 τῆς
1233 3352 1440 3406 τούτων
1496 3352 1719 3423 βλάϐης.
1759 3352 1863 3405 Τὸν
1901 3352 1949 3405 δὲ

2060 3364 2302 3418 ol‘licium
2335 3360 2575 3423 exhibet,
2608 3358 2690 3414 uti
2726 3357 2879 3428 prius
2905 3371 3028 3409 cum
3068 3354 3136 3409 de
3159 3353 3245 3407 his
3296 3366 3511 3423 agerem
3548 3364 3644 3403 ex-

376 3446 470 3499 τοῦ
508 3444 926 3516 διαφράγματος
964 3445 1138 3515 ὑμένα
1176 3445 1552 3513 περιπεπλον
1584 3444 1833 3513 λέγουσι·
1870 3443 1961 3498 διὰ

376 3536 440 3589 τδ
478 3537 875 3607 περιειλεῖσθαι
902 3537 946 3569 ⁸⁸
985 3536 1150 3590 αὑτὸν
1188 3538 1303 3600 τοῖς
1347 3536 1701 3607 σπλάγχνοις.
1733 3538 1803 3589 ’Ἡ
1853 3535 1959 3590 πέ-

378 3632 560 3691 πλον,
588 3629 676 3683 διὰ
705 3630 766 3682 τὸ
796 3628 1180 3697 ὑφαπλοῦσθαι
1210 3629 1276 3660 ⁵³·
1306 3627 1340 3698 ἢ
1370 3627 1562 3692 πάτος
1595 3627 1704 3681 ἀπὸ
1734 3628 1825 3681 τοῦ
1862 3645 1961 3681 πε-

381 3720 609 3790 πῆχοαι,
647 3723 739 3775 καὶ
767 3716 879 3775 οἷον
911 3720 1264 3792 συνεσφῖχθαι
1286 3737 1299 3751 ⁸
1334 3720 1417 3773 διὸ
1440 3722 1534 3773 καὶ
1558 3721 1586 3772 ὁ
1615 3720 1961 3790 Καλλίμαχος

379 3813 554 3878 οὕτως
575 3814 701 3885 ἔφη’
733 3815 914 3885 Ἥρης
960 3817 1152 3885 ἁγνὸν
1172 3816 1544 3886 ὐφηνέμεναι
1568 3815 1709 3884 τῇσι
1732 3816 1964 3885 μέμηλε

382 3903 570 3971 πάτος
590 3905 658 3959 ⁸⁵.
687 3906 807 3960 Εἰσὶ
822 3907 881 3960 δὲ
904 3910 1047 3961 κατά
1078 3907 1265 3978 σχῆμα
1290 3908 1346 3959 αἱ
1368 3906 1607 3976 πλευραὶ
1634 3908 1733 3977 οὐχ
1754 3908 1961 3975 ὄμοιαι’

382 3994 498 4047 ἀλλ’
529 3997 584 4049 αἱ
624 3996 724 4067 μὲν
754 3998 1096 4067 ἐπικαμπεῖς
1117 4037 1133 4061 ,
1163 3998 1221 4051 αἱ
1249 3997 1306 4051 δὲ
1338 3998 1698 4050 ἀνανεύουσαι
1744 3996 1879 4064 πρὸς
1905 3995 1967 4049 τὸ

385 4088 607 4159 στέρνον
627 4106 640 4120 ·
667 4087 728 4141 τὸ
759 4088 910 4151 τέλος
940 4089 1163 4161 ἔχουσαι
1197 4088 1443 4159 χόνδρον,
1474 4088 1590 4141 ἀλλ’
1625 4089 1727 4141 οὐκ
1754 4086 1965 4141 ὀστοῦν.

383 4180 725 4251 Στρογγύλαι
758 4181 859 4251 μὲν
891 4181 1044 4236 ἔνθεν
1064 4223 1079 4249 ,
1108 4181 1317 4235 ἐκεῖθεν
1353 4181 1409 4234 δὲ
1458 4181 1738 4233 πλατεῖαι·
1770 4180 1971 4232 ἐναπο-

385 4271 605 4326 δέουσαι
640 4273 933 4344 ἀλλήλαις,
966 4275 1061 4327 καὶ
1100 4273 1562 4343 ὲναπομένουσαι.
1609 4270 1873 4341 Ετρηνται
1911 4269 1969 4322 δὲ

388 4363 667 4432 πλευραὶ,
697 4366 782 4419 ὅτι
825 4366 1054 4436 πλήρεις
1098 4364 1206 4418 εἰσὶ
1256 4364 1471 4434 μυελῶν
1519 4360 1966 4432 ἀναμυχωτοιοῆ

2061 3451 2256 3521 pliravi
2293 3467 2309 3516 ;
2347 3450 2514 3503 altera
2543 3462 2672 3503 vero
2702 3454 2882 3500 costas
2915 3442 3211 3509 subcingit.
3241 3447 3295 3493 et
3333 3438 3643 3507 pulmonem

2062 3541 2359 3609 quainiuus
2385 3538 2454 3591 ab
2513 3536 2645 3605 ipsis
2691 3533 2811 3588 laedi
2872 3540 3058 3601 queat,
3086 3528 3262 3584 reddit
3304 3533 3639 3594 exemptum.

2064 3631 2223 3687 Enim
2258 3645 2406 3695 vero,
2431 3624 2881 3696 diaphragmatis,
2919 3623 3024 3676 hoc
3047 3630 3129 3675 est
3170 3618 3307 3688 septi
3347 3615 3646 3671 transversi

2066 3724 2463 3781 membranam,
2493 3717 2803 3790 περίπλοον,
2853 3714 3002 3784 quod
3056 3710 3360 3766 visceribus
3407 3708 3649 3761 involva-

2068 3825 2154 3870 tur
2211 3819 2547 3880 nuncupant.
2598 3808 2724 3862 Sive
2783 3806 2979 3877 peplon
3027 3801 3195 3857 διὰτὸ
3244 3797 3647 3870 ὑφαπλοῦσθαι,

2067 3907 2210 3977 quod
2230 3904 2477 3959 videlicet
2502 3901 2606 3970 ipsi
2633 3901 2683 3953 in
2716 3900 2853 3969 pepli
2878 3897 3098 3953 modum
3132 3894 3535 3955 substernatur,
3565 3890 3649 3944 vel

2068 3999 2261 4059 πάτος,
2310 3993 2417 4049 ἀπὸ
2462 3991 2557 4045 τοῦ
2610 3990 2909 4061 πεπῆχθαι.
2941 3988 3036 4042 καὶ
3097 3981 3209 4039 οἷον
3271 3981 3647 4053 συνεσφεχθαι,

2070 4087 2213 4157 quod
2228 4094 2567 4155 compactum
2586 4098 2708 4138 esse
2719 4081 3179 4149 constrictamque
3192 4075 3651 4147 interpretareris.

2074 4178 2145 4235 Ut
2173 4179 2544 4235 Callimachus
2590 4174 2767 4246 inquit
2812 4192 2827 4228 :
2879 4173 3062 4244 Ἤρης
3096 4171 3261 4241 ἁγνὸν
3320 4170 3654 4241 ὑφηνέμεναι

2070 4274 2196 4344 τῇσι
2229 4269 2438 4342 μέμηλε
2467 4268 2655 4332 πάτος,
2693 4266 2838 4337 quod
2883 4264 3115 4320 studiosi
3155 4278 3253 4334 pro
3300 4263 3384 4319 sui
3430 4262 3657 4316 arbitrio

2075 4366 2514 4435 interpretentur.
2547 4360 2663 4417 Non
2694 4363 2839 4415 enim
2868 4367 3034 4415 costae
3070 4357 3238 4429 figura
3264 4356 3496 4410 invicem
3524 4367 3658 4407 con-

387 4453 500 4510 οἷον
528 4457 850 4529 πολυευραὶ,
878 4458 953 4522 ὡς
989 4457 1239 4510 πλατεῖαι
1272 4456 1368 4510 καὶ
1395 4456 1581 4527 χώραν
1622 4454 1826 4524 πολλὴν
1856 4454 1949 4506 διαί

2074 4457 2320 4519 veniunt,
2343 4454 2435 4509 sed
2455 4453 2702 4524 quaedam
2724 4467 2986 4517 recurvae,
3011 4450 3131 4504 alia:
3148 4462 3276 4502 vero
3288 4447 3353 4500 ad
3371 4453 3560 4515 pectus
3577 4444 3659 4497 in-

387 4548 741 4618 κατὲχουσαιο
770 4549 804 4619 ἢ
836 4548 1116 4621 πολυωραὶ
1145 4546 1325 4613 οὖσαι,
1361 4548 1437 4611 ὡς
1472 4549 1850 4617 φυλάσσουσαι
1875 4562 1947 4599 κα

2074 4555 2326 4610 nueutes,
2355 4547 2409 4600 in
2438 4545 2836 4614 cartilaginem,
2869 4557 2976 4596 non
2991 4550 3170 4595 autem
3208 4538 3261 4592 in
3288 4552 3350 4591 os
3375 4534 3658 4591 desinunt.

388 4641 745 4712 περιέχουσαι
796 4642 889 4695 τὸν
934 4641 1238 4713 πνεύμονα,
1289 4641 1387 4711 τὴν
1438 4641 1701 4711 καρδίαν,
1736 4640 1833 4693 καὶ
1870 4640 1949 4707 τὴε

2076 4638 2139 4696 Et
2168 4639 2514 4693 extrinsecus
2566 4636 2786 4705 quidem
2841 4634 3112 4696 rotundae,
3163 4630 3497 4685 intrinsecus
3531 4641 3663 4681 vero

388 4735 656 4805 γαστέρα·
685 4734 794 4787 ἀπὸ
822 4734 919 4788 τοῦ
956 4734 1140 4805 ὼρεῖν,
1159 4736 1325 4805 ῆγουν
1360 4733 1677 4802 φυλάττειν·
1710 4731 1804 4784 καὶ
1824 4747 1949 4800 κηπ⁴

2072 4730 2196 4784 latae
2225 4731 2411 4798 ﬁgurae
2457 4736 2608 4788 suut,
2659 4739 2713 4782 et
2739 4725 3076 4789 deﬁcientes,
3118 4738 3182 4778 ac
3217 4722 3383 4777 veluti
3412 4736 3534 4775 sese
3564 4735 3663 4773 ex-

403 4828 569 4895 ωρὸς,
609 4828 704 4881 καὶ
732 4827 979 4899 θυρωρὸς
1012 4826 1071 4893 ἐξ
1104 4826 1293 4881 αὐτοῦ·
1325 4825 1402 4889 ὼς
1433 4826 1527 4878 καὶ
1567 4824 1835 4885 Ἡσίοδος·

2074 4829 2403 4890 spectantes,
2419 4820 2749 4874 consistunt.
2778 4818 2834 4871 In
2863 4831 3051 4871 eariun
3080 4831 3207 4870 vero
3232 4828 3482 4885 suprema
3515 4817 3666 4881 parte

391 4921 649 4985 medulla,
702 4936 811 4975 non
878 4929 1059 4975 autem
1096 4919 1149 4975 in
1205 4918 1393 4973 intima
1463 4917 1677 4972 visitur.
1707 4916 1816 4970 llas
1880 4914 1949 4968 πλ

2052 4912 2126 4976 νὰς
2187 4912 2258 4965 01)
2303 4912 2355 4965 id
2390 4912 2666 4975 dictitant,
2700 4906 2810 4965 οἷον
2867 4908 3189 4981 πολυευρὰς,
3242 4908 3334 4961 καὶ
3378 4902 3657 4965 πλατείας,

390 5017 538 5088 quod
606 5018 659 5071 in
701 5018 992 5089 plurimam
1032 5014 1373 5091 latitudinem
1415 5022 1719 5082 porrectas,
1750 5026 1814 5066 ac
1841 5011 2069 5065 multum
2107 5007 2211 5062 loci
2246 5017 2577 5076 occupantes
2607 5016 2754 5062 recte
2786 5006 3006 5061 dixeris.
3034 5004 3160 5058 Sive
3197 5001 3476 5071 πυλεωραὶ
3509 4993 3665 5052 οὖσαι

392 5116 500 5167 ἀπὸ
524 5113 618 5167 τοῦ
636 5114 819 5185 ὼρεϊν,
845 5114 937 5167 καὶ⁸
975 5112 1282 5182 φυλάττειν,
1324 5110 1468 5179 quod
1523 5108 1815 5163 terminare
1842 5122 1908 5162 ac
1945 5130 1949 5153 ε

2052 5105 2220 5159 todirc
2245 5103 2481 5168 diceres,
2537 5106 2794 5173 quoniam
2835 5104 2963 5157 dum
2995 5102 3305 5172 pulmonem
3357 5105 3411 5153 et
3455 5111 3570 5156 cor,
3602 5109 3667 5149 ac

394 5202 499 5255 alvi
541 5203 675 5257 lines
716 5210 956 5268 servant,
1029 5200 1134 5271 91
1168 5198 1622 5268 custodiamque,
1667 5212 1855 5255 eorum
1908 5194 2255 5250 excubitores
2327 5209 2393 5248 ac
2445 5193 2627 5248 aeditui
2668 5194 2965 5260 habentur;
3000 5200 3056 5246 ut
3098 5188 3369 5246 Hesiodus
3421 5185 3488 5241 de
3521 5194 3666 5239 terra

395 5292 576 5365 inquit
600 5310 614 5346 :

470 5495 516 5529 ”
537 5496 873 5568 διήρθρωται
902 5496 947 5549 Β
983 5493 1046 5551 C.
1127 5495 1171 5528 ³⁸
1206 5494 1587 5566 συνήρθρωται
1620 5494 1659 5544 Β
1689 5493 1751 5550 C.
1828 5493 1873 5525 ³⁸
1902 5507 2032 5546 πασ.
2075 5486 2320 5590 πλευρὰς
2364 5486 2405 5541 Β
2438 5486 2500 5541 P.
2578 5483 2625 5518 ³⁷
2672 5478 3185 5550 συναριθμουμένας
3224 5476 3288 5529 Β.
3358 5475 3402 5507 ³⁸
3441 5473 3667 5555 ταύταις

483 5569 600 5590 -..9-
622 5568 661 5590 n
764 5566 808 5590 η
839 5568 1123 5590 --,-..---ες..
1167 5566 1190 5590 Α
1242 5565 1281 5590 n
1383 5566 1427 5590 ιο
1453 5565 1608 5590 εν.--
1633 5566 1671 5590 ι)
1782 5564 1821 5590 Η
1861 5562 2014 5590 39.1--
2048 5560 2087 5590 ιι
2186 5559 2206 5590 t
2257 5555 2631 5590 --,...-,.‘.;nnm
2672 5552 2712 5590 Π
2811 5553 2856 5583 υ
2883 5569 3002 5590 num
3028 5567 3140 5590 emi-
3169 5561 3339 5590 risum!
3362 5545 3428 5590 ad
3455 5545 3665 5590 ιιέιιηλι

401 5545 1124 5639 δὲταῖξιῧξᾟίῂιρρενιτιᾷν
1242 5545 1430 5639 i’."
1449 5545 1608 5627 ἄλλος
1633 5545 1718 5639 Β(
1737 5545 1749 5550 ⁷
1782 5564 1835 5639 δί’
1858 5545 2014 5639 ἄλλος
2186 5545 2636 5639 («infament
2663 5552 2784 5639 _B."
2811 5545 2856 5583 ⁸⁸
2883 5545 3002 5623 qua:
3019 5545 3143 5621 ειμι.
3169 5561 3339 5617 usque
3362 5545 3428 5601 ad
3452 5545 3665 5617 μέμηλε

407 5620 706 5699 “deoioui.
740 5637 781 5689 Β
809 5620 895 5693 (ᾆξ’
950 5636 996 5670 ⁸⁸
1023 5622 1149 5707 ei»;
1177 5635 1243 5689 ἂν
1273 5620 1731 5706 ὑφηέμεναιλτῇσι
1774 5634 1949 5703 μέμηλ

2052 5631 2190 5694 βάτος
2236 5620 2354 5683 Lat.
2387 5620 2539 5683 Vcr's.
2574 5626 2697 5681 add.
2745 5620 2836 5678 Fr.
