4054 6216
475 272 617 340 ιειι
1762 279 2043 335 ιιειετιι

2148 275 2393 333 DNACIII
3602 272 3749 327 {21‘}

546 396 732 474 Brimo
770 400 977 474 quidem
1023 398 1200 474 tellus,
1258 407 1373 467 post
1404 399 1574 474 ipsum
1622 399 1848 474 stellifer
1916 401 2057 453 orbis
2087 420 2133 474 Α

2001 401 2057 451 iis
2087 420 2133 474 Α
2163 397 2314 474 Γαῖα
2335 394 2401 474 δέ
2423 411 2510 474 τοι
2544 394 2781 474 πρῶτον
2802 391 2922 474 "et;
2942 389 3211 474 ἐγείνατο
3246 389 3385 474 ἵσογ
3413 389 3602 474 ἑαυτῇ

543 469 730 523 Cretas
758 460 845 521 εἰιι
867 460 1658 537 hancmediani'contprenderel
1693 460 1876 523 ordine
1890 479 2050 523 certo.
2087 460 2133 474 "

2166 467 2438 535 Οὐρανὸν
2466 460 2830 532 ἀστερόεντα
2850 481 2861 493 ·
2898 461 3000 515 ἵνα
3022 479 3131 532 μιν
3156 460 3361 537 "nep!
3396 461 3599 537 πᾴκτα
3636 477 3752 515 κα-

3206 531 3430 602 [suam
3454 532 3543 603 (ι).

474 642 542 697 Et
583 643 801 712 quidem
844 642 1326 711 comprehendere,
1362 659 1458 712 pro
1500 659 1567 697 eo
1604 644 1750 713 quod
1782 644 2055 699 custodire

2155 651 2265 704 Kal.
2298 650 2359 703 τὸ
2395 648 2675 718 περιέχειν
2711 646 2767 701 δὲ
2810 646 2944 700 αὐτὸ
2962 646 3007 693 η
3050 646 3114 699 ἐκ
3151 646 3248 699 τοῦ
3282 645 3616 713 φυλάττειν·
3645 647 3750 713 ’ος

470 734 704 795 diceres,
729 734 963 803 positum
1023 742 1149 796 est,
1198 744 1258 788 ut
1307 736 1439 789 illud
1478 754 1491 789 :
1531 737 1815 790 Arboribus
1873 736 2053 790 multis

2153 757 2252 808 μοι
2288 739 2488 806 κῆπον
2518 739 2643 807 ἔχει
2673 733 3123 803 πολυδένδρεον
3161 736 3266 803 (n).
3301 736 3375 788 Τὸ
3415 737 3525 805 γὰρ
3560 736 3676 806 ἔχει
3707 737 3754 769 ι*

472 826 657 877 hortus
685 824 814 877 mihi
848 826 1079 879 consitus
1100 828 1375 881 exstatlit
1395 827 1523 880 illud
1547 844 1559 879 :
1590 826 1655 879 Et
1676 828 1845 895 ipsum
1870 827 2054 897 longas

2156 832 2276 883 ἀντί
2291 830 2387 882 τοῦ
2411 829 2704 897 φυλάττειν
2730 831 2926 881 κεῖταισ
2952 826 3046 880 καὶ
3069 826 3156 892 τὸ,
3176 829 3343 894 Ἔχει
3368 826 3435 880 δέ
3458 843 3520 879 τε
3540 827 3754 892 κίονας

473 916 746 970 columnas
794 922 1064 981 continet;
1111 928 1165 974 et
1209 919 1261 973 in
1313 920 1399 974 his
1442 919 1607 988 ἔχειν,
1641 935 1740 989 pro
1790 920 2056 972 continere

2157 919 2343 984 αὐτὸς
2374 921 2449 982 (υ)
2493 916 2762 986 μακρὰςο
2805 917 2900 969 καὶ
2951 915 3111 968 τοῦτο
3156 918 3278 969 ἀντὶ
3330 913 3425 967 τοῦ
3478 916 3749 984 περιέχει.

477 1009 715 1074 positum
751 1016 854 1063 est.
896 1008 1009 1063 Hoc
1058 1010 1243 1080 itaque
1298 1026 1407 1081 quo
1445 1012 1838 1080 explicavimus
1871 1010 2054 1073 modo,

2160 1009 2348 1071 Οὕτως
2382 1009 2484 1078 μὲν
2519 1005 2613 1061 οὖν
2643 1012 2674 1077 ἡ
2710 1008 2867 1079 ράχις
2901 1007 2979 1076 τῷ
3015 1006 3226 1077 στέρνῳ
3247 1047 3261 1070 ,
3296 1008 3391 1059 καὶ
3420 1006 3479 1058 αἱ
3510 1004 3752 1073 πλευραὶ

475 1099 653 1167 Spina,
682 1109 870 1169 pectus
893 1140 909 1166 ,
937 1112 991 1156 et
1032 1113 1197 1157 costae
1242 1104 1405 1157 simul
1438 1104 1701 1173 colligata:
1729 1101 2060 1158 coarticulan

2162 1100 2503 1153 συνδέδενται
2543 1101 2639 1152 καὶ
2670 1098 3107 1169 συνὴρθρωνται,
3140 1098 3227 1149 ἵνα
3269 1097 3408 1168 πρός
3437 1114 3498 1149 τε
3528 1097 3750 1166 κίνησιν

477 1201 652 1260 tzeque
682 1201 832 1257 sunt,
863 1209 972 1263 quo
1004 1194 1133 1247 dum
1168 1194 1269 1249 illa:
1301 1196 1602 1249 harmoniis
1660 1195 1891 1249 invicem
1920 1208 2056 1247 con-

2161 1192 2255 1243 xai.
2284 1192 2517 1261 κάμψιν,
2550 1191 2645 1243 καὶ
2670 1189 3145 1259 ἀντανακλασμδν,
3177 1188 3271 1241 καὶ
3306 1188 3566 1240 σύντονον
3597 1188 3751 1257 3&6;-

476 1279 721 1345 veuiunt,
777 1296 897 1344 nos,
953 1282 1261 1345 admotus,
1322 1282 1533 1349 ﬂexus,
1590 1297 1959 1352 progressus,
2007 1292 2062 1337 et

2164 1298 2269 1344 σιν,
2301 1284 2397 1336 καὶ
2435 1282 2655 1353 δρόμον,
2686 1282 2781 1334 καὶ
2804 1281 3049 1349 κάθισμα
3100 1279 3329 1347 ἀλληλαι
3373 1279 3639 1349 ἀλλήλαις
3689 1278 3750 1330 al

476 1385 785 1440 regressus,
828 1380 941 1426 tuin
989 1373 1056 1427 ad
1101 1374 1444 1428 moderatum
1484 1374 1784 1439 incessum,
1836 1390 2062 1429 cursus.

2162 1373 2423 1442 ἁρμονίαι
2473 1374 2843 1443 συνέρχωνται
2871 1373 2941 1404 ⁸⁶’
2976 1373 3071 1426 καὶ
3099 1371 3197 1441 τὴν
3232 1371 3355 1424 καθ’
3385 1371 3565 1443 ὁρμὴν
3593 1370 3754 1440 κίνηο

478 1477 584 1527 que
626 1462 949 1527 concitatos,
1007 1478 1218 1518 necnon
1261 1464 1327 1517 ad
1373 1463 1697 1526 sessionem,
1750 1471 1802 1516 et
1838 1463 1903 1516 ad
1941 1477 2063 1516 mo-

2166 1482 2272 1527 σιν,
2298 1467 2396 1518 καὶ
2424 1464 2980 1534 ὲπιτετεχνασμένην,
3012 1464 3252 1515 ἐκτελεῖν
3279 1463 3585 1531 δυνάμεθα.
3635 1462 3752 1515 Mo-

478 1561 616 1616 tum,
651 1555 745 1623 qui
785 1570 908 1609 cum
955 1554 1184 1624 impetu,
1234 1555 1317 1610 vel
1373 1564 1490 1609 arte
1520 1557 1597 1619 lit,
1635 1555 1850 1624 aliaque
1880 1554 2065 1623 hujus-

2164 1572 2255 1619 νος
2288 1556 2395 1626 γὰρ
2428 1556 2719 1626 ἄνθρωπος
2741 1555 2787 1586 ⁸³
2806 1554 2944 1624 πρὸς
2978 1553 3074 1606 δύο
3090 1552 3291 1620 γωνίας
3308 1552 3474 1623 ὀρθὰς
3504 1553 3758 1620 κάμπτει

479 1645 624 1699 modi
670 1646 915 1700 suﬂiccre
958 1646 1259 1700 valeamus.
1307 1645 1417 1699 Soli
1453 1654 1633 1699 autem
1668 1645 1873 1698 homini
1900 1661 2061 1699 crura

2163 1646 2231 1700 τὰ
2256 1647 2419 1717 σκέλη
2448 1686 2463 1709 ,
2507 1647 2649 1700 κατὰ
2693 1664 2750 1698 τε
2774 1646 2837 1699 τὸ
2866 1646 3037 1714 ἰσχίον
3073 1644 3166 1698 καὶ
3196 1644 3295 1715 τὴν
3324 1645 3494 1714 ἰγνύν·
3521 1646 3622 1715 τὴν
3654 1644 3760 1713 μὲν

480 1734 547 1790 ad
597 1736 736 1789 duos
771 1746 947 1789 rectos
1006 1736 1237 1806 angulos
1278 1736 1494 1790 ﬂectere
1550 1750 1729 1805 posse,
1780 1735 1847 1788 ad
1898 1750 2065 1788 coxas

1550 1750 1729 1805 posse,
1780 1735 1847 1788 ad
1898 1750 2065 1788 coxas
2166 1739 2259 1791 ἐπὶ
2280 1740 2348 1793 τὰ
2373 1740 2541 1802 ἔνδον,
2570 1741 2669 1810 τὴν
2691 1739 2748 1792 δὲ
2776 1739 2869 1791 ἐπὶ
2897 1741 2968 1790 τὰ
2994 1738 3117 1802 ἔξω.

478 1824 747 1888 Videlicet,
802 1840 865 1879 ac
933 1825 1112 1879 locum
1181 1825 1272 1895 qui
1331 1825 1559 1894 genibus
1627 1824 1913 1894 oppositus
1965 1832 2050 1879 est
2092 1838 2287 1884 natura
2325 1831 2550 1897 tribuit;
2582 1840 2637 1885 et
2697 1846 2825 1900 pnrs
2868 1846 2990 1899 quae
3016 1832 3084 1884 ad
3113 1843 3284 1903 genua
3330 1839 3454 1898 est,
3488 1831 3555 1885 ad
3583 1831 3758 1885 inter-

478 1916 616 1981 iora;
635 1932 755 1985 qua:
780 1931 906 1970 vero
923 1917 987 1970 ad
1008 1932 1173 1972 coxas
1198 1918 1391 1988 Vergit,
1409 1918 1473 1971 atl
1492 1918 1763 1970 exteriora
1786 1916 2041 1971 ﬂectitur.

632 2032 766 2101 Cap.
811 2030 1121 2087 XVI-XVII.
1157 2062 1228 2074 —
1255 2033 1333 2087 De
1361 2034 1609 2103 pulmone
1636 2042 1685 2087 et
1713 2034 1889 2087 corde.
2088 2029 2130 2086 Β
2158 2034 2233 2087 Κε

2158 2034 2747 2103 Κεφ.ῐ<;”-1Ζ’.-Περί
2765 2034 2873 2089 τοῦ
2892 2036 3228 2102 πνεύμονος
3244 2033 3341 2087 καί
3357 2033 3468 2103 τῆς
3483 2034 3753 2102 καρδίας.

546 2143 816 2211 Quoniam
870 2146 1036 2215 igitur
1068 2162 1096 2201 a
1139 2147 1360 2202 thorace
1409 2156 1522 2201 tum
1560 2163 1687 2211 cor,
1726 2156 1839 2201 tum
1878 2146 2066 2215 pulmo

2250 2148 2405 2199 Ἐπεὶ
2435 2143 2530 2200 οὖν
2555 2148 2584 2200 ὁ
2611 2145 2797 2217 θώραξ
2825 2147 3185 2217 συμπεριέχει
3216 2146 3307 2200 τὸν
3338 2146 3623 2215 πνεύμονα
3661 2150 3763 2202 καὶ

476 2238 1065 2306 comprehenduntur,
1121 2238 1328 2293 idcirco
1362 2280 1375 2303 ,
1432 2254 1670 2308 quonam
1736 2250 1893 2308 pacto
1950 2239 2064 2293 haec

2165 2240 2265 2310 τὴν
2298 2239 2530 2311 καρδίαν
2553 2280 2568 2303 ,
2615 2239 2947 2310 σκεψώμεθα
2991 2242 3089 2294 καὶ
3121 2241 3195 2304 ὡς
3231 2239 3403 2294 ταῦτα
3451 2242 3756 2297 διάκειται.

478 2330 533 2381 in
581 2330 698 2397 ipso
744 2330 889 2384 intus
934 2330 1260 2395 consistant,
1291 2331 1724 2385 consideremus.
1762 2332 1872 2385 Cor
1907 2346 2062 2385 nam-

2165 2332 2270 2385 Τοῦ
2300 2333 2551 2403 θώρακος
2584 2334 2788 2387 ἔσωθεν
2826 2337 2855 2387 ὁ
2897 2334 3152 2404 πνεύμων
3185 2335 3369 2399 ἐστὶν,
3402 2338 3756 2407 ὲμπεριέχων

477 2438 586 2491 que
626 2437 654 2474 a
698 2421 956 2490 pulmone
1003 2421 1516 2489 comprehenditur,
1561 2431 1615 2476 et
1657 2423 1835 2492 ipsum
1876 2424 2062 2492 pulmo

2164 2425 2266 2494 τὴν
2293 2425 2542 2495 καρδίαν,
2572 2428 2666 2479 καὶ
2698 2420 2809 2478 οἷον
2844 2426 3234 2479 ἐπικαλύπτων
3273 2427 3467 2497 αὐτήν.
3499 2427 3659 2479 Ἐστι
3694 2427 3758 2480 δὲ

476 2514 893 2585 quodammodo
959 2513 1137 2578 velat,
1185 2513 1454 2582 siqttidem
1519 2514 1829 2583 pulmonem
1888 2517 2063 2585 ipsum

2165 2514 2511 2585 ἁρτηριὼδης
2550 2515 2646 2568 καὶ¹
2685 2516 3031 2586 πολύποροςο
3069 2518 3175 2569 ὑπὸ
3213 2517 3314 2587 τῆς
3369 2518 3584 2586 φύσεως
3616 2535 3755 2571 κατ-

485 2606 705 2660 arteriis
758 2603 1121 2674 plurimisque
1149 2603 1418 2658 meatibus
1446 2604 1706 2659 refertum
1750 2621 1860 2675 quo
1894 2608 2068 2677 respi-

2166 2606 2575 2675 εσκευασμένος
2621 2605 2758 2675 πρὸς
2811 2604 2909 2677 τὴν
2960 2606 3243 2677 ἐνέργειαν
3298 2608 3398 2676 τῆς
3448 2608 3749 2677 ἀναπνοῆς.

484 2694 642 2747 randi
693 2692 877 2747 ollicio
927 2691 1221 2756 sufficeret,
1270 2701 1464 2747 natura
1505 2696 1810 2749 constituit.
1848 2696 1951 2750 Sed
2012 2705 2067 2750 et

2165 2696 2381 2757 Λεπτὸς
2411 2696 2514 2749 καὶ
2562 2696 2801 2764 κοῦφος,
2844 2696 2940 2748 καὶ
2982 2696 3174 2766 μανὸς,
3225 2696 3363 2767 πρὸς
3394 2697 3455 2750 τὺ
3504 2697 3758 2766 εἰσάγειν

483 2787 661 2839 tenuis
718 2784 962 2854 levisque
999 2824 1014 2850 ,
1063 2799 1127 2837 ac
1170 2784 1329 2839 laxus
1383 2785 1546 2854 hujus
1606 2788 1777 2855 gratia
1836 2787 2068 2842 habetur

2166 2784 2406 2855 καθαρὸν
2436 2786 2592 2856 ἀέρα,
2625 2787 2718 2839 καὶ
2745 2786 2987 2857 ῥιπίζειν
3011 2786 3073 2839 τδ
3092 2787 3337 2857 ἔμφυτον
3367 2787 3571 2858 θερμὸν
3604 2790 3663 2840 ὲν
3686 2792 3752 2857 τῇ

479 2879 689 2948 pulmo,
738 2879 815 2931 uti
858 2892 1055 2948 purum
1115 2892 1296 2931 acrem
1345 2877 1634 2931 admittere
1666 2886 1853 2947 queat,
1906 2888 2067 2948 atque

2168 2877 2365 2947 καρδίᾳ
2386 2877 2455 2908 ’θ’
2495 2877 2711 2946 ἐξάγειν
2756 2877 2815 2931 δὲ
2868 2878 3034 2931 πάλιν
3059 2880 3105 2912 ⁸⁸
3139 2880 3208 2932 τὰ
3258 2878 3528 2950 λιγνυὼδη
3584 2880 3758 2948 αὐτῆς

482 2969 710 3022 insitum
741 2969 836 3038 qui
865 2971 917 3021 in
946 2967 1113 3022 corde
1140 2977 1225 3023 est
1247 2967 1484 3022 calorem
1514 2969 1737 3029 excitet,
1765 2984 2067 3038 rursusque

2169 2967 2584 3037 περιττώματα.
2607 2969 2719 3023 Καὶ
2737 2969 2847 3041 γὰρ
2864 2964 2978 3023 οἷον
3004 2970 3227 3041 πλέγμα
3248 2972 3445 3024 ὲστὶνὸ
3467 2971 3756 3041 πνεύμωνο

481 3062 599 3131 ejus
631 3059 843 3116 fumosa
868 3068 1217 3116 excrementa
1247 3071 1402 3116 extra
1432 3061 1665 3116 emittat.
1688 3059 1823 3116 Nam
1856 3063 2068 3132 pulmo,

2170 3058 2528 3128 συγκείμενον
2559 3060 2625 3111 ὲκ
2684 3060 2992 3129 τεσσάρωνο
3026 3062 3093 3113 ἐκ
3138 3060 3241 3130 τῆς
3278 3060 3542 3131 τραχείας
3585 3062 3754 3132 ἀρτη-

481 3167 607 3205 cum
660 3168 728 3206 ex
772 3160 1009 3221 quatuor
1064 3152 1391 3220 quibusdam
1449 3154 1787 3208 constitutus
1838 3155 1929 3220 sit,
1967 3171 2065 3209 ceu

2172 3150 2314 3222 ρίας,
2342 3152 2439 3205 καὶ
2466 3153 2531 3205 ὲκ
2560 3152 2660 3222 τῆς
2690 3151 2868 3219 λείας,
2896 3154 2989 3207 καὶ
3013 3152 3212 3224 φλεϐὸς
3239 3154 3511 3223 παχείας,
3535 3155 3631 3207 καί
3658 3155 3754 3222 τῆς

484 3252 688 3297 textum
735 3243 1011 3311 quoddam
1062 3252 1183 3309 est;
1228 3244 1344 3312 ipse
1389 3259 1625 3314 namque
1655 3262 1721 3300 ex
1754 3261 1947 3315 aspera
1980 3263 2069 3300 ar-

2170 3243 2373 3314 σαρκὸς
2418 3244 2591 3313 αὐτῆς
2622 3244 2909 3315 ἀφρώδους
2939 3246 3008 3299 ⁵⁸.
3058 3226 3221 3309 Ἤτῖς
3268 3245 3408 3316 σὰρξ
3445 3247 3764 3315 ἀναπληροῖ

486 3335 617 3388 teria
671 3334 918 3402 laavique,
973 3349 1185 3388 necnon
1225 3348 1362 3388 vena
1415 3349 1603 3389 crassa
1636 3378 1650 3402 ,
1694 3345 1749 3391 et
1809 3351 2066 3406 spumosa

2168 3337 2328 3406 δίκην
2367 3336 2591 3406 στοιῦἦς
2637 3338 2734 3400 τὰς
2783 3338 2988 3407 μεταξὺ
3033 3337 3217 3408 χώρας
3268 3336 3362 3391 τοῦ
3418 3338 3756 3408 πλέγματος,

486 3441 651 3480 carne
691 3441 812 3495 qua:
845 3423 966 3493 ejus
1013 3424 1306 3495 peculiaris
1355 3425 1608 3493 habetur,
1657 3437 1892 3483 constat.
1944 3427 2071 3483 llaec

2170 3428 2279 3482 τῶν
2308 3446 2366 3481 τε
2412 3428 2508 3482 δύο
2540 3429 2820 3500 ἀρτηριῶν
2852 3433 2947 3483 καὶ
2977 3429 3087 3482 τῶν
3137 3429 3352 3498 φλεϐῶν
3381 3431 3449 3463 ⁸³*
3489 3430 3653 3500 μέσον
3696 3428 3754 3481 δὲ

484 3518 627 3572 enim
665 3533 813 3579 caro.
844 3517 1017 3588 spatia
1048 3518 1164 3588 ipsa
1205 3526 1434 3573 textura:
1463 3519 1739 3589 pulmonis
1788 3522 1853 3575 ad
1883 3524 2072 3577 stuabae

2173 3521 2343 3575 αὑτοῦ
2370 3523 2469 3592 τὴν
2501 3522 2730 3593 καρδίαν
2755 3522 3200 3593 περιλαμϐάνων,
3232 3523 3526 3593 περιψύχει
3545 3523 3637 3575 διὰ
3655 3522 3754 3592 τῆς

486 3609 668 3665 herba:
699 3612 1114 3666 similitudinem
1155 3610 1332 3665 media
1362 3611 1571 3681 implet.
1602 3611 1737 3666 Cum
1766 3614 1906 3669 inter
1932 3615 2071 3670 duas

2173 3614 2465 3683 είσπνοῆς,
2497 3616 2595 3667 καὶ
2635 3615 3053 3685 παραμυθεῖται
3091 3615 3283 3683 αὐτήν.
3317 3614 3420 3666 Διὰ
3455 3614 3563 3684 γὰρ
3597 3613 3762 3666 τοῦτο

486 3705 740 3769 arterias,
806 3719 1115 3774 venamque
1172 3703 1346 3773 ipsam
1390 3719 1485 3759 cor
1534 3704 1698 3759 situm
1755 3707 1935 3761 medio
1986 3708 2069 3761 sui

2174 3709 2269 3759 καὶ
2296 3707 2557 3777 πνεύμων
2610 3707 2839 3776 ἐκλήθη,
2882 3708 2965 3760 ὅτι
3009 3705 3105 3759 καὶ
3135 3705 3343 3776 δοχείον
3383 3705 3621 3775 ὑπάρχει
3659 3703 3758 3757 τοῦ

487 3804 933 3877 comprehendat.
978 3804 1205 3875 spiritus
1231 3803 1569 3861 admissione
1612 3805 1721 3876 92
1768 3807 1943 3877 ipsum
1978 3822 2074 3863 cor

2176 3798 2510 3867 πνεύματος·
2542 3798 2636 3850 καὶ
2677 3798 2760 3850 ὅτι
2795 3799 2859 3868 τῇ
2907 3795 3274 3850 καταπνεύσει
3307 3794 3473 3848 αὑτοῦ
3504 3792 3668 3864 ψύχει
3692 3794 3757 3847 τὰ

488 3897 673 3966 puhuo
721 3895 1033 3960 refocillat,
1101 3898 1262 3966 eique
1320 3897 1566 3952 solamen
1615 3896 1791 3950 aﬂert.
1848 3895 1913 3949 Et
1972 3897 2075 3951 hac

2175 3889 2409 3943 ἐνδοοεψ
2438 3889 2533 3945 καὶ
2558 3889 2627 3942 τὰ
2655 3887 2927 3959 λιγνυώδη
2963 3889 3360 3958 περιττώματα
3383 3886 3585 3953 ἔξωθεν
3620 3888 3755 3940 ἀπο-

487 3986 708 4054 qnidem
767 3988 833 4041 dc
884 4003 1048 4043 causa
1103 3990 1289 4059 pulmo
1335 3989 1449 4057 ipse
1534 3989 1791 4058 πνεύμων
1830 3988 2072 4051 dicitur,

2176 3983 2373 4053 κρίνει.
2401 3983 2678 4053 Τρέφεται
2701 3982 2759 4034 δὲ
2783 3983 2878 4034 καὶ
2905 3981 3071 4044 αὐτὸς
3094 3981 3199 4034 ύπὺ
3225 3980 3460 4049 αἵματος
3485 3978 3754 4048 καθαροῦ·

488 4079 572 4131 ὅτι
598 4077 799 4148 δοχείον
833 4081 1069 4151 ὑπάρχει
1119 4080 1213 4135 τοῦ
1246 4082 1578 4151 πνεύματος,
1628 4080 1776 4150 quod
1826 4079 2077 4134 videlicet
2175 4072 2335 4126 τοῦτο
2362 4074 2419 4126 δὲ
2440 4074 2502 4127 τὸ
2525 4074 2723 4142 τρέφον
2752 4072 2916 4127 αὑτὸν
2947 4066 3086 4141 αἷμα
3111 4074 3190 4135 εἶς
3219 4072 3316 4142 τὴν
3339 4070 3521 4136 δεξιὰν
3547 4072 3760 4124 κοιλίαν

490 4169 716 4239 spiritus
748 4174 1196 4241 conceptaculum
1238 4175 1342 4239 sit,
1378 4173 1630 4244 quodque
1663 4189 1773 4242 prae
1806 4174 1892 4227 sui
1934 4176 2075 4229 reci-

2174 4169 2275 4236 τῆς
2322 4165 2551 4237 καρδίας
2597 4164 3039 4235 προπέττεται⁸⁸
3080 4165 3176 4217 καὶ
3223 4162 3567 4215 λεπτύνεται.
3614 4163 3756 4230 Σομ-

492 4258 825 4328 precatione,
880 4270 1061 4329 partes
1112 4277 1236 4331 qua:
1286 4262 1434 4317 intus
1495 4269 1625 4317 sunt
1663 4261 1957 4325 demulcet,
2008 4276 2076 4317 ac

2178 4257 2389 4328 φὼδους
2414 4258 2524 4328 γὰρ
2554 4259 2649 4310 καὶ
2684 4257 2893 4327 λεπτῆς
2920 4254 2996 4309 ὢν
3029 4255 3240 4318 οὐσίας,
3273 4254 3378 4307 ὑπὸ
3415 4253 3618 4306 λεπτοῦ
3663 4253 3756 4305 καὶ

492 4353 735 4409 l'umosas
796 4352 1174 4409 exhalationes
1236 4362 1387 4409 extra
1436 4355 1785 4424 cjaculatur,
1840 4365 1896 4409 et
1962 4356 2079 4425 ipse

2178 4351 2567 4423 καθαρωτέρου
2595 4350 2829 4419 αἵματος
2857 4349 3139 4419 τρέφεται.
3166 4348 3285 4401 Οὐκ
3311 4346 3536 4400 ἐδύνατο
3564 4346 3624 4398 δὲ
3662 4337 3756 4398 οὗ·

489 4446 707 4517 quitlem
764 4445 887 4517 puri
936 4445 1219 4515 sanguinis
1260 4446 1577 4500 alimentum
1630 4448 1900 4501 desumet.
1940 4446 2080 4502 San-

2177 4460 2273 4507 τος
2319 4444 2379 4497 τὸ
2413 4444 2559 4511 παχὺ
2606 4435 2749 4511 αἷμα
2790 4440 2981 4511 πέψαι,
3036 4439 3133 4492 καὶ
3186 4440 3268 4501 εἰς
3307 4438 3517 4492 οἰκείαν
3551 4436 3763 4509 τροφὴν

491 4539 616 4610 guis
658 4550 841 4594 autem
878 4553 988 4609 quo
1042 4538 1159 4608 ipse
1204 4537 1391 4602 alitur,
1422 4538 1477 4591 in
1518 4537 1706 4592 dextra
1745 4538 1883 4592 uteri
1924 4546 2079 4611 parte

2179 4533 2480 4605 ἀναλῶσαι’
2512 4532 2601 4586 διὰ
2630 4533 2691 4585 τὸ
2718 4531 2983 4603 ἀκίνητον
3005 4528 3195 4593 αὑτοῦ,
3226 4529 3323 4583 κα)⁸
3356 4529 3451 4593 τὰς
3477 4527 3617 4599 πρὸς
3638 4530 3761 4581 ἁνα-

491 4628 847 4699 concoquitur
908 4637 1289 4698 tenuaturque.
1326 4624 1484 4692 Nam,
1544 4643 1670 4682 cum
1732 4626 1974 4696 fungosae
2016 4643 2080 4682 ac

2181 4624 2350 4696 πνοὴν
2398 4624 2684 4695 ἀσχολίας·
2718 4623 2807 4677 διὰ
2850 4623 3008 4676 τοῦτο
3051 4624 3171 4675 ἐκεῖ
3206 4621 3611 4691 λεπτυνόμενον
3666 4620 3760 4672 καὶ

491 4722 788 4793 ρτίειεηυίε
816 4722 1138 4777 substantite
1162 4722 1348 4793 pulmo
1373 4722 1661 4787 habeatur,
1696 4730 1755 4775 ut
1794 4722 2074 4792 purissimi

2178 4716 2603 4786 καθαιρόμενον,
2632 4715 2853 4782 πρῶτον
2878 4715 3068 4786 τρέφει
3098 4713 3263 4767 αὐτὸν
3288 4714 3429 4785 μετὰ
3458 4716 3558 4784 τῆς
3582 4710 3758 4783 ἀερώ-

492 4813 950 4883 subtilissimique
972 4813 1256 4884 sanguinis
1282 4813 1600 4868 alimentum
1629 4813 1810 4882 capiat
1839 4824 2073 4883 oportet.

1653 4813 1810 4882 :apiat
1839 4824 2073 4883 oportet.
2182 4810 2304 4873 δους
2331 4809 2539 4872 οὐσίας,
2569 4808 2666 4860 καὶ
2695 4802 2807 4859 οἷον
2841 4805 3254 4877 καθαρωτέρας.

491 4905 609 4962 Non
643 4909 786 4963 enim
816 4909 976 4963 aliter
1017 4908 1134 4978 ipse
1160 4922 1410 4963 crassum
1453 4924 1798 4980 concoquere
1849 4910 2281 4980 sanguinem,ac
2306 4905 2361 4959 in
2421 4904 2508 4959 sui
2569 4903 2889 4957 alimentum
2943 4901 3252 4965 absumere,
3276 4914 3402 4954 cum
3466 4896 3758 4951 immobilis

492 4999 586 5066 sit,
617 5015 682 5055 ac
710 4997 1052 5069 respiratioui
1088 5006 1263 5061 vacet,
1283 4997 1594 5054 facultatem
1622 5001 1921 5067 obtineret;
1952 5000 2053 5054 hac
2085 4997 2152 5052 de
2178 5012 2362 5057 causa,
2432 4994 2566 5049 inibi
2606 5002 2665 5047 ut
2712 4994 2953 5047 diximus
3012 5000 3287 5055 tenuatus,
3332 5000 3496 5060 atque
3543 4990 3598 5043 in
3659 5003 3757 5058 pu-

494 5092 694 5146 riorem
731 5100 979 5144 naturam
1030 5089 1281 5144 redacws
1311 5089 1556 5159 sanguis,
1590 5106 1696 5144 non
1726 5093 1844 5146 sine
1896 5091 2189 5161 purissima
2216 5103 2375 5141 aerea
2405 5086 2711 5141 substantia
2736 5085 2909 5139 eidem
2938 5084 3257 5138 alimentum
3306 5083 3640 5150 impertitur.

559 5183 839 5254 Siquidem
865 5183 1140 5254 pulmonis
1160 5190 1353 5237 natura
1380 5183 1517 5237 adeo
1539 5185 2076 5253 passionibusobno-

2255 5182 2419 5234 Πᾶσα
2455 5181 2512 5233 δὲ
2547 5178 2730 5249 ψύξις,
2772 5179 2869 5231 καὶ
2909 5178 3240 5250 δυσκρασία,
3279 5180 3375 5230 καὶ
3403 5178 3605 5245 παχεῖα
3632 5177 3757 5229 ἀνα-

496 5277 584 5330 xia
613 5285 717 5341 est,
749 5284 863 5330 uta
898 5272 1129 5328 minimo
1158 5272 1355 5343 quovis
1399 5271 1603 5343 frigore
1648 5274 1902 5345 maloque
1939 5282 2077 5329 tem-

2183 5276 2445 5346 θυμίασις
2479 5275 2629 5328 ἑλκοῖ
2655 5274 2746 5327 τὸν
2778 5272 3089 5344 πνεύμονα’
3115 5271 3203 5324 διὰ
3228 5270 3288 5323 τὸ
3328 5269 3426 5337 τῆς
3450 5268 3637 5330 οὐσίας
3666 5267 3757 5318 αὺ-

600 5437 648 5512 "_
687 5437 836 5512 phil?
860 5440 956 5512 1’.“
1032 5438 1078 5512 δέ
1117 5439 1211 5512 καὶ
1244 5436 1378 5512 αὐτὸ
1411 5435 1469 5489 Β.
1552 5436 1595 5468 ⁸⁷
1628 5437 1846 5512 Exegi}
1876 5441 1938 5494 Ρ.
1998 5510 2008 5512 4
2053 5441 2096 5473 ⁵⁸
2131 5440 2611 5512 συνέρχονται
2675 5440 2718 5473 δ’
2810 5437 3056 5512 ἀνθρηΒ.
3166 5436 3214 5512 ’ξ’
3249 5434 3309 5487 τὸ
3340 5433 3399 5486 ὲν
3431 5436 3500 5512 τῇ
3529 5450 3583 5485 κ.
3623 5428 3664 5481 Β

497 5509 537 5540 ⁸¹
577 5504 837 5563 πάνταῬ.
912 5509 960 5542 ⁸⁸
995 5508 1212 5578 καὶτῆς
1234 5508 1367 5578 ἀφρ.
1396 5523 1556 5578 σαρκ.
1593 5504 1757 5562 αὑτοῦ
1789 5511 1828 5562 Β
1862 5512 1924 5565 Ρ.
1967 5510 2013 5542 ⁵³
2037 5512 2132 5565 καὶ
2167 5504 2485 5582 τῆςφλεὸὸς
2507 5511 2548 5564 Β
2574 5510 2614 5565 C
2642 5512 2706 5565 P.
2750 5510 2796 5543 ⁵⁵
2820 5504 3150 5580 προπέτεται
3175 5508 3242 5573 Α,
3276 5504 3674 5577 προσπέττεται
3698 5504 3759 5567 υ,

571 5645 647 5721 (ι),
676 5646 880 5721 'l‘heng.
1349 5649 1352 5652 ’

1349 5649 1352 5652 ’
2370 5650 2471 5705 0d.
2504 5651 2567 5715 Δ,
2596 5652 2684 5706 53.

581 5716 789 5778 ((0)011.
823 5718 878 5769 Δ.
909 5718 1034 5769 757.
