4066 6214
336 343 488 399 1215

1601 335 1687 391 DE
1724 336 2009 394 NATUBA
2049 338 2354 394 llOMlNlS.

3470 358 3611 419 12H

339 456 432 510 τοῦ
463 449 701 514 εὐπαθὲς
725 465 740 479 ⁶
773 448 910 503 ἀλλά
942 449 1040 503 καὶ
1075 448 1105 502 ὁ
1134 448 1408 522 περιέχων
1446 450 1610 504 αὑτὸν
1637 451 1683 483 ⁵⁵
1718 449 1919 520 θώραξ¹

2032 458 2376 519 peramento,
2402 465 2465 507 ac
2495 466 2682 507 crassa
2716 452 3061 515 exhalatione
3087 456 3205 514 laedi
3236 460 3395 519 facile
3430 481 3617 536 queat.

330 548 417 611 ὡς
447 542 746 614 νευρώδης,
774 541 1009 612 ἑτοίμως
1034 542 1329 613 πλήττεται
1352 542 1457 594 ύπδ
1480 541 1663 612 πάσης
1684 540 1928 610 ψύξεως.

351 638 509 694 Ἐπεὶ
537 633 630 692 οὖν
659 635 849 706 μόριόν
878 637 1027 706 ἐστιν
1061 638 1120 688 ὲν
1149 635 1331 705 ἑαυτῷ
1362 635 1617 705 περιέχον
1646 635 1723 697 ώς
1752 635 1929 687 εἰπεῖν

336 728 437 799 τὴν
461 728 609 798 ζωὴν
632 725 725 778 τοῦ
754 724 1068 795 ἀνθρώπου,
1096 724 1238 792 λέγω
1260 725 1324 795 δὴ
1348 724 1408 776 τὸ
1428 724 1673 793 ἔμφυτον
1698 723 1927 795 θερμὸν,

332 815 401 874 οὗ
439 835 585 881 τινος
620 817 988 887 ἐργαστήριον
1033 817 1280 882 πέφυκεν
1322 818 1356 886 ἡ
1386 816 1617 887 καρδία·
1664 815 1822 869 τοῦτο
1869 816 1929 870 δὲ

337 912 428 965 ἀεὶ
466 910 626 981 χρεία
658 911 775 962 ἐστὶ
825 909 1139 980 ριπίζεσθαι
1186 909 1250 975 ⁸⁸,
1290 908 1745 981 ἀναῤῥώννυσθαί
1797 926 1857 961 τε
1880 908 1926 939 ⁸⁷

338 1005 484 1059 κατὰ
530 1002 727 1074 φύσιν·
777 1004 918 1073 ὅπερ
970 1003 1178 1071 γίνεται
1227 1002 1319 1056 διὰ
1375 1003 1477 1072 τῆς
1528 1003 1791 1073 είσπνοῆς
1830 1002 1927 1055 καὶ

337 1097 598 1166 ἐκπνοῆς.

456 1266 581 1325 ῦται
610 1271 666 1323 δὲ
688 1270 743 1323 al
767 1270 1010 1339 κινήσεις
1044 1268 1150 1323 ὑπὸ
1185 1270 1423 1340 ψυχικῆς
1450 1269 1735 1341 δυνάμεως
1771 1270 1925 1339 ἐνερ-

336 1362 562 1433 γοῦνται
592 1366 658 1433 τῇ
700 1362 954 1434 διαστολῇ
984 1363 1078 1416 τοῦ
1124 1362 1372 1433 Θώρακος
1402 1363 1497 1417 καὶ
1538 1365 1605 1433 τῇ
1650 1362 1920 1433 συστολῇ,

337 1456 522 1519 καθὼς
550 1455 863 1526 ἔμπροσθεν
893 1455 1110 1526 εἴρηται
1132 1472 1144 1486 ·
1168 1455 1362 1509 τούτου
1388 1456 1551 1526 χάριν
1569 1458 1597 1509 ὁ
1619 1455 1822 1527 θώραξ,
1846 1458 1922 1521 ώς

338 1550 685 1621 περιεκτικὸς
706 1549 805 1620 τῆς
828 1552 886 1602 ὲν
910 1551 1041 1621 ἡμῖν
1070 1550 1235 1620 ζωῆς.
1261 1549 1477 1613 πολλοῖς
1501 1551 1663 1620 μυσὶγ
1685 1551 1921 1623 ἐτιμήθη

337 1641 432 1692 καὶ
472 1639 799 1709 συνεστάθη.
833 1640 943 1695 Καὶ
988 1639 1148 1709 δῆλον
1197 1642 1281 1695 ὅτι
1333 1642 1546 1695 πολλῶν
1592 1642 1761 1696 ὄντων
1810 1642 1919 1695 τῶν

338 1732 512 1804 μυῶν,
544 1732 716 1786 πολλὰ
759 1732 852 1785 καὶ
886 1733 954 1786 τά
988 1732 1158 1802 νεῦρά
1198 1734 1338 1800 ἐστι,
1367 1732 1436 1786 τὰ
1458 1734 1799 1805 χορηγοῦντα
1820 1734 1914 1787 αύ-

2036 538 2104 595 Ει
2152 556 2259 594 non
2319 540 2483 595 modo
2536 542 2723 612 pulmo
2776 543 2932 613 ipse.
2989 548 3083 601 sed
3141 558 3197 603 et
3242 554 3385 621 quod
3437 554 3617 625 ipsum

2036 630 2457 700 comprehendit
2510 642 2718 702 pectus,
2755 649 2821 688 ex
2872 650 2938 689 eo
2960 637 3105 706 quod
3159 643 3339 697 nervis
3377 640 3641 703 obsitum

2031 723 2115 770 est
2142 734 2173 771 a
2208 721 2562 787 quantulovis
2590 722 2794 793 frigore
2823 724 3025 780 damno
3069 727 3325 786 afficitur.
3348 734 3620 801 Quoniam

2032 808 2199 879 igitur
2225 827 2352 882 pars
2379 814 2431 866 in
2467 815 2585 884 ipso
2640 825 2742 882 est,
2783 833 2905 885 quae
2943 818 3183 876 hominis
3216 822 3386 881 ferme
3429 830 3618 893 vitam,

2031 900 2259 956 insitum
2295 904 2549 961 videlicet
2578 907 2811 961 calorem
2845 913 3277 979 comprehcndit,
3313 918 3470 991 cujus
3500 922 3623 989 qui-

2030 993 2153 1047 dem
2195 1010 2293 1048 cor
2322 995 2547 1051 officina
2589 998 2841 1065 habetur,
2872 1000 3017 1056 hunc
3057 1019 3446 1078 usquequaque
3474 1014 3623 1065 exci-

2029 1087 2132 1139 tari
2189 1096 2399 1143 naturae
2462 1090 2658 1145 ordine
2716 1092 3018 1163 agitarique
3052 1110 3191 1164 upus
3243 1108 3348 1165 est,
3383 1103 3527 1170 quod
3552 1119 3619 1158 ex

2027 1179 2143 1254 ipsa
2174 1182 2404 1249 spiritus
2440 1183 2871 1252 reciprocatione
2896 1184 3010 1240 fieri
3038 1188 3299 1246 cernitur.

2094 1269 2156 1324 lli
2186 1281 2367 1326 autem
2406 1283 2608 1338 motus,
2642 1290 2753 1344 prae
2782 1279 3158 1334 contractione
3184 1281 3617 1353 remissioneque

2026 1361 2284 1427 thoracis,
2321 1366 2781 1435 quemadmodum
2809 1368 2963 1438 prius
2988 1370 3248 1439 diximus,
3295 1374 3364 1427 ab
3392 1375 3615 1429 animali

2024 1453 2201 1507 calore
2221 1453 2534 1509 efficiuntur
2556 1474 2570 1510 :
2596 1462 2699 1512 hac
2719 1458 2787 1511 de
2812 1474 2975 1514 causa
3000 1462 3278 1518 thoracem
3304 1465 3503 1534 ipsum,
3533 1475 3619 1519 ut-

2022 1556 2148 1613 pote
2175 1547 2447 1616 quivitam
2464 1564 2585 1619 quae
2607 1549 2660 1603 in
2685 1550 2940 1606 nobisest
2966 1555 3398 1624 comprehendit,
3420 1568 3614 1612 natura

2023 1638 2287 1694 musculis
2350 1640 2632 1712 insignivit
2672 1642 3017 1714 refersitque.
3086 1646 3151 1700 Et
3203 1663 3328 1702 cum
3388 1650 3613 1720 plurimi

2025 1728 2334 1799 hujusmodi
2388 1735 2617 1788 musculi
2659 1738 2947 1802 exsistant,
2988 1746 3041 1790 et
3094 1753 3289 1793 nervos
3347 1740 3615 1809 plurimos

334 1827 447 1888 τοῖς
485 1826 585 1894 τὴν
627 1824 918 1895 κινητικὴν
942 1823 1197 1893 δύναμιν.
1251 1825 1331 1877 Τά
1376 1821 1468 1899 οῦν
1516 1826 1563 1859 ⁸⁸
1602 1825 1770 1897 νεῦρα
1819 1826 1919 1879 ὑπὸ

2025 1835 2147 1875 esse
2181 1822 2275 1891 qui
2310 1822 2421 1878 illis
2450 1824 2706 1879 movendi
2735 1825 3046 1881 facultatem
3085 1828 3465 1898 impertiantur
3488 1848 3611 1887 cer-

335 1918 399 1987 φ)
410 1916 714 1987 εγματικοῦ
735 1918 805 1980 ⁸⁸,
833 1918 927 1970 καὶ
951 1918 1176 1989 παχέος,
1202 1918 1294 1972 καί⁵
1317 1918 1581 1989 γλίσχρον
1605 1920 1915 1991 τρεφόμενα

335 2007 535 2078 χυμοῦ,
582 2006 815 2077 ἑτοίμως
849 2006 955 2059 ὑπὸ
990 2005 1092 2076 τῆς
1121 2005 1491 2078 ψυχρότητος,
1529 2008 1625 2061 καὶ
1669 2006 1916 2078 ὲ.μφράτ⁴

331 2116 508 2163 τεται,
545 2101 640 2154 καὶ
666 2100 992 2169 πλήττεται.

401 2193 500 2245 Διά
539 2192 737 2257 ταῦτα,
772 2193 872 2245 καὶ
894 2191 1116 2260 φλέϐες,
1154 2192 1250 2246 καὶ
1283 2192 1568 2263 ἀρτηρίαι,
1598 2191 1695 2245 καὶ
1726 2192 1914 2260 νεῦρα,

334 2285 433 2337 καὶ
464 2284 777 2353 σύνδεσμοι,
809 2284 905 2337 καὶ
954 2282 1195 2354 χόνδροι,
1232 2283 1328 2337 καί⁵
1370 2283 1579 2355 πιμελὴ
1603 2285 1659 2335 ὲν
1691 2282 1770 2353 τῷ
1814 2283 1918 2335 θώ-

337 2393 493 2447 ρακι,
531 2375 618 2429 ἵνα
674 2376 769 2430 καὶ
817 2376 1135 2447 θερμότητα
1195 2377 1294 2448 τὴν
1328 2378 1556 2431 δέουσαν
1610 2377 1914 2449 χορηγῶσι,

336 2470 432 2522 καὶ
457 2469 560 2532 τὰς
589 2468 692 2539 τῆς
712 2469 926 2543 ψύξεως
950 2471 1262 2540 ἀπείργωσι
1296 2469 1524 2540 βλάὗας,
1548 2471 1642 2524 καὶ
1660 2471 1757 2533 τὰς
1782 2470 1914 2539 παρ’

334 2561 580 2634 ἀλλήλων
633 2562 905 2631 ὠφελείας
956 2562 1304 2631 καρπῶνται.
1346 2560 1511 2631 Ἡμῖν
1555 2561 1665 2631 γάρ
1696 2562 1741 2593 ⁸ο
1775 2562 1917 2630 φλὲψ

334 2655 542 2725 τροφὴν
588 2657 819 2725 χορηγεῖ
873 2653 952 2733 τῷ
986 2654 1196 2725 νεύρῳ,
1253 2654 1349 2708 καὶ
1400 2658 1465 2725 τῇ
1510 2653 1771 2726 ἀρτηρίᾳ,
1821 2653 1916 2707 καὶ

333 2748 447 2808 τοῖς
488 2744 696 2809 λοιποῖς
755 2745 970 2817 μορίοις
1015 2745 1111 2798 τοῦ
1164 2745 1451 2817 θώρακος’
1490 2748 1691 2818 μᾶλλον
1738 2748 1793 2800 δὲ
1820 2748 1914 2801 τοῦ

334 2836 533 2901 παντὸς
591 2836 865 2906 σώματος.
937 2836 1000 2889 Ἠ
1050 2836 1107 2891 δὲ
1165 2839 1404 2909 ἀρτηρία
1462 2840 1787 2910 μεταδίδωσι
1846 2842 1915 2910 τῇ

334 2926 496 2995 φλεϐὶ
528 2929 621 2981 καὶ
651 2930 767 2991 τοῖς
796 2928 983 2991 ἄλλοις
1020 2927 1330 3000 θερμασίας
1375 2932 1633 3001 φυσικῆς,
1669 2932 1773 3007 καὶ
1808 2933 1916 2996 ζω-

333 3016 487 3071 τικοῦ
520 3018 859 3089 πνεύματος.
921 3019 995 3073 Τὸ
1024 3020 1082 3072 δὲ
1132 3020 1328 3092 νεῦρον
1377 3022 1633 3092 αἴσθησιν
1684 3024 1915 3095 παρέχει

335 3111 527 3175 αὐταῖς
585 3129 669 3177 τε,
712 3111 806 3164 καὶ
858 3112 937 3183 τῷ
990 3113 1157 3167 παντὶ
1200 3113 1435 3184 σώματι.
1482 3113 1690 3185 Πολλὴν
1720 3114 1776 3167 δὲ
1824 3114 1915 3167 καὶ

2020 1924 2135 1971 tum
2196 1927 2298 1973 est.
2353 1918 2491 1972 Cum
2546 1920 2698 1974 nervi
2759 1920 2946 1990 itaque
2998 1922 3265 1991 pituitoso
3312 1939 3615 1995 crassoque

2019 2023 2085 2062 ac
2145 2008 2293 2063 lento
2340 2025 2542 2080 vapore
2609 2009 2844 2077 alantur,
2932 2011 3104 2082 frigus
3147 2015 3409 2069 nimirum
3489 2033 3614 2073 seu-

2018 2101 2235 2167 tientes,
2276 2102 2425 2172 quati
2479 2102 2626 2171 ipsos
2682 2102 3057 2174 confringique
3106 2106 3321 2161 accidit.

2088 2191 2201 2245 llac
2249 2193 2314 2247 de
2335 2208 2499 2247 causa
2522 2233 2536 2258 ,
2565 2209 2715 2248 venae
2743 2234 2758 2259 ,
2790 2195 2937 2248 nervi
2966 2233 2981 2259 ,
3022 2199 3253 2265 arterias,
3287 2199 3574 2270 ligamenta
3594 2240 3609 2264 ,

2017 2284 2363 2354 cartilagines
2379 2325 2392 2349 ,
2408 2295 2571 2356 atque
2590 2287 2823 2357 cxungia
2840 2286 2891 2340 in
2912 2288 3132 2344 thorace
3155 2291 3479 2355 consistunt,
3500 2308 3609 2361 quo

2020 2386 2133 2429 tutn
2185 2377 2463 2431 decentem
2514 2378 2750 2433 calorem
2796 2378 2918 2433 loco
2968 2380 3069 2449 ipsi
3122 2381 3231 2452 93
3282 2382 3607 2453 impertian-

2020 2476 2129 2531 tur,
2189 2476 2302 2521 tum
2342 2470 2541 2523 damna
2592 2484 2623 2523 a
2678 2468 2878 2540 frigore
2934 2472 3311 2540 provenientia
3366 2472 3611 2551 abigant,

2020 2558 2493 2627 amolianturque,
2586 2575 2802 2613 necnon
2897 2561 3278 2623 vicissitudine
3376 2574 3611 2643 quadam

2020 2648 2161 2702 inter
2201 2665 2260 2703 se
2301 2642 2689 2704 communibus
2728 2660 3036 2712 Commodis
3082 2642 3415 2714 fruerentur.
3462 2661 3627 2718 Vena

2020 2756 2256 2810 namque
2304 2740 2444 2810 ipsa,
2486 2757 2675 2812 nervo,
2718 2751 2785 2802 ac
2836 2750 3069 2811 arteriae,
3121 2751 3452 2820 reliquisque
3491 2755 3613 2808 tho-

2020 2832 2183 2895 racis,
2246 2832 2329 2886 vel
2377 2835 2563 2903 potius
2606 2842 2773 2895 totius
2808 2842 3054 2911 corporis
3092 2842 3338 2911 partibus
3379 2844 3609 2899 alimen-

2021 2934 2134 2979 tum
2168 2924 2569 2987 subministrat.
2619 2932 2833 2987 Arteria
2864 2949 3016 2998 vero,
3068 2935 3336 2989 naturalis
3386 2937 3606 3001 caloris,

2019 3032 2084 3071 ac
2129 3017 2312 3072 vitalis
2364 3018 2591 3093 spiritus
2647 3026 2787 3091 vim,
2838 3040 2946 3079 non
3008 3042 3159 3081 vena:
3220 3035 3465 3093 tantum,
3514 3030 3608 3084 sed

2022 3108 2246 3178 reliquis
2272 3110 2438 3168 etiam
2482 3116 2729 3183 partibus
2770 3116 3098 3185 impartitur.
3139 3116 3185 3170 A
3221 3133 3387 3175 nervo
3428 3129 3606 3172 autem

335 3203 486 3273 παρά
515 3204 617 3274 τῆς
661 3204 889 3275 καρδίας
917 3205 1016 3272 τὴν
1048 3206 1288 3277 φυσικὴν
1321 3206 1636 3279 θερμότητα
1677 3209 1705 3261 ὁ
1734 3207 1919 3281 θώραξ

2023 3200 2135 3263 illa,
2170 3210 2225 3259 ct
2262 3220 2385 3259 cum
2438 3206 2551 3276 ipsa
2594 3215 2765 3260 totum
2800 3222 3000 3277 corpus
3043 3224 3267 3261 sensum
3309 3210 3605 3264 vindicant.

332 3294 621 3369 λαμὸάνει,
657 3298 733 3361 ὡς
757 3292 906 3360 οἶκος
935 3297 1197 3369 ὑπάρχων
1227 3298 1418 3369 αὐτῆς.

405 3477 566 3530 Ἐστι
601 3476 660 3529 δὲ
704 3476 737 3545 ἡ
782 3475 980 3547 καρδία
1014 3475 1315 3549 νευρώδης,
1374 3476 1470 3530 καὶ
1524 3477 1768 3554 μυώδης,
1828 3485 1922 3539 καὶ

333 3568 647 3640 φλεϐώδης·
683 3568 882 3639 ἔχουσα
922 3570 1018 3625 καὶ
1062 3570 1355 3640 ἀρτηρίας,
1410 3571 1505 3624 καὶ
1562 3572 1655 3629 δύο
1710 3577 1921 3640 κοιλίας

333 3660 457 3715 κατ’
486 3662 772 3730 ἀμφότερα
814 3660 959 3731 μέρη
993 3659 1035 3691 ⁶¹
1072 3658 1284 3730 αὐτῆς*
1321 3661 1379 3712 ὲν
1430 3660 1519 3728 αἷς
1569 3668 1829 3734 γεννᾶται
1861 3666 1924 3718 τὸ

335 3751 579 3822 ἔμφυτον
602 3751 826 3824 θερμὸν,
855 3752 951 3805 καὶ
974 3751 1035 3809 τδ
1055 3750 1292 3815 ζωτικὸν
1319 3756 1560 3824 πνεῦμα.
1602 3757 1921 3833 Ἐμπέφυκε

331 3845 390 3898 δὲ
430 3846 567 3917 αὐτῇ
612 3847 647 3915 ἡ
680 3845 897 3916 μεγάλη
935 3845 1176 3920 ἀρτηρία
1222 3850 1316 3902 καὶ
1349 3847 1565 3919 πρώτη,
1595 3847 1662 3919 ἢν
1694 3849 1922 3917 ἀορτὴν

333 3938 591 3991 καλέουσι
618 3938 695 3971 θ’·
736 3938 804 3990 δι’
840 3931 907 4009 ἧς
937 3942 1263 4011 χορηγεῖται
1309 3942 1430 4003 ταῖς
1470 3939 1515 3972 ⁸³
1555 3940 1797 4003 ἁπάσαις
1825 3939 1920 3995 τοῦ

335 4031 592 4101 σώματος
624 4031 669 4061 ⁸⁵
716 4030 1034 4102 ἀρτηρίαις,
1070 4033 1098 4085 ὅ
1136 4050 1196 4085 τε
1238 4031 1469 4097 ζωτικὺς
1509 4033 1683 4096 τόνος,
1742 4032 1838 4085 καὶ
1885 4032 1919 4102 ἡ

332 4125 574 4195 ἔμφυτος
613 4124 917 4199 θερμασία.
977 4126 1219 4181 Ζωτικὸν
1272 4126 1328 4178 δὲ
1368 4126 1524 4178 τόνον
1554 4126 1643 4178 τὸν
1673 4124 1920 4195 σφυγμὸν

332 4215 586 4285 λέγομεν.
624 4217 731 4272 Τὸν
781 4218 891 4289 γάρ
934 4216 1189 4287 σφυγμὸν
1234 4218 1301 4287 τῇ
1334 4216 1536 4287 καρδίᾳ
1584 4218 1616 4286 ἡ
1669 4216 1738 4268 τά
1783 4215 1921 4285 σύμ-

333 4325 513 4359 παντα
547 4309 912 4382 οίκονομοῦσα
942 4311 986 4341 ⁸⁸
1020 4308 1319 4380 ἐχαρίσατο
1344 4308 1588 4379 Δύναμις
1622 4308 1688 4367 ⁸⁸,
1725 4308 1811 4361 ἵνα
1831 4308 1921 4361 διὰ

336 4400 438 4471 μὲν
492 4403 758 4473 συστολῆς
830 4400 1059 4471 ὲκθλίόῃ
1105 4401 1202 4454 καὶ
1245 4400 1593 4471 ὲκπυρηνίζῃ
1642 4400 1686 4430 ⁸⁷
1727 4400 1795 4452 τὰ
1835 4399 1920 4452 λι-

2022 3290 2226 3350 Verum
2271 3312 2301 3350 a
2358 3294 2522 3350 corde
2572 3296 2690 3367 ipso
2737 3297 2954 3362 thorax,
3008 3307 3172 3366 upote
3211 3297 3370 3367 cujus
3420 3299 3611 3354 domi-

2022 3388 2208 3442 cilium
2251 3388 2340 3452 sit,
2377 3387 2573 3444 caloris
2625 3388 2893 3442 naturalis
2946 3388 3240 3457 plurimum
3288 3389 3500 3459 accipit.

2092 3479 2199 3533 Cor
2250 3488 2431 3533 autem
2478 3479 2682 3540 nervis,
2720 3480 3007 3543 musculis,
3055 3480 3337 3549 venisque,
3368 3499 3431 3536 ac
3465 3495 3609 3536 arte-

2021 3571 2121 3626 riis
2170 3572 2457 3641 praeditum
2502 3583 2604 3634 est,
2658 3569 2818 3637 cujus
2854 3570 2923 3622 ab
2961 3578 3193 3639 utraque
3225 3582 3376 3639 parte
3406 3574 3607 3641 gvntini

2023 3664 2304 3718 ventriculi
2345 3671 2670 3724 cernuntur,
2724 3663 2778 3714 in
2831 3661 3032 3730 quibus
3088 3662 3286 3715 insitus
3337 3662 3487 3716 calor
3525 3666 3608 3717 vi-

2024 3753 2259 3821 talisque
2276 3752 2502 3820 spiritus
2523 3760 2937 3820 progeneratur.
2958 3750 3014 3804 ln
3042 3752 3144 3805 hoc
3163 3767 3398 3820 namque
3419 3755 3603 3820 corde,

2022 3859 2217 3914 magna
2243 3843 2525 3912 primaque
2546 3843 2767 3909 arteria,
2784 3859 2905 3912 qua:
2922 3842 3110 3897 adorta
3138 3855 3502 3912 nuncupatur,
3526 3847 3609 3900 iu-

2022 3937 2128 3991 sita
2160 3944 2261 3997 est,
2289 3935 2433 3989 unde
2484 3943 2700 3987 cunctae
2731 3936 2903 3989 totius
2935 3936 3181 4003 corporis
3204 3937 3418 3989 arteria:
3446 3938 3609 3994 vitale

2024 4030 2215 4092 robur,
2249 4044 2314 4083 at:
2360 4028 2584 4082 insitum
2636 4029 2872 4081 calorem
2922 4028 3249 4097 suscipiunt.
3286 4027 3461 4084 Vitale
3506 4046 3606 4085 an-

2025 4129 2129 4174 tem
2168 4119 2357 4184 rohur,
2408 4119 2630 4188 pulsum
2673 4134 3079 4189 uuucupamus.
3114 4121 3405 4176 Enimvero
3435 4122 3605 4178 Crea-

2024 4213 2159 4267 toris
2204 4220 2461 4282 potestas,
2537 4226 2660 4280 quae
2722 4215 2977 4266 universa
3036 4213 3347 4279 gubernat,
3416 4219 3606 4285 pulsus

2021 4304 2363 4360 dominatum
2412 4303 2561 4359 cordi
2613 4304 2809 4371 largita
2872 4312 2977 4368 est,
3035 4320 3146 4374 quo
3202 4321 3312 4376 prae
3357 4308 3440 4361 sui
3479 4324 3604 4363 con-

2024 4398 2314 4463 tractione,
2368 4394 2585 4452 fumosa
2627 4406 2975 4453 excrementa
3007 4415 3130 4469 qua:
3160 4399 3214 4453 in
3247 4401 3368 4470 ipso
3399 4401 3470 4454 ob
3498 4401 3604 4455 im-

335 4495 549 4567 γνυώδη
585 4496 756 4564 αὐτῆς
787 4494 1204 4565 περιττώματα,
1233 4492 1377 4563 ἅπερ
1400 4494 1458 4545 ὲν
1491 4493 1628 4563 αὐτῇ
1662 4494 1917 4560 γεννᾶται

2023 4490 2295 4544 modicum
2343 4490 2462 4559 ejus
2502 4490 2741 4545 calorem
2794 4491 3095 4561 gignuntur
3144 4492 3411 4560 expellere
3453 4492 3605 4547 effla-

334 4588 425 4642 διὰ
628 4589 868 4658 ἄμετρον
916 4587 1089 4655 αὐτῆς
1144 4584 1484 4656 θερμασίαν
1544 4584 1633 4638 διὰ
1702 4584 1759 4636 δὲ
1813 4583 1913 4654 τῆς

2023 4597 2186 4651 reque
2229 4583 2437 4652 possit,
2491 4598 2615 4637 cum
2673 4599 2804 4637 vero
2844 4583 3101 4636 dilatatur
3145 4582 3601 4654 distenditurqtte,

334 4677 646 4746 διαστολῆς,
691 4676 1005 4747 εἰσδέχηται
1046 4674 1293 4744 καθαρὸν
1345 4672 1547 4737 ἔξωθεν
1580 4664 1751 4744 ἀέρα*
1789 4673 1916 4743 θερ-

2023 4688 2216 4742 purum
2254 4673 2493 4728 exterius
2531 4672 2938 4742 provenicntem
2969 4688 3150 4727 aerem
3187 4673 3473 4730 admittere
3506 4692 3602 4730 va-

339 4772 674 4843 μαινομένης
724 4770 834 4841 γὰρ
875 4770 1040 4839 αὐτῆς
1078 4770 1229 4837 παρὰ
1270 4766 1453 4835 φύσιν,
1491 4767 1696 4827 εὐθέως
1734 4765 1919 4819 καὶτὸ

2023 4763 2145 4818 leat.
2201 4763 2337 4819 Cum
2367 4765 2573 4834 ipsum,
2628 4774 2825 4834 praeter
2890 4774 3180 4833 naturam,
3251 4766 3371 4836 plus
3431 4767 3601 4823 nimio

336 4863 475 4927 ζῶον
498 4864 617 4916 ὅλον
652 4864 804 4935 παρὰ
839 4861 1004 4931 φύσιν
1039 4860 1422 4931 θερμαίνεται,
1458 4858 1554 4911 καὶ⁵
1600 4857 1919 4927 ψυχομένης

2023 4858 2198 4911 calore
2253 4859 2497 4928 rigoreve
2545 4856 2806 4926 occupari
2874 4856 3173 4927 contingit,
3237 4860 3425 4915 eadem
3482 4876 3604 4931 pro-

333 4954 592 5024 ψύχεται,
2020 4946 2169 5001 tinus
2204 4946 2419 5001 affectio
2455 4956 2628 5007 totum
2675 4960 2877 5016 corpus
2936 4956 3185 5003 nostrum
3226 4950 3597 5020 subsequitur.

406 5045 681 5097 Τέτακται
709 5043 765 5097 δὲ
802 5044 859 5095 ἐν
887 5044 1023 5114 αὐτῇ
1051 5042 1147 5097 καὶ
1177 5044 1211 5113 ἡ
1244 5041 1339 5096 τοῦ
1364 5039 1538 5113 θυμοῦ
1570 5040 1823 5111 δύναμις,
1858 5041 1919 5094 τὸ

2095 5036 2151 5089 In
2176 5037 2337 5091 corde
2360 5052 2597 5106 namque
2620 5036 2739 5106 ipso
2758 5036 3048 5093 irascibilis
3067 5039 3148 5095 vis
3170 5042 3344 5110 posita
3364 5051 3601 5111 est,qu.e

334 5130 508 5193 πάθος
531 5131 631 5201 τῆς
663 5132 842 5200 ψυχῆς
870 5132 936 5185 ⁸⁸.
973 5131 1126 5201 Πάθη
1168 5131 1224 5184 δὲ
1253 5134 1350 5202 τῆς
1379 5131 1558 5203 ψυχῆς
1581 5131 1834 5203 λέγομεν,
1862 5134 1919 5185 ἐν

2024 5131 2221 5185 animae
2252 5132 2438 5199 passio
2464 5130 2714 5186 habetur.
2732 5129 3055 5186 Passiouem
3085 5142 3265 5187 autem
3291 5134 3487 5187 animae
3516 5134 3601 5187 di-

334 5218 418 5286 οῖς
448 5224 619 5294 αὐτῆς
654 5224 757 5294 μέν
787 5226 905 5277 ἐστι
936 5224 1156 5295 πρῶτον
1192 5225 1237 5256 ⁶⁹
1268 5226 1299 5294 ἡ
1327 5223 1562 5294 κίνησις,
1605 5225 1919 5295 συμπάσχει

2023 5224 2221 5289 cimus,
2257 5224 2309 5278 in
2361 5223 2469 5289 his,
2522 5223 2581 5278 itt
2634 5222 2837 5294 quibus
2894 5223 3149 5292 primitus
3196 5225 3371 5294 ipsius
3422 5235 3603 5281 motus

335 5315 394 5369 δὲ
434 5317 577 5387 αὐτῇ
628 5320 661 5387 ἡ
692 5317 911 5390 καρδία,
943 5318 1020 5381 ὡς
1048 5318 1281 5388 ὄργανον
1324 5319 1520 5389 αὐτῆς.
1570 5318 1629 5370 'H
1663 5319 1765 5388 μὲν
1808 5317 1918 5388 γὰρ

2023 5327 2124 5371 est.
2164 5317 2327 5387 Atqui
2370 5332 2464 5371 cor
2497 5316 2700 5386 ipsum,
2752 5324 2940 5385 utpote
2971 5316 3404 5371 instrumentum
3456 5318 3598 5386 ejus.

334 5408 485 5483 ψυχὴ
517 5410 787 5476 ἀθάνατος
820 5410 977 5479 οὖσα,
1009 5411 1169 5482 δῆλον
1193 5412 1274 5465 ὃτι
1303 5413 1397 5465 καὶ
1427 5411 1650 5482 ἀπαθής
1677 5413 1794 5465 ἐστι
1826 5411 1872 5442 ⁷ο
1898 5428 1913 5443 ·

2024 5409 2130 5483 ipsi
2173 5409 2529 5479 compatitur.
2560 5405 2718 5476 Nam,
2753 5422 2879 5462 cum
2913 5407 3098 5469 anima
3143 5406 3469 5463 immortalis
3502 5408 3601 5463 ha-

410 5635 455 5714 ξ’
475 5636 661 5714 αύτὴν-
686 5638 776 5714 A._
827 5639 1022 5714 "Ldus.
1064 5638 1211 5714 εστὶν
1239 5638 1341 5714 B._
1378 5636 1422 5667 ⁸⁷
1440 5634 1854 5714 ,ἀναρώνυσθαε
1866 5652 1925 5689 τε
2068 5632 2600 5714 avapprovtiagllatﬁ.
2624 5707 2635 5714 ι
2678 5635 2723 5669 ⁵⁸
2762 5635 2892 5714 γνῂν
3070 5636 3118 5714 ξ⁹
3147 5631 3481 5714 φλεγματίου

336 5707 444 5831 ⁸⁸η
460 5708 566 5791 μὲν
603 5705 711 5779 γάρ
740 5708 801 5760 Β.
861 5705 916 5739 “ﬁ
934 5708 1276 5778 ἑκατέρωθεν
1303 5709 1366 5764 Ρ.
1438 5706 1483 5737 ⁶¹
1500 5706 1725 5759 καλοῦσι
1753 5706 1793 5756 Β
1816 5705 1875 5759 C.
1953 5706 1997 5737 ⁸³
2027 5707 2085 5757 ὲν
2110 5705 2229 5768 ταῖς
2252 5706 2310 5759 Β,
2389 5706 2434 5737 ⁸⁵
2468 5705 2546 5776 τῷ
2571 5707 2782 5774 σώματι
2808 5707 2866 5759 Β.
2944 5708 2988 5739 ⁸⁸
3014 5707 3187 5787 πάντα
3218 5705 3509 5774 ἐνεργοῦσι
3533 5707 3596 5759 Ρ.

338 5778 383 5808 ⁸⁸
449 5796 528 5831 υν.
558 5780 715 5831 lycio.
748 5778 807 5831 Β.
885 5779 929 5810 ⁸⁷
959 5778 1211 5831 πυοινίζη
1235 5779 1305 5831 Β.-
1372 5777 1414 5809 ⁵⁸
1435 5777 1495 5829 τὸ
1515 5793 1565 5829 τ.
1590 5776 1649 5831 ψ.
1684 5776 1851 5831 πάθος
1874 5776 1936 5831 Β.
2011 5776 2055 5808 ⁶⁹
2081 5776 2310 5831 πρώτως
2333 5776 2373 5827 Β
2392 5777 2454 5831 C.
2528 5778 2574 5810 7°
2602 5776 2806 5831 πάθους
2827 5794 3140 5831 σωματικου
3161 5777 3291 5831 add.
3321 5774 3362 5828 Β
3394 5773 3455 5830 C.

338 5778 383 5808 “
415 5773 528 5834 δύν.
558 5773 715 5847 ιχαρ.
748 5778 807 5832 Β.
885 5779 929 5810 ⁸⁷
959 5773 1213 5850 πυρινίζη
1235 5779 1305 5832 Β.-
1372 5777 1414 5809 ⁵⁸
1435 5777 1495 5829 τὸ
1515 5793 1565 5829 τ.
1590 5776 1649 5845 ψ.
1684 5776 1851 5839 πάθος
1874 5776 1936 5831 Β.
2011 5776 2055 5808 ⁶⁹
2081 5776 2310 5845 πρώτως
2333 5776 2373 5827 Β
2392 5777 2454 5833 C.
2518 5773 2574 5810 ’⁷ο
2602 5773 2806 5840 πάθους
2827 5777 3140 5848 σωματικοῦ
3161 5777 3291 5832 add.
3313 5773 3362 5828 Β
3394 5773 3455 5830 C.
