4066 6214
309 370 444 425 ιτιτ

1539 362 1636 417 'DE
1677 361 1862 418 NATU
1876 361 1964 416 BA
2005 359 2313 416 HOMINIS.

3431 363 3570 420 19.18

312 483 574 548 ἵέτλαθι,
597 478 833 550 κραδίη·
853 481 949 535 καὶ
973 481 1264 550 κύντερον
1278 480 1431 534 ἄλλο
1453 481 1584 534 ποτ’
1602 480 1892 550 Educta).

2079 478 2294 531 Sustine
2319 493 2432 540 cor,
2473 487 2522 530 et
2553 487 2606 530 tu
2637 477 2906 547 quondam
2935 475 3177 546 graviora
3214 474 3450 532 tulisses.

309 576 419 628 Καὶ
447 572 640 635 πάλιν,

313 686 467 753 Τῷδε
493 684 639 755 μάλ’
671 685 946 754 ἐμπείσει
978 687 1193 755 κραδίη
1219 685 1405 755 μένεα
1441 685 1731 754 τετληυῖα
1773 686 1847 758 (η)
1873 701 1889 716 ·

307 801 432 854 ἀντὶ
457 799 553 852 τοῦ
592 798 827 868 ἐπείσθη
859 800 918 851 ἐν
948 799 1152 869 ἠσυχίᾳ
1181 799 1272 852 καὶ
1303 800 1552 870 ὑπομονῇ
1577 796 1716 853 εἶναι
1749 801 1819 855 ⁸⁸.

393 889 486 954 Ἐξ
508 890 680 957 αὑτῆς
707 885 822 952 οὖν,
841 889 916 952 ὠς
937 891 1173 960 εἴρηται,
1197 890 1259 943 τὸ
1277 891 1510 953 ζωτικὸν
1531 890 1774 961 πνεῦμα,
1798 893 1896 946 καὶ

305 984 370 1036 τὸ
403 982 792 1051 καθαρώτερον
824 982 871 1013 ⁸³
900 984 998 1034 καὶ
1043 982 1338 1053 εἰλικρινὲς
1374 978 1513 1053 αἷμα
1538 1001 1550 1013 ο
1586 985 1680 1036 καὶ
1703 986 1736 1054 ὴ
1768 983 1894 1055 θερ-

314 1077 484 1146 μότης
524 1075 618 1127 ἐπί
645 1075 705 1126 τὸ
737 1075 845 1127 πᾶν
880 1074 1041 1144 σῶμα
1064 1074 1153 1127 διὰ
1193 1075 1304 1128 τῶν
1336 1073 1617 1146 ἀρτηριῶν
1657 1078 1896 1144 ἐγκατα-

313 1165 624 1234 σπείρεται.
673 1165 740 1218 'H
779 1166 887 1236 γὰρ
918 1165 1257 1236 δημιουργὸς
1285 1167 1452 1236 φύσις
1489 1166 1692 1238 πολλὴν
1722 1166 1816 1219 τοῦ
1840 1168 1897 1220 ἐν

316 1260 449 1329 ἡμῖν
471 1256 678 1329 θερμοῦ
705 1259 1053 1328 ποιησαμένη
1079 1258 1357 1329 πρόνοιαν.
1380 1259 1502 1312 δυσὶ
1534 1259 1746 1330 μορίοις
1767 1259 1898 1313 αὐτὸ

318 1349 610 1420 ἐχαρίσατο
635 1352 752 1412 τοῖς
781 1348 1085 1420 ἐξαιρέτοις
1113 1350 1184 1416 ⁸⁸,
1221 1351 1420 1422 καρδία
1455 1353 1550 1404 καὶ
1585 1352 1778 1421 ἥπατι,
1805 1351 1900 1404 καὶ

321 1445 559 1514 μάλιστα
589 1442 814 1514 καρδίᾳ.
880 1443 975 1495 Ἐκ
1008 1441 1216 1496 τούτων
1243 1441 1337 1497 οὑν
1366 1443 1461 1497 καὶ
1491 1445 1560 1497 τὰ
1592 1442 1760 1496 λοιπὰ
1803 1443 1901 1512 μό·-

323 1551 413 1605 ρια
442 1532 851 1603 μεταλαμϐάνει
880 1533 977 1586 xa.‘.
1004 1533 1346 1587 ἐπαπολαύει
1379 1538 1479 1604 τῆς
1524 1533 1768 1604 ἐμφύτου
1798 1534 1900 1586 αὑ-

319 1626 429 1678 τῶν
459 1625 763 1696 Θερμασίας
783 1625 830 1658 ⁸⁸
850 1641 865 1656 ·
899 1624 1159 1688 ἑκάστου,
1192 1626 1330 1696 πρὸς
1357 1626 1420 1680 τὸ
1441 1625 1487 1658 ⁸⁸
1537 1626 1769 1696 μέγεθος
1802 1626 1901 1679 καὶ

318 1717 378 1770 τὺ
421 1716 639 1788 ἀξίωμα
669 1719 770 1788 τῆς
813 1717 1120 1787 ἐνεργείας,
1150 1721 1249 1787 τῆς
1273 1717 1536 1788 χορηγίας
1572 1718 1780 1789 ταύτης
1815 1719 1902 1772 ἀεὶ

2071 897 2154 952 Ab
2200 897 2318 966 ipso
2347 939 2361 962 ,
2447 897 2668 967 inquam
2697 937 2712 961 ,
2783 895 2946 950 corde
2981 933 2995 959 ,
3043 903 3103 947 ut
3175 892 3379 947 dictum
3446 902 3573 952 est,

1999 989 2184 1044 vitalis
2231 989 2498 1058 spiritus,
2571 1004 2779 1043 necnon
2824 987 3173 1058 purissimus,
3214 1000 3278 1039 ac
3325 985 3586 1038 sinceris~

1998 1084 2173 1136 simus
2199 1082 2424 1153 sanguis
2449 1091 2501 1136 et
2521 1082 2672 1136 calor
2700 1097 2795 1151 per
2824 1092 2997 1135 totum
3023 1095 3224 1148 corpus
3252 1078 3579 1132 arteriarum

1999 1174 2306 1229 ministerio
2345 1174 2688 1229 diffunditur.
2721 1176 3032 1238 Enimvero,
3065 1189 3187 1228 cum
3221 1187 3472 1226 summus
3497 1184 3586 1224 re-

1999 1283 2120 1320 rum
2161 1266 2374 1337 Opifex,
2416 1266 2484 1321 de
2533 1281 2598 1320 eo
2650 1267 2742 1336 qui
2782 1266 2836 1320 in
2891 1266 3051 1320 nobis
3085 1265 3264 1320 calore
3307 1273 3409 1326 est,
3467 1277 3585 1316 ma-

2002 1358 2209 1412 ximam
2273 1374 2462 1412 curam
2524 1368 2726 1427 ageret,
2773 1359 2921 1413 illius
2963 1355 3323 1412 conservandi
3369 1354 3585 1408 duabus

2001 1449 2248 1520 corporis
2298 1449 2469 1504 nostri
2521 1449 2790 1520 partibus,
2825 1449 2976 1503 cordi
3039 1448 3291 1502 videlicet
3368 1444 3585 1513 jecino‘

2001 1544 2178 1612 rique,
2221 1543 2314 1597 sed
2361 1542 2512 1597 cordi
2557 1544 2882 1612 pragsertim,
2915 1542 3155 1596 cilicium
3210 1538 3584 1593 demandavit.

2001 1628 2085 1682 Ab
2129 1628 2214 1684 his
2246 1644 2484 1699 namque
2534 1638 2588 1684 et
2619 1629 2842 1699 reliquae
2881 1631 3125 1699 corporis
3153 1627 3324 1684 nostri
3379 1635 3583 1696 partes,

2004 1729 2066 1774 ut
2103 1734 2332 1789 quaque
2362 1729 2465 1783 est,
2503 1735 2603 1789 pro
2636 1721 2720 1775 sui
2751 1730 2943 1790 captus
2971 1722 3200 1783 ratione,
3231 1719 3453 1772 insitum
3491 1717 3585 1787 qui

321 1808 862 1879 μεταλαμϐάνοντος.
911 1808 1316 1878 Ἀναμέμικται
1359 1809 1416 1863 δὲ
1448 1812 1505 1864 ἐν
1561 1812 1682 1874 ταῖς
1731 1812 1902 1882 ἀρτη-

2013 1810 2061 1864 in
2102 1809 2238 1880 ipsis
2285 1817 2370 1865 est
2416 1811 2677 1876 calorem,
2713 1828 2824 1881 quo
2863 1811 3156 1866 commissa
3206 1811 3308 1866 sibi
3359 1809 3588 1879 exsequi

322 1900 467 1972 ρίαις
521 1901 766 1964 ἁπάσαις
811 1899 906 1952 διὰ
936 1899 1152 1954 πολλῶν
1196 1899 1346 1953 ὀπῶν
1397 1901 1782 1955 ἀναπνεουσῶν
1822 1901 1901 1972 τῷ

319 1989 515 2057 αἵματι
539 1991 571 2060 ή
594 1987 840 2061 ἁερὼδης
860 1989 920 2042 οὑ
930 1988 1040 2054 σία,
1063 1989 1158 2042 καὶ
1182 1991 1303 2042 κατ’
1328 1991 1498 2060 αὑτὴν
1517 1992 1618 2063 τὴν
1638 1991 1867 2063 καρδίαν
1885 2007 1898 2020 ·

319 2081 385 2134 δι’
417 2076 486 2152 ἧς
515 2080 815 2134 οἰκειοῦται
851 2081 952 2152 μὲν
979 2082 1042 2134 τὸ
1085 2082 1403 2154 εἱλικρινὲς,
1447 2083 1730 2150 ἐξωθεῖται
1763 2084 1820 2137 δὲ
1842 2085 1905 2138 τὸ

319 2173 658 2237 αἰθαλῶδεςο
692 2175 752 2227 οὑ
783 2173 951 2244 μόνον
995 2174 1088 2228 διὰ
1119 2176 1392 2245 στόματος
1415 2177 1512 2227 καὶ
1547 2176 1715 2247 ῥινὸς,
1768 2177 1906 2230 ἀλλὰ

323 2265 419 2318 καὶ
447 2265 536 2317 διὰ
571 2265 681 2318 τῶν
713 2265 928 2336 ἀδήλων
953 2265 1158 2335 πόρων.
1203 2266 1458 2334 Ἀδήλους
1483 2266 1541 2319 δέ
1572 2267 1774 2335 πόρους
1806 2269 1907 2338 τὴν

324 2355 585 2426 διαπνοὴν
620 2357 664 2388 ⁸⁷
710 2357 911 2420 παντὸς
955 2357 1050 2410 τοῦ
1088 2357 1344 2428 σώματος
1373 2357 1608 2428 λέγομεν
1630 2373 1645 2388 ο
1679 2358 1802 2410 καθ’
1839 2359 1906 2428 ἢν

328 2449 394 2501 ἐκ
445 2448 541 2500 τοῦ
588 2447 805 2517 βάθους,
854 2450 951 2505 καὶ
989 2450 1088 2520 τῆς
1140 2449 1407 2518 συστολῆς
1454 2449 1561 2502 τῶν
1601 2449 1904 2519 ἀρτηριῶν,

326 2541 494 2610 ἀτμοὶ
540 2541 783 2596 πλεῖστοι
834 2541 923 2596 διὰ
961 2543 1062 2613 τῆς
1125 2541 1432 2613 μανότητος
1477 2538 1570 2594 τοῦ
1636 2541 1908 2615 δέρματος

325 2631 720 2705 διεξέρχονται.

1809 2750 1840 2761 κ

2005 1903 2194 1958 munia
2245 1910 2467 1972 queant,
2506 1917 2897 1972 usquequaque
2925 1902 3244 1965 desumunt,
3281 1911 3445 1971 atque
3470 1900 3589 1968 ipso

2006 1993 2283 2049 fruuntur.
2340 1992 2397 2046 In
2458 1994 2674 2048 cunctis
2729 2002 2910 2047 autem
2963 1994 3203 2057 arteriis,
3256 2009 3350 2048 seu
3410 1992 3588 2056 venis,

2007 2099 2165 2138 aerea
2223 2084 2547 2147 substantia,
2599 2098 2722 2153 qua:
2770 2098 2868 2152 per
2918 2083 3152 2152 plurima
3187 2083 3456 2137 foramina
3496 2097 3592 2135 ex-

2009 2177 2178 2241 halat,
2221 2177 2473 2247 sanguini
2509 2177 2740 2243 admista
2794 2185 2898 2240 est,
2954 2175 3112 2245 cujus
3162 2175 3444 2244 sanguinis
3488 2190 3591 2245 pu-

2008 2270 2229 2325 rissima
2255 2271 2433 2340 portio
2465 2269 2519 2323 in
2559 2270 2719 2324 corde
2744 2279 3020 2334 moratur;
3047 2267 3239 2322 adusta
3278 2283 3406 2322 vero
3429 2277 3595 2337 atque

2007 2361 2370 2422 comburens,
2426 2375 2536 2413 non
2588 2359 2752 2412 modo
2825 2373 2920 2412 ore
2971 2357 3341 2424 naribusque,
3399 2370 3593 2408 verum

2009 2452 2172 2506 etiam
2204 2451 2258 2503 in
2293 2449 2459 2504 certis
2482 2449 2754 2504 meatibus
2782 2449 3092 2516 expellitur.
3124 2448 3179 2500 In
3204 2455 3383 2500 certos
3412 2455 3591 2500 autem

2011 2551 2246 2603 meatus,
2297 2540 2464 2594 totius
2495 2542 2745 2610 corporis
2779 2540 3198 2609 respirationem
3233 2539 3591 2606 appellamus,

2007 2647 2120 2703 qua
2160 2646 2270 2701 prie
2301 2630 2627 2684 arteriarum
2664 2629 3056 2691 contractione,
3105 2628 3174 2681 ab
3210 2642 3397 2681 earum
3435 2641 3598 2695 pene-

2013 2726 2303 2781 trabilibus
2348 2723 2600 2794 plurima:
2638 2723 3018 2777 exbalationes
3075 2736 3170 2790 per
3206 2721 3384 2774 laxam
3420 2720 3590 2773 cutim

1895 2855 1914 2861 -ς
1950 2829 1955 2836 ’
2011 2817 2387 2890 egrediuntur.

398 2900 558 2957 Μετὰ
593 2901 728 2970 γοῦν
757 2901 852 2954 τὸν
881 2900 1134 2972 θώρακα,
1162 2901 1227 2954 ἐκ
1277 2899 1375 2953 τοῦ
1415 2898 1715 2970 ξιφοειδοῦς
1757 2900 1912 2968 λεγο-

334 2995 497 3064 μένου
529 2995 776 3065 χόνδρου,
813 2993 872 3057 ὂς
900 2994 962 3046 τὸ
987 2992 1166 3061 πέρας
1192 2994 1309 3046 ἐστὶ
1336 2992 1431 3046 τοῦ
1461 2994 1555 3046 ἐπὶ
1586 2993 1654 3046 τὰ
1679 2993 1913 3063 ὑποχόν-

329 3086 453 3154 δρια
481 3086 701 3156 μέρους,
751 3085 861 3138 ἀπὸ
892 3082 988 3137 τοῦ
1025 3083 1253 3152 στέρνου
1288 3084 1457 3154 μέχρι
1505 3078 1607 3151 τῆς
1633 3082 1775 3154 ἥϐης
1815 3081 1913 3135 καὶ

2085 2907 2211 2963 Post
2248 2907 2526 2959 thoracem
2569 2901 2736 2973 igitur
2781 2941 2796 2965 ,
2832 2911 2885 2955 et
2925 2900 3296 2971 cartilaginem
3334 2915 3457 2969 quae
3485 2899 3599 2968 gla-

2012 3000 2174 3056 dialis
2193 2999 2413 3060 dicitur,
2452 3007 2642 3068 utpote
2671 3011 2791 3065 qua:
2825 2995 2994 3064 partis
3015 2995 3082 3048 ad
3124 2993 3595 3064 bypochondrium

2015 3093 2282 3148 terminus
2329 3100 2451 3155 est;
2515 3088 2661 3158 quod
2718 3088 2968 3142 videlicet
3015 3103 3044 3140 a
3097 3096 3315 3156 pectore
3369 3085 3481 3157 96
3531 3086 3598 3138 ad

329 3176 438 3229 τῶν
466 3175 675 3244 ταύτης
703 3173 912 3244 μερῶν,
943 3174 1080 3243 ὅπερ
1112 3172 1206 3224 καὶ
1230 3170 1422 3223 κύστιν
1460 3169 1760 3240 καλοῦμεν,
1792 3169 1909 3222 ἐπι-

2019 3185 2216 3257 pubem
2266 3197 2443 3252 usque
2487 3181 2715 3250 ejusque
2748 3190 2931 3250 partes
2970 3180 3162 3243 tendit,
3205 3195 3345 3248 quas
3377 3190 3432 3232 et
3471 3195 3600 3232 ven-

332 3268 625 3338 τὰστριον
658 3265 911 3318 καλεῖται
945 3264 1005 3317 τὸ
1049 3265 1160 3317 πᾶν
1186 3278 1200 3292 ⁶
1233 3263 1372 3334 ὅπερ
1407 3263 1488 3325 εἰς
1517 3261 1643 3334 τρία
1685 3263 1913 3336 διαιρεῖ-

333 3375 459 3412 ταιο
499 3358 582 3420 εἷς
626 3375 685 3409 τε
715 3355 1135 3424 ἐπιγάστριον,
1185 3353 1282 3406 καὶ
1338 3353 1771 3423 ὑπογάστριον,
1819 3354 1915 3408 καὶ

330 3447 518 3522 ἦτρον
545 3447 614 3500 ⁸⁸.
653 3448 729 3500 Τὸ
787 3448 886 3518 μὲν
935 3443 1028 3500 οὑν
1078 3447 1450 3517 ὑπογάστριον
1496 3447 1588 3499 τὸν
1637 3446 1916 3516 ὀμφαλὸν

333 3540 644 3610 καλοῦμεν·
692 3539 754 3593 τὸ
785 3539 844 3592 δὲ
889 3539 1100 3593 ἄνωθεν
1155 3539 1320 3594 αὑτοῦ
1361 3540 1424 3593 τὸ
1478 3539 1576 3610 μέν
1617 3539 1916 3608 μετέωρον

331 3634 726 3701 ἐπιγάστριον
756 3631 1023 3694 καλεῖται,
1053 3631 1242 3701 ἐπειδὴ
1284 3631 1556 3684 ἐπίκειται
1584 3633 1650 3700 τῇ
1675 3631 1910 3702 γαστρί·

333 3726 397 3778 τὸ
423 3726 478 3778 δὲ
500 3725 687 3794 ἕτερον
715 3723 1144 3793 ὑπογάστριον,
1163 3723 1360 3794 ἐπειδὴ
1388 3722 1733 3792 ὑποϐέϐηκεν
1754 3724 1914 3792 αὑτῇ.

333 3817 410 3870 Τὸ
454 3817 510 3869 δὲ
543 3816 637 3869 τοῦ
666 3814 915 3885 ὀμφαλοῦ
960 3815 1260 3884 κατωτέρω
1314 3814 1500 3880 ἦτρον
1548 3813 1593 3844 ⁸9
1643 3829 1919 3882 προσαγο-

335 3910 574 3982 ρεύομεν
600 3925 614 3938 ·
659 3907 722 3960 τὸ
757 3908 814 3961 δὲ
859 3907 1123 3960 ὑποκάτω
1159 3905 1270 3958 τῶν
1315 3905 1556 3975 διδύμων
1624 3905 1916 3972 περίνιον.

334 4004 479 4056 Ὅσα
507 4003 609 4071 μὲν
638 3997 733 4055 οῦν
760 4002 840 4064 εἰς
863 3999 1225 4070 ἐπιγάστριον
1253 3999 1500 4072 διῃρέθη,
1524 3998 1616 4050 τὸν
1643 3998 1916 4068 στόμαχον

332 4098 658 4168 περιέχουσι
713 4097 808 4148 καὶ
852 4094 1102 4164 γαστέρα
1159 4093 1260 4164 τὴν
1304 4095 1455 4148 ἄνω·
1498 4091 1794 4162 δεξιώτερα
1857 4092 1919 4145 τὸ

330 4186 490 4260 ἧπαρ
550 4188 646 4241 καὶ
691 4188 784 4240 τὸν
847 4186 1059 4257 σπλῆνα
1116 4187 1176 4239 ἐν
1234 4188 1351 4249 τοῖς
1386 4187 1719 4254 ἀριστεροῖς,
1773 4183 1918 4255 ἅπερ

334 4281 627 4352 ἀμφότερα
665 4278 996 4347 σπλάγχνα
1027 4278 1301 4338 καλεῖται,
1332 4275 1420 4328 διὰ
1458 4275 1520 4328 τὸ
1551 4275 1788 4346 διασπᾷν
1819 4273 1919 4345 τὴν

332 4375 546 4444 τροφήν
567 4390 582 4404 ·
616 4372 684 4425 τὰ
710 4372 852 4424 αὑτὰ
871 4371 927 4423 δὲ
957 4373 1052 4422 καί
1079 4368 1372 4440 ὀργανικὰ.

2018 3290 2156 3334 trem
2213 3290 2639 3345 nuncupantus;
2677 3288 2861 3339 omne,
2893 3273 3142 3342 inquam,
3190 3271 3322 3325 illud
3361 3271 3600 3341 spatium

2017 3368 2369 3426 subventrilis
2425 3382 2552 3436 pars
2598 3365 2839 3426 dicitur,
2878 3364 3024 3434 quod
3081 3373 3136 3417 ει
3158 3361 3422 3416 trifariam
3465 3361 3601 3415 divi-

2016 3463 2184 3529 ditur,
2223 3462 2276 3515 in
2321 3460 2658 3529 superiorem
2697 3456 2951 3511 videlicet
3021 3465 3076 3510 et
3117 3454 3426 3508 inferiorem
3462 3470 3598 3506 ven-

2017 3561 2194 3618 trem,
2265 3561 2429 3620 atque
2487 3549 2778 3603 abdomen.
2853 3545 2920 3599 Et
2981 3546 3295 3600 inferiorem
3365 3544 3588 3613 quidem

2020 3653 2303 3705 ventrem,
2351 3639 2670 3694 umbilicum
2730 3637 3087 3708 appellamus.
3146 3636 3228 3688 Ab
3291 3633 3417 3687 inde
3470 3649 3602 3687 vero

2019 3748 2262 3803 superna
2297 3748 2445 3802 pars,
2476 3746 2600 3801 qua:
2649 3729 2937 3783 sublimior
2961 3736 3067 3792 est,
3097 3725 3241 3796 quod
3272 3725 3395 3779 alvo
3427 3725 3604 3778 immi-

2020 3834 2168 3888 neat,
2207 3824 2658 3893 superiorventer
2681 3829 3034 3889 nuncupatur
3065 3833 3368 3888 :parsvero
3409 3816 3602 3879 altera,

2021 3917 2174 3970 alvus
2231 3915 2470 3979 scilicet,
2531 3901 2678 3984 quod
2728 3911 2829 3982 ipsi
2864 3911 3038 3965 ventri
3095 3910 3304 3970 subsit,
3374 3907 3603 3963 inferior

2022 4016 2215 4063 venter
2265 4008 2585 4076 appellatur.
2643 4004 2748 4059 Sed
2797 4012 2981 4074 partes
3025 4005 3163 4058 imas
3218 4001 3286 4056 ab
3345 4001 3606 4054 umbilico

2021 4093 2190 4170 ἦτρον
2218 4099 2416 4162 dictas,
2469 4096 2778 4153 abdominis
2823 4105 2880 4151 et
2932 4095 3093 4165 pubis
3156 4095 3276 4149 loca
3321 4109 3607 4148 vocamus.

2027 4190 2274 4244 Inﬁmam
2313 4197 2494 4244 autem
2527 4200 2738 4259 partem
2773 4205 2896 4260 qua!
2927 4189 3030 4243 sub
3056 4187 3285 4242 testibus
3312 4195 3416 4248 est,
3451 4186 3610 4256 περί-

2025 4299 2166 4345 νεον,
2218 4284 2322 4338 hoc
2365 4293 2447 4336 est
2477 4284 2650 4337 colem
2685 4291 3026 4352 nuncupant.
3061 4279 3414 4350 Quaecunque
3441 4279 3608 4344 igitur

2027 4373 2083 4428 in
2137 4375 2472 4444 superiorem
2516 4384 2764 4430 ventrem
2813 4374 2987 4428 divisa
3045 4383 3196 4437 sunt,
3242 4371 3609 4433 stomaclnun,

331 4477 392 4522 et
430 4467 765 4537 superiorem
817 4464 1104 4519 ventriculi
1155 4471 1362 4533 partem
1407 4460 1686 4515 continent
1726 4482 1737 4515 :
1774 4469 1829 4515 et
1876 4477 1907 4516 a
1965 4463 2174 4522 dextris
2201 4468 2378 4536 jecur,
2446 4482 2478 4521 a
2551 4468 2792 4524 sinistris
2834 4480 2964 4521 vero
3017 4465 3122 4519 lien
3161 4464 3426 4524 cernitur,
3472 4478 3612 4531 quo-

335 4575 461 4612 rum
524 4564 816 4626 utrumque
877 4555 1104 4610 visceris
1161 4552 1584 4623 appellationem
1656 4552 1909 4609 desumit.

2013 4572 2094 4610 am
2140 4559 2217 4612 illi
2278 4557 2563 4629 σπλάγχνα
2618 4559 2831 4613 viscera
2879 4555 3069 4608 dicunt
3136 4551 3224 4605 διὰ
3275 4551 3336 4606 τὸ
3379 4551 3613 4621 διασπᾷν

333 4650 437 4722 τὴν
466 4651 694 4722 τροφήν,
752 4650 897 4719 quod
929 4647 1173 4702 alimenti
1213 4647 1281 4700 ab
1331 4645 1412 4699 eis
1461 4645 1750 4701 visceratio
1804 4649 1920 4716 tiat;
1962 4649 2234 4706 lueccnim
2257 4662 2310 4708 et
2345 4651 2782 4708 instrumentalia
2813 4655 2960 4703 sunt.

657 4762 799 4829 Κεφ.
842 4759 951 4816 lH'.
989 4787 1059 4799 -—-
1091 4759 1228 4828 Περὶ
1260 4758 1596 4828 στομάχου.

416 4876 572 4928 Ἐστι
599 4875 656 4928 δὲ
685 4878 713 4928 ὁ
745 4877 1019 4945 στόμαχος
1049 4874 1347 4944 νευρώδης,
1375 4873 1660 4944 ἐργαλεῖον
1687 4873 1921 4944 ὀρέξεως

338 4969 438 5022 καὶ
461 4968 842 5029 καταπόσεως,
880 4958 1136 5038 καὶπρὸς
1167 4968 1344 5040 ὑγρὰς
1368 4969 1462 5022 καὶ
1503 4967 1678 5038 ξηρὰς
1714 4969 1925 5036 τροφὰς

342 5061 674 5132 ἐπιτήδειος.
723 5061 965 5128 Λέγεται
1007 5060 1064 5113 δὲ
1106 5061 1436 5130 στόμαχος,
1465 5061 1550 5114 ὅτι
1586 5060 1655 5113 τὰ
1690 5059 1798 5112 ἀπὸ
1829 5059 1925 5112 τοῦ

344 5154 619 5224 στὸματος
650 5156 730 5217 εἰς
769 5155 934 5207 αὑτὸν
960 5156 1171 5224 χεῖταιο
1204 5155 1271 5208 ἄν
1299 5171 1360 5207 τε
1393 5154 1558 5224 ὑγρὰ,
1589 5155 1655 5208 ἄν
1677 5171 1736 5206 τε
1763 5153 1923 5224 ξηρά.

348 5247 420 5298 Ἢ
448 5241 559 5300 οἷον
595 5248 911 5317 σιτόμαχος,
940 5249 968 5300 ὁ
1002 5249 1115 5309 τοῖς
1138 5246 1328 5309 σιτίοις
1358 5247 1676 5318 μαχόμενος
1703 5248 1750 5279 ⁸⁸
1777 5263 1789 5276 ·
1816 5245 1930 5300 θλί-

347 5339 504 5392 Coum
525 5339 635 5410 γὰρ
681 5340 881 5393 αὐτόν’
910 5340 944 5410 ἢ
997 5341 1026 5391 ὁ
1074 5338 1273 5392 θλίϐων
1322 5337 1562 5409 ἔμπαλιν
1596 5339 1795 5404 ταῦτα,
1843 5338 1931 5392 ἴνα

432 5473 481 5508 ⁸³
530 5475 646 5528 hate
687 5475 756 5527 ab
820 5489 991 5542 usque
1055 5472 1193 5527 ἀλλὰ
1254 5473 1350 5526 καὶ
1411 5475 1590 5526 ἐνεστ.
1649 5488 1759 5527 om.
1837 5471 1898 5537 ll,

2058 5487 2199 5526 vers.
2262 5472 2356 5542 lat.

350 5544 416 5599 C.
515 5543 563 5575 “
605 5545 728 5596 κατ’
762 5544 1047 5614 ἐξαίρετον
1080 5544 1119 5596 Β
1149 5545 1189 5597 C
1233 5543 1304 5614 Ρ.
1393 5544 1440 5574 ⁸⁸
1477 5545 1644 5614 θερμ.
1683 5544 1806 5596 αὑτ.
1845 5543 1904 5599 Β.

349 5616 394 5646 ⁸⁷
423 5615 684 5684 διαπνοὴν
711 5617 804 5667 καὶ
837 5610 1110 5684 ἀναπνοὴν
1161 5615 1223 5678 Ρ,
1277 5610 1433 5684 ἦτοιν
1484 5610 1558 5680 Β,
1585 5610 1739 5685 ἴτρον
1761 5615 1829 5670 Δ.

361 5702 518 5756 στομ.
554 5687 638 5738 ὅτι
669 5688 782 5747 τοῖς
823 5686 1013 5751 σιτίοις
1045 5687 1279 5756 μάχεται
1306 5687 1366 5738 Β.

423 5803 498 5874 (ι)
527 5803 629 5858 Od.
660 5805 731 5871 γ,
770 5805 856 5860 ts.

2371 4765 2500 4836 Cap.
2545 4762 2731 4821 XVIII.
2756 4791 2827 4802 —
2859 4761 2938 4815 De
2971 4759 3262 4814 stomacho.

2104 4879 2434 4934 Stomachus
2461 4886 2648 4932 autem
2682 4877 2868 4932 nervis
2893 4875 3126 4930 refertus
3150 4883 3253 4941 est,
3273 4882 3326 4927 et
3346 4872 3483 4928 idem
3504 4871 3620 4924 olli-

2034 4972 2155 5025 cina
2180 4980 2295 5025 tum
2327 4971 2638 5041 appetendi,
2667 4979 2782 5025 tum
2815 4969 3139 5025 conﬁciendi
3161 4979 3268 5023 tam
3289 4966 3416 5022 sicci
3452 4981 3615 5036 quant

2036 5061 2242 5116 humidi
2269 5061 2507 5114 alimenti
2528 5061 2818 5130 peridonea
2850 5060 3101 5115 habetur.
3123 5059 3200 5113 Illi
3237 5059 3508 5128 στόμαχον
3536 5057 3620 5111 di-

2037 5163 2168 5210 Cunt
2189 5154 2268 5206 ὅτι
2304 5152 2412 5206 ἀπὸ
2441 5153 2535 5206 τοῦ
2560 5153 2826 5223 στόματος
2852 5155 2934 5215 εἰς
2969 5151 3133 5204 αὑτὸν
3159 5153 3352 5220 χεῖται,
3373 5150 3499 5219 quia
3525 5163 3621 5217 per

2038 5261 2100 5300 os
2118 5244 2232 5299 sive
2255 5244 2538 5298 humidum
2568 5243 2681 5298 sive
2705 5243 2834 5296 illud
2856 5244 3060 5297 siccum
3087 5241 3400 5295 alimentum
3434 5238 3618 5301 fuerit,

2040 5337 2218 5407 ipsum
2237 5336 2563 5392 infunditur.
2587 5334 2850 5406 Velquasi
2868 5333 3158 5404 σιτόμαχος
3175 5333 3322 5402 quod
3345 5345 3470 5386 cum
3497 5330 3621 5386 cibo

2473 5469 2520 5501 ”
2566 5467 2942 5537 καθαρότατον
3003 5466 3068 5537 Β-
3103 5466 3197 5537 Ρ,
3235 5462 3623 5537 καθαρώτατον

2013 5543 2060 5574 ⁸⁸
2089 5542 2225 5611 πρὸς
2271 5541 2332 5593 τὸ
2360 5539 2460 5604 τῆς
2487 5541 2634 5608 ἐνερ.
2668 5535 2870 5609 μέτρον
2915 5535 3108 5606 μεταλ.
3142 5535 3310 5602 αὑτῆς
3345 5538 3512 5605 ἀναμ.
3554 5535 3620 5587 Ρ.

1954 5613 2000 5645 se
2033 5608 2200 5683 ἦτρον
2238 5611 2297 5664 Β.
2401 5603 2446 5642 tto
2479 5604 2644 5680 ἦτρον
2700 5609 2741 5660 Β
2773 5611 2834 5675 ο,
2876 5608 3024 5679 ἵτρον
3073 5609 3137 5661 Δ.
3243 5606 3289 5638 ’⁸
3320 5605 3534 5674 λέγεται
3563 5605 3620 5657 δὲ

2401 5603 2446 5642 so
2479 5603 2644 5680 ἧτρδν
2669 5603 2741 5660 ’Β
2773 5603 2834 5675 Β,
2876 5603 3024 5679 ἴτρον
3073 5609 3137 5661 Δ.
3243 5606 3289 5638 ’⁸
3320 5603 3534 5674 λέγεται
3563 5605 3622 5657 δὲ

2121 5793 2198 5864 (α)
2221 5792 2322 5848 ou.
2364 5793 2427 5858 Υ,
2461 5790 2552 5847 25.
