4066 6214
486 358 624 414 ηιξ)

1757 345 2041 403 ιιιειετιι
2083 343 2391 401 ΜΟΝΑΟΙΙΙ

3608 342 3749 397 ΙΞΞί)

482 476 651 543 ﬂigat,
696 470 810 541 ipse
840 468 985 523 enim
1007 482 1037 521 a
1074 465 1198 520 cibo
1214 462 1499 535 premitur,
1529 469 1584 518 et
1603 460 1788 517 cibum
1822 461 2063 517 vicissim

2171 457 2578 529 καταϐιϐασθῇ·
2598 456 2821 527 λέγεται
2863 458 2959 513 καὶ
2982 459 3312 528 στόμαχος,
3340 457 3369 513 δ
3393 460 3508 511 ἐστι
3532 464 3756 532 μηχανὴ

484 566 601 634 ipse
640 562 858 632 premit,
896 560 1024 613 dum
1054 557 1230 627 ipsum
1262 557 1327 610 ad
1364 556 1464 611 sibi
1501 555 1812 625 praescripta
1837 554 1955 609 loca
1971 554 2067 609 de-

486 654 702 708 mittere
723 648 937 718 satagit.
966 644 1061 700 Vel
1086 646 1208 700 inde
1237 644 1557 700 stomachus
1574 644 1752 699 dictus
1776 644 1920 706 esl,8
1952 642 2070 696 ἐστὶ

489 744 703 815 μηχανὴ
751 740 859 794 τῶν
915 738 1119 803 σιτίων,
1187 738 1345 805 quasi
1394 737 1640 791 ciborum
1698 735 1950 789 machina
1977 734 2068 800 sit,

2171 551 2283 604 τῶν
2317 550 2505 604 σιτίων
2535 550 2605 604 ⁸⁸.
2647 550 2836 604 Ἄλλοι
2877 551 2934 604 δὲ
2975 553 3039 604 ἐκ
3092 550 3188 603 τοῦ
3250 550 3430 620 στόμα
3479 552 3759 622 στόμαχον

2171 642 2414 711 λέγουσι,
2454 641 2544 697 διὰ
2566 643 2659 698 τὸν
2690 644 2792 714 τὴν
2827 643 3088 715 μάστακα
3106 644 3152 675 ⁹²
3179 644 3239 710 ἐξ
3267 642 3437 698 αὑτοῦ
3478 643 3755 713 δέχεσθαι,

2175 735 2425 790 τουτέστι
2458 735 2559 808 τὴν
2584 738 2796 809 τροφήν
2819 752 2836 769 ο

483 852 605 909 qua:
628 837 776 903 ipsos
796 833 1072 888 conficiat.
1121 831 1261 885 Sunt
1306 830 1397 899 qui
1450 828 1796 885 stomachum
1853 830 1918 883 ὲκ
1969 825 2065 883 τοῦ

2174 828 2396 900 όματος,
2421 829 2488 883 ab
2520 844 2616 884 ore
2673 829 2923 885 videlicet
2983 828 3189 884 dictum
3228 829 3417 893 velint,
3446 828 3537 882 διὰ
3567 826 3629 880 τὸ
3658 825 3762 897 τὴν

486 931 738 999 μάστακα
774 925 833 993 ἐξ
882 925 1046 979 αὑτοῦ
1070 922 1339 993 δέχεσθαι,
1376 923 1517 993 quod
1558 922 1627 976 ab
1666 936 1760 975 ure
1793 935 2068 989 mansum,

2194 932 2278 978 est
2299 923 2619 979 alimentum
2642 922 2927 993 suscipiat,
2964 922 3169 977 utillud
3204 938 3217 975 :

592 1041 660 1099 Ut
690 1041 917 1097 volucris
952 1056 1196 1097 mansum
1223 1038 1385 1109 pullis
1410 1036 1756 1108 implumibus
1781 1036 1960 1104 affert,

589 1134 743 1200 Quod
778 1134 1017 1203 capiant,

550 1250 799 1315 Quonam
847 1255 1029 1301 autem
1082 1254 1241 1316 pacto
1281 1243 1601 1300 stomachus
1640 1241 1911 1312 appetitus
1950 1240 2071 1296 oili-

479 1343 605 1397 cina
640 1341 732 1406 sit,
771 1354 838 1394 ex
879 1339 967 1394 his
997 1338 1283 1407 perspicue
1310 1336 1533 1407 patebit.

547 1520 819 1589 Quoniam
866 1518 1183 1575 stomachus
1239 1518 1376 1589 ipse,
1432 1526 1492 1573 ut
1540 1517 1745 1572 dictum
1791 1526 1897 1583 est,
1937 1533 2063 1573 cum

478 1615 749 1684 appetitus
782 1612 1211 1682 eouticiendique
1243 1611 1347 1665 cibi
1380 1610 1598 1664 ofticina
1633 1612 1723 1671 sit.
1742 1610 2064 1665 alimentum

480 1708 549 1760 ab
569 1721 665 1761 ore
695 1705 921 1775 suscipit
951 1723 965 1758 :
1003 1703 1162 1757 habet
1184 1711 1364 1756 autem
1400 1703 1580 1757 sinum
1614 1703 1680 1757 ad
1713 1702 1872 1759 finem
1898 1703 2068 1759 carti-

482 1799 697 1868 laginis,
723 1812 845 1867 qua:
890 1796 1135 1866 gladialis
1165 1794 1391 1860 dicitur,
1419 1794 1500 1864 in'j
1529 1810 1691 1865 quem
1725 1795 1833 1865 97
1883 1810 1977 1864 per
2006 1811 2070 1850 os

480 1890 781 1946 demissum
799 1889 981 1945 cibum
1000 1890 1263 1944 recondit.
1281 1886 1397 1945 Non
1423 1888 1654 1942 multum
1671 1896 1794 1957 post
1810 1888 2071 1957 temporis

480 1994 689 2049 venter,
737 2000 860 2053 quae
888 1997 1062 2053 nuper
1085 1982 1140 2036 in
1164 1981 1508 2037 stomachum
1550 1981 1787 2036 demissa
1831 1978 2084 2044 fuerant,-

480 2094 590 2148 quo
611 2092 675 2131 ea
700 2076 932 2147 jecinori
959 2084 1015 2130 et
1040 2073 1316 2129 intestinis
1339 2072 1702 2143 impertiatur,
1721 2073 1979 2127 desumit.
2006 2071 2069 2126 Et

475 2168 707 2238 jecinori
744 2168 963 2238 quidem
1009 2165 1250 2220 alimenti
1285 2179 1543 2229 succum;
1601 2163 1875 2218 intestinis
1916 2178 2067 2227 vero,

482 2260 740 2316 suereoris
763 2259 1049 2313 materiam
1095 2256 1361 2328 applicat;
1385 2255 1605 2325 quando
1639 2254 1859 2324 quidem
1884 2269 2072 2309 exere.

483 2359 685 2415 menta,
708 2349 1168 2420 quemadmodum
1223 2347 1477 2417 superius
1507 2347 1941 2402 demonstratum
1962 2355 2068 2409 est,

482 2457 608 2497 cum
628 2441 681 2494 in
699 2450 911 2495 stercus
933 2453 1196 2494 conversa
1215 2447 1507 2507 egestaque
1525 2437 1751 2504 fuerint,
1764 2439 2071 2508 etparticu-

484 2533 550 2587 la:
565 2547 758 2586 omnes
781 2545 1083 2599 congruum
1118 2530 1435 2583 alimentum
1455 2530 1878 2599 absumpserint,
1893 2539 2070 2585 totum

484 2637 687 2691 corpus
714 2621 783 2675 ab
805 2620 1099 2674 ambientis
1141 2635 1241 2674 nos
1272 2620 1417 2673 aeris
1448 2620 1497 2672 vi
1526 2620 1815 2675 conficitur
1854 2631 1907 2676 et
1930 2622 2073 2678 hanc

487 2715 866 2767 necessitatem
885 2711 1068 2764 omnia
1088 2725 1210 2780 qua:
1226 2710 1329 2765 sub
1342 2711 1749 2778 generationem
1768 2714 2074 2781 corruptio-

488 2817 721 2872 nemque
755 2802 977 2864 cadunt,
1010 2810 1277 2870 perpetuo
1319 2800 1644 2854 sortiuntur.
1694 2797 1975 2871 Siquidem
2018 2810 2073 2856 et

488 2894 694 2962 lapides
741 2891 886 2962 longi
945 2891 1210 2960 temporis
1254 2906 1428 2945 :evum
1488 2890 1765 2954 diminuit,
1824 2890 1904 2945 uti
1956 2891 2071 2957 alii,

487 2999 652 3054 quam
676 2983 952 3052 quondam
985 2979 1111 3035 facti
1154 2980 1372 3037 fuerant
1393 2981 1701 3041 videantur.
1729 2979 1869 3035 Tum
1898 2982 2071 3052 quod,-

2185 1037 2283 1103 Ὧς
2315 1039 2368 1091 δ’
2394 1039 2557 1106 ὄρνις
2579 1037 2811 1109 ἀπτῆσι
2837 1037 3156 1095 νεοσσοῖσι
3181 1035 3520 1109 ,προφέρῃσι

2171 1110 2469 1171 Μάσταιί,
2505 1110 2665 1175 ἐπήν
2692 1126 2763 1163 κε
2789 1109 3056 1177 λάϐῃσιν
3084 1108 3129 1141 ⁸³
3163 1108 3260 1178 (b).

2245 1224 2476 1295 Εἴρηται
2509 1223 2566 1276 δὲ
2594 1223 2689 1278 καὶ
2714 1223 2808 1287 ἐπὶ
2834 1222 2929 1277 τοῦ
2962 1223 3231 1294 πόματος.

2184 1316 2339 1381 Ἀλλ’
2378 1316 2721 1385 Ὀδυσσεὺς
2748 1317 2846 1381 ἐπὶ
2885 1315 3171 1391 μάστακα
3202 1315 3376 1386 χερσὶ
3414 1314 3576 1375 πίεζε
3597 1315 3757 1387 "(c).

2244 1410 2372 1475 Πῶς
2398 1408 2457 1475 δέ
2489 1412 2637 1473 ἐστιν
2668 1408 2954 1480 ἐργαλεῖον
2986 1408 3243 1480 ὀρέξεως.
3264 1403 3367 1462 ὧδε
3394 1410 3441 1441 ’⁵
3468 1409 3684 1464 σκόπει.

2255 1501 2313 1557 '0
2348 1502 2642 1575 στόμαχος,
2666 1501 2851 1567 καθὼς
2886 1502 3125 1574 εἴρηται,
3166 1500 3401 1575 ὀρέξεως
3443 1503 3539 1565 καὶ
3583 1518 3759 1571 κατα-

2174 1595 2386 1659 πόσεως
2415 1594 2701 1672 ἐργαλεῖον
2735 1595 2999 1666 ὑπάρχων
3033 1595 3100 1661 ’⁸,
3146 1594 3366 1665 δέχεται
3400 1594 3498 1665 τὴν
3547 1595 3760 1665 τροφὴν

2175 1688 2240 1749 ἐκ
2262 1686 2359 1749 τοῦ
2387 1687 2682 1757 στόματος.
2722 1688 2875 1765 Ἔχει
2915 1688 2973 1741 δὲ
2999 1687 3163 1752 κύτος
3196 1686 3365 1750 αὐτὸς
3394 1687 3533 1758 πρὸς
3563 1687 3628 1739 τὸ
3659 1688 3759 1745 πέ-

2103 1758 2143 1823 B
2173 1796 2273 1851 ρας
2294 1778 2390 1833 τοῦ
2419 1779 2725 1848 ξιφοειδοῦς
2751 1762 3001 1851 χόνδρου,
3026 1780 3152 1843 εἱςὸ
3176 1779 3691 1850 καταδιϐαζόμενος
3714 1782 3760 1810 ⁸⁷

2170 1870 2381 1927 τίθεται
2411 1873 2480 1934 τὰ
2511 1870 2802 1943 βρώματα.
2832 1873 2987 1935 Μετὰ
3008 1869 3103 1933 οὖν
3131 1873 3329 1945 μικρὸν
3355 1874 3569 1944 χρόνον,
3605 1873 3763 1927 ἕλκει

2170 1964 2232 2030 ἐξ
2264 1963 2505 2039 αὐτῶνή
2551 1966 2767 2037 γαστὴρ
2806 1966 2908 2037 ἠδη
2932 1965 3031 2038 τὰ,
3069 1966 3215 2038 ειπερ
3256 1962 3371 2036 εἶχε
3403 1967 3674 2037 πρότερον
3691 1970 3760 2032 ’⁸,

2172 2056 2579 2128 μεταπέμψασα
2597 2058 2676 2129 τῷ
2700 2059 2874 2129 ἥπατι
2907 2060 3002 2115 καὶ
3028 2061 3144 2122 τοῖς
3166 2058 3431 2130 ἐντέροις.
3469 2058 3560 2127 Τῷ
3583 2059 3762 2127 ἥπατι

2172 2146 2274 2217 μὲν
2301 2148 2392 2201 τὸν
2420 2147 2602 2217 χυλὸν.
2646 2151 2760 2213 τοῖς
2801 2147 3046 2219 ἐντέροις
3083 2148 3140 2207 δὲ
3181 2148 3251 2209 τὰ
3286 2147 3587 2219 σκύϐαλα·
3636 2149 3759 2201 ἐπεὶ

2168 2234 2265 2298 οὖν
2294 2240 2744 2311 ἁπεσκυὸαλίσθη
2780 2242 2876 2301 καὶ
2907 2242 3188 2312 ἀπεκρίθη
3219 2241 3289 2297 τὰ
3335 2241 3758 2312 περιττώματα,

2168 2329 2359 2394 καθὼς
2404 2334 2624 2402 εἴρηται
2682 2333 2963 2404 ἀνωτέρω,
2993 2333 3207 2404 ἐτράφη
3239 2333 3296 2389 δὲ
3329 2335 3425 2393 καὶ
3457 2334 3639 2393 πάντα.
3687 2336 3760 2388 τὰ

2172 2422 2345 2493 μόρια
2406 2427 2473 2495 τῇ
2521 2425 2847 2497 καταλλήλῳ
2896 2428 3094 2497 τροφῇ,
3152 2425 3452 2496 διεφορήθη
3494 2425 3645 2485 ἅπαν
3698 2427 3765 2478 τὸ

2176 2515 2338 2587 σῶμα
2363 2517 2467 2573 ὑπὸ
2500 2517 2602 2588 τῆς
2630 2517 2726 2576 τοῦ
2777 2519 3139 2590 περιέχοντος
3173 2518 3369 2588 βάρους
3405 2517 3526 2587 βίας
3550 2534 3564 2547 ·
3619 2520 3763 2570 ταύ-

2172 2628 2274 2681 την
2306 2612 2351 2643 ⁹⁹
2380 2612 2489 2683 γάρ
2521 2611 2684 2681 ἔλαχε
2712 2611 2812 2683 τὴν
2845 2614 3098 2683 ἀνάγκην
3129 2614 3311 2666 πάντα
3338 2611 3408 2673 τὰ
3446 2612 3504 2663 ὲν
3532 2610 3762 2681 γενέσει

2173 2704 2269 2756 καὶ
2306 2703 2483 2775 φθορᾷ
2501 2704 2843 2776 τυγχάνοντα
2862 2718 2876 2733 °
2908 2706 3105 2776 ὁρᾶται
3125 2706 3234 2776 γὰρ
3262 2704 3339 2776 τῷ
3371 2704 3553 2774 πολλῷ
3571 2705 3763 2775 χρόνῳ

2173 2794 2273 2848 καὶ
2302 2794 2451 2859 λίθος
2485 2796 2660 2865 μείων
2694 2799 2710 2829 ¹
2748 2798 2895 2868 παρὸ
2920 2793 2990 2868 ἦν
3020 2797 3285 2866 γεγονώς.
3318 2796 3634 2867 Διεφορήθη
3660 2792 3759 2849 οὖν

2174 2885 2322 2939 ἃπαν
2352 2887 2413 2941 τὸ
2450 2888 2633 2959 σῶμα,
2666 2889 2765 2943 καὶ
2788 2890 3027 2960 μάλιστα
3060 2891 3121 2944 τὸ
3147 2891 3327 2961 δέρμα
3343 2891 3439 2944 τοῦ
3474 2890 3757 2961 σώματος,

2173 2975 2249 3040 ὡς
2295 2975 2375 3048 τῷ
2401 2978 2561 3048 πέριξ
2590 2979 2718 3051 ἀέρι
2749 2980 3149 3051 πλησιέστερον
3186 2981 3433 3051 ὁμιλοῦν.
3462 2977 3598 3034 Εἶτα
3626 2998 3761 3052 τρο-

487 3075 620 3129 libet
656 3088 857 3141 corpus
897 3082 955 3126 et
1007 3072 1309 3141 praesertim
1347 3072 1468 3141 ejus
1521 3072 1694 3139 cutis,
1743 3087 1852 3141 quo
1894 3074 2071 3144 magis

2176 3071 2286 3142 φῆς
2326 3072 2638 3142 ἁπορῆσαν,
2686 3073 2954 3143 τρέπεται
3010 3073 3155 3128 κατὰ
3208 3074 3318 3126 τῶν
3376 3073 3759 3142 ὑποκειμένων

488 3165 648 3218 obvia
700 3165 812 3217 aeri
859 3162 942 3225 fit,
989 3164 1073 3216 vel
1116 3162 1185 3216 ad
1234 3165 1413 3233 ipsum
1451 3165 1677 3233 propius
1748 3165 1976 3229 accedit,
2003 3181 2072 3223 eo
2116 3172 2119 3175 ’

491 3258 647 3310 ocius
692 3255 1018 3308 absumitur.
1079 3252 1274 3309 Postea
1321 3270 1449 3311 vero
1504 3264 1694 3319 venter
1749 3256 2071 3312 alimentum

490 3348 861 3413 desomptum,
916 3345 1291 3399 musculorum
1338 3346 1544 3410 ofﬁcio,
1605 3348 1673 3403 ad
1726 3357 1909 3417 partes
1951 3365 2074 3419 qua:

490 3454 556 3493 eo
589 3439 833 3510 indigent
855 3437 1157 3494 distribuit.
1194 3439 1263 3491 At
1300 3448 1481 3508 partes
1509 3439 1639 3510 ipsa!
1662 3440 1795 3503 illud
1833 3442 1936 3503 sibi
1971 3458 2069 3512 pro

491 3532 754 3585 alimento
800 3529 1118 3596 vindicant;
1150 3529 1219 3584 ab
1250 3530 1359 3584 illis
1391 3546 1543 3594 vero,
1580 3533 1728 3602 quod
1766 3533 1848 3589 eis
1878 3535 2071 3605 prosi»

492 3639 639 3677 nium
668 3633 775 3686 est,
808 3622 1085 3686 alitur;et
1126 3622 1199 3676 ita
1226 3622 1545 3677 continuata
1577 3625 1826 3694 quaedam
1858 3635 1912 3680 et
1943 3640 2073 3695 per-

491 3716 651 3771 ennis
710 3715 991 3769 successio
1040 3715 1120 3775 lit,
1163 3714 1343 3783 quoad
1393 3714 1527 3769 illud
1588 3715 1658 3770 ad
1694 3715 1851 3785 jecur
1886 3732 2074 3771 acces-

491 3810 644 3863 serit.
693 3805 903 3862 Dchinc
958 3815 1144 3860 autem
1198 3805 1382 3875 jecur,
1426 3806 1574 3875 quod
1627 3807 1894 3863 alimento
1929 3808 2070 3863 indi-

490 3903 669 3970 gebat,
703 3900 832 3953 illud
878 3899 1024 3968 quod
1064 3899 1119 3953 in
1167 3899 1324 3955 venis
1369 3915 1494 3969 quae
1538 3901 1884 3957 mediatrices
1926 3916 2073 3956 nun-

490 4002 758 4063 cnpantur
806 3992 1267 4061 comprehensum
1324 3990 1524 4056 fuerat,
1578 3992 1646 4047 ad
1701 4008 1763 4051 se
1800 3994 2067 4061 attrahit,

493 4085 597 4138 illa:
643 4092 825 4137 autem
884 4097 1056 4148 venae,
1114 4083 1317 4153 ipsutn,
1362 4083 1433 4136 ab
1468 4091 1675 4149 ventre,
1710 4091 1901 4137 venter
1938 4099 2071 4139 vero

490 4192 592 4246 sibi
629 4206 659 4244 a
696 4189 980 4243 stomacho
1013 4191 1266 4262 suscipit.
1314 4190 1379 4245 Et
1426 4193 1686 4261 quoniam
1733 4192 1858 4247 talis
1889 4202 2070 4248 motus

489 4283 555 4337 ad
584 4282 791 4337 ventris
850 4297 1024 4351 usque
1054 4291 1108 4337 et
1129 4283 1396 4338 stomachi
1427 4284 1688 4339 terminos
1717 4286 2068 4354 praescriptus

487 4384 593 4439 est,
644 4375 824 4429 inedia
876 4390 973 4445 per
1022 4388 1222 4429 nervos
1268 4376 1490 4429 animali
1545 4376 1844 4442 indicitur;
1903 4377 2066 4445 hujus

2175 3161 2325 3232 αὐτῷ
2358 3163 2535 3231 μυῶν,
2569 3164 2666 3217 καὶ
2693 3164 2845 3217 ἕλκει
2875 3165 2936 3218 τὸ
2967 3163 3265 3235 άφορισθὲν
3284 3165 3469 3228 αὐτοῖς
3487 3167 3569 3227 εἰς
3596 3166 3761 3231 λόγον

2174 3256 2417 3326 τροφῆς·
2459 3256 2663 3311 ἐκεῖνοι
2716 3256 2880 3310 πάλιν
2925 3257 3225 3327 τρέπονται
3259 3257 3402 3311 κατὰ
3453 3258 3565 3310 τῶν
3616 3258 3762 3327 πλη-

2176 3348 2307 3401 σίων
2337 3350 2357 3385 ⁸
2380 3365 2394 3385 ·
2425 3351 2523 3402 καὶ
2554 3349 2730 3415 οὕτως
2760 3352 2903 3405 κατὰ
2935 3351 2996 3404 τὸ
3017 3351 3248 3421 συνεχὲς
3282 3351 3495 3419 γίνεται
3518 3353 3553 3420 ἡ
3583 3351 3764 3405 διάδοο

2178 3456 2261 3502 σις
2305 3438 2445 3513 αὕτη
2485 3440 2648 3512 μέχρι
2668 3440 2763 3494 τοῦ
2804 3441 3036 3511 ἥπατος.
3064 3435 3198 3494 Εἶτα
3227 3442 3518 3511 ἀπορῆσαν
3546 3443 3763 3511 τροφῆς

2173 3533 2236 3586 τὸ
2262 3530 2440 3607 ἧπαρ,
2472 3535 2622 3588 ἕλκει
2661 3535 2762 3606 τὴν
2798 3538 2859 3589 ὲν
2900 3538 3023 3599 ταῖς
3062 3538 3431 3606 μεσαραῖκαίς
3463 3534 3627 3604 φλεψὶ
3658 3552 3764 3587 πε-

2178 3628 2503 3699 ριεχομένην
2530 3647 2544 3661 ·
2578 3630 2634 3682 αἱ
2678 3630 2736 3682 δὲ
2768 3629 3021 3683 ἕλκουσιν
3055 3630 3167 3683 άπὸ
3195 3629 3298 3699 τῆς
3319 3630 3586 3702 γαστρός·
3612 3632 3650 3699 ἡ
3705 3630 3761 3681 δὲ

2174 3722 2393 3793 γαστὴρ
2441 3722 2553 3777 άπὸ
2607 3723 2701 3776 τοῦ
2766 3724 3065 3793 στομάχου.
3122 3724 3233 3777 Καὶ
3264 3724 3387 3777 ἐπεὶ
3441 3726 3473 3796 ή
3527 3724 3765 3793 τοιαύτη

2174 3814 2321 3885 ὁρμὴ
2354 3815 2517 3885 μέχρι
2544 3816 2785 3885 γαστρὸς
2840 3817 2935 3869 καὶ
2986 3816 3263 3886 στομάχου
3302 3815 3625 3881 κατέληξεν,
3669 3818 3766 3881 ἁγ-

2173 3904 2426 3972 γέλλεται
2470 3904 2550 3975 τῷ
2575 3904 2701 3975 ζώῳ
2732 3907 2755 3938 ³
2788 3906 2877 3959 διὰ
2934 3906 3044 3959 τῶν
3083 3905 3294 3978 νεύρων
3322 3908 3355 3975 ὴ
3394 3905 3572 3958 ἔνδεια
3599 3921 3615 3936 ·
3671 3907 3766 3959 δια

2174 4013 2256 4049 τοι
2286 3996 2447 4050 τοῦτο
2481 3997 2706 4051 πλείονα
2736 3998 2908 4069 νεῦρα
2930 3998 2953 4030 δ
2995 3996 3291 4069 αἰσθητικά
3318 4000 3385 4068 τῇ
3413 3998 3619 4067 γαστρὶ
3665 3999 3766 4050 καὶ

2171 4088 2251 4159 τῷ
2284 4091 2543 4160 στομάχῳ
2571 4090 2751 4161 ἐδόθη,
2791 4091 2877 4145 ἵνα
2906 4090 2995 4144 διά
3046 4090 3146 4145 τοῦ
3184 4090 3394 4153 πάθους
3445 4090 3765 4142 αἰσθάνων-

2171 4197 2264 4233 ται
2295 4184 2317 4214 ⁸
2342 4182 2442 4252 τῆς
2487 4182 2729 4245 ἐνδείας·
2768 4183 2867 4236 καὶ
2899 4181 3297 4253 αίσθανόμενα,
3332 4183 3611 4253 ἐπεγείρει
3640 4183 3664 4214 ⁶
3701 4185 3764 4236 τὸ

2172 4274 2313 4339 ζῶον
2344 4278 2427 4340 είς
2457 4277 2779 4348 προσφορὰν
2812 4277 2987 4330 σιτίου
3008 4278 3104 4331 καὶ
3136 4276 3385 4347 πόματος
3406 4292 3422 4307 ·
3454 4277 3604 4338 ὅπως
3624 4277 3763 4329 ἀντ-

2172 4367 2399 4439 εισαχθῇ
2446 4368 2611 4439 ἔτερα
2677 4369 2843 4422 πάλιν
2881 4368 2995 4422 τῶν
3043 4367 3512 4439 διαφορηθέντων.
3566 4367 3763 4430 Οὕτως

488 4466 661 4535 gratia
717 4444 913 4519 natura
962 4472 1075 4517 tum
1113 4475 1381 4530 ventrem,
1412 4473 1524 4518 tum
1570 4464 1912 4519 stomachum
1953 4444 2068 4535 pln-

2176 4459 2275 4529 μὲν
2304 4455 2398 4513 οὖν
2438 4462 2470 4531 ἡ
2509 4460 2692 4532 ὄρεξις
2726 4461 2964 4530 γίνεται,
2988 4460 3056 4532 ἢν
3077 4463 3172 4514 καὶ⁴
3210 4464 3404 4514 πεῖναν
3435 4461 3740 4531 ὠνόμασαν

490 4557 646 4611 rimis
700 4572 866 4611 sensu
905 4556 1148 4627 praeditis
1198 4557 1383 4612 nervis
1442 4556 1742 4625 insignivit,
1790 4571 1900 4627 quo
1944 4557 2069 4626 ipsi,

2172 4555 2237 4607 ὲκ
2289 4551 2383 4607 τοῦ
2438 4555 2713 4624 στομάχου
2775 4556 2809 4625 ἡ
2859 4556 3099 4624 γαστήρ.
3143 4554 3239 4606 Ἐκ
3289 4553 3393 4624 τῆς
3435 4555 3682 4624 γαστρὸς
3726 4558 3759 4621 ἠ

488 4649 731 4703 alimenti
766 4650 1003 4719 inopiam
1034 4650 1349 4717 sentientes,
1398 4650 1602 4705 animal
1656 4651 1835 4720 ipsum
1866 4651 1933 4705 ad
1965 4650 2069 4705 sibi

2172 4647 2308 4718 σάρξ
2332 4662 2347 4679 ·
2381 4648 2446 4700 ὲκ
2469 4648 2567 4718 τῆς
2599 4647 2804 4717 σαρκὸς
2829 4648 2885 4699 αἱ
2914 4646 3254 4717 μεσαραῖκαὶ
3284 4646 3483 4715 φλέϐες
3501 4662 3516 4675 ·
3541 4648 3605 4699 ὲκ
3626 4647 3761 4699 τού-

489 4740 671 4794 cibum
714 4750 1013 4811 potumque
1044 4741 1447 4797 admovendum
1500 4742 1823 4808 excitarent,
1857 4742 2072 4811 aliaque

2171 4758 2277 4794 των
2313 4740 2374 4794 τὸ
2399 4736 2557 4814 ἧπαρ
2579 4757 2592 4772 ·
2631 4745 2694 4807 ὲκ
2722 4742 2816 4796 τοῦ
2850 4743 3064 4813 ἥπατος
3122 4742 3298 4795 πᾶσαι
3329 4740 3385 4795 αἱ
3415 4740 3649 4809 φλέϐες·
3697 4743 3763 4792 ἐκ

490 4830 721 4885 subinde
753 4831 819 4885 ad
861 4845 925 4889 ea
966 4847 1087 4903 qua:
1128 4831 1240 4903 jam
1287 4831 1575 4903 absumpta
1630 4841 1779 4897 stitit,
1819 4831 1921 4902 ipsi
1950 4829 2071 4887 suf-

2171 4833 2378 4887 τούτων
2405 4835 2439 4903 ἡ
2483 4834 2638 4905 κοίλη
2692 4834 2836 4906 φλέψ
2860 4851 2875 4866 ·
2913 4835 2979 4887 ὲκ
3016 4834 3226 4905 ταύτης
3257 4835 3307 4887 oi
3356 4832 3518 4909 μῦες,
3571 4833 3670 4883 καὶ
3706 4832 3761 4883 αξ

490 4921 783 4983 licerentur
810 4927 949 4977 :hoc
974 4923 1119 4978 enim
1151 4933 1309 4994 pacto
1346 4925 1641 5003 appetitus,
1674 4939 1836 4995 quem
1866 4922 2064 4983 famem

2177 4925 2588 4998 παρακείμεναι
2631 4926 2835 4997 σάρκες
2869 4926 3076 4980 ἁπλαῖ·
3127 4927 3193 4979 ὲκ
3237 4924 3450 4978 τούτων
3480 4925 3543 4977 τὸ
3581 4925 3765 4992 δέρμα

470 5029 861 5083 Διιιιηιξιιῃιηιεε,
904 5016 1229 5071 constitutio
1262 5016 1343 5074 fit.
1387 5017 1433 5079 Α
1488 5017 1777 5075 stomacho
1833 5029 2072 5086 namque

2176 5019 2468 5089 τρέφεται·
2505 5019 2600 5073 καὶ
2645 5018 2821 5081 οὕτως
2851 5019 3151 5089 τραφέντα,
3186 5017 3400 5071 ἵσταται
3437 5019 3537 5086 τῆς
3578 5016 3765 5084 ὁρμῆς

488 5117 698 5171 venter,
758 5121 789 5160 a
844 5115 1035 5164 ventre
1074 5123 1224 5163 vena:
1267 5108 1632 5173 mediatriees,
1676 5110 1745 5164 ab
1799 5108 2069 5183 98ipsis

2181 5108 2344 5180 μέχρι
2395 5108 2765 5185 διαπνευσθῇ·
2801 5107 3210 5185 διαφορηθέντα
3241 5106 3321 5172 δὲ,
3372 5106 3432 5161 τὸ
3488 5104 3767 5158 ἀνάπαλιν

484 5196 662 5265 jecur.
688 5212 721 5251 a
756 5198 1001 5268 jecinore
1032 5198 1200 5255 totius
1226 5199 1474 5272 corporis
1513 5201 1772 5265 vente,ab
1799 5201 1879 5257 eis
1928 5213 2067 5265 vena

2174 5198 2406 5267 γίνεται.

487 5306 611 5361 qua:
654 5306 789 5355 cava
846 5291 1171 5361 appellatur,
1227 5291 1297 5347 ab
1338 5292 1429 5357 illa
1478 5293 1711 5357 musculi
1766 5305 2072 5362 carnesque
2110 5291 2302 5348 molles
2341 5307 2462 5362 qua:
2504 5291 2612 5348 illis
2686 5292 2949 5363 proxima)
3021 5292 3347 5355 consistunt,
3389 5290 3461 5345 ab
3501 5290 3766 5349 carnibus

555 5448 600 5487 ⁹¹
633 5451 746 5507 lure
780 5464 889 5501 om.
919 5449 980 5502 Β.
1055 5450 1100 5481 ⁹²
1139 5447 1395 5518 μύστακα
1429 5447 1490 5501 Β.
1565 5447 1611 5480 ⁸⁸
1650 5446 1745 5500 cit.
1792 5460 1905 5518 om.
1938 5446 1979 5498 B
2012 5445 2072 5501 C.

2185 5446 2232 5478 ’⁸
2267 5446 2381 5518 haec
2427 5447 2591 5518 etiam
2620 5462 2746 5518 om.
2777 5447 2818 5500 Β
2853 5447 2914 5511 C,
2968 5458 3022 5518 et
3056 5462 3201 5501 vers.
3238 5445 3345 5518 lat.
3445 5446 3492 5479 ⁸³
3520 5442 3585 5500 εὖ
3612 5447 3757 5518 δὲᾲΑ.

488 5521 533 5557 ’⁸
558 5517 705 5572 οὕτω
730 5518 786 5570 δὲ
824 5518 970 5571 ἔστιν
1004 5515 1289 5588 ἐργαλεῖον
1317 5518 1570 5589 ὀρέξεως.
1601 5519 1684 5589 δτι
1714 5518 1778 5582 Ρ,
1813 5516 2057 5589 ὑπάρχον
2091 5515 2156 5589 B_.
2200 5586 2231 5589 _
2254 5517 2298 5550 ⁸⁷
2335 5517 2815 5589 καταδιδαζόμενα
2870 5518 2913 5589 Ii
2966 5516 3007 5569 C
3048 5518 3117 5589 7P.
3219 5518 3265 5549 η
3294 5517 3399 5589 ἤδη
3453 5517 3523 5569 τὰ
3572 5516 3764 5589 πρώην

490 5604 694 5687 lteram
722 5589 786 5641 P.
866 5591 932 5674 ‘9’
969 5586 1142 5655 ταῦτα
1169 5591 1235 5645 Δ.
1312 5586 1577 5660 ⁸’μείζων
1623 5588 1683 5641 Β.
1785 5588 1807 5619 ⁸
1849 5587 2072 5661 πλησίον

543 5657 802 5725 ὲπεγείρη
840 5660 881 5711 (ι
910 5660 971 5713 Ρ.

2198 5586 2261 5639 Ρ.
2337 5587 2358 5617 ³
2386 5587 2456 5663 τά
2496 5586 2611 5651 ζῷα
2641 5587 2701 5643 Β.
2770 5588 2792 5620 ⁵
2825 5587 3013 5659 νεῦραι
3046 5588 3107 5641 Β.
3184 5589 3202 5621 ⁸
3237 5586 3594 5649 αἰσθάνονται
3622 5590 3664 5643 Δ
3696 5588 3760 5641 L‘.

560 5807 636 5874 (ο)
674 5806 808 5874 n.1,
841 5808 962 5863 set.

2248 5808 2318 5880 (ε)
2348 5807 2450 5865 Od.
2483 5812 2544 5878 Δ,
2577 5807 2702 5865 ⁸287.
