4066 6214
369 294 496 354 trt‘ﬂ

1624 307 1713 362 DE
1755 309 2043 367 NA'I‘URA
2090 309 2405 368 llOMINlS.

3508 331 3644 390 12Ξῖ

358 433 499 482 c-itis
523 425 846 481 alimentum
883 425 1155 482 desumit:
1197 435 1252 483 et
1283 428 1356 484 ita
1387 426 1702 498 hujusmodi
1761 435 1946 480 motus
1991 442 2272 496 nunquam
2335 427 2556 493 desinit,
2589 433 2767 502 quoad
2801 434 2930 488 illuu
2993 437 3344 508 conﬁciatur;
3369 459 3478 514 quo
3513 463 3644 504 cen-

359 525 522 590 fccto,
586 539 782 579 rursus
851 525 1170 594 retrograda
1238 524 1476 595 quadam
1546 521 1947 584 vicissitudine,
1990 521 2225 577 invicem
2272 522 3114 603 excitanturinstauranturquc.

439 620 536 673 Ἐκ
563 617 658 673 τοῦ
720 619 993 690 δέρματος
1031 621 1080 672 οἱ
1115 620 1251 690 μύες
1285 620 1494 682 ἐνδείας
1527 618 1783 689 αἴσθησιν
1811 619 1829 650 ⁷
1861 617 1918 671 δέ

2022 646 2036 678 ι
2134 616 2371 675 Musculi
2400 621 2620 691 quidem
2648 638 2679 677 a
2709 636 2834 679 cute
2873 628 3016 696 quod
3044 629 3114 684 ab
3155 630 3288 701 ipsis
3323 633 3642 694 alimentum

354 730 542 785 χονται
570 729 584 742 ·
625 712 834 772 ἐκεῖνος
854 711 874 740 ⁸
904 710 1014 783 γὰρ
1035 710 1132 782 τὴν
1153 710 1361 781 τροφὴν
1383 709 1569 764 αὐτῶν
1595 711 1906 781 ἀνιμήσατο
1929 725 1942 738 '

354 807 402 859 οἱ
437 804 574 876 μύες
603 803 715 857 τῶν
744 806 966 874 σαρκῶν
1005 804 1101 858 καὶ
1139 802 1246 857 τῶν
1273 802 1512 874 φλεϐῶν,
1553 803 1652 874 τὴν
1695 804 1944 874 δαπάνην

353 903 731 967 ἀφήρπασαν·
765 899 822 950 αἱ
875 896 1073 967 φλέϐες
1115 896 1211 950 καὶ
1261 897 1319 950 αἱ
1356 897 1562 968 σάρκες
1604 897 1699 951 τοῦ
1733 898 1942 967 ἥπατος

351 991 564 1060 ἥψαντο
585 1004 597 1016 ·
632 989 694 1042 τὸ
719 984 875 1060 ἧπαρ
906 987 1004 1057 τὴν
1053 987 1301 1057 γαστέρα
1346 989 1658 1058 ὲπηρέασεν
1692 989 1793 1060 ἤδη
1823 1007 1834 1020 ·
1872 988 1942 1041 δι’

351 1085 561 1137 ἔνδειαν
591 1083 624 1153 η
657 1081 876 1151 γαστὴρ
925 1081 1017 1133 τὸν
1069 1081 1343 1151 στόμαχον
1365 1096 1378 1110 ⁸
1413 1083 1442 1133 ὁ
1478 1081 1754 1151 στόμαχος
1800 1079 1940 1148 μετᾶ

353 1179 451 1248 τῆς
487 1177 748 1246 γαστρὺς,
785 1175 848 1228 τὸ
899 1173 1038 1239 ζῶον
1083 1175 1224 1246 ὑπὲρ
1259 1176 1358 1245 τῆς
1382 1175 1594 1246 τροφῆς
1638 1175 1940 1244 ἐπανέστη-

353 1289 479 1324 σαν·
508 1269 571 1323 τὸ
602 1269 739 1336 ζῶον
763 1268 852 1321 διὰ
870 1267 970 1339 τὴν
994 1267 1112 1339 βίαν
1143 1267 1501 1338 τῆςφύσεως,
1529 1269 1738 1340 τροφὰς
1761 1266 1938 1337 ἐαυτῷ

350 1363 637 1432 ἐπενόητε.
671 1357 780 1410 Καὶ
804 1359 979 1423 οὕτως
1011 1361 1109 1431 μὲν
1132 1360 1273 1414 κατὰ
1304 1359 1365 1414 τὸ
1391 1360 1646 1414 πλεῖστον
1685 1359 1779 1414 τοῦ
1808 1360 1937 1430 χρό-

349 1476 441 1512 νον
474 1460 508 1528 ἡ
539 1455 723 1528 ὄρεξις
746 1455 981 1524 γίνεται.
1028 1455 1119 1508 Ἐν
1144 1455 1202 1508 δὲ
1233 1453 1590 1526 τῷχειμῶνι,
1634 1455 1936 1510 διεισδῦνον

351 1552 490 1620 πρὸς
515 1551 573 1603 τὸ
603 1551 768 1620 βάθος
795 1548 890 1601 τοῦ
929 1547 1186 1619 σώματος
1215 1550 1276 1602 τὸ
1304 1549 1426 1603 ὂλον
1452 1549 1678 1622 θερμόν,
1709 1549 1797 1604 διὰ
1835 1551 1936 1622 τὴν

348 1640 443 1692 τοῦ
477 1641 829 1708 περιέχοντος
859 1637 1041 1708 ψύξιν,
1077 1639 1176 1692 καὶ
1197 1639 1296 1709 τὴν
1328 1639 1609 1693 πύκνωσιν
1642 1641 1740 1694 καὶ
1779 1642 1935 1694 ἀδια-

349 1732 646 1784 πνευστίαν
676 1731 772 1784 τοῦ
829 1731 1105 1800 σώματος,
1135 1731 1197 1785 τὸ
1246 1732 1490 1803 ἔμφυτον
1520 1733 1724 1804 Θερμὸν
1761 1734 1933 1806 ὑπερ-

348 1823 644 1893 θερμαῖνόν
671 1839 728 1874 τε
755 1823 851 1874 καὶ
883 1823 1204 1888 πλεονάζον,
1236 1826 1334 1878 καὶ
1368 1826 1550 1878 πᾶσαν
1575 1826 1596 1857 ⁹
1628 1826 1730 1896 τὴν
1766 1826 1934 1895 ὑγρό-

343 1934 486 1986 τητα
511 1916 893 1969 καταδαπανὸν
932 1918 995 1982 ¹⁰,
1031 1918 1255 1972 πλείονα
1284 1918 1384 1990 τὴν
1412 1919 1594 1991 ὄρεξιν
1622 1921 1726 1974 ἀπε
1737 1923 1933 1992 ργάζε-

2054 717 2361 777 acceperat,
2438 727 2634 768 carnes
2696 730 2826 768 vero
2855 727 2908 770 et
2937 733 3086 775 vena:
3117 737 3146 775 a
3175 725 3457 788 musculis,
3501 729 3646 783 unde

2047 798 2350 868 alebantur,
2377 817 2406 858 a
2433 806 2691 862 carnibus
2725 823 2848 862 vero
2875 818 2929 864 ct
2955 813 3108 868 venis
3141 814 3312 885 jecur,
3337 831 3366 870 a
3397 818 3643 887 jecinore

2047 903 2261 960 venter,
2298 909 2330 949 a
2371 905 2561 951 ventre
2591 901 2908 955 stomachus
2938 903 3077 957 idem
3112 918 3380 976 repetunt.
3409 910 3490 964 Ab
3523 911 3640 980 ipso

2048 983 2318 1054 siquidem
2349 987 2637 1042 stomacho
2657 999 2710 1044 et
2741 1001 2928 1046 ventre
2959 995 3164 1050 animal
3211 999 3275 1052 ad
3305 999 3406 1054 sibi
3439 1017 3639 1070 parau-

2045 1075 2174 1128 dnm
2208 1076 2390 1130 cibum
2422 1079 2840 1150 exstimulatur;
2865 1083 3042 1153 ipsum
3074 1101 3205 1141 vero
3223 1098 3431 1144 natura:
3459 1093 3508 1146 vi
3531 1093 3636 1148 ali-

2045 1165 2208 1219 menti
2247 1182 2436 1220 euram
2488 1168 2838 1226 dissimulare
2865 1173 3088 1228 minime
3144 1187 3341 1245 potest,
3377 1191 3429 1236 ct
3460 1181 3536 1236 ita
3577 1184 3632 1238 in

2043 1256 2202 1322 nobis
2222 1256 2456 1326 plurima
2493 1261 2755 1329 temporis
2802 1261 3207 1334 intercapedine
3241 1272 3512 1340 appetitus
3551 1273 3634 1342 gi-

2043 1345 2244 1414 gnitur.
2287 1346 2350 1401 Et
2410 1349 2631 1418 quidem
2683 1351 2884 1408 hiemis
2957 1363 3218 1426 tempore,
3275 1376 3398 1416 cum
3450 1366 3630 1421 omnis

2041 1438 2290 1508 corporis
2346 1442 2516 1495 nostri
2585 1443 2753 1507 calor,
2802 1446 2872 1500 ob
2925 1448 3218 1505 ambientis
3247 1468 3347 1507 nos
3378 1457 3522 1512 aeris
3553 1459 3631 1511 ri-

2039 1547 2221 1601 gorem
2253 1533 2689 1607 densitatemque
2711 1538 2778 1592 ad
2813 1540 3000 1596 intima
3031 1543 3305 1601 declinare
3331 1551 3630 1620 compella-

2041 1635 2148 1695 tur,
2183 1630 2399 1700 corpori
2441 1631 2745 1702 respirandi
2804 1633 3046 1702 facultas
3069 1654 3177 1693 non
3225 1643 3405 1712 ampla
3439 1645 3624 1713 datur,

2037 1717 2238 1775 insitus
2270 1721 2424 1776 calor
2455 1722 2578 1792 plus
2619 1724 2812 1791 nimio,
2851 1738 2904 1780 et
2943 1744 3042 1783 ceu
3112 1731 3384 1800 geminato
3439 1740 3628 1807 vigore

2036 1815 2255 1872 auctus,
2290 1809 2566 1865 internum
2599 1813 2883 1869 humorem
2937 1826 3110 1872 totum
3148 1821 3510 1892 absumendo,
3555 1829 3626 1883 ad

2035 1900 2218 1955 cibum
2273 1904 2638 1973 appetendum
2702 1910 3029 1976 propensius
3063 1913 3266 1968 animal
3315 1917 3518 1985 reddit;
3557 1919 3626 1976 de

343 2027 456 2063 ται.
502 2009 672 2064 Τοῦτο
716 2013 812 2065 καὶ
848 2012 1221 2085 Ἰπποκρᾶιτης
1249 2017 1292 2049 ¹¹
1345 2017 1500 2080 εἰδώς
1553 2035 1754 2090 φησιν·
1806 2038 1825 2070 ι
1863 2022 1921 2074 Al

2035 2009 2144 2063 quo
2175 1991 2544 2064 Hippocrates,
2578 1997 2774 2054 hiemis
2805 2002 3058 2072 verisque
3100 2011 3378 2075 tempore.
3421 2018 3622 2068 natura

345 2102 548 2156 κοιλίαι
588 2103 860 2174 χειμῶνος
916 2107 1011 2160 καὶ
1056 2102 1192 2178 ἦρος
1241 2107 1579 2182 θερμόταται
1636 2111 1828 2181 φύσει·
1871 2115 1928 2165 ἐν

342 2195 572 2260 ταύταις
625 2193 719 2250 οὖν
753 2199 795 2228 ¹¹
847 2200 1006 2269 τῇσιν
1071 2199 1248 2272 ὥρῃσι
1307 2203 1501 2257 καὶτὰ
1555 2205 1926 2276 προσάρματα

346 2289 516 2342 πλείω
571 2289 781 2343 δοτέον·
823 2310 842 2342 ι
889 2293 1265 2366 προσάρματα
1310 2295 1489 2364 λέγων
1539 2299 1608 2352 τὰ
1643 2300 1812 2365 σιτία,
1849 2301 1926 2364 ὡς

344 2383 769 2453 προσφερόμενα
800 2384 877 2456 τῷ
903 2385 1118 2456 σώματι
1144 2403 1156 2416 °
1193 2388 1252 2452 ἐξ
1279 2383 1340 2444 οὗ
1374 2390 1468 2443 καὶ
1501 2389 1666 2459 ἄρτος
1689 2393 1844 2464 παρὰ
1865 2391 1926 2445 τὸ

341 2473 540 2543 αῐρειν,
569 2474 597 2525 δ
627 2477 742 2527 ἐστι
774 2476 1106 2548 προσφέρειν
1139 2477 1262 2530 καθ’
1294 2480 1569 2552 ὲκάστην’
1616 2483 1776 2552 ἡμῶν
1815 2487 1926 2554 γὰρ

339 2560 494 2626 οὗτος
532 2567 710 2638 τροφὴ
757 2568 854 2621 καὶ
888 2568 1176 2641 προσθήκη
1224 2570 1320 2624 τοῦ
1355 2570 1628 2644 σώματος.
1677 2573 1820 2627 Ἀλλ’
1875 2578 1924 2629 εί

343 2657 442 2727 μὲν
469 2659 722 2713 τοσοῦτον
754 2662 1110 2734 ἀντεισήγετο
1141 2664 1266 2718 ὅσον
1302 2666 1396 2719 καὶ
1428 2668 1756 2740 διεφορεῖτο,
1792 2687 1920 2726 συνο

338 2748 525 2802 ἑδαινε
547 2750 615 2803 τὰ
635 2752 883 2824 ἡμέτερα
903 2752 1137 2822 σώματα
1153 2756 1493 2811 ἀναλλοίωτα
1521 2760 1802 2832 διαμένειν
1828 2764 1923 2816 καὶ

341 2841 415 2910 μὴ
441 2843 640 2913 γηρᾷ-ι,
674 2845 808 2918 μηδὲ
852 2845 959 2900 ύπδ
989 2847 1084 2900 τοῦ
1113 2850 1302 2920 γήρως
1329 2853 1562 2924 πάσχειν
1587 2855 1654 2908 ⁸³.
1699 2855 1920 2926 Ἐπειδὴ

335 2933 393 2986 δὲ
437 2935 640 2988 πλείων
673 2938 773 3007 μὲν
804 2937 899 3009 ¹⁵ή
929 2939 1274 3014 διαφόρησις,
1307 2947 1403 2998 καὶ
1436 2948 1468 3018 ἡ
1500 2947 1610 3001 τῶν
1651 2967 1920 3022 περιττω-

339 3028 526 3097 μάτων
555 3032 963 3104 ἁποκάθαρσις,
1009 3035 1168 3106 ὀλίγη
1203 3036 1262 3089 δὲ
1297 3040 1329 3108 ή
1363 3041 1429 3092 ὲκ
1464 3041 1573 3094 τῶν
1607 3041 1918 3114 βρωμάτων

334 3123 512 3196 τροφὴ
540 3125 616 3196 τῷ
643 3125 858 3198 σώματι
881 3145 896 3158 ’
921 3147 939 3180 ι
969 3130 1192 3202 Τροφῆς
1213 3132 1321 3205 γὰρ
1345 3134 1404 3187 τὸ
1423 3135 1622 3208 τρέφον
1652 3141 1713 3204 ’⁸,
1749 3158 1768 3188 ι
1797 3139 1918 3193 καθ’

345 3215 749 3289 Ἱπποκράτην·
789 3221 879 3276 διὰ
903 3224 1084 3291 τοῦτο,
1131 3227 1273 3280 κατὰ
1317 3227 1492 3300 βραχὺ
1531 3233 1630 3301 τῆς
1683 3234 1740 3286 ἐν
1784 3235 1917 3306 ἡμῖν

333 3309 636 3382 ὑγρότητος
675 3314 718 3344 ¹⁶
755 3317 1326 3390 καταδαπανωμὲνης,
1367 3324 1464 3375 καὶ
1501 3317 1616 3377 οἷον
1661 3324 1914 3398 ξηραινο-
1945 3345 1986 3402 C

334 3405 496 3472 μένου
533 3408 626 3460 τοῦ
665 3407 943 3478 σώματος,
968 3414 1120 3485 γηρᾷ
1140 3413 1200 3466 τὸ
1231 3414 1372 3478 ζῶον
1402 3417 1497 3470 καὶ
1512 3418 1910 3492 διαφθείρεται,

332 3498 427 3552 καὶ
460 3503 540 3563 εἰς
584 3497 892 3575 ἀδυναμίαν
931 3507 1028 3560 καὶ
1073 3508 1366 3564 ἀσθένειαν
1416 3513 1684 3582 φέρεται,
1719 3517 1780 3568 ού
1819 3517 1917 3586 μό⁶

331 3608 424 3643 νον
457 3593 486 3644 ὁ
546 3589 852 3666 ἄνθρωπος,
908 3599 1046 3654 ἀλλὰ
1104 3603 1200 3655 acati.
1249 3603 1318 3657 τὰ
1364 3603 1531 3658 λοιπὰ
1580 3606 1690 3660 τῶν
1732 3606 1910 3672 ζώων.

332 3683 480 3754 Δύτη
521 3685 618 3754 μὲν
646 3688 736 3742 τοῦ
774 3691 1054 3764 στομάχου
1079 3695 1242 3766 χρεία
1275 3713 1336 3770 τε
1364 3697 1462 3751 καὶ
1497 3699 1778 3770 ἐνέργεια,
1816 3706 1913 3755 καὶ

329 3777 620 3848 ὀνομασία.

609 3896 751 3966 Κεφ.
794 3897 894 3952 16⁸.
930 3929 1002 3941 --
1038 3901 1177 3970 Περὶ
1221 3903 1330 3957 τοῦ
1374 3903 1626 3974 ἥπατος.

400 3986 471 4040 Τὸ
493 3987 552 4041 δὲ
575 3984 729 4060 ἧπαρ
746 3991 904 4045 οὐσία
925 3993 1074 4046 ἐστὶν
1092 3996 1296 4066 ἐρυθρὰ
1312 3998 1620 4072 σαρκώδης,
1639 4001 1850 4072 μύωσιν
1868 4006 1910 4037 ¹⁷

325 4077 527 4147 ἔχουσα
550 4082 859 4152 τεταμένην
885 4086 945 4138 ἐν
969 4089 1082 4149 τοῖς
1110 4087 1308 4154 δεξιοῖς
1344 4090 1592 4162 μέρεσιν,
1627 4097 1686 4148 ὲν
1711 4088 1758 4164 ᾧ
1788 4112 1910 4165 γεν·

323 4170 482 4221 νεῖται
510 4170 570 4222 τὸ
595 4166 736 4242 αἷμα
757 4191 768 4203 ’
795 4174 855 4239 ἐξ
884 4169 944 4229 οὗ
976 4177 1320 4248 ἐκπεφύκασι
1349 4181 1391 4214 ¹³
1419 4183 1638 4252 φλέϐες,
1672 4187 1742 4240 δι’
1765 4182 1840 4242 ὧν
1867 4189 1908 4222 ¹⁹

322 4267 644 4331 χορηγεῖται
673 4266 734 4319 τὸ
761 4261 903 4337 αἷμα
930 4270 1067 4342 πρὸς
1092 4273 1410 4347 ἀποτροφὴν
1435 4276 1531 4330 τοῦ
1564 4282 1769 4345 παντὸς
1799 4282 1906 4335 σώ-

325 4370 534 4422 ματος·
588 4358 685 4410 καὶ
719 4352 877 4426 οὗτος
936 4363 1038 4432 μὲν
1091 4365 1216 4434 ὄρος
1244 4367 1475 4438 ἥπατος.
1524 4372 1589 4425 Ἦ
1641 4373 1698 4427 δὶ
1729 4392 1905 4430 κατα-

320 4446 496 4519 σκευὴ
518 4449 685 4503 αὐτοῦ
708 4453 802 4506 καὶ
831 4455 1090 4526 ἐνέργεια
1112 4457 1328 4530 εἴρηται
1351 4463 1449 4531 μὲν
1474 4465 1569 4518 καὶ
1588 4468 1859 4538 πρῶτον¹⁰
1881 4489 1894 4503 ·

316 4540 599 4608 εἰρήσεται
651 4545 710 4598 δὲ
761 4548 857 4601 καὶ
895 4549 990 4603 νῦν
1041 4551 1199 4620 ὀλίγα
1229 4554 1360 4624 περὶ
1401 4557 1590 4612 αὐτοῦ.
1632 4561 1903 4633 Ὀργανον

317 4632 427 4703 γὰρ
457 4633 516 4687 ὃν
548 4636 644 4689 τοῦ
688 4639 1115 4713 ἐπιθυμητικοῦ,
1145 4646 1348 4712 δισσῶς
1384 4650 1597 4723 ταύτην
1621 4660 1860 4710 ποιεῖται
1882 4675 1896 4690 ο

315 4720 415 4791 τὴν
440 4723 539 4792 μὲν
561 4727 620 4779 ὲν
650 4731 770 4792 ταῖς
802 4735 1054 4802 τροφαῖς,
1078 4734 1180 4806 τὴν
1209 4736 1269 4790 δὲ
1297 4740 1360 4791 ὲν
1382 4745 1505 4805 ταῖς
1538 4720 1851 4810 συνουσίαις
1876 4763 1892 4779 ο

316 4815 412 4867 καὶ
443 4814 534 4870 διὰ
575 4819 678 4889 τῆς
708 4824 841 4890 μιᾶς
873 4825 940 4889 ’⁸,
994 4828 1313 4898 ἀντεισάγει
1363 4832 1424 4885 τὸ
1462 4833 1651 4891 λεῖπον
1679 4839 1760 4910 τῷ
1790 4841 1896 4894 σώ-

316 4923 470 4976 ματι,
502 4909 590 4964 διὰ
621 4912 676 4966 δὲ
699 4913 794 4985 τῆς
834 4915 1022 4989 ἄλλης,
1059 4921 1347 4994 ἀποκρίνει
1377 4925 1438 4979 τὸ
1467 4909 1784 4994 πλεονάζον.

385 5089 578 5145 Ἔστιν
611 5089 677 5148 αὗ
710 5097 755 5128 ²²
791 5097 954 5166 φύσει
1002 5099 1208 5174 θερμὸν
1263 5106 1424 5163 τοῦτο
1461 5110 1525 5164 τὸ
1555 5113 1888 5187 σπλάγχνον,

305 5178 399 5232 διὰ
428 5182 489 5234 τὸ
510 5185 746 5253 αἵματος
793 5186 935 5245 εἶναι
981 5198 1306 5268 γεννητικόν
1327 5219 1339 5232 ·
1369 5202 1432 5255 οὐ
1468 5204 1579 5277 μὴν
1616 5178 1774 5262 ἀλλα.
1796 5178 1893 5264 καλ

305 5271 418 5326 τῶν
455 5275 630 5332 ἄλλων
683 5281 896 5352 χυμῶν.
936 5287 1017 5340 Τὰ
1066 5290 1175 5360 γὰρ
1235 5293 1401 5358 σιτία,
1614 5300 1891 5374 διαφόρων

305 5366 528 5434 φύσεων
559 5372 694 5429 ὅντα
724 5377 884 5450 τύχη,
919 5381 1000 5444 είς
1024 5381 1124 5452 τὴν
1153 5386 1398 5458 γαστέρα
1425 5389 1514 5445 διὰ
1543 5392 1640 5446 τοῦ
1690 5366 1893 5469 στομά-

375 5509 569 5584 ἀἰσελ
610 5516 718 5570 ενδ.
757 5519 817 5573 Β.
891 5521 914 5554 ⁸
955 5523 1155 5580 ἐκεῖνοι
1197 5528 1263 5584 Α.

307 5576 351 5611 ⁸⁸
385 5575 478 5634 οὖν
531 5599 642 5639 om.
694 5589 756 5643 Β.
815 5591 860 5623 ¹³
885 5575 1316 5666 τί

306 5717 354 5832 ’c'
395 5723 932 5832 regiaivulthpﬁgg
966 5735 1167 5832 Eleus:
1207 5745 1541 5832 τεταγμένον
1571 5747 1635 5805 C.
1714 5751 1760 5785 "
1791 5749 2148 5827 ἐμπεφύκασι
2175 5761 2236 5818 Β.

304 5805 356 5844 τ.
394 5809 452 5862 μ.
483 5795 543 5851 Β.
641 5801 685 5833 ³³
722 5795 816 5854 οὖν
861 5795 923 5864 Β,
965 5795 1078 5862 ἐστι
1109 5809 1166 5862 δὲ
1207 5812 1256 5865 θ.

587 5893 858 5960 ΡΑτιιοι.
909 5901 1024 5966 Gn.
1074 5905 1283 5968 LXIV.

2031 2082 2356 2138 calidissimi
2378 2094 2597 2142 ventres
2625 2087 2915 2156 habentur,
2939 2107 3002 2146 ea
3037 2095 3182 2148 enim
3232 2105 3478 2168 tempora
3511 2101 3622 2157 lar-

2029 2173 2209 2244 giores
2235 2176 2387 2232 cibos
2411 2189 2688 2248 expetunt.
2705 2180 2868 2238 Cibos
2892 2183 3036 2239 enim
3063 2185 3418 2259 Hippocrates
3453 2210 3624 2266 προσ-

2029 2265 2250 2338 ἀρματα
2291 2271 2526 2340 appellat
2564 2272 2641 2335 ὡς
2675 2277 3092 2348 προσφερόμενα
3119 2280 3198 2350 τῷ
3217 2281 3448 2352 σώματι,
3473 2265 3620 2356 quod

2029 2359 2282 2416 videlicet
2310 2365 2528 2434 corpori
2583 2365 2892 2421 aﬂ‘erantur
2921 2369 3395 2444 adhibeanturque
3428 2393 3442 2430 :
3475 2382 3620 2436 unde

2026 2461 2080 2506 et
2109 2453 2262 2520 panis
2299 2455 2368 2509 ah
2415 2456 2549 2526 ipsis
2589 2467 2736 2512 artos
2771 2459 2993 2529 dicitur,
3055 2463 3165 2519 ἀπὸ
3213 2465 3308 2520 τοῦ
3373 2469 3515 2542 αἴρω
3555 2473 3618 2526 τὸ

2027 2544 2344 2615 προσφέρω,
2393 2547 2539 2615 quod
2574 2549 2804 2620 singulis
2837 2552 3087 2609 videlicet
3128 2557 3323 2615 diebus
3379 2562 3447 2616 ad
3479 2578 3614 2619 usus

2026 2643 2242 2690 nostros
2268 2635 2544 2694 θίγω-ρων.
2574 2638 2710 2696 Nam
2736 2643 2783 2697 si
2812 2645 2969 2700 nobis
2998 2651 3332 2705 tantumdem
3370 2653 3614 2712 alimenti

2025 2726 2268 2782 adhiberi
2305 2729 2528 2784 daretur
2551 2742 2815 2802 quantum
2879 2737 3095 2793 absumi
3120 2751 3326 2810 posset,
3365 2759 3601 2816 corpora
3635 2792 3645 2801 .

2025 2827 2211 2871 nostra
2263 2821 2730 2889 permutationem
2791 2827 2994 2882 sentire
3062 2831 3327 2901 senioque
3386 2836 3608 2903 contici,

2023 2907 2250 2979 ejusque
2323 2910 2540 2968 damnis
2627 2929 2752 2970 esse
2844 2917 3080 2975 obnoxia
3183 2921 3606 2998 haudquaquam

2022 3003 2286 3058 eveniret.
2342 3002 2587 3074 Verum,
2639 3007 2899 3075 quoniam
2947 3011 3092 3082 quod
3157 3015 3466 3076 absumitur
3543 3039 3608 3078 ac

2022 3107 2118 3162 per
2197 3107 2541 3153 excrementa
2602 3101 2931 3167 secernitur,
2983 3105 3142 3178 longe
3197 3107 3430 3168 immissi
3506 3117 3604 3171 ali-

2021 3186 2188 3240 menti
2257 3189 2564 3257 portionem
2593 3202 2908 3261 exsuperat,
2954 3195 3056 3251 bac
3101 3198 3168 3253 de
3227 3215 3414 3268 causa,
3457 3209 3604 3261 radi-

2021 3277 2122 3332 cali
2173 3277 2400 3336 humore
2447 3284 2650 3338 sensim
2718 3285 3006 3344 deficiente
3055 3299 3110 3345 et
3146 3306 3376 3364 corpore
3429 3297 3500 3353 ob
3547 3299 3602 3355 id

2021 3368 2376 3437 siccescente,
2408 3373 2614 3428 animal
2638 3379 2877 3434 senescit
2905 3383 3405 3457 corrumpiturque,
3439 3402 3604 3462 atque

2019 3459 2086 3513 ad
2135 3460 2513 3531 impotentiam
2549 3465 3091 3544 imbecillitatcmque
3137 3483 3446 3536 necessario
3491 3459 3604 3539 fer-

2017 3559 2152 3606 tur:
2211 3570 2333 3622 qua:
2380 3556 2521 3610 ratio
2567 3573 2676 3611 non
2730 3559 2797 3614 de
2848 3561 3070 3619 homine
3107 3575 3344 3636 tantum,
3398 3573 3491 3628 sed
3532 3575 3600 3630 de

2016 3645 2231 3700 cunctis
2270 3645 2398 3699 item
2449 3647 2784 3706 animalibus
2836 3653 3082 3711 habenda
3119 3668 3221 3714 est.
3274 3661 3336 3716 Et
3375 3663 3489 3721 haec
3531 3668 3601 3724 de

2015 3738 2284 3792 stomachi
2358 3754 2484 3802 usu,
2544 3742 2964 3818 actionibusque
3013 3761 3178 3822 atque
3239 3757 3602 3826 appellatione

2013 3826 2127 3899 99
2162 3831 2298 3887 satis
2352 3832 2556 3888 dictum
2600 3835 2689 3890 sit.

2397 3945 2528 4016 Cap.
2571 3945 2706 4003 XIX.
2739 3981 2808 3992 —-
2835 3951 2912 4006 De
2931 3951 3186 4021 jecinore.

2083 4027 2246 4086 Jecur
2271 4043 2474 4100 autem,
2519 4037 2826 4095 substantia
2880 4043 3206 4103 rubesceute
3251 4064 3596 4125 carnosaque

2013 4119 2263 4186 habetur,
2311 4134 2365 4178 et
2399 4141 2429 4179 ιι
2461 4127 2684 4184 dextera
2721 4141 2874 4201 parte
2896 4133 3089 4204 ipsius,
3127 4138 3182 4193 in
3214 4155 3320 4211 qua
3369 4119 3594 4218 sangui-

2009 4211 2099 4270 nis
2113 4216 2433 4274 constitutio
2460 4218 2539 4283 ﬁt,
2563 4237 2710 4278 venae
2741 4225 3015 4293 oriuntur,
3051 4245 3148 4300 per
3167 4249 3306 4304 quas
3327 4238 3392 4292 ad
3423 4211 3593 4296 totum

2015 4317 2220 4373 corpus
2259 4314 2511 4362 nostrum
2559 4310 2880 4368 alimentum
2914 4315 3264 4378 distribuitur
3300 4344 3314 4379 :
3359 4337 3413 4382 et
3469 4331 3593 4386 talis

2014 4394 2234 4462 quidem
2287 4397 2534 4454 deﬁnitio
2585 4402 2846 4469 jecinoris
2895 4416 3001 4464 est.
3050 4409 3209 4480 Nam,
3267 4421 3477 4473 tametsi
3525 4422 3594 4477 de

2009 4483 2128 4553 ejus
2170 4496 2442 4544 structura
2493 4495 2910 4568 actionibusque
2933 4506 3086 4570 prius
3117 4506 3590 4577 explicaverimus.

2010 4577 2181 4634 nihilo
2223 4587 2405 4637 tamen
2452 4586 2634 4642 secius
2669 4589 2736 4643 de
2762 4589 2884 4659 ipso
2915 4592 3284 4662 impraesentia
3325 4605 3588 4660 nonnulla

1932 4703 1974 4757 ο
2007 4668 2329 4730 referemus.
2385 4676 2522 4732 Cum
2563 4681 2708 4734 enim
2746 4681 2926 4750 ipsum
2991 4689 3302 4756 appetibilis
3359 4693 3590 4752 faculta-

2003 4761 2071 4816 tis
2110 4763 2538 4823 instrumentum
2584 4770 2676 4834 sit,
2712 4772 2855 4829 hanc
2897 4775 3112 4835 duobus
3145 4783 3319 4840 modis
3349 4800 3583 4856 exercet,

2000 4853 2169 4910 altero
2221 4856 2274 4912 in
2321 4859 2732 4929 alimentorum,
2783 4876 2839 4920 et
2901 4867 3073 4926 altera
3114 4872 3167 4928 in
3217 4878 3295 4932 rei
3341 4893 3586 4938 venerea:

2001 4961 2183 5002 nsum.
2233 4947 2398 5015 Item,
2432 4953 2605 5011 altero
2624 4958 2840 5025 quidem
2872 4965 3017 5031 quod
3049 4963 3200 5024 deest
3227 4973 3444 5042 corpori
3475 4974 3586 5030 suf-

2003 5037 2134 5103 ticit,
2159 5041 2334 5098 altero
2366 5060 2498 5100 vero
2529 5062 2946 5121 exsuperantem
2985 5064 3271 5119 materiam
3312 5069 3580 5124 excernit.

2072 5131 2189 5190 Hoc
2217 5146 2402 5192 autem
2431 5149 2616 5196 extum
2650 5154 2844 5202 natura
2870 5149 3108 5209 calidum
3134 5167 3236 5223 est,
3272 5166 3459 5230 utpote
3492 5161 3581 5216 cui

1999 5231 2194 5280 natura
2241 5225 2360 5297 ipsa
2408 5234 2694 5304 sanguinis
2732 5241 3049 5308 generandi.
3099 5225 3444 5318 aliorumque
3479 5249 3586 5305 hu-

1999 5329 2215 5371 morum
2264 5334 2453 5412 curam
2517 5324 2888 5387 demandavit.
2939 5331 3176 5403 Etenim,
3229 5339 3334 5394 cibi
3383 5341 3583 5412 quibus

1997 5406 2311 5474 vescimur,
2352 5411 2456 5466 etsi
2502 5427 2600 5470 eos
2647 5416 2900 5476 diversos
2955 5438 3080 5480 esse
3110 5429 3421 5500 contigerit,
3454 5447 3580 5489 cum

1341 5531 1362 5563 ’
1393 5533 1488 5627 nat
1535 5538 1720 5627 fractam
1864 5545 1959 5627 κα)
1984 5559 2096 5627 om.
2122 5551 2190 5604 Δ.
2264 5552 2308 5584 ¹⁶
2353 5555 2753 5627 καταδαπανᾶω
2793 5563 2840 5615 Α
2872 5561 2912 5618 C
2953 5564 3017 5618 P.
3098 5565 3139 5598 ¹¹
3171 5566 3200 5620 ό
3243 5568 3458 5624 Ἰπποκ.
3516 5571 3578 5627 Β.

1393 5604 1438 5636 ⁸⁸
1491 5606 1592 5677 μὲν
1619 5625 1728 5665 om.
1761 5611 1823 5667 Β.
1905 5617 1948 5648 ³⁸
1989 5617 2050 5671 τὸ
2103 5636 2267 5692 τρεφ.
2295 5604 3480 5709 295951737'oﬁfoaapu‘Qs'éZK}.

2333 5767 2375 5798 ⁸⁸
2408 5761 2471 5819 οὗ
2499 5768 2562 5824 Β.
2640 5771 2686 5804 ’⁸
2740 5773 2979 5846 πρόσθεν
3010 5777 3069 5832 Β.

3163 5780 3203 5812 ἰ
3239 5779 3288 5834 δ.
3343 5782 3444 5852 μιν
3468 5781 3579 5854 γὰρ

3168 5943 3242 6004 Μ
