4066 6214
485 265 508 320 1
521 264 630 322 255

1761 255 2042 338 RIELETII
2083 254 2393 310 MONACHI

3595 248 3732 306 im

480 380 677 445 ἀδένας
723 386 1083 451 nuncupant,
1115 377 1348 433 refertus
1405 385 1522 441 est,
1576 391 1811 447 quarum
1861 383 2049 430 natura

2161 373 2294 428 ϐὡν.
2335 373 2489 427 Ἐπεὶ
2520 373 2560 405 ’⁸
2595 371 2703 443 γὰρ
2741 365 2898 436 οὗτος
2950 371 2981 425 ὀ
3031 369 3194 433 τόπος
3253 366 3522 440 ἀδενώδης
3566 368 3738 433 ἐστὶν,

483 471 774 532 imbecillis
825 488 892 528 ac
946 473 1067 533 laxa
1113 469 1375 534 habetur,
1411 484 1592 523 rerum
1653 467 1846 538 Opil‘ex
1911 469 2059 533 ipsas

482 563 732 618 tonsillae
760 578 882 634 qua:
898 563 962 616 ad
996 561 1281 616 humorem
1303 559 1624 631 capiendum
1656 571 1798 632 apta:
1827 560 2061 616 idonea:-

479 671 590 726 que
644 665 770 711 sunt
803 693 820 718 ,
862 653 930 708 ad
975 665 1449 708 excrementorum
1514 669 1672 708 usum
1704 691 1719 719 ,
1769 661 2058 725 concepta-

480 745 712 816 culaque
763 756 971 800 tantum
1035 745 1199 800 modo
1262 745 1375 800 iilic
1440 744 1714 810 obtexuit,
1756 759 1878 815 qute
1932 759 2057 799 cum

480 852 594 909 pra:
643 836 727 892 sui
775 835 1150 892 imbecillitate
1196 851 1304 907 qua
1358 845 1556 891 natura
1604 845 1733 890 sunt
1788 833 2053 905 praeditas,

481 930 643 984 talem
693 929 960 1000 expellere
989 930 1274 986 humorem
1326 939 1624 1000 nequeunt,
1675 928 1728 983 in
1789 938 2056 982 tumorem

478 1019 786 1089 eriguntur.
834 1016 900 1072 Et
956 1018 1217 1088 quoniam
1278 1017 1410 1074 illud
1460 1019 1678 1073 evenire
1737 1017 2058 1087 plerumque

479 1111 639 1174 solet,
675 1109 886 1165 ratione
913 1110 1119 1180 optima
1150 1111 1464 1180 ltujusmodi
1495 1127 1696 1167 nomen
1730 1109 2052 1165 sortiuntur.

479 1201 728 1266 Vesicam
771 1211 976 1267 autem,
1043 1217 1206 1272 quam
1259 1201 1484 1267 κύστιν,
1537 1201 1645 1256 ἀπὸ
1695 1199 1790 1256 τοῦ
1839 1200 2055 1256 κεύθειν

474 1293 568 1346 τὸν
593 1288 754 1366 οὖρον
792 1293 982 1349 dicunt
1022 1309 1090 1348 cx
1131 1310 1197 1348 co
1241 1295 1386 1365 quod
1427 1294 1482 1348 in
1518 1294 1636 1364 ipsa
1667 1293 1827 1348 urina
1861 1307 2056 1350 recou-

475 1385 646 1450 ditur,
703 1385 904 1441 dictam
928 1386 1134 1440 volunt.

549 1478 688 1534 Sunt
716 1480 876 1534 etiam
911 1479 1273 1534 instrumenta
1300 1478 1569 1550 quaedam,
1610 1494 1732 1549 quae
1780 1477 2054 1548 mingendi

481 1571 662 1626 ollicio
707 1572 1028 1637 inserviunt,
1075 1581 1134 1628 ut
1177 1588 1356 1636 renes,
1402 1573 1456 1626 in
1511 1571 1712 1642 quibus
1763 1571 2051 1626 humidum

474 1671 888 1718 excrementum
941 1663 1233 1728 dividitur;
1283 1663 1543 1717 nonnulla
1595 1678 1725 1718 vero
1764 1661 1869 1732 ipsi
1905 1671 2052 1716 trau-

2159 468 2208 520 oi
2241 467 2295 520 δὲ
2318 467 2506 531 ἀδὲνες
2537 467 2699 536 φύσει
2729 466 3068 538 ὑπάρχουσιν
3098 463 3343 527 ἀσθενεῖς
3386 462 3482 516 καὶ
3510 461 3702 532 ἀραιοί
3723 479 3737 492 ·

2161 559 2487 629 ὑπέστρωσε
2519 559 2628 632 γὰρ
2661 558 2861 622 αὐτοὺς
2903 560 3020 622 τοῖς
3071 556 3342 628 μορίοιςὴ
3387 554 3605 624 cpiam“
3659 557 3740 619 είς

2161 653 2352 722 χρείαν
2385 653 2554 723 μόνην
2586 651 2682 707 καὶ
2726 651 2999 721 ὑποδοχὴν
3049 651 3158 703 τῶν
3210 648 3654 719 περιττωμάτων
3672 649 3740 712 ³³,

2158 741 2232 804 ὡς
2247 741 2607 812 ἐπιτηδείους,
2626 740 2934 812 τηνικαῦτα
2949 738 3126 812 χυμοῦ
3145 739 3515 810 ἐμπίπτοντος
3531 739 3738 802 αὑτοῖς,

2163 832 2238 904 μὴ
2289 832 2580 904 δυνάμενοι
2621 831 2813 886 τοῦτον
2862 831 3162 898 ἀποδιῶξαι
3211 830 3301 884 διὰ
3352 830 3453 900 τὴν
3503 831 3740 899 φυσικὴν

2158 923 2464 989 ἀσθένειαν,
2499 925 2823 997 ἐπαίρονται
2874 926 2956 987 εἰς
3009 924 3196 992 ὄγκον.
3247 922 3404 976 Ἐπεὶ
3449 918 3546 975 οὖν
3581 921 3742 976 τοῦτο

2161 1014 2564 1086 συχνοτέρως¹’⁸
2589 1015 2880 1086 συμϐαίνει
2925 1015 2984 1067 ἐν
3027 1016 3142 1078 τοῖς
3192 1014 3379 1075 τόποις
3427 1011 3645 1076 τούτοις
3669 1015 3738 1077 ³⁵,

2157 1105 2383 1169 είκότως
2411 1106 2510 1176 τῆς
2563 1106 2862 1177 ὀνομασίας
2896 1105 3101 1175 ταύτης
3147 1105 3536 1176 τετυχήκασιν.
3577 1106 3646 1158 Ἦ
3685 1106 3742 1160 δὲ

2157 1198 2392 1263 κύστις,
2422 1197 2530 1252 ἀπὸ
2559 1197 2654 1252 τοῦ
2685 1197 2903 1252 κεύθειν
2932 1199 2993 1251 τὸ
3020 1198 3202 1269 οὖρον.

2226 1460 2349 1513 Τῶν
2371 1457 2800 1532 οὐρητικῶν-οὗν
2853 1460 3125 1531 ὀργάνων.
3178 1461 3246 1516 τὰ
3276 1461 3378 1534 μὲν
3414 1462 3739 1535 διακριτικᾶ

2153 1550 2263 1606 εισι
2295 1551 2406 1604 τῶν
2432 1549 2630 1623 οὔρων,
2664 1552 2697 1623 ἢ
2748 1553 3028 1622 ἀγγεῖον²⁸
3067 1551 3254 1627 ὥσπερ
3300 1555 3491 1624 νεφροί
3524 1573 3539 1586 ο
3569 1557 3637 1610 τὲ
3681 1556 3741 1608 δὲ

2155 1643 2545 1715 παροδευτικὰ,
2575 1643 2766 1714 ῶσπερ
2792 1643 2859 1698 τὰ
2900 1644 2960 1712 ἐξ
3008 1645 3224 1715 ἥπατος
3273 1645 3547 1716 ἐρχόμενα
3599 1647 3743 1718 1:96;

475 1753 638 1809 situm
682 1755 844 1824 108
881 1754 1172 1821 exhibent;
1222 1762 1277 1810 et
1313 1755 1429 1809 lucc
1472 1755 1694 1826 quidem
1737 1770 1870 1810 vasa
1923 1762 2049 1809 sunt

2156 1735 2390 1808 νεφροὺς
2408 1735 2452 1767 ³⁷
2485 1736 2705 1805 ἀγγεῖα.
2739 1737 2918 1809 Μέχρι
2951 1737 3060 1808 γὰρ
3083 1737 3183 1807 τῆς
3209 1737 3413 1808 ὀσφύος
3441 1739 3499 1790 al
3560 1755 3740 1808 μεααο

474 1861 598 1916 qua:
625 1862 654 1899 a
691 1846 958 1916 jecinore,
993 1847 1060 1902 ad
1118 1863 1277 1902 rencs
1329 1847 1654 1916 procedunt.
1711 1843 1844 1901 Nam
1880 1861 2053 1910 vente,

474 1953 598 2008 quae
622 1938 962 2000 ntediatrices
990 1948 1393 2008 nuncupantur,
1420 1955 1598 2009 usque
1638 1941 1702 1993 ad
1735 1938 1948 1992 lumbos
1977 1936 2056 1992 fe-

473 2039 690 2084 runtur.
753 2027 859 2084 Sed
919 2031 1342 2087 instrumentum
1381 2031 1702 2102 recipieudze
1745 2030 1915 2086 urinae
1960 2044 2055 2084 ve-

473 2119 591 2174 sica
615 2128 738 2185 cst;
767 2122 1121 2176 excernenda:
1160 2137 1288 2176 vero
1311 2121 1555 2192 ejusdem
1612 2123 1809 2177 vesica:
1851 2121 2052 2178 collum

474 2209 726 2265 habetur.
753 2210 829 2264 Ex
879 2211 964 2266 his
995 2221 1176 2278 autem
1211 2228 1338 2267 vasa
1368 2212 1458 2266 illa
1481 2226 1604 2282 quae
1651 2211 1938 2267 transitum
1961 2227 2055 2266 ex-

475 2299 683 2362 hibent,
708 2317 840 2356 usus
863 2304 1239 2358 tantummodo
1263 2303 1459 2373 gratia,
1492 2319 1600 2358 non
1624 2303 1832 2373 aliquid
1859 2302 2052 2372 agendi

474 2389 772 2444 constituta
804 2398 951 2444 sunt.
983 2391 1239 2456 Quaedam
1271 2405 1422 2453 vero,
1473 2400 1530 2444 ut
1550 2399 1678 2445 sunt
1721 2404 1881 2446 rencs
1907 2389 2051 2444 vesi-

475 2494 670 2550 caque,
724 2479 1054 2536 demandata
1113 2481 1219 2535 sibi
1273 2478 1447 2535 ollicia
1497 2488 1801 2550 peragunt;
1839 2479 1894 2533 in
1943 2479 2052 2534 illis

473 2569 620 2624 cnim
680 2569 797 2639 ipsa
849 2571 1006 2625 urina
1043 2570 1112 2626 ad
1155 2570 1394 2626 debitum
1441 2571 1524 2627 sui
1571 2571 1733 2626 tinent
1767 2569 2053 2642 perfectio-

473 2677 710 2731 nemque
737 2661 1006 2718 evehitur.

543 2750 687 2809 Loca
735 2761 955 2818 autem,
1005 2769 1128 2825 qua:
1187 2755 1421 2821 vesicaa,
1486 2755 1694 2826 inguini
1745 2771 1811 2812 ac
1864 2755 1974 2812 iliis
2019 2771 2050 2810 a

474 2851 629 2916 tergo
679 2845 1005 2912 consistunt,
1035 2845 1203 2902 lumbi
1236 2847 1596 2918 appellantur,
1621 2847 1675 2901 in
1717 2847 1851 2917 ipsis
1903 2847 2051 2902 enim

472 2950 634 2990 renes
693 2936 850 3006 positi
909 2946 1057 2993 sunt.
1117 2938 1397 3009 Siquidem
1459 2954 1649 2994 eorum
1711 2938 2047 3006 substantia,

471 3025 593 3082 laxa
643 3028 1049 3101 tonsillarisque
1099 3039 1310 3086 natura:
1336 3031 1575 3102 exilique
1605 3032 1833 3087 materia
1859 3047 2048 3102 quom-

2159 1827 2349 1898 ραῖκαὶ
2374 1827 2573 1897 φλέϐες
2603 1829 2886 1900 φέρονται.
2925 1830 3008 1882 Τὰ
3049 1829 3105 1883 δὲ
3137 1830 3492 1898 ὑποδεκτικὰ,
3545 1831 3742 1904 ὥσπερ

2158 1919 2348 1984 κύστις
2369 1920 2446 1955 ’⁸ο
2483 1920 2556 1974 τὰ
2582 1921 2638 1974 δὲ
2663 1922 3022 1994 ἀποκριτικὰ,
3050 1920 3239 1993 ὥσπερ
3256 1923 3284 1975 ὀ
3307 1922 3586 1995 τράχηλος
3637 1927 3744 1994 τῆς

2157 2011 2436 2076 κύστεωςο
2473 1999 2664 2066 καὶτὰ
2693 2013 2793 2086 μὲν
2829 2013 3010 2070 αὐτῶν
3050 2015 3242 2086 χρείαν
3285 2016 3459 2088 μόνην
3500 2017 3741 2087 παρέχε-

2155 2119 2267 2167 ται,
2299 2103 2376 2166 ὠς
2423 2103 2495 2155 τὰ
2543 2104 2746 2173 ἀγγεῖα
2775 2103 2844 2158 τὰ
2896 2104 3298 2176 παροδευτικάο
3354 2105 3641 2177 ἐνέργειαν
3679 2106 3740 2159 δὲ

2155 2194 2414 2264 οὐδεμίαν
2446 2193 2602 2266 ἔχει·
2641 2195 2713 2248 τὰ
2751 2195 2809 2249 δὲ
2855 2197 3094 2266 ἐνεργεῖ,
3148 2199 3224 2260 ῶς
3253 2197 3302 2249 οί
3328 2198 3522 2266 νεφροὶ
3572 2197 3668 2251 καὶ
3701 2199 3737 2268 ἠ

2155 2285 2346 2351 κύστις
2365 2303 2378 2318 '
2402 2289 2520 2341 ἐκεῖ
2547 2288 2656 2356 γὰρ
2679 2287 2773 2341 τὸν
2807 2287 3088 2358 πρέποντα
3114 2289 3321 2360 κόσμον
3351 2289 3738 2360 ἀπολαμϐάνει

2155 2379 2215 2434 τὸ
2236 2373 2416 2450 οὖρον,
2442 2379 2669 2435 ὄπισθεν
2695 2381 2794 2453 τῆς
2845 2380 3117 2448 κύστεως,
3163 2382 3257 2436 καὶ
3306 2381 3600 2453 βουϐῶνος,
3636 2384 3738 2436 καὶ

2153 2472 2404 2544 λαγόνος.

2237 2765 2465 2836 Ὀσφὺς
2520 2765 2635 2819 δὲ¹⁹
2683 2765 2902 2836 λέγεται
2943 2767 2971 2819 ὀ
3019 2764 3207 2828 τ’όπος,
3242 2766 3300 2818 ὲν
3339 2756 3384 2833 ᾧ
3414 2767 3628 2818 κεῖνται
3674 2766 3734 2818 οἱ

2151 2858 2377 2930 νεφροίο
2437 2857 2586 2911 ἔστιν
2636 2853 2728 2912 οὖν
2779 2860 2813 2928 ἡ
2864 2858 3024 2911 οὖσῖα
3063 2857 3244 2910 αὐτῶν
3301 2855 3575 2925 ἀδενώδης
3622 2855 3726 2909 καὶ

2149 2951 2402 3024 ψαφαρὰ,
2427 2952 2588 3023 ὃμοια
2609 2953 2720 3015 τοῖς
2744 2951 2983 3023 ὄρχεσιν.
3008 2952 3180 3005 Δί’τιοι
3197 2950 3253 3004 δέ
3287 2951 3424 3003 εἰσιν
3477 2943 3632 3004 οὗτοι
3679 2950 3729 3001 οῖ

2153 3045 2366 3116 νεφροὶο
2418 3047 2511 3098 καὶ
2557 3045 2660 3110 τῆς
2705 3046 2850 3098 κατὰ
2891 3045 2992 3116 τὴν
3030 3044 3321 3099 συνουσίαν
3350 3042 3605 3115 ὀρέξεως,
3645 3040 3740 3094 καὶ

471 3117 767 3178 admodum
825 3131 879 3176 et
920 3125 1140 3178 testium
1179 3131 1414 3179 constat.
1464 3123 1548 3177 Ad
1597 3123 1734 3188 haec,
1762 3139 1921 3180 renes
1939 3123 2044 3194 ipsi

2148 3137 2249 3206 τῆς
2303 3122 2407 3191 τοῦ
2439 3137 2679 3206 αἵματος
2728 3135 3084 3207 καθάρσεωςο
3145 3137 3205 3190 τὸ
3265 3135 3507 3208 ὀρρῶδες
3564 3131 3739 3186 αὑτοῦ

472 3219 588 3264 tum
641 3213 926 3280 appetendi
1003 3215 1225 3283 coitus,
1283 3225 1397 3272 tum
1467 3217 1770 3287 depurandi
1827 3219 2050 3289 sangui-

471 3301 580 3366 nis,
628 3316 694 3356 co
751 3303 895 3372 quod
931 3319 1174 3359 serosam
1235 3306 1355 3376 ejus
1405 3311 1694 3362 materiam
1743 3308 2046 3375 attrahunt,

470 3409 634 3450 causa
665 3405 813 3461 sunt,
846 3413 1033 3466 quant,
1062 3408 1122 3454 ut
1143 3401 1294 3471 prius
1337 3399 1595 3465 diximus,
1635 3401 1690 3456 in
1718 3403 1890 3457 urinae
1917 3416 2050 3458 con-

470 3485 809 3544 stitutionem
857 3487 1117 3548 formant.
1190 3489 1366 3548 Renes
1392 3500 1573 3547 autem
1601 3493 1669 3548 ab
1699 3493 1807 3550 illis
1837 3495 2046 3566 νεφροὶ,

467 3576 556 3632 διὰ
591 3579 652 3632 τὸ
684 3579 960 3650 νείφεσθαι
1019 3582 1110 3636 τὸν
1140 3580 1319 3656 οὖρον,
1351 3599 1416 3638 ex
1451 3599 1516 3640 eo
1545 3585 1691 3654 quod
1718 3585 1932 3640 urinam
1961 3585 2046 3640 di-

469 3667 692 3734 stillcut,
761 3673 1060 3742 nuucupati
1126 3682 1276 3728 sunt.
1323 3676 1394 3729 At
1437 3675 1651 3731 lumbos
1711 3675 1900 3745 ὀσφὺν,
1937 3671 2047 3731 οἷον

473 3757 664 3827 ισοφὺν
718 3758 899 3816 dicere
937 3773 1359 3830 consueverunt,
1407 3765 1553 3834 quod
1602 3767 2047 3835 peraccommode

470 3865 706 3920 superne
738 3851 1054 3925 inferneque
1093 3857 1313 3912 ossibus
1358 3866 1687 3927 coaptantur
1731 3857 2042 3928 :siquidem

469 3942 640 4010 spinae
689 3941 1014 4009 internodia,
1080 3963 1203 4017 qua:
1262 3949 1532 4004 crassiora
1584 3949 1708 4004 aliis
1733 3949 2046 4020 majoraque

467 4034 760 4102 habentur,
822 4039 1066 4109 quinque
1089 4056 1318 4096 numero
1348 4051 1496 4098 sunt.
1529 4039 1663 4097 Nam
1697 4043 1909 4098 interne
1941 4057 2042 4096 an-

467 4135 630 4194 gusto
685 4129 956 4184 terebrata
1003 4129 1272 4186 foramine
1302 4132 1577 4200 visuntur,
1609 4149 1772 4204 quam
1806 4134 1876 4189 ob
1915 4149 2047 4189 cau-

467 4230 586 4270 sam
622 4216 768 4272 dorsi
795 4219 1053 4285 medulla,
1082 4237 1192 4291 quo
1216 4222 1390 4293 magis
1421 4223 1487 4278 ad
1519 4223 1611 4279 ilia
1639 4225 1944 4295 prtetcndit,
1978 4241 2044 4280 co

467 4306 644 4378 magis
671 4307 892 4379 gracilis
925 4317 1028 4376 est,
1052 4325 1115 4366 ac
1145 4327 1253 4380 quo
1292 4313 1464 4384 magis
1493 4312 1790 4380 descendit,
1833 4331 1898 4370 co
1925 4333 2045 4371 ma-

465 4397 549 4469 gis
582 4399 638 4454 in
671 4411 962 4471 angustum
1006 4402 1371 4458 contrahitur.
1411 4403 1700 4460 Enimvero
1730 4405 1844 4462 haec
1873 4408 2043 4477 spina:

2152 3229 2430 3294 ἕλκοντες,
2477 3229 2575 3283 καὶ
2633 3229 3032 3293 εἰδοποιοῦντες
3091 3230 3174 3293 είς
3216 3227 3396 3300 οὔρων
3446 3227 3737 3290 σύστασιν,

2149 3320 2333 3384 καθὼς
2362 3320 2594 3375 κατόπιν
2625 3321 2844 3392 ἐγράφη
2863 3337 2876 3352 ·
2907 3321 3128 3391 Νεφροί
3168 3321 3225 3375 δὲ
3255 3320 3410 3391 παρὰ
3450 3319 3511 3372 τὺ
3548 3317 3739 3387 νείφε-

2150 3411 2273 3464 σθαι
2293 3411 2336 3442 ³ο
2355 3409 2435 3480 τῷ
2466 3409 2632 3482 οὔρῳ,
2657 3411 2685 3464 ὃ
2711 3414 2825 3464 ἐστι
2858 3410 3186 3483 βρέχεσθαιο
3225 3413 3258 3482 ἠ
3305 3410 3361 3463 δὲ
3393 3409 3586 3479 ὀσφὺς,
3620 3403 3740 3461 οἷον

2152 3499 2363 3570 ἰσοφὺς,
2395 3501 2430 3570 ἡ
2477 3502 2567 3571 ῐση
2601 3501 2738 3571 πρὸς
2792 3501 2860 3554 τὰ
2894 3502 3006 3556 ἄνω
3044 3501 3140 3555 καὶ
3177 3501 3247 3554 τὰ
3270 3501 3312 3533 ³¹
3350 3501 3500 3555 κάτω
3552 3518 3738 3569 πεφυ-

2148 3594 2338 3647 κότα³¹
2371 3595 2483 3657 τοῖς
2521 3593 2724 3657 ὀστοῖς.
2777 3593 3078 3648 Σπόνδυλοι
3125 3595 3238 3666 γάρ
3267 3596 3375 3648 εἰσι
3418 3593 3588 3648 πέντε
3641 3596 3739 3650 τὸν

2146 3683 2406 3754 ἀριθμὸν,
2447 3682 2752 3753 παχύτατοι
2782 3683 2892 3736 τῶν
2917 3683 3093 3737 ἄλλων
3123 3684 3219 3737 καὶ
3260 3683 3528 3754 μέγιστοι.
3565 3684 3647 3738 Τὸ
3683 3685 3739 3738 δὲ

2147 3777 2336 3847 τρῆμα
2355 3776 2401 3807 ⁸³
2447 3777 2513 3830 τὰ
2531 3775 2577 3807 ³⁵
2633 3773 2849 3828 ἔνδοθεν
2900 3775 3088 3828 στενὸν
3127 3775 3342 3847 ἔχουσι·
3389 3776 3526 3830 διότι
3559 3778 3664 3830 καὶ
3709 3779 3738 3829 ὁ

2149 3871 2402 3932 νωτιαῖος
2428 3868 2623 3938 μυελὸς
2657 3867 2802 3920 κατὰ
2834 3868 2938 3937 τὴν
2967 3867 3141 3938 ὀσφὺν
3173 3869 3354 3938 ίσχνός
3383 3870 3535 3922 ἐστιν
3559 3885 3575 3899 ·
3605 3870 3735 3922 ὅσον

2146 3957 2256 4030 γὰρ
2306 3960 2655 4029 κατέρχεται,
2686 3959 2967 4012 στενοῦται
3006 3960 3035 4012 ὀ
3080 3959 3315 4029 μυελός·
3357 3958 3460 4024 τὰς
3499 3959 3736 4026 ἀποπρό-

2147 4069 2261 4115 σεις
2302 4051 2359 4105 δὲ
2383 4046 2530 4106 οὗτοι
2587 4052 2638 4106 οἱ
2691 4051 2974 4105 σπόνδυλοι
3019 4053 3130 4106 ἄνω
3186 4053 3454 4116 νευούσας
3502 4053 3728 4123 ἔχουσι·

2149 4141 2390 4210 Λέγεται
2421 4143 2515 4196 καὶ
2553 4143 2824 4213 ὀστοφυὴς
2853 4145 2886 4214 ἡ
2921 4145 3092 4214 ὀσφύς
3115 4161 3129 4173 ·
3157 4143 3400 4216 ὀστώδης
3438 4146 3549 4216 γάρ
3579 4147 3732 4199 ἐστιν

2146 4233 2264 4297 ὅλος
2289 4235 2317 4286 ὀ
2337 4236 2504 4297 τόπος
2522 4233 2715 4304 αὐτῆς.
2743 4233 2980 4302 Λέγεται
3010 4235 3104 4288 καὶ
3123 4237 3325 4304 ἰσχίον
3343 4252 3359 4269 ·
3391 4238 3733 4308 ξσχναίνεται

2147 4325 2257 4396 γὰρ
2305 4321 2415 4378 οἷον
2462 4326 2556 4378 καί⁵
2575 4325 2626 4358 ³⁸
2674 4325 3031 4391 λεπτύνεται,
3063 4326 3139 4390 ὡς
3172 4327 3310 4398 πρὸς
3335 4327 3396 4381 τὸ
3414 4330 3730 4398 ἁνεστηκδς

2148 4414 2244 4467 τοῦ
2276 4415 2399 4468 ὅλου
2423 4413 2694 4485 σώματος,
2722 4415 2883 4468 τοῦτο
2913 4415 2972 4469 τὸ
3008 4415 3196 4488 μέρος.

467 4495 776 4551 internodia
809 4511 1097 4566 processus
1129 4512 1350 4554 sursum
1405 4509 1686 4570 vergentes
1737 4503 2038 4571 continent,
2073 4517 2127 4564 et
2185 4511 2356 4579 ὀσφύς
2413 4510 2640 4570 dicitur.
2675 4511 2820 4578 quod
2884 4512 3035 4566 locus
3100 4509 3189 4564 ille
3220 4519 3366 4564 totus
3392 4509 3614 4563 ossibus
3646 4525 3733 4562 re-

393 4584 401 4594 ’
465 4587 640 4643 {crtus
669 4587 742 4644 sit
779 4607 792 4642 :
823 4588 1023 4644 dicitur
1048 4598 1102 4645 et
1153 4590 1342 4662 ἰσχίον,
1404 4593 1512 4646 ἀπὸ
1545 4592 1639 4646 τοῦ
1696 4595 2049 4666 ἰσχναίνεσθαξ

2148 4603 2218 4654 ταὶ
2247 4595 2356 4654 οἷον
2411 4602 2796 4670 λεπτύνεσθαι,
2833 4605 2977 4676 quod
3018 4602 3268 4659 videlicet
3313 4601 3641 4672 grat-illatur
3666 4619 3731 4654 at:

465 4679 680 4736 subtilis
710 4679 809 4748 lit;
865 4681 981 4737 haec
1039 4683 1185 4738 enim
1234 4699 1358 4757 pars
1388 4685 1557 4740 erecti
1600 4689 1848 4757 corporis
1871 4690 2226 4749 subtilissima
2260 4693 2476 4748 visitur.

569 4789 701 4865 Cap.
729 4792 924 4851 XXIV.
955 4826 1022 4838 -
1048 4795 1124 4850 De
1155 4812 1270 4852 osse
1299 4816 1451 4854 sacro
1480 4811 1528 4858 et
1561 4799 1626 4855 de
1645 4800 1927 4870 pudendis.

531 4973 600 5027 At
649 4972 802 5039 illud,
853 4977 998 5044 quod
1047 4987 1235 5033 exacte
1294 4978 1603 5035 lumborum
1643 4983 1880 5038 medium
1933 4995 2034 5053 cst,

462 5062 605 5129 quod
641 5063 942 5120 scdimento
981 5067 1362 5136 superctttinet,
1403 5085 1621 5127 sacrum
1662 5089 1725 5127 os
1761 5091 2044 5146 nuncupa-

465 5165 575 5218 tur,
607 5154 677 5211 ob
703 5155 756 5210 id
780 5157 1048 5226 videlicet,
1065 5159 1214 5228 quod
1237 5177 1494 5233 magnum
1511 5163 1584 5218 sit
1602 5164 1880 5240 (maguum
1896 5169 2042 5223 cnim

461 5262 679 5304 sacrum
714 5251 846 5308 dicit
883 5251 1066 5323 solet),
1098 5254 1212 5310 sive
1241 5257 1387 5327 quod
1429 5256 1552 5312 vitae
1587 5257 1755 5314 latum
1809 5262 2038 5328 obtinet,

565 5427 844 5517 ffugi}
886 5431 945 5486 Β.
991 5435 1070 5517 1³³
1123 5435 1154 5504 ἡ
1207 5452 1336 5517 qius:
1396 5441 1508 5517 τοῖς
1543 5439 1786 5517 -μορι-Ιξ
1820 5441 1877 5496 l'.
1949 5443 2000 5517 ξ’
2037 5460 2345 5517 περιττωμ.
2381 5446 2458 5517 μὴ

463 5492 523 5573 Γ.
557 5507 691 5573 text.
761 5492 1175 5573 ξδ’συχνότερον
1217 5492 1394 5561 ’τοῦτο
1439 5492 1506 5563 li:
1541 5492 1656 5563 ι³ζ³
1681 5512 1724 5543 ’⁵
1741 5492 1837 5564 ita.
1865 5492 2021 5568 τούτ.

461 5565 558 5666 gfx
615 5566 675 5622 Β.
756 5571 800 5602 ’³
828 5573 858 5638 ή
889 5565 1044 5628 κῦστ.
1072 5565 1133 5628 Β.
1205 5577 1254 5608 ²⁹

535 5633 595 5685 τὸ
623 5634 685 5688 Β.
787 5641 832 5671 ³⁵
877 5643 972 5695 καὶ
1005 5640 1117 5697 οἷον
1145 5643 1184 5696 Β
1218 5646 1278 5699 Ρ.

464 5699 509 5734 ³⁹
531 5703 650 5756 αὐτ.
671 5705 722 5756 οξ
749 5709 900 5763 Ἕλλ.
934 5729 983 5767 τ.
1012 5715 1164 5785 δαιμ.
1187 5715 1225 5768 Β
1255 5717 1316 5773 C.

2067 4802 2284 4876 οΚεφ.
2329 4809 2456 4862 KA'.
2487 4837 2556 4847 —
2607 4776 2748 4878 Περὶ
2805 4808 2964 4873 Ιεροῦ
3011 4810 3227 4865 ὀστέου
3284 4811 3382 4864 καί
3435 4809 3567 4878 περὶ
3617 4809 3725 4862 τοῦ

2753 4923 2756 4926 ι
2782 4879 3076 4948 πρωκτοῦ.

2217 4991 2291 5044 Τὸ
2314 4991 2373 5045 δὲ
2417 4991 2592 5064 ἄκρον
2630 4993 2731 5064 τῆς
2777 4992 2981 5062 ὀσφύος
3009 4995 3203 5049 ὀστοῦν
3243 4994 3382 5066 πρὸς
3415 4993 3514 5065 τὴν
3559 4993 3722 5062 ἕδραν

2143 5081 2421 5155 ἀνώτερον
2436 5084 2482 5116 ³⁸
2529 5086 2690 5153 ἱερὸν
2741 5083 2959 5138 ὀστέον
2986 5086 3030 5119 ³⁷
3066 5085 3352 5140 καλεῖται’
3398 5085 3432 5158 ἦ
3463 5086 3547 5140 ὅτι
3577 5083 3722 5154 μέγα

2149 5173 2318 5238 ἐστὶν,
2355 5173 2501 5245 ἱερὸν
2526 5172 2583 5226 δὲ
2611 5171 2674 5226 τδ
2702 5174 2846 5244 μέγα
2869 5175 2943 5206 ³⁸·
2969 5175 3002 5246 ἢ
3033 5175 3117 5229 ὅτι
3147 5175 3341 5247 κύριον
3367 5191 3382 5205 ⁸
3402 5175 3577 5229 παθὸν
3609 5175 3723 5244 vi?

2147 5265 2366 5334 ἀναιρεῖ
2387 5283 2402 5297 υ
2435 5266 2468 5337 ἢ
2495 5267 2576 5320 ὅτι
2614 5267 2936 5340 ἱερούργουν
2957 5268 3087 5323 αὐτὸ
3115 5272 3228 5334 τοῖς
3254 5269 3476 5340 δαίμοσι
3501 5269 3546 5302 ³³
3577 5268 3722 5324 κατὰ

2497 5447 2794 5518 δυνάμενοι
2847 5447 2943 5501 τὸν
2973 5448 3322 5518 ἐμπίπτοντα
3348 5448 3525 5519 χυμὸν
3555 5447 3715 5503 ἀποδ.

2059 5515 2338 5591 τοῖς-τόπ.
2369 5515 2456 5570 Β(
2499 5519 2558 5591 _"
2602 5515 2890 5591 {dpyei’ov
2918 5515 3029 5573 out.
3058 5519 3110 5591 ΔΒ
3137 5519 3228 5591 ϐ.-
3278 5520 3321 5552 ³⁷
3557 5534 3722 5591 νεφρ.

889 5576 1183 5660 usuali.“
1205 5577 1256 5660 ’,ξ
1287 5576 1344 5630 δὲ
1371 5594 1505 5660 ρῳ.-
1521 5579 1597 5660 B._
1658 5581 1703 5613 ³⁰
1734 5581 1988 5660 νίφεσθαι
2026 5583 2085 5637 Β.
2137 5576 2207 5660 ς³¹
2238 5585 2456 5660 “rbem.
2499 5587 2558 5642 Β.
2586 5658 2596 5660 _
2623 5576 2682 5621 ’³³
2706 5576 3009 5660 ’πεφυκυῖα
3055 5588 3096 5642 Β
3123 5591 3164 5644 C
3211 5589 3272 5660 Ρ.
3349 5576 3608 5660 ν’τρνύμσ.

1377 5649 1421 5680 ³⁶
1448 5649 1547 5722 τῆς
1574 5651 1700 5727 ὀαφ.
1743 5649 1908 5723 μέσον
1935 5653 2012 5719 ὡς
2056 5655 2192 5730 πρὸς
2221 5673 2270 5711 τ.
2303 5657 2422 5728 ἕδρ.
2457 5661 2544 5714 ἀν.
2582 5658 2678 5731 3.,
2721 5649 2987 5734 ’τῇόστοῦν
3033 5660 3072 5716 Β
3118 5661 3177 5716 l'.
3258 5659 3302 5691 ³⁸
3344 5649 3589 5714 Ιιαείοιῖι.
3649 5655 3714 5710 Β.
