4066 6214
351 306 483 366 last

1590 318 1678 373 DE
1714 318 2003 393 NATURA
2043 320 2353 380 HOMINIS.

3471 335 3609 387 i942

350 422 837 523 ματοςιτὴνάρχὴν
872 427 904 498 ἠ
935 428 1149 496 γένεσις
1182 433 1364 490 αὐτῶν
1402 438 1563 509 ἔσχεν
1586 440 1659 473 ⁸⁸·
1692 442 1793 494 ὅσα
1824 442 1912 514 γάι

2039 460 2159 499 sum
2189 447 2470 503 humorem
2489 459 2825 503 commutant
2854 469 2866 504 :
2892 450 3033 518 quod
3051 464 3239 505 eorum
3256 452 3606 523 principium,

349 519 414 569 ὶκ
448 515 763 585 σπέρματος
810 522 1096 584 γεννᾶται,
1149 525 1214 578 ὲκ
1244 528 1438 581 τούτου
1474 530 1567 583 καὶ
1620 533 1885 601 τρέφεται
1916 551 1929 565 ο

349 606 444 660 καὶ
495 606 596 659 ὅσα
639 604 699 670 ἐξ
752 606 1006 677 αἵματος,
1063 612 1122 677 ὲξ
1157 615 1392 685 αἵματος
1423 632 1436 646 ·
1470 614 1633 674 αὗται
1660 624 1754 679 οὖν
1784 625 1830 655 ⁸⁸
1862 627 1927 678 ὲκ

350 698 667 770 σπέρματος
718 701 876 754 mi.”
918 705 1215 771 γεννῶνται
1260 711 1354 762 καὶ
1399 713 1711 782 τρέφονται’
1749 717 1843 769 καὶ
1872 717 1933 769 τὸ

350 792 671 863 περιττεῦον
698 794 891 857 αὑταῖς
918 797 1130 864 γίνεται
1164 803 1319 869 γονή.
1349 804 1414 857 Δί
1444 805 1640 873 φλέϐες
1671 807 1727 861 δὲ
1770 803 1930 862 αὗται

349 884 446 937 καὶ
469 885 524 937 αἱ
547 886 806 955 ἀρτηρίαι
828 888 908 949 είς
929 890 1053 952 τοὺς
1076 891 1333 961 διδύμους
1350 896 1749 965 ἐμπίπτουσαι,
1772 898 1929 952 αῐτιοι

348 976 451 1046 τῆς
482 978 777 1043 συνουσίας
816 979 1059 1047 γίνονται
1102 983 1293 1055 τρόπῳ
1327 987 1560 1059 τοιούτῳ
1585 990 1628 1022 ’⁸
1655 1006 1670 1021 ο
1703 991 1929 1061 Διερχό·

353 1084 513 1137 μεναι
546 1066 634 1121 διὰ
660 1067 770 1122 τῶν
799 1070 1037 1140 νεφρῶν,
1061 1074 1322 1143 ἀρύονται
1345 1077 1658 1150 δριμύτητά
1685 1097 1810 1134 τινα
1832 1082 1928 1149 τὴν

350 1158 705 1229 ὲρεθίζουσαν
742 1160 841 1233 τὴν
874 1162 1059 1232 ὄρεξιν
1084 1182 1099 1197 ο
1132 1165 1323 1239 ῶσπερ
1357 1172 1468 1241 γὰρ
1498 1173 1589 1225 τὸν
1618 1174 1863 1244 κνησμὸν
1893 1176 1927 1246 ἡ

348 1250 617 1323 δριμύτης
645 1257 809 1319 ποιεῖ,
837 1254 1013 1319 οὕτως
1032 1258 1130 1311 καὶ
1159 1258 1260 1330 τὴν
1293 1260 1474 1334 ὄρεξιν
1498 1264 1729 1335 ταύτην.
1774 1266 1928 1320 Ἐπεὶ

347 1343 404 1397 δὲ
434 1343 543 1398 τῶν
594 1346 836 1416 διδύμων
886 1351 919 1419 ἡ
954 1351 1093 1419 σὰρξ
1130 1353 1313 1424 ἀπαλή
1356 1356 1495 1421 ἐστι,
1542 1357 1769 1413 πλείονα
1827 1360 1925 1431 τὴν

346 1434 657 1506 δριμύτητα
693 1437 961 1510 δεχομένη
998 1443 1138 1515 ὑπὲρ
1187 1445 1248 1497 τὸ
1276 1446 1473 1516 δέρμα,
1523 1449 1746 1520 ἐμμανῆ
1782 1455 1927 1505 ποιεῖ

346 1526 444 1594 τῆς
484 1526 649 1595 γονῆς
676 1529 778 1598 τὴν
816 1530 1115 1600 ἐπιθυμίαν
1150 1534 1290 1603 πρὸς
1319 1535 1591 1605 ἔκκρισιν.
1625 1539 1737 1593 Καὶ
1774 1541 1926 1611 πρῶ-

345 1634 414 1671 τα
429 1620 474 1649 ’³
515 1617 615 1689 μὲν
643 1620 975 1690 ἀναφέρεται
1007 1627 1037 1695 ἡ
1083 1627 1312 1698 τοιαύτη
1353 1630 1483 1702 γονὴ
1524 1632 1604 1693 εἰς
1631 1633 1730 1703 τὴν
1755 1650 1924 1702 κεφα-

342 1708 445 1778 λήν
471 1727 488 1742 ο
525 1711 691 1766 πάλιν
719 1710 777 1767 δὲ
820 1714 930 1769 ἀπὸ
981 1717 1081 1787 τῆς
1126 1722 1372 1791 κεφαλῆς
1428 1725 1800 1795 καταφέρεται
1827 1726 1917 1781 διὰ

2037 538 2101 591 ad
2133 554 2315 593 semen
2350 542 2583 611 genitale
2604 542 2857 598 refertur.
2890 540 3400 613 Nam,qu:rcunque
3423 561 3488 599 ex
3525 562 3611 599 se-

2036 630 2181 686 mine
2205 631 2522 703 giguuntur,
2558 651 2622 689 ex
2664 636 2852 691 eodem
2882 636 2987 692 sibi
3013 646 3067 691 et
3089 638 3405 691 alimentum
3434 639 3610 692 vindi-

2034 732 2177 776 cant.
2231 723 2431 779 Eodem
2496 737 2678 797 pacto,
2711 729 2859 784 etde
2916 729 3004 784 his
3048 744 3170 799 qua:
3220 744 3288 784 ex
3346 730 3609 800 sanguine

2033 813 2329 883 gignuntur
2363 819 2734 889 accipiendum
2782 832 2884 877 est.
2922 821 3015 877 Ha:
3066 839 3216 877 vente
3246 823 3409 893 igitur
3447 837 3610 894 atque

2032 908 2242 961 arteriae
2274 924 2338 963 ex
2381 912 2588 967 semine
2635 914 2950 984 gignuntur,
2974 914 3323 984 alunturque,
3351 925 3404 970 et
3433 918 3608 985 portio

2030 1013 2152 1066 quae
2180 999 2303 1052 inde
2319 1013 2612 1072 exsuperat
2643 1004 2696 1058 in
2718 1007 3021 1075 genituram
3050 1009 3299 1063 vertitur.
3320 1008 3607 1064 Enimvero

2030 1102 2181 1143 vena:
2226 1091 2568 1160 arterimque,
2606 1111 2728 1163 quae
2772 1097 3003 1151 testibus
3037 1097 3395 1161 acclinantur,
3430 1100 3607 1154 coitus

2030 1191 2194 1231 causa
2220 1178 2322 1232 hoc
2346 1190 2503 1249 pacto
2525 1179 2856 1237 elliciuntur.
2875 1182 3009 1238 Nam
3028 1186 3156 1238 dum
3188 1201 3284 1256 per
3308 1201 3461 1239 renes
3482 1202 3607 1256 νιο-

2028 1268 2247 1336 cedunt,
2280 1271 2637 1327 acrimoniam
2670 1274 2987 1343 quamdam,
3016 1277 3244 1330 coeundi
3273 1276 3601 1331 desiderium

2027 1365 2628 1426 moventem,excitant.
2647 1365 3115 1433 Quemadmodum
3135 1369 3278 1423 enim
3300 1370 3601 1424 acrimonia

2026 1451 2138 1517 illa,
2161 1455 2405 1522 prnritus
2428 1455 2617 1510 eodem
2650 1467 2827 1527 pacto,
2861 1466 2915 1512 et
2942 1458 3119 1513 coitus
3149 1459 3401 1513 desiderii
3434 1475 3599 1514 causa

2023 1545 2261 1600 exsistit.
2292 1544 2357 1600 Et
2400 1548 2656 1617 quoniam
2688 1549 2905 1603 testium
2937 1564 3066 1604 caro
3090 1550 3271 1603 mollis
3306 1551 3596 1605 admodum

2023 1634 2274 1701 habetur,
2297 1651 2420 1692 cum
2442 1637 2509 1692 ad
2538 1648 2713 1694 cutem
2752 1641 2907 1709 112
2928 1655 3115 1695 eorum
3144 1640 3428 1711 plurimam
3456 1643 3597 1697 acri-

2026 1726 2265 1781 moniam
2297 1728 2439 1799 adigi
2496 1729 2805 1800 contigerit,
2836 1730 3041 1785 furiosa
3078 1731 3144 1785 ad
3189 1733 3591 1787 excernendum

339 1799 435 1853 δύο
458 1800 670 1870 φλεϐῶν
718 1804 940 1859 καὶδύο
986 1808 1265 1880 ἀρτηριῶν
1294 1813 1374 1875 είς
1419 1813 1511 1867 τὸν
1560 1816 1770 1886 ὀσχεὸν,
1822 1819 1912 1873 καὶ

2025 1831 2208 1872 semen
2241 1818 2435 1889 cupido
2458 1799 2776 1874 innascitur.
2807 1818 2872 1873 Et
2897 1821 3131 1889 primum
3155 1821 3371 1888 quidem
3406 1820 3596 1890 hujus-

340 1894 607 1963 ἐμπίπτει
656 1898 739 1959 είς
779 1898 1045 1972 ἑκάτερον
1089 1902 1197 1955 τῶν
1240 1903 1482 1974 διδύμων
1530 1907 1626 1976 μία
1678 1908 1918 1981 ἀρτηρία

341 1985 450 2037 τῶν
479 1988 807 2058 εἰρημένων,
837 1991 928 2043 καὶ
970 1992 1068 2061 μία
1110 1992 1253 2061 φλὲψ
1306 1995 1522 2065 πλήρης
1557 1997 1874 2068 σπέρματος
1898 2015 1913 2032 ·

340 2079 435 2130 καὶ
467 2082 523 2132 ἐν
572 2080 782 2144 τούτοις
820 2082 1047 2148 τελείως
1091 2085 1642 2157 ἀποσπερματοῦται,
1680 2089 1774 2143 καὶ
1822 2090 1911 2146 διὰ

337 2170 431 2222 τοῦ
466 2171 802 2235 κισσοειδοῦς
837 2175 1216 2245 παραστάτου,
1265 2178 1375 2231 ἀπὸ
1401 2178 1510 2231 τῶν
1540 2178 1778 2249 διδύμων
1812 2197 1909 2250 με·

337 2262 688 2332 ταπὲμπεται
729 2266 808 2329 εἰς
829 2265 928 2337 τὴν
969 2267 1203 2337 βάλανον
1237 2285 1251 2300 ·
1301 2271 1562 2323 κακεῖθεν
1591 2271 1911 2342 ἐκκρίνεται

343 2353 486 2422 μετά
509 2354 816 2426 πνεύματος
841 2358 905 2421 ⁸³,
957 2358 1148 2431 ὥσπερ
1180 2362 1245 2414 ἐκ
1291 2362 1715 2434 σφενδονίστρας
1744 2364 1910 2428 τινός.
1960 2409 1967 2415 .

340 2445 513 2500 Τοῦτο
540 2446 597 2500 δὲ
626 2447 834 2516 γίνεται
874 2450 962 2504 διά
986 2450 1084 2524 τὴν
1115 2454 1417 2525 εἰρημένην
1472 2456 1653 2509 αἰτίαν
1704 2455 1909 2525 ἔμπροο

338 2538 464 2590 σθεν
491 2538 558 2601 ”,
602 2542 697 2592 καὶ
723 2541 807 2593 ὅτι
851 2543 1096 2613 ἀρτηρία
1148 2544 1297 2597 ἐστὶν
1347 2546 1379 2615 ὴ
1435 2545 1911 2615 παραπέμπουσα.

338 2628 461 2682 Ὀτι
490 2630 547 2682 δὲ
574 2631 605 2701 ὴ
636 2632 769 2702 γονὴ
801 2632 995 2702 πρῶτα
1015 2635 1062 2667 ’⁸
1096 2636 1176 2697 εὶς
1208 2634 1308 2706 τὴν
1331 2636 1576 2706 κεφαλὴν
1600 2636 1911 2706 ἀνέρχεται,

336 2717 492 2787 δῆλον
522 2719 773 2774 ἐντεῦθεν
800 2738 814 2751 ο
839 2724 888 2775 εἰ
915 2723 1023 2795 γάρ
1050 2740 1132 2788 τις
1167 2725 1424 2795 ἐκτέμνει
1452 2727 1552 2789 τὰς
1581 2726 1785 2795 φλέϐας
1812 2728 1908 2793 τὰς

335 2813 487 2881 παρὰ
522 2815 592 2868 τὰ
619 2808 735 2871 ὦτα
775 2818 873 2871 καὶ
918 2818 1256 2889 παρωτίδας,
1293 2819 1490 2889 ἄγονον
1541 2821 1811 2892 ἀπομένει
1847 2820 1909 2875 τὸ

333 2902 493 2968 ζῶον.

2016 1908 2163 1963 modi
2197 1923 2381 1965 semen
2442 1910 2510 1965 ad
2551 1919 2714 1981 caput
2759 1909 3030 1978 defertur,
3063 1926 3093 1964 a
3123 1912 3299 1980 capite
3342 1928 3469 1965 vero
3501 1929 3595 1981 ge-

2016 2001 2181 2055 minis
2204 2001 2378 2067 venis,
2408 2016 2473 2056 ac
2502 2001 2723 2057 totidem
2755 2002 2973 2057 arteriis
2994 2002 3329 2058 dennoinfra
3352 2004 3590 2057 delatum

2019 2091 2336 2159 descendit;
2372 2102 2426 2148 et
2450 2092 2618 2148 altera
2636 2109 2702 2149 ex
2734 2094 2818 2148 his
2848 2109 2987 2164 quas
3015 2094 3255 2149 diximus
3278 2094 3456 2158 venis,
3486 2095 3591 2147 hu~

2013 2183 2257 2254 jusmodi
2288 2186 2496 2241 semine
2525 2186 2749 2257 repleta,
2806 2185 3060 2250 testibus,
3108 2202 3232 2241 cum
3274 2187 3475 2241 arteria
3508 2202 3595 2240 ac-

2020 2277 2280 2341 clinatur,
2325 2279 2380 2331 in
2431 2278 2632 2347 quibus
2674 2278 2852 2347 ipsum
2892 2277 2959 2333 ad
3003 2277 3297 2347 perfectam
3330 2277 3591 2346 genitura;

2016 2378 2268 2423 naturam
2312 2368 2599 2439 redigitur,
2634 2378 2688 2424 et
2739 2369 2885 2439 quod
2947 2384 3044 2439 per
3089 2368 3307 2423 vascula
3359 2368 3423 2421 ad
3451 2369 3590 2424 utris

2016 2457 2453 2524 similitudinem,
2508 2473 2631 2529 quae
2675 2459 2795 2529 ejus
2823 2458 3166 2515 continenda:
3193 2460 3363 2529 gratia
3395 2468 3589 2514 natura

2012 2550 2316 2615 constituit,
2370 2551 2438 2605 ab
2460 2551 2688 2606 testibus
2738 2551 2793 2605 in
2828 2566 3020 2621 penem
3058 2552 3369 2607 immittitur
3403 2570 3418 2607 :
3465 2552 3591 2606 inde

2011 2653 2142 2694 vero
2163 2640 2330 2693 veluti
2358 2655 2388 2694 e
2414 2638 2582 2695 funda
2623 2640 2763 2710 lapis
2794 2657 2917 2695 cum
2950 2642 3177 2711 spiritus
3206 2643 3406 2712 impetu
3435 2653 3588 2699 extra

2014 2732 2249 2803 prosilit.
2280 2730 2393 2787 Hoc
2418 2743 2622 2798 autem,
2647 2734 2717 2788 ob
2744 2749 2862 2787 eam
2888 2749 3051 2804 quam
3082 2735 3234 2804 prius
3260 2736 3588 2791 adduximus

2016 2840 2260 2888 causam,
2300 2824 2550 2888 eliicitnr,
2601 2832 2718 2879 tum
2755 2827 2903 2895 quod
2952 2833 3005 2880 et
3061 2826 3261 2881 arteria
3313 2826 3428 2896 ipsa
3457 2826 3587 2881 illud

2014 2916 2411 2971 circummittit.
2469 2916 2625 2983 Quod
2674 2931 2806 2971 vero
2861 2932 3046 2972 semen
3096 2918 3248 2988 prius
3300 2919 3367 2972 ad
3426 2929 3589 2986 caput

336 2995 559 3067 feratur,
585 3017 651 3057 ex
687 3002 790 3060 hoc
837 3004 1183 3075 perspicuum
1237 3005 1313 3071 lit,
1354 3007 1505 3077 quia,
1542 3006 1587 3062 si
1621 3007 1745 3078 quis
1785 3023 1906 3079 quae
1935 3024 2094 3066 secus
2118 3026 2279 3067 aures
2302 3011 2612 3066 consistunt
2668 3025 2837 3066 venas
2894 3025 3014 3080 quae
3034 3010 3301 3066 carotides
3320 3011 3589 3082 appellan-

335 3097 445 3152 tur,
473 3092 674 3162 quibus
701 3095 937 3161 obltesis,
972 3096 1291 3169 vertiginosi
1330 3113 1395 3154 ac
1418 3098 1623 3169 stupidi
1651 3099 1903 3156 homines
1939 3100 2264 3169 eﬂiciuntur,
2314 3101 2639 3173 praescindat
2677 3112 3015 3173 resecetque,
3061 3104 3263 3157 animal
3294 3104 3583 3174 itnprolnm

333 3187 794 3261 infecundumque
822 3192 1088 3248 redditur.

401 3284 583 3338 Χιτὼν
617 3285 673 3339 δέ
700 3288 816 3339 ἐστι
848 3287 1125 3358 νευρώδης
1167 3288 1309 3355 ὃλος,
1362 3291 1442 3355 εἰς
1487 3290 1547 3344 δν
1594 3291 1898 3363 διέρχονται

2073 3290 2285 3347 Etenim
2306 3292 2514 3357 tunica,
2534 3307 2654 3363 qua:
2674 3291 2957 3347 auxiliaris
2975 3301 3342 3363 nuncupatur,
3358 3310 3587 3365 qumque

330 3380 399 3434 τὰ
436 3379 538 3449 τῆς
583 3378 750 3449 γονῆς
803 3380 1037 3448 ἀγγεῖαο
1077 3380 1369 3451 λεγόμενος
1424 3383 1708 3453 ἐρυτρόςο
1765 3384 1910 3439 κατὰ

334 3471 456 3533 τοὺς
488 3468 768 3540 βουϐῶνας
795 3472 888 3523 καὶ
926 3471 1089 3536 αύτὸς
1124 3473 1403 3543 κείμενος,
1443 3475 1539 3527 καὶ
1569 3476 1696 3539 τοὺς
1724 3475 1909 3549 ὄρχεις

333 3563 682 3617 ἀναϐαστῶν·
714 3566 809 3617 καὶ
826 3564 942 3617 ἔστι
964 3568 1105 3619 κατά
1134 3566 1233 3637 μὲν
1257 3567 1326 3619 τὰ
1353 3566 1529 3638 κυρτὰ
1550 3567 1658 3622 τῶν
1673 3568 1908 3640 διδύμων

334 3654 431 3707 καὶ
462 3653 785 3725 ἔμπροσθεν,
809 3658 1081 3720 ἀπόλυτος
1097 3673 1113 3688 ⁸
1146 3658 1288 3711 κατά
1307 3658 1364 3710 δὲ
1392 3658 1461 3711 τά
1480 3660 1635 3713 κοῖλα
1658 3661 1903 3729 ὄπισθεν,

332 3746 741 3817 προσπεφυκὼς
766 3751 877 3813 τοῖς
904 3750 1165 3819 διδύμοις.
1222 3750 1523 3821 Ἀπόφυσις
1552 3752 1611 3805 δέ
1638 3755 1789 3806 ἐστιν
1815 3745 1906 3807 οὗ·

328 3855 423 3902 τος
441 3841 468 3892 ό
491 3839 716 3910 ὲρυτρὸς
745 3840 839 3893 τοῦ
858 3841 1205 3913 περιτοναίου
1234 3858 1247 3872 ο
1272 3843 1485 3913 εἴρηται
1513 3843 1569 3896 δὲ
1586 3860 1652 3896 πε
1663 3843 1714 3915 ρ).
1739 3844 1903 3899 αὐτοῦ

330 3927 664 3997 ἔμπροσθεν,
698 3930 779 3983 ὅτι
809 3933 875 4000 τῇ
909 3931 1111 4002 γαστρὶ
1139 3932 1234 3985 καὶ
1263 3933 1378 3996 τοῖς
1412 3933 1655 4003 ἐντέροις
1677 3934 1906 4004 περιτέ-

326 4038 490 4074 ταται
511 4021 574 4075 ⁸⁸.
625 4021 714 4073 Ἐν
742 4021 799 4074 δὲ
840 4024 951 4084 τοῖς
983 4022 1135 4076 κάτω
1168 4022 1391 4093 μέρεσιν
1412 4024 1577 4077 αὑτοῦ
1612 4042 1757 4089 τινες
1773 4025 1908 4079 ἀπο-

329 4111 521 4181 φύσεις
548 4114 707 4179 εἰσὶν,
739 4108 850 4167 οἷον
889 4114 1081 4168 κόλποι
1116 4114 1512 4185 βαλαντοειδεῖς
1542 4133 1555 4146 ·
1583 4118 1612 4169 ὁ
1646 4116 1745 4188 μὲν
1773 4118 1905 4189 περὶ

326 4206 398 4258 τὰ
426 4205 578 4271 δεξιά
599 4207 669 4270 ⁸⁷,
713 4208 742 4260 ὁ
778 4206 836 4260 δὲ
871 4208 1000 4279 περὶ
1040 4206 1111 4260 τά
1138 4208 1425 4279 ἀριστερὰ,
1458 4209 1517 4261 ὲν
1568 4203 1648 4274 οἷς
1676 4210 1727 4264 οἱ
1762 4210 1905 4264 δίδυ-

332 4313 424 4365 μοι
445 4298 526 4330 ’⁸ο
577 4297 781 4352 ἔσωθεν
834 4294 926 4352 οὖν
956 4299 1000 4332 ’³
1053 4299 1134 4363 εἰς
1201 4299 1428 4364 τούτους
1483 4300 1609 4364 τοὺς
1668 4300 1905 4365 κόλπους

327 4384 661 4454 ἐμϐάλλουσι
702 4386 771 4439 τὰ
826 4386 1091 4459 εξρημένα
1148 4390 1503 4460 σπερματικά
1547 4391 1767 4459 ἀγγεῖα,
1804 4392 1902 4446 καὶ

327 4476 621 4547 κομίζουσι
672 4480 786 4541 τοῖς
836 4478 1023 4549 δρχεσι
1066 4478 1167 4549 τὴν
1222 4480 1409 4550 γονήν.
1442 4478 1647 4534 Τούτου
1693 4481 1751 4534 δὲ
1805 4481 1900 4535 τοῦ

324 4567 580 4640 ὲρυτροῦ,
630 4569 799 4639 ἡγουν
830 4569 924 4623 τοῦ
962 4569 1373 4639 βαλαντοειδοῦς
1410 4572 1658 4641 χιτῶνος,
1689 4574 1752 4626 ὲκ
1780 4572 1901 4643 βίας

323 4662 493 4728 τινὸς,
540 4663 573 4734 ἢ
602 4662 826 4735 βάρους,
856 4664 890 4734 ἢ
934 4665 1276 4735 πηδήματος.
1308 4663 1341 4735 ἢ
1372 4664 1600 4735 δρόμου,
1629 4664 1661 4735 ἥ
1689 4666 1897 4736 φωνῆς,

323 4755 360 4825 ῆ
381 4754 727 4827 συκὼματος,
749 4757 1101 4827 ἀνοιγόμενον
1124 4760 1138 4789 ¹
1168 4758 1230 4810 τὸ
1250 4758 1468 4828 ἔντερον
1484 4760 1563 4822 είς
1586 4757 1681 4811 τὸν
1711 4758 1899 4828 ὀσχεὸν

324 4850 723 4919 καταφέρεται,
757 4848 847 4903 διά
897 4848 959 4901 τὸ
1015 4848 1325 4903 ἐπικεῖσθαι
1365 4847 1443 4920 τῷ
1492 4848 1749 4921 ὲρυτρῷο
1799 4850 1898 4904 καὶ

319 4938 536 5007 γίνεται
592 4942 625 5011 ἡ
675 4939 942 5011 λεγομένη
1003 4940 1391 5010 ἑντεροκοίλη
1415 4944 1457 4995 ¹.
1533 4940 1813 5011 Ἐρυτρὸς
1840 4941 1898 4994 δὲ

320 5031 659 5102 ὠνόμασται,
715 5032 869 5103 παρά
915 5031 975 5085 τὸ
1020 5031 1207 5103 ἐρύκω
1237 5032 1299 5085 τὸ
1330 5031 1545 5103 βοηθεῖν
1607 5034 1672 5086 ὲκ
1705 5033 1898 5087 τούτου

320 5124 521 5195 ἔρυκος
557 5124 765 5194 δνομαο
798 5125 893 5179 καὶ
925 5124 1281 5193 παράγωγον,
1316 5126 1547 5196 apex-:6;
1594 5127 1623 5179 ὁ
1659 5124 1891 5195 βοηθός·

322 5218 421 5270 καὶ
446 5217 689 5287 ἀποϐολῇ
720 5216 815 5271 τοῦ
842 5236 900 5283 κ,
937 5219 1031 5271 καὶ
1059 5217 1350 5291 προσθήκῃ
1370 5220 1388 5250 ³
1420 5218 1513 5272 τοῦ
1528 5236 1591 5286 ρ,
1630 5218 1861 5289 ὲρυτρός
1882 5232 1896 5248 ⁶

324 5306 522 5379 βοηθὸς
545 5309 652 5378 γὰρ
684 5311 778 5363 καὶ
814 5304 969 5373 οὗτος
996 5310 1109 5371 τοῖς
1136 5308 1379 5380 ὄρχεσιν,
1425 5308 1586 5378 εἴπερ
1616 5309 1636 5340 δ
1668 5310 1725 5361 ἐν
1750 5306 1898 5378 αὐτῷ

322 5396 630 5467 κρέμανται
652 5415 665 5429 ο
700 5398 732 5469 ἢ
775 5396 979 5461 οὕτως·
1007 5398 1193 5470 εὐρὺς,
1230 5397 1478 5467 εύρυτδς,
1507 5399 1602 5451 καὶ
1640 5398 1699 5465 ἐξ
1731 5396 1898 5451 αὐτοῦ

2013 3382 2082 3438 ad
2124 3384 2339 3454 inguem
2378 3382 2631 3439 consistit
2656 3398 2720 3438 ac
2750 3392 2916 3439 testes
2950 3385 3095 3455 ipsos
3127 3394 3321 3455 gestat,
3344 3387 3397 3440 in
3422 3405 3583 3457 quam

2011 3475 2262 3545 genitalis
2319 3475 2544 3531 seminis
2587 3475 2809 3531 vascula
2840 3475 3182 3539 deferuntur,
3241 3487 3353 3533 tota
3404 3481 3586 3536 nervis

2010 3567 2186 3622 obsita
2218 3575 2320 3629 est,
2337 3576 2390 3621 et
2411 3568 2526 3636 ipsa
2551 3582 2659 3619 non
2692 3568 2855 3621 modo
2878 3583 3134 3622 convexa:
3156 3568 3373 3623 testium
3398 3585 3587 3639 super-

2010 3659 2170 3726 liciei,
2189 3659 2283 3715 sed
2306 3667 2360 3713 et
2389 3658 2653 3713 anteriori
2673 3657 2988 3712 eorumdem
3020 3660 3155 3728 parti
3180 3659 3434 3714 adhzeret.
3458 3657 3585 3715 Haec

2008 3750 2154 3806 enim
2179 3748 2463 3804 auxiliaris
2491 3747 2698 3811 tunica,
2719 3748 3084 3819 περιτοναίου,
3100 3748 3204 3803 hoc
3227 3756 3310 3803 est
3330 3748 3582 3802 abdomi-

2009 3840 2095 3895 nis
2116 3853 2401 3909 processus
2421 3847 2540 3902 est;
2574 3836 2674 3892 hoc
2692 3837 2836 3891 enim
2856 3846 2957 3898 est,
2986 3838 3130 3907 quod
3161 3839 3339 3892 alvum
3369 3838 3584 3893 intesti-

2009 3944 2189 3999 naque
2244 3927 2644 3996 complectitur,
2668 3925 2879 3995 eisque,
2913 3928 2991 3980 uti
3027 3928 3177 3996 prius
3224 3928 3582 3991 asscrnimus,

2009 4019 2319 4074 obducitur.
2366 4017 2423 4072 in
2468 4017 2589 4087 ejus
2618 4025 2798 4072 autem
2825 4032 2947 4087 qua:
2975 4017 3113 4071 infra
3157 4026 3283 4073 sunt
3311 4017 3581 4088 partibus,

2008 4111 2229 4181 quidam
2260 4125 2569 4183 processus,
2606 4110 2765 4181 quasi
2796 4110 2971 4175 sinus,
3019 4111 3085 4165 ad
3124 4126 3397 4166 crumenae
3425 4111 3583 4167 simi-

2008 4203 2295 4260 litudinem
2334 4203 2626 4269 visuntur,
2686 4217 2949 4273 quorum,
3005 4203 3237 4257 alterum
3288 4204 3508 4273 quidem
3552 4221 3583 4260 a

2007 4299 2197 4355 dextra
2226 4305 2397 4367 parte,
2432 4295 2665 4351 alterum
2694 4309 2825 4350 vero
2854 4311 2885 4350 a
2925 4295 3055 4350 laeva
3090 4295 3143 4350 in
3181 4297 3379 4366 quibus
3419 4306 3582 4352 testes

2006 4388 2357 4445 continentur
2383 4386 2651 4442 consistit.
2691 4384 2750 4441 ln
2787 4387 2953 4457 ipsos,
2990 4389 3233 4457 inquam,
3278 4388 3453 4449 sinus,
3490 4403 3583 4455 ge-

2007 4481 2189 4536 nitalis
2218 4478 2443 4536 seminis
2464 4479 2531 4534 de
2547 4478 2749 4547 quibus
2780 4482 2893 4550 jam
2923 4480 3165 4533 diximus
3196 4494 3323 4532 vasa
3366 4478 3580 4532 extrin-

2005 4588 2164 4628 secus
2210 4571 2525 4639 concidunt,
2559 4580 2613 4626 et
2662 4572 2966 4641 genituram
2998 4570 3066 4623 ad
3105 4578 3269 4624 testes
3308 4568 3578 4624 deferunt.

1932 4666 1974 4720 ι)
2002 4662 2141 4718 Cum
2171 4671 2351 4719 autem
2376 4663 2518 4718 hanc
2548 4664 2896 4725 auxiliarem,
2926 4661 3297 4717 crumenalem
3332 4661 3582 4715 videlicet

2007 4756 2272 4822 tunicam,
2331 4755 2491 4810 nobis
2520 4753 2725 4822 aliquid
2787 4767 2986 4822 magno
3013 4750 3226 4807 elIieere
3276 4752 3579 4818 molimine,

2006 4857 2100 4902 aut
2126 4847 2337 4917 pondus
2363 4846 2611 4901 attollere
2636 4845 2986 4910 immensum,
3015 4844 3128 4898 sive
3154 4843 3315 4907 saltu,
3338 4852 3431 4898 aut
3455 4859 3583 4897 cur-

2008 4951 2095 4999 su,
2123 4936 2209 4990 vel
2260 4949 2393 4989 voce
2422 4934 2654 4990 alterum
2691 4948 2951 5001 superare
2977 4933 3326 4999 conantibus,
3364 4933 3445 4987 vel
3475 4932 3582 4987 alio

2007 5027 2268 5098 quopiam
2293 5042 2449 5093 casu,
2481 5042 2510 5080 a
2543 5041 2646 5082 suo
2681 5026 2890 5081 moveri
2930 5024 3122 5080 ordine
3153 5023 3463 5095 contigerit,
3501 5023 3583 5077 in-

2003 5118 2344 5184 testinum,in
2359 5119 2532 5173 rivum
2545 5133 2609 5174 eo
2621 5118 2766 5189 quod
2782 5118 3028 5172 auxiliari
3050 5117 3245 5171 tunicae
3260 5116 3580 5178 acclinatnr,

2006 5211 2150 5267 infra
2208 5220 2394 5276 meat,
2459 5211 2601 5266 unde
2654 5210 2864 5266 scilicet
2909 5210 3187 5264 hominem
3248 5207 3580 5263 intestinalis

2009 5305 2166 5375 113
2195 5305 2382 5359 hernia
2420 5303 2644 5358 invadit.
2676 5301 2985 5372 Siquidem,
3027 5302 3213 5355 tunica
3252 5301 3368 5355 haec
3394 5299 3582 5354 Grece

2005 5395 2231 5469 ὲρυτρός
2271 5395 2597 5466 appellatur,
2631 5409 2660 5447 a
2693 5394 2859 5449 verbo
2894 5390 3095 5462 ἐρύκω,
3124 5391 3183 5443 τὸ
3210 5390 3409 5461 βοηθῶ,
3443 5406 3471 5442 a
3503 5390 3580 5444 fe-

419 5535 466 5565 ”
500 5535 680 5619 ,ἔσχεν
734 5551 842 5620 om.
874 5525 976 5620 ’ᾼη
1018 5541 1062 5620 *ἡ
1107 5554 1223 5606 γεν.
1255 5537 1496 5620 τὴνάρχ.
1525 5539 1647 5620 αρτ.
1679 5538 1796 5620 ἕςχ.
1876 5534 2080 5620 ’ξγοῦἢν
2136 5536 2196 5588 Β.
2275 5534 2443 5620 “vacat
2476 5548 2586 5588 om.
2758 5532 2799 5563 "
2832 5530 3033 5615 τοιῷδε
3051 5530 3108 5581 Β.
3158 5528 3229 5620 ﬂ”

557 5623 725 5679 ματος
780 5607 842 5661 Β.
918 5611 963 5641 ³⁵
1015 5608 1184 5679 ἕμπρ.
1232 5611 1288 5661 αἰ

1399 5596 1477 5662 1'3."
1536 5610 1580 5640 ns
1623 5596 1839 5675 πρῶἒξον
1896 5596 1967 5661 Β]
2034 5606 2081 5637 ⁹⁶
2154 5605 2542 5675 περιτέτταται
2604 5604 2669 5666 Α,
2707 5596 3215 5675 περιτεταμένονΡ.
3297 5596 3442 5675 ⁸⁷ῖβι
3465 5596 3571 5675 δεξο

325 5621 373 5636 συ
411 5621 512 5657 σπε
557 5623 725 5674 ματος
780 5621 842 5661 ὕ.
918 5621 963 5641 ν’
1015 5621 1184 5679 εμπρ.
1232 5621 1342 5663 αιτ.
1399 5621 1457 5662 15.
1537 5621 1580 5640 ¹¹⁰
1623 5625 1839 5679 πρῶτον
1896 5621 1954 5661 ις.
2036 5621 2081 5637 "
2154 5621 2542 5675 περιτετταται
2604 5621 2669 5666 Α,
2707 5621 3133 5672 περιτεταμενου
3158 5621 3215 5653 ι’.
3298 5621 3334 5629 ⁷·
3373 5621 3442 5650 τι
3465 5621 3570 5661 υεςο

324 5675 473 5775 μέρη
510 5624 630 5775 ᾆιϐ
678 5676 736 5732 Ρ.
811 5679 855 5711 ³⁸
891 5680 1316 5775 περιέχονταιηοὶ
1376 5679 1472 5732 διδ.
1500 5679 1551 5749 ,Β
1621 5681 1680 5735 C.
1759 5681 1803 5711 ’τ’
1841 5680 1919 5733 is.
1959 5676 2017 5731 δὲ
2064 5673 2119 5729 Β.
2207 5677 2220 5707 ¹
2254 5675 2284 5744 ἢ
2317 5674 2503 5743 φωνῆς
2555 5672 2912 5743 ἀνοιγομένης
2942 5672 3003 5727 C.
3082 5674 3100 5702 ²
3138 5668 3465 5740 ἐντεροκήλη
3506 5669 3570 5720 Α.

378 5753 548 5775 ..-ιηι
587 5764 662 5775 --.
700 5747 738 5775 ιι
842 5749 860 5775 5
895 5749 1191 5775 ι--.ἓ.ι.---

378 5745 665 5815 προσθέσει
698 5747 758 5805 Β.
842 5749 860 5780 δ
893 5745 1194 5820 ὲπὲιδῆπερ
1229 5748 1287 5802 Β.
