4066 6224
497 294 637 350 ιςιτι

1778 287 2059 342 ΜΕΙΑΕΤΙΙ
2101 286 2411 344 MONACUI

3622 280 3769 335 1246

494 415 668 469 τοιιιιιυ
699 413 951 468 videlicet
977 411 1249 473 subsidio,
1281 427 1406 465 naut
1441 410 1672 464 testibus
1707 425 1830 463 cum
1862 408 1931 462 ab
1956 408 2071 477 ipsa

2190 390 2425 477 ὲρυτρὸς,
2454 407 2482 458 ὁ
2513 402 2720 466 πλατύς
2746 404 2789 457 ⁸.
2828 402 2954 456 Εἰσὶ
3003 400 3062 454 δέ
3097 417 3244 463 τινες
3272 398 3473 469 ὑμένες
3498 399 3770 469 προσκολ-

496 505 771 575 prndeant
810 504 1088 573 suppetias
1137 502 1290 555 adest
1351 519 1365 554 :
1421 502 1537 555 sive
1600 517 1628 554 a
1682 500 1970 554 latitudine
2003 499 2073 552 ita

496 595 823 663 appellatam
864 594 1088 656 dixeris,
1140 593 1283 660 qttod
1330 593 1405 646 illi
1476 592 1639 661 εὐρὺς
1684 592 1929 663 εὑρυτδς,
1983 591 2076 644 καὶ

497 688 555 751 ἐξ
572 684 732 739 αὑτοῦ
750 687 977 755 ὲρυτρὸς
1002 686 1029 736 ὁ
1049 682 1278 748 πλατύς,
1299 684 1442 753 «μιαί
1465 693 1546 737 est
1567 684 1708 737 latus
1737 692 2072 752 nuncupant.

496 773 633 828 lline
673 773 940 843 siquidem
982 774 1233 827 auxiliari
1293 775 1509 837 tunica},
1551 775 1883 828 membranae
1926 790 2075 843 quae-

493 865 618 918 dam
649 865 1033 933 conglutinata-
1087 866 1385 928 adhaerent,
1446 876 1499 919 et
1540 866 1639 920 hac
1676 867 1742 919 de
1788 882 1955 921 causa
1991 867 2074 920 ha:

2179 497 2416 567 λώμενοι
2439 496 2517 567 τῷ
2547 495 2761 566 ἐρυτρῷ
2785 512 2798 525 ’
2826 495 2921 547 καὶ
2940 494 3011 547 δι’
3037 493 3206 547 αὑτοῦ
3228 492 3307 561 τῷ
3335 490 3538 557 ἔξωθεν
3555 490 3771 561 δέρμαο

2179 608 2254 656 τι,
2278 590 2467 661 δαρτοὶ
2518 587 3062 659 προσαγορευόμενοι
3087 603 3100 615 ο
3135 586 3197 638 οὑ
3241 584 3350 653 γὰρ
3379 583 3605 653 ἀμέσως
3644 583 3772 634 ἐπί-

2179 698 2388 734 κεινται
2418 682 2467 733 οί
2495 681 2680 750 ὄρχεις
2731 678 2807 747 τῷ
2839 675 3015 747 ὀσχεῷ
3041 693 3054 704 ·
3086 676 3171 728 ἵνα
3207 676 3281 745 μὴ
3322 674 3520 745 ῥᾳδίως
3549 672 3772 742 ψὺχων-

2177 793 2267 829 ται
2301 776 2406 828 ὑπὸ
2460 773 2554 826 τοῦ
2619 771 2821 839 κρύους
2859 788 2874 803 ·
2930 769 3065 840 μηδὲ
3118 769 3223 822 ὑπὸ
3277 771 3379 838 τῆς
3425 766 3773 837 θερμότητος

2181 866 2433 937 ὑποχαλιῖι
2443 884 2519 919 σι.

492 954 683 1028 δαρτοὶ
735 957 866 1010 διότι
889 958 1154 1029 δέρματος
1217 958 1415 1025 ἔξωθεν
1477 961 1603 1022 εἰσι,
1656 958 1802 1028 quod
1860 958 2083 1013 videlice

2190 970 2323 1014 :xtra
2376 958 2689 1029 pelliculam
2751 958 2882 1019 sint,
2935 965 3355 1024 nuncupantur;
3401 970 3583 1024 neque
3623 969 3669 1006 e.
3698 952 3772 1005 im

495 1048 701 1117 absque
730 1050 907 1103 medio
949 1050 1130 1120 aliquo
1166 1061 1328 1106 testes
1353 1060 1535 1107 scroto
1575 1052 1938 1120 applicantur,
1992 1051 2073 1105 sic
2111 1053 2257 1107 enim
2291 1053 2460 1124 rigori
2498 1054 2671 1125 pervii
2721 1051 3099 1114 redderentur,
3130 1066 3194 1105 ae
3242 1050 3312 1103 ab
3361 1058 3497 1103 testu
3530 1047 3775 1100 laxiores

496 1141 670 1210 magis
719 1142 1172 1212 rctnissioresque
1219 1146 1428 1198 tierent.

566 1233 807 1289 Feminis
828 1245 1010 1290 autem
1038 1250 1229 1290 natura
1256 1238 1371 1306 ipsa
1395 1250 1591 1293 cuncta
1612 1237 1759 1294 intus
1777 1254 1899 1309 quze
1924 1238 2084 1292 mari-

499 1326 601 1381 bus
619 1336 767 1380 extra
788 1327 980 1397 largita
1002 1337 1105 1391 est,
1122 1337 1177 1381 et
1197 1344 1359 1383 unam
1381 1330 1615 1399 amplius
1639 1340 1844 1399 partem
1863 1345 2085 1385 servan-

498 1419 549 1473 di
572 1417 841 1488 puerperii
857 1418 1051 1486 gratia,
1066 1434 1185 1487 quae
1203 1420 1360 1474 vulva
1384 1430 1752 1490 nuncupatur,
1768 1420 2009 1475 tradidit.
2028 1420 2080 1473 In

501 1510 617 1577 ip-a
643 1524 883 1577 namque
918 1509 1100 1575 vulva,
1126 1511 1373 1579 geminos
1405 1513 1758 1578 ventriculos,
1793 1528 1823 1565 a
1861 1512 2080 1566 dextera

501 1601 754 1666 alterum,
776 1602 1005 1655 alterum
1035 1619 1061 1654 a
1091 1602 1219 1657 laeva
1244 1612 1413 1671 parte,
1440 1605 1491 1657 itt
1516 1605 1716 1673 quibus
1743 1614 1928 1672 partus
1966 1605 2081 1659 suis

2261 1236 2371 1289 Καὶ
2395 1236 2453 1290 αί
2476 1237 2737 1305 γυναῖκες
2770 1234 2864 1287 καὶ
2902 1233 3085 1286 πάντα
3115 1230 3184 1284 τὰ
3218 1232 3360 1284 αὑτὰ
3392 1234 3510 1294 τοῖς
3568 1231 3777 1301 ἀνδρὰο

2190 1343 2275 1380 σιν
2324 1327 2507 1397 έχουσι
2542 1327 2708 1397 μόρια
2741 1343 2756 1357 ·
2783 1325 2899 1379 ἀλλ’
2928 1324 3096 1387 ἔνδον,
3131 1324 3226 1375 καὶ
3254 1324 3355 1375 οὑκ
3387 1322 3493 1388 ἔξω
3524 1340 3537 1353 ·
3575 1341 3777 1396 περισ-

2190 1421 2409 1491 σότερον
2434 1420 2491 1473 δὲ
2515 1422 2706 1483 αὑταῖς
2736 1419 2924 1490 μόριον
2950 1418 3060 1472 τῶν
3090 1416 3322 1486 ἀνδρῶν,
3343 1419 3401 1469 ὲν
3428 1410 3471 1482 ᾧ
3497 1417 3776 1486 βρεφουρο

2188 1516 2367 1582 γεῖται
2399 1513 2468 1567 τὰ
2498 1513 2615 1578 ζῶα
2642 1530 2656 1543 ’
2693 1513 2865 1583 ἦγουν
2896 1513 2930 1581 ὴ
2964 1510 3183 1579 μήτρα.
3223 1510 3379 1578 Ἔχει
3406 1508 3463 1561 δὲ
3508 1508 3607 1561 δύο
3664 1526 3779 1561 κοι-

2187 1605 2326 1669 λίας,
2356 1605 2646 1669 δεξιὰνκαὶ
2668 1602 2987 1677 ἀριστερὰν,
3020 1604 3076 1655 ὲν
3119 1597 3207 1664 αἷς
3257 1600 3495 1665 ζωοῦται
3544 1601 3613 1653 τὰ
3666 1602 3774 1669 ἒμ-

504 1692 750 1746 numeris
780 1694 1066 1748 absolutus
1095 1694 1357 1761 redditur,
1391 1694 1606 1750 feminae
1635 1696 1906 1758 obtinent,
1937 1707 1990 1751 et
2022 1697 2074 1750 in

2190 1697 2326 1765 δρυα
2351 1713 2363 1724 ·
2392 1697 2528 1767 φησὶ
2563 1696 2672 1766 γὰρ
2718 1694 3089 1764 Ἱπποκράτης
3116 1710 3130 1724 ν
3187 1711 3207 1742 ι
3246 1691 3508 1782 ξΈᾲμϐρυα
3538 1692 3610 1745 τὰ
3668 1692 3774 1761 μὲν

500 1785 723 1837 dextera
750 1792 902 1853 parte
926 1800 1126 1847 mares,
1154 1785 1208 1838 in
1234 1785 1364 1839 laeva
1397 1801 1525 1839 vero
1551 1785 1762 1840 femina:
1781 1784 1861 1857 (ut
1887 1785 2083 1857 llippo—

2190 1787 2411 1858 ἄρρενα,
2443 1788 2500 1839 ὲν
2543 1788 2678 1840 τοῖσι
2700 1783 2944 1851 δεξιοίσι,
2995 1782 3066 1836 τὰ
3118 1782 3175 1834 δὲ
3237 1780 3429 1850 θήλεα,
3468 1781 3529 1833 ἐν
3587 1783 3772 1833 τοῖσιν

502 1876 639 1929 crati
680 1875 879 1944 placet)
912 1876 1227 1946 gignuntur.
1264 1878 1404 1932 Sunt
1440 1886 1643 1942 autem,
1683 1878 1776 1948 qui
1826 1878 2081 1933 feminam

504 1966 693 2034 plures
740 1966 955 2022 duobus
998 1982 1105 2021 uno
1150 1978 1306 2036 partu
1358 1969 1516 2023 edere
1562 1985 1722 2038 posse
1775 1978 2081 2024 autumant.

502 2060 580 2112 Ad
632 2062 766 2123 haec,
816 2058 1034 2113 femina:
1100 2060 1230 2128 ipsa:
1278 2076 1457 2115 mares
1502 2061 1824 2130 papillarum
1880 2062 2086 2130 magni-

504 2152 688 2205 tudine
727 2160 1085 2220 exsuperant,
1139 2152 1194 2205 in
1228 2153 1434 2221 quibus
1464 2152 1574 2215 lae,
1626 2169 1737 2222 quo
1772 2153 1872 2223 ipsi
1898 2165 2085 2208 carent

502 2240 888 2307 constituitur;
915 2241 968 2294 in
1004 2240 1231 2310 reliquis
1257 2257 1386 2295 vero
1415 2241 1691 2302 omnibus,
1724 2239 1938 2296 {ennium
1970 2259 2086 2296 ma-

505 2335 658 2388 ribus
696 2350 850 2403 reque
903 2334 1273 2403 respondent;
1333 2344 1690 2405 praeterquam
1726 2337 1867 2405 quod
1899 2337 1952 2389 in
1997 2353 2086 2407 ge-

507 2423 768 2477 nitalibus
827 2425 1112 2488 membris,
1151 2425 1472 2479 discrimina
1516 2427 1763 2495 quaedam
1798 2428 2083 2484 manifesta

504 2514 778 2567 visuntur.
813 2512 927 2568 Mas
955 2523 1161 2580 autem,
1185 2531 1292 2569 non
1334 2516 1497 2571 modo
1526 2518 1711 2572 nescio
1749 2518 1876 2588 quid
1935 2519 2087 2573 virile

506 2606 560 2658 in
608 2606 740 2675 ipsis
779 2606 1107 2676 genitalibus
1157 2609 1418 2663 membris
1465 2625 1576 2679 pra:
1616 2626 1675 2664 se
1716 2609 1838 2675 fert,
1894 2626 2084 2665 verum

505 2696 674 2751 etiam
745 2697 800 2750 in
876 2699 1125 2762 viribus,
1187 2709 1448 2765 aspectu,
1528 2701 1809 2764 moribus,
1878 2717 2084 2757 necnon

509 2787 707 2841 robore
762 2788 970 2858 majore
1022 2806 1185 2860 quam
1242 2790 1441 2844 femina
1494 2792 1750 2860 praeditus
1805 2802 1926 2858 est;
1967 2808 2087 2862 qua:

507 2880 727 2950 quidem
781 2880 1035 2935 universa
1100 2882 1315 2937 feminis
1374 2899 1402 2935 a
1467 2883 1639 2951 prima
1700 2884 2088 2937 constitutione

508 2978 702 3023 natura
756 2971 1052 3026 abstulisse
1089 2972 1278 3037 voluit,
1313 2988 1435 3027 cum
1484 2973 1890 3034 imbecilliores.
1934 2975 2084 3028 omni

2184 1879 2542 1949 ἀριστεροῖσι.
2578 1897 2596 1929 ι
2632 1877 2865 1945 Λέγουσι
2885 1876 2942 1929 δέ
2972 1892 3120 1937 τινες
3154 1874 3249 1927 καὶ
3270 1873 3495 1927 πλείονα
3538 1872 3650 1926 τῶν
3674 1875 3773 1926 δύο

2184 1970 2391 2022 τίκτειν
2419 1969 2611 2039 αὑτήν.
2669 1969 2792 2021 Εἰσὶ
2817 1968 2875 2020 δὲ
2905 1967 3159 2036 περισσοὶ
3212 1966 3310 2018 καὶ
3360 1967 3411 2017 οί
3448 1966 3654 2035 μαστοὶ
3712 1966 3773 2017 ἑν

2189 2059 2411 2127 μεγέθει
2439 2075 2451 2089 ·
2486 2059 2582 2111 καὶ
2610 2057 2671 2110 τὸ
2701 2058 2757 2111 ἐν
2789 2057 2981 2119 αὑταῖς
3014 2056 3438 2125 λευκαινόμενον
3472 2056 3620 2122 γάλα
3644 2070 3661 2086 ο
3697 2056 3770 2108 τὰ

2185 2149 2229 2202 δ’
2268 2150 2403 2204 ἄλλα
2438 2150 2618 2204 πάντα
2667 2149 3029 2219 παραπλήσια
3054 2148 3095 2207 ⁸.
3153 2146 3292 2218 πλὴν
3345 2148 3446 2215 τῆς
3484 2148 3767 2216 διαφορᾶς

2183 2237 2280 2290 τοῦ
2315 2240 2543 2309 ἄρρενος
2578 2238 2715 2308 πρὸς
2762 2238 2823 2291 τὸ
2855 2236 3009 2308 θῆλυ.
3044 2235 3119 2288 Τὸ
3149 2236 3248 2306 μὲν
3288 2235 3395 2307 γὰρ
3448 2236 3565 2305 ἔχει
3607 2238 3775 2308 ἀρρε-

2186 2331 2383 2399 νότητά
2411 2348 2556 2395 τινα,
2587 2330 2649 2382 οὑ
2684 2329 2847 2399 μόνον
2869 2330 2926 2382 ὲν
2961 2330 3073 2391 τοῖς
3124 2328 3443 2398 εἰρημένοις
3503 2328 3774 2397 παιδουρ-

2185 2426 2300 2491 γοῖς
2328 2425 2560 2494 μορίοις,
2591 2423 2728 2477 ἀλλὰ
2754 2423 2851 2477 καὶ
2881 2424 2941 2476 ἐν
2982 2422 3210 2491 δυνάμει
3254 2423 3350 2493 καὶ
3381 2422 3606 2493 θεωρίᾳ,
3668 2424 3775 2475 καὶ

2187 2514 2306 2585 ἡθει
2349 2515 2446 2568 καὶ
2485 2516 2906 2584 καταστήματιο
2946 2513 3009 2567 τὸ
3051 2514 3108 2567 δὲ
3132 2513 3404 2585 Θηλὺτητα
3430 2515 3543 2584 ἔχει
3582 2516 3643 2566 ὲν
3689 2516 3768 2585 τῇ

2186 2604 2281 2656 τοῦ
2320 2602 2576 2673 σώματος
2605 2605 2961 2665 καταστάσει,
2995 2603 3089 2657 καὶ
3121 2606 3186 2674 τῇ
3225 2606 3427 2673 φυσικῇ
3464 2602 3771 2673 ἀσθενείᾳ,

2188 2692 2281 2745 καὶ
2313 2691 2390 2761 τῷ
2415 2692 2520 2762 ὅλῳ
2552 2692 2908 2763 συγκρίματι.
2942 2694 3065 2745 Ὅτι
3114 2692 3171 2744 δέ
3214 2693 3330 2743 ἐστι
3381 2690 3622 2759 διαφορὰ
3679 2707 3775 2753 τις

2187 2786 2281 2838 τοῦ
2344 2786 2572 2855 ἄρρενος
2606 2785 2742 2853 πρὸς
2772 2785 2832 2836 τὸ
2865 2782 3023 2854 Θῆλυ,
3068 2783 3164 2836 καὶ
3203 2784 3435 2852 φυσικὴ,
3492 2781 3707 2852 μάρτυς
3741 2784 3772 2835 ὁ

2190 2875 2366 2945 φοῖνιξ
2388 2878 2429 2929 ⁷.
2459 2878 2692 2944 Λέγουσι
2721 2876 2777 2928 δέ
2820 2873 2966 2939 τινες
2992 2874 3091 2946 τὴν
3126 2876 3467 2946 ἀρρενὸτητα
3498 2877 3616 2937 τοῖς
3670 2875 3770 2926 ἀν-

2187 2969 2379 3039 δράσιν
2414 2969 2471 3022 ἐν
2499 2971 2612 3031 τοῖς
2660 2968 2881 3039 ὄρχεσιν
2903 2968 2924 2999 ⁸
2974 2967 3120 3038 ἔχειν
3147 2984 3160 2997 ·
3199 2969 3283 3020 ὅτι
3325 2966 3773 3036 ἀποτμηθέντων

510 3076 736 3127 prorsus
785 3068 972 3116 amoto
1036 3063 1389 3126 discrimine,
1438 3064 1681 3117 maribus
1736 3064 2083 3119 habeantur:

2196 3063 2377 3117 αὑτῶν
2436 3063 2779 3133 θηλύνονται,
2833 3069 2930 3118 καὶ
2998 3064 3220 3133 γυναιξὶ
3268 3062 3653 3134 παραπλήσιοι
3688 3062 3773 3130 γί-

505 3152 651 3217 qttod
700 3160 880 3205 autent
943 3154 1190 3207 naturale
1260 3153 1528 3222 quoddam
1602 3154 1739 3208 inter
1784 3171 1987 3208 maretn
2034 3163 2087 3208 ct

508 3242 767 3295 feminam
827 3242 1124 3297 discrimen
1182 3243 1273 3305 sit,
1323 3244 1544 3312 pluenix
1590 3260 1709 3299 esse
1764 3258 2086 3316 argtnneuto

508 3340 704 3399 potest.
739 3333 876 3384 Sunt
927 3334 1020 3399 qui
1050 3333 1262 3387 virilem
1301 3334 1406 3387 vim
1446 3334 1498 3386 in
1547 3335 1774 3388 testibus
1821 3351 1940 3390 esse
1977 3338 2088 3406 opi-

515 3431 736 3485 nantur,
771 3422 897 3477 inde
926 3423 1179 3478 videlicet
1203 3436 1580 3494 argumentum
1616 3436 1912 3491 sumentes,
1941 3428 2086 3496 quod

509 3512 563 3565 in
608 3529 796 3567 eorum
831 3514 1202 3570 abstractione
1247 3531 1426 3571 mares
1464 3516 1765 3574 eil‘eminari
1797 3519 2083 3589 contingit,

2192 3173 2373 3209 νονται
2403 3172 2416 3185 ·
2455 3158 2592 3227 μήτε
2620 3156 2829 3225 γένειον
2868 3156 3150 3226 φέροντες,
3203 3158 3341 3227 μήτε
3378 3158 3476 3226 τὴν
3528 3155 3774 3225 φυσικὴν

2192 3248 2423 3318 δύναμιν
2459 3247 2677 3319 ἔχοντες
2707 3247 2808 3317 τῆς
2847 3248 3195 3312 παιδοποιίας
3218 3265 3231 3278 ·
3263 3247 3345 3301 διὸ
3378 3248 3474 3301 καὶ
3529 3245 3773 3317 ἁμφιϐό·

2192 3338 2317 3402 λους
2346 3338 2423 3409 τῷ
2451 3340 2599 3406 γένει
2633 3340 2831 3403 αὐτοὺς
2861 3342 2887 3394 ὀ
2926 3339 3188 3407 Θεολόγος
3240 3339 3415 3392 καλεῖ.
3452 3339 3773 3409 Ἀμείδεται

2192 3431 2248 3485 δὲ
2276 3432 2459 3494 αὐτοῖς
2491 3432 2584 3484 καὶ
2613 3431 2673 3483 τὸ
2710 3433 2808 3502 τῆς
2863 3432 3047 3502 φωνῆς
3094 3432 3366 3503 ἀνδρεῖον,
3413 3432 3510 3483 καὶ
3563 3430 3773 3500 ὑπουρ-

2195 3522 2353 3590 γοῦσι
2379 3523 2447 3574 τὰ
2476 3522 2644 3574 πολλὰ
2678 3522 3079 3595 παραπλησίως
3110 3523 3368 3586 ἐκείναις.

509 3620 574 3658 ac
621 3619 719 3658 ceu
750 3604 801 3657 in
844 3601 1173 3659 feminarum
1211 3614 1463 3660 naturam
1503 3608 1767 3673 converti,
1800 3623 1924 3662 eum
1955 3609 2087 3664 tales
2122 3621 2174 3665 et
2216 3612 2379 3667 balba
2445 3622 2686 3679 careant,
2730 3624 2786 3668 et
2849 3622 3055 3668 natura:
3090 3614 3165 3677 vi,
3225 3613 3580 3684 procreanda
3609 3612 3773 3666 sobo-

510 3695 576 3748 lis
644 3693 901 3749 facultate
966 3696 1276 3764 priventur;

1366 3695 1723 3766 quamobrem
1789 3695 2085 3767 Gregorius
2160 3699 2318 3771 114
2371 3699 2679 3771 Theologus
2732 3702 2879 3771 ipsos
2936 3701 3176 3772 ambigui
3261 3702 3476 3772 generis
3520 3700 3775 3754 homines

510 3794 808 3857 uunwpat.
848 3785 1134 3848 Praeterea.
1168 3797 1221 3842 et
1277 3788 1450 3843 virilis
1501 3790 1651 3844 vocis
1692 3804 1823 3845 usus
1881 3789 2016 3860 ipsis
2072 3791 2341 3858 aufertur,
2405 3810 2469 3849 ac
2526 3794 2774 3864 pluribus
2832 3794 2886 3847 in
2958 3793 3190 3864 negotiis
3239 3792 3585 3864 peragendis,
3638 3790 3772 3845 nihil

509 3894 736 3947 prorsus
796 3895 825 3933 a
884 3877 1119 3934 femineo
1160 3896 1293 3935 sexu
1352 3880 1682 3951 discrepant.

866 3996 999 4064 Cap.
1035 3994 1226 4051 XXVI.
1262 3996 1429 4051 ——De
1473 3997 1738 4051 manibus.

581 4109 685 4163 Sed
715 4108 827 4177 jam
862 4109 927 4162 de
957 4109 1222 4163 femorum
1258 4110 1567 4180 pedumque
1604 4112 1850 4181 partibus
1885 4111 2087 4165 oratio-

511 4214 634 4252 nem
683 4198 908 4251 missam
948 4198 1225 4264 facientes,
1262 4201 1329 4254 ad
1376 4216 1636 4256 manuum
1672 4202 2086 4271 explicationem

509 4289 830 4356 dirigantur.
878 4288 1085 4342 Etenim
1127 4291 1177 4341 in
1217 4291 1367 4343 omni
1403 4292 1633 4345 aliorum
1658 4292 1971 4345 animalium
1997 4308 2087 4359 ge-

2570 3992 2713 4059 Κεφ.
2742 3992 2888 4058 KQ".
2910 3991 3138 4060 -Περί
3155 3991 3391 4061 χειρῶν.

2268 4101 2349 4154 Τὰ
2401 4101 2541 4173 μὲν⁹
2605 4097 2698 4155 οὖν
2776 4101 2885 4155 τῶν
2942 4103 3134 4174 μηρῶν
3156 4103 3199 4134 ⁸⁸
3249 4105 3341 4157 καὶ
3395 4104 3573 4158 ποδῶν
3629 4122 3691 4158 τε
3727 4108 3766 4137 ¹¹

2194 4195 2426 4261 ἀφέντες
2469 4194 2654 4264 μόρια,
2685 4194 2779 4246 ἐπὶ
2806 4194 2873 4246 τὰ
2902 4193 3012 4246 τῶν
3058 4194 3259 4265 χειρῶν
3292 4194 3639 4266 τρεψὼμεθα.
3664 4198 3776 4248 ἀπὸ

2196 4287 2402 4339 τούτων
2428 4304 2487 4339 τε
2520 4286 2677 4339 πάλιν
2710 4287 2938 4339 κάκεῖνα
2966 4287 3321 4357 σκεψώμεθα.
3357 4288 3484 4351 Τοῖς
3517 4290 3617 4358 μὲν
3663 4290 3772 4359 γὰρ

512 4397 662 4443 nere,
682 4381 957 4435 anteriora
985 4382 1228 4450 corporis
1254 4384 1494 4435 membra
1518 4384 1677 4451 pedes
1697 4393 1843 4448 sunt,
1862 4398 1927 4437 eo
1949 4383 2083 4452 quod

2199 4383 2379 4446 ἄλλοις
2403 4385 2537 4436 πᾶσι
2564 4381 2726 4446 ζώοις
2754 4382 2819 4435 τὰ
2843 4382 3157 4453 ἔμπροσθεν
3190 4382 3342 4436 κῶλα
3388 4382 3485 4436 τοῦ
3520 4384 3776 4453 σώματος

510 4473 797 4528 incurvum
831 4476 976 4545 quod
1030 4474 1085 4527 in
1130 4473 1260 4543 ipsis
1298 4483 1400 4538 est,
1442 4476 1811 4528 sustentaculo
1836 4475 2085 4545 indignit.

510 4564 568 4618 lu
602 4565 826 4619 humani
850 4581 978 4619 vero
1000 4564 1247 4635 corporis
1276 4572 1569 4626 structura,
1597 4579 1696 4634 pro
1722 4567 2087 4621 anterioribus

508 4658 825 4713 animalium
862 4660 1138 4722 cruribus,
1171 4674 1366 4713 manus
1407 4658 1693 4713 habentur.
1729 4659 1863 4714 Cum
1903 4668 2083 4714 autem

511 4752 677 4804 homo
734 4760 917 4805 erecto
976 4750 1184 4805 feratur
1241 4766 1504 4820 corpore,
1566 4751 1697 4807 satis
1744 4752 1963 4821 quidem
2016 4752 2084 4807 ad

510 4858 732 4913 gressus
763 4843 1008 4906 tutelam,
1036 4843 1376 4913 geminorum
1430 4843 1624 4912 pedum
1665 4859 1800 4899 usus
1859 4844 2085 4900 faciunt.

510 4933 966 4998 Adhatc,rationis
997 4934 1185 4988 usibus
1207 4949 1467 4986 manuum
1493 4933 1663 4987 ollicia
1691 4934 2083 4999 obsecundant;

511 5040 636 5078 nam
677 5041 871 5079 manus
900 5026 1045 5094 ipsas
1070 5025 1352 5078 rationalis
1384 5034 1591 5078 natura:
1645 5025 2088 5081 instrumentales

513 5124 693 5183 partes
719 5125 863 5169 recta
882 5116 1090 5168 ratione
1110 5115 1430 5183 appellat-es,
1451 5129 1557 5167 non
1581 5116 1741 5169 modo
1766 5119 1910 5184 quod
1933 5132 2087 5172 com-

514 5206 771 5260 munibus
820 5222 939 5275 quae
987 5216 1242 5275 apparent
1299 5209 1461 5262 rebus
1514 5208 1699 5261 munia
1735 5208 2089 5264 solertissime

512 5299 694 5352 omnia
751 5307 1030 5367 peragant,
1066 5313 1254 5350 verum
1304 5299 1466 5352 etiam
1501 5308 1627 5368 apto
1660 5298 1898 5365 ipsarum
1930 5299 2089 5353 mini-

511 5388 697 5452 sterio,
729 5388 1077 5459 cogitationis
1112 5397 1328 5454 nostne,
1353 5391 1791 5459 quandocunque
1808 5390 2088 5458 acciderit,

2198 4475 2359 4537 πυὶδες
2380 4474 2486 4526 είσί
2514 4491 2529 4505 ο
2551 4474 2689 4526 διότι
2710 4474 2771 4527 τὸ
2797 4475 3035 4543 κεκυφὸς
3066 4474 3237 4527 ἐδεῖτο
3259 4476 3351 4526 τοὺ
3371 4475 3770 4544 ὑπερείδοντος.

2209 4568 2333 4620 Ἑπὶ
2363 4567 2418 4620 δὲ
2453 4567 2552 4637 τῆς
2602 4567 2697 4619 τοῦ
2731 4566 3022 4637 ἀνθρώπου
3067 4571 3417 4638 κατασκευῆς
3468 4570 3652 4640 χεῖρες
3704 4569 3773 4622 τὰ

2196 4659 2350 4713 κῶλα
2381 4659 2669 4727 ὲγένοντο’
2716 4658 2795 4729 τῷ
2825 4659 2933 4728 γὰρ
2973 4659 3143 4730 ὀρθίῳ
3188 4659 3284 4713 τοῦ
3317 4660 3604 4730 σχήματος
3650 4660 3774 4714 αὑτο

2196 4753 2432 4822 αρκες¹¹
2483 4747 2551 4821 ἧν
2589 4751 2728 4822 πρὸς
2783 4753 2884 4822 τὴν
2931 4751 3144 4823 χρείαν,
3199 4752 3297 4822 μία
3355 4751 3513 4822 βάσις
3564 4753 3775 4814 διπλοῖς

2197 4844 2357 4896 ποσὶν
2380 4844 2438 4896 ἐν
2462 4843 2736 4914 ἀσφαλείᾳ
2758 4842 2856 4915 τὴν
2906 4842 3064 4914 βάσιν
3107 4844 3415 4913 ὲρείδουσα.
3476 4844 3641 4898 Ἀλλὰ
3680 4847 3773 4897 καὶ

2196 4939 2262 5005 τῇ
2307 4934 2401 4988 τοῦ
2432 4934 2593 5003 λόγου
2629 4935 2789 5007 χρείᾳ
2839 4935 3101 5006 συνεργός
3149 4938 3362 5006 ἐστινὴ
3412 4937 3522 4989 τῶν
3575 4935 3774 5007 χειρῶν

2198 5026 2472 5096 ὑπουργία
2503 5042 2516 5057 ·
2548 5027 2641 5079 καί
2685 5044 2769 5089 τις
2826 5026 2958 5080 ίδιον
2990 5026 3090 5093 τῆς
3151 5026 3381 5097 λογικῆς
3430 5026 3646 5096 φύσεως
3672 5026 3777 5096 τὴν

2196 5117 2306 5170 τῶν
2360 5117 2561 5189 χειρῶν
2605 5119 2913 5188 ὑπηρεσίαν
2948 5119 3142 5184 εἰπὼν,
3203 5121 3264 5172 οὑ
3314 5119 3411 5172 τοῦ
3467 5120 3773 5189 πρέποντος

2195 5209 2508 5279 ἁμαρτήσει
2535 5209 2603 5261 ¹³.
2647 5228 2664 5260 t
2704 5210 2778 5262 Οὑ
2810 5210 2974 5280 μόνον
2998 5210 3134 5280 πρὸς
3163 5210 3224 5263 τὸ
3251 5209 3429 5263 κοινὸν
3473 5208 3637 5262 τοῦτο
3679 5210 3773 5261 καὶ

2195 5303 2487 5373 πρόχειρον
2536 5303 2858 5374 ἀποτρέχων
2908 5288 2989 5374 τῇν
3022 5305 3234 5375 διανοίᾳ
3265 5321 3280 5337 ο
3332 5307 3416 5359 ὅτι
3478 5307 3771 5378 γράμμασι

2196 5394 2287 5446 τὸν
2321 5395 2477 5463 λόγον
2514 5394 2601 5449 διὰ
2643 5398 2742 5465 τῆς
2787 5397 2895 5450 τῶν
2929 5396 3127 5468 χειρῶν
3160 5398 3394 5466 εὐφυΐας
3446 5396 3769 5469 ὲνσημαινὸο

578 5589 600 5622 ⁵
635 5593 765 5647 ha-c.
802 5609 909 5673 om.
937 5593 996 5647 Β.
1067 5598 1086 5628 ⁶
1114 5597 1360 5673 παραπλ.
1399 5598 1572 5673 παντα
1605 5597 1661 5648 Β.
1733 5597 1855 5673 ’ξδιδ
1884 5600 1977 5673 καὶ
2017 5598 2083 5667 δίε

2190 5600 2393 5673 raritati
2425 5599 2599 5652 ταῦτα
2627 5601 2724 5673 μὲν
2758 5602 2930 5665 οὕτως
2960 5601 3017 5655 Ρ.
3046 5613 3226 5667 textu;
3262 5613 3382 5657 etet.
3417 5604 3469 5657 in
3491 5620 3663 5673 marg.
3690 5603 3764 5673 le-

549 5672 783 5742 uatur.“
808 5663 831 5694 ⁸
860 5663 1075 5742 ἕρκεσιν
1106 5668 1162 5719 Ιῖ.
1200 5663 1208 5666 ⁷
1234 5672 1252 5699 ³
1287 5668 1366 5719 'l'a‘i
1400 5668 1495 5737 μὲν
1531 5698 1589 5705 -
1631 5666 1960 5737 σκεψώμεθα
1990 5663 2083 5723 om

2208 5671 2295 5738 qui
2330 5671 2438 5742 γάρ
2468 5682 2592 5727 ante
2628 5663 2824 5737 ἄλλους
2849 5663 3009 5737 etiam
3044 5689 3154 5729 om.

543 5732 556 5757 δ
584 5729 717 5792 τέως
750 5732 805 5784 Β.
884 5729 1223 5807 ίίαὺτάρκης
1247 5738 1284 5789 Β
1318 5729 1410 5792 (λ’
1463 5740 1502 5768 ’³
1524 5729 1832 5791 ἐκπέσοίΒξ

3234 5676 3276 5706 ⁸⁸
3300 5675 3429 5746 περὶ
3475 5673 3585 5728 τῶν
3704 5672 3763 5727 Β.
