4066 6224
305 323 447 382 ιειιι

303 453 467 520 με’)α.
505 445 666 499 Ἐστι
692 438 802 510 γὰρ
823 435 1096 493 καὶτοῦτο
1113 433 1340 504 λογικῆς
1364 430 1607 502 χάριτος,
1635 426 1694 480 τὸ
1714 425 1884 495 φθὲγ-
1916 428 1958 485 Α

301 517 494 611 γεσθαι
522 536 611 591 διὰ
641 532 990 607 γραμμάτων
1023 529 1170 602 ἡμᾶς
1194 545 1208 559 ⁸
1256 527 1351 579 καὶ
1394 524 1602 596 τρόπον
1629 519 1757 574 τινὰ
1797 517 1887 571 διὰ

303 633 482 703 χειρὸς
513 625 888 696 διαλέγεσθαι,
920 625 1032 687 τοῖς
1058 621 1168 675 τῶν
1205 617 1492 688 στοιχείων
1534 613 1885 686 χαρακτῆρσι

310 728 401 789 τὰς
455 723 642 794 φωνὰς
694 717 1109 789 ὲναρμὸζοντες.
1151 733 1169 765 ι
1209 712 1351 766 ’Λλλν
1401 708 1515 777 ἐγὼ
1555 707 1692 777 πρὸς
1723 705 1886 774 ἔτερα

304 819 542 885 βλέπων,
573 812 742 884 φησιν
765 809 1032 876 ὁΝύσσης
1069 804 1392 876 Γρηγόριος,
1423 801 1710 871 συνεργεῖν
1742 814 1886 869 φημι

301 913 400 975 τὰς
430 913 621 981 χεῖρας
665 908 733 977 τῇ
778 901 1088 972 ὲκφωνήσει
1141 897 1239 951 τοῦ
1285 896 1472 964 λόγου.
1525 895 1586 947 Εἰ
1640 892 1751 963 γὰρ
1789 891 1885 944 καὶ

306 1003 506 1074 μυρίας
541 1000 688 1052 ἐστιν
724 989 1226 1067 ἅπαριθμήσασθαι
1277 989 1380 1050 τὰς
1431 985 1576 1040 κατὰ
1630 984 1724 1037 τὸν
1771 982 1886 1052 βίον

304 1095 516 1166 χρείας,
553 1091 690 1164 πρὸς
712 1088 776 1152 ἃς
797 1087 842 1118 ’³
874 1085 940 1138 τὰ
966 1084 1251 1154 εὐμήχανα
1279 1081 1452 1134 ταῦτα
1491 1079 1582 1134 καὶ
1601 1075 1886 1146 πολυαρκῆ

304 1191 412 1243 τῶν
439 1185 638 1258 χειρῶν
660 1184 867 1254 ὄργανα
914 1182 1206 1250 χρησίμως
1239 1175 1373 1245 ἔχει,
1427 1175 1612 1226 πᾶσαν
1659 1173 1884 1241 τέχνην,

307 1283 402 1336 καὶ
440 1280 624 1331 πᾶσαν
655 1275 960 1344 ἐνέργειαν,
1002 1271 1101 1340 τὴν
1133 1267 1275 1322 κατὰ
1322 1267 1559 1335 πόλεμον
1600 1266 1696 1319 καὶ
1729 1266 1883 1336 εἰρή-

305 1391 426 1444 νην.
467 1369 658 1440 σαφῶς
700 1367 978 1438 μετιόντα.
1011 1363 1180 1417 Ἀλλά
1206 1379 1269 1429 γε
1301 1361 1408 1432 πρὸ
1440 1361 1546 1413 τῶν
1579 1359 1756 1414 ἄλλων
1793 1356 1885 1410 τοῦ

307 1467 464 1532 λόγου
499 1464 663 1533 χάριν
711 1459 1078 1528 διαφερόντως
1107 1458 1148 1488 ¹⁵
1193 1454 1538 1526 προσέθηκεν
1593 1451 1764 1514 αὑτὰς
1809 1447 1886 1518 τῷ

309 1558 521 1627 σώματι
552 1555 580 1606 ὁ
611 1551 811 1624 Κύριος
838 1550 902 1603 ’⁸.
939 1551 1002 1601 Εἰ
1035 1548 1144 1617 γὰρ
1193 1548 1419 1616 ἄμοιρος
1460 1543 1568 1598 τῶν
1621 1541 1822 1613 χειρῶν
1859 1542 1888 1594 ὁ

308 1651 592 1720 ἅνθρωπος
619 1641 708 1715 ἦν,
741 1644 961 1704 πάντως
988 1641 1054 1693 ἂν
1078 1639 1226 1709 αὐτῷ
1274 1638 1394 1691 καθ’
1444 1637 1740 1707 ὁμοιότητα
1781 1634 1886 1684 τῶν

307 1739 676 1812 τετραπόδων,
707 1734 1056 1803 καταλλήλως
1082 1734 1150 1802 τῇ
1179 1731 1278 1800 τῆς
1310 1730 1518 1801 τροφῆς
1549 1727 1636 1800 [τῇ
1667 1723 1879 1798 χρεία],

307 1834 664 1890 διεσκεύαστο
685 1831 778 1884 τοῦ
805 1831 1100 1903 προσώπου
1131 1829 1198 1881 τὰ
1229 1828 1394 1898 μόρια
1416 1842 1429 1856 ⁸
1461 1825 1602 1877 ὥστε
1624 1824 1883 1894 προμήκη
1923 1808 1958 1859 Β

307 1930 405 1999 τὴν
440 1925 653 1998 μορφὴν
687 1922 854 1992 ἔχειν,
901 1921 995 1973 καὶ
1035 1918 1127 1972 ὲπὶ
1173 1917 1460 1988 μυκτῆρας
1509 1912 1884 1968 ἀπολεπτύνε-

312 2023 463 2087 σῦαι,
487 2021 580 2073 καὶ
613 2014 1020 2088 προϐεϐλῆσθαι
1051 2015 1119 2066 τὰ
1159 2011 1314 2082 χείλη
1339 2010 1432 2063 τοῦ
1467 2008 1756 2077 στόματος,
1791 2024 1883 2058 τυ-

310 2115 452 2186 λὼδη
484 2114 524 2145 ²⁷
586 2112 736 2173 ὄντα,
788 2111 884 2163 καὶ
937 2105 1178 2176 σταθερά
1209 2107 1274 2168 ⁸⁸,
1338 2103 1434 2156 καὶ
1483 2102 1660 2171 παχέα
1693 2115 1707 2131 ⁸
1751 2099 1889 2170 πρὸς

309 2209 406 2281 τὴν
455 2207 733 2274 ἀναίρεσιν
762 2203 861 2271 τῆς
911 2202 1048 2262 πόας
1088 2197 1410 2266 ἐπιτηδείως
1468 2195 1700 2265 ἔχοντα·
1768 2194 1891 2260 Ἑγο

312 2303 526 2358 κεῖσθαι
561 2299 617 2352 δὲ
648 2300 758 2361 τοῖς
782 2294 964 2348 ὀδοῦσι
995 2294 1055 2346 τὸ
1080 2293 1171 2344 ὑπ’
1197 2291 1389 2344 ὀδόντα
1427 2288 1713 2357 γινόμενον
1743 2301 1755 2314 ⁸
1795 2283 1890 2337 καὶ

313 2395 410 2465 τὴν
437 2391 682 2461 γλῶτταν
711 2390 768 2442 οὐ
796 2386 1056 2455 τοιαύτην
1081 2381 1224 2438 εἶναι
1246 2397 1260 2412 ⁸
1298 2381 1436 2435 ἀλλὰ
1475 2381 1516 2412 ¹⁹
1547 2376 1891 2448 πολύσαρκόν

313 2502 434 2539 τινα
464 2484 558 2536 καὶ
591 2481 901 2537 ἀντίτυπον,
938 2477 1034 2531 κοιλ⁸
1065 2477 1345 2547 τραχεῖαν,
1371 2473 1465 2524 καὶ
1506 2485 1891 2539 συγκατεργα-

315 2577 551 2646 ζομένην
595 2575 707 2637 τοῖς
761 2570 940 2624 ὀδοῦσι
993 2569 1054 2621 τὸ
1107 2569 1197 2621 ὑπ’
1223 2567 1411 2620 ὀδόντα
1461 2564 1748 2634 γινόμενον
1780 2579 1794 2592 ⁸
1858 2560 1891 2630 ἢ

319 2670 490 2738 ὑγράν
520 2683 578 2719 τε
613 2664 708 2718 καὶ
733 2660 1130 2732 διακεχυμένην
1185 2657 1328 2710 κατὰ
1378 2655 1446 2708 τὰ
1496 2654 1702 2721 πλάγια
1733 2668 1748 2683 ⁸
1784 2646 1893 2704 οἷαι

325 2759 504 2812 αὐτῶν
535 2756 715 2810 κυνῶν
736 2756 782 2787 ⁸⁵
799 2772 858 2807 τε
907 2752 1130 2808 καὶτῶν
1159 2749 1362 2803 λοιπῶν
1393 2746 1704 2817 αἱμοϐὁρων
1734 2745 1892 2798 εἰσίν.

319 2855 382 2906 Εἰ
416 2853 508 2906 οὖν
543 2851 616 2921 μὴ
656 2847 914 2920 παρῆσαν
932 2846 987 2898 αἱ
1031 2846 1214 2914 χεῖρες
1238 2841 1317 2911 τῷ
1375 2839 1609 2907 σώματι,
1663 2837 1780 2899 πῶς
1829 2836 1896 2888 ἂν

321 2947 581 3016 ἔναρθρος
610 2940 954 3012 ὲνεσημάνοη
1005 2936 1191 3008 φωνὴ,
1227 2935 1329 3005 τῆς
1383 2932 1729 3001 κατασκευῆς
1787 2929 1898 2982 τῶν

320 3040 460 3092 κατὰ
489 3037 661 3107 στόμα
699 3033 900 3104 μορίων
930 3032 992 3084 οὐ
1042 3024 1712 3098 συνδιασχηματιζομὲνης
1761 3021 1898 3093 πρὸς

319 3132 418 3202 τὴν
448 3130 639 3202 χρείαν
656 3128 751 3182 τοῦ
785 3127 1057 3196 φρὸγγοιη
1095 3125 1190 3188 Ὠς
1224 3123 1532 3190 ἐπάναγκες
1576 3115 1716 3171 εἶναι
1762 3117 1894 3187 βλη-

323 3225 518 3294 χᾶσοαι
555 3224 774 3285 πάντως
819 3222 894 3284 ὡς
941 3219 1239 3290 πρόϐατον,
1275 3216 1309 3288 ἢ
1355 3214 1656 3286 μυκάζειν,
1687 3211 1720 3283 ἢ
1759 3212 1886 3264 ὑλα-

325 3319 474 3370 κτεῖν
511 3316 584 3378 ὡς
614 3313 772 3380 κῦνα,
798 3313 830 3383 ἦ
856 3309 1204 3382 χρεμετίζειν
1229 3309 1304 3370 ὼς
1335 3307 1524 3372 ἵππον,
1559 3305 1590 3373 ἢ
1618 3304 1774 3375 βουσὶ
1805 3303 1900 3357 καὶ

323 3409 466 3470 ὄνοις
499 3406 627 3478 βοᾷν
683 3405 1064 3476 παραπλήσιον
1089 3442 1104 3466 ,
1136 3404 1170 3474 ἡ
1218 3419 1340 3455 τινα
1377 3399 1622 3471 Θηριώδη
1679 3397 1900 3468 ἀφιέναι

327 3501 533 3569 φωνήν.
562 3499 700 3552 Νυνὶ
746 3498 802 3550 δὲ
837 3499 933 3566 τῆς
965 3496 1147 3566 χειρὸς
1180 3495 1492 3564 ὲντεῦείσης
1541 3492 1620 3563 τῷ
1660 3491 1896 3562 σώματι,

329 3592 469 3644 κατά
493 3591 589 3660 τὴν
619 3591 858 3660 ἄρρητον
892 3588 1084 3656 σοφίαν
1111 3586 1206 3639 τοῦ
1233 3585 1552 3649 κτίσαντος,
1579 3583 1832 3638 εὖστολόν
1855 3583 1897 3614 ’⁸

329 3683 448 3734 ἐστι
488 3681 548 3734 τὸ
581 3681 737 3750 σῶμα
759 3682 802 3712 ’⁸
857 3683 921 3750 τῇ
977 3677 1251 3749 ὑπηρεσίᾳ
1277 3677 1372 3730 τοῦ
1415 3675 1606 3745 λόγου·
1656 3678 1748 3729 καὶ
1794 3676 1902 3745 γὰρ

335 3772 609 3846 μουσικῶς
629 3774 676 3804 ’³
704 3773 843 3844 ᾄδων
873 3789 976 3836 τις,
1008 3775 1072 3841 τῇ
1125 3771 1271 3841 χειρὶ
1307 3769 1638 3840 συναρμόζει
1673 3768 1734 3822 τὸ
1783 3768 1904 3839 ᾀδό-

335 3879 495 3933 μενον
522 3861 601 3894 ’⁸⁸
635 3864 726 3916 καὶ
765 3862 910 3932 ἅπερ
948 3862 1085 3932 μετὰ
1127 3864 1228 3932 τῆς
1271 3860 1454 3932 χειρὸς
1487 3863 1670 3924 τυποῖ,
1730 3859 1905 3914 ταῦτα

333 3957 427 4011 καὶ
480 3956 568 4010 διὰ
602 3956 710 4010 τῶν
747 3954 1072 4025 φωνητικῶν
1119 3955 1366 4024 ὀργάνων
1415 3953 1793 4024 δημοσιεύειπ
1837 3956 1902 4024 τῇ

337 4049 593 4121 μελῳδίᾳ.
628 4048 790 4102 Ἀλλὰ
817 4049 908 4100 καί
935 4047 1216 4117 corpora
1259 4048 1306 4100 οἱ
1329 4047 1440 4099 τῶν
1468 4046 1645 4116 χορῶν
1691 4048 1735 4079 ³⁸
1775 4063 1907 4116 προ-

331 4138 616 4209 ῖστὰμενοι
642 4178 656 4203 ,
706 4141 754 4191 εἰ
781 4139 856 4208 μὴ
883 4139 1173 4208 χρήσοιντο
1206 4139 1326 4199 ταῖς
1342 4139 1499 4207 χερσὶ
1535 4138 1578 4168 ⁸⁷
1605 4154 1907 4190 συνεπακο-

333 4229 654 4293 λουθούσαις
673 4231 720 4262 ³⁸
739 4233 852 4292 τοῖς
882 4229 1190 4301 ᾀδομένοις,
1231 4229 1628 4298 καταγέλαστοι
1667 4229 1908 4282 δείκνυν-

333 4337 445 4374 ται.
474 4322 565 4374 Διὸ
591 4321 685 4374 καί
716 4338 860 4383 τινες
889 4323 945 4373 ἐν
978 4321 1056 4392 τῷ
1077 4321 1422 4389 διαλέγεσθαι
1457 4320 1557 4382 τὰς
1586 4324 1775 4391 χεῖρας
1821 4339 1906 4375 κι-

336 4410 489 4466 νοῦσι
517 4428 531 4442 ⁸
556 4411 864 4475 δεικνύντες
886 4414 931 4444 ³³
957 4415 1020 4464 ἐκ
1060 4412 1272 4477 τούτου,
1301 4413 1382 4465 ὅτι
1411 4413 1511 4482 τῆς
1547 4412 1773 4482 λογικῆς
1805 4413 1909 4481 φύ-

1549 302 1640 357 DE
1675 295 1966 356 NATURA
2005 290 2316 347 “OMNIS.

3438 282 3577 338 iit-id

1988 431 2084 487 per
2113 415 2424 469 litterarum
2455 425 2614 466 usum
2653 407 2996 465 ostendimus
3031 425 3044 462 :
3088 414 3142 461 et
3201 405 3303 460 hoc
3333 405 3576 475 quidem.

1997 505 2278 560 rationalis
2331 513 2526 558 natura
2580 517 2780 555 munus
2845 499 3036 554 sortita
3069 507 3171 564 est,
3203 496 3349 566 quod
3375 495 3579 551 snnuni

1996 613 2179 652 rerum
2209 595 2520 652 Conditoris
2552 593 2746 665 gratia,
2777 607 2870 663 per
2901 591 3107 645 litteras
3160 590 3415 644 absentes
3442 588 3580 643 allo-

1995 691 2090 762 qui
2121 689 2281 745 nobis
2305 697 2387 744 est
2421 688 2632 749 datum,
2661 697 2712 740 et
2741 686 2926 740 nescio
2959 698 3068 753 quo
3103 692 3283 752 pacto,
3318 695 3578 734 manuum

1997 781 2176 836 cilicio
2211 781 2264 834 in
2313 779 2779 850 disputatiowbus
2839 777 2939 841 uti,
2977 791 3098 830 cum
3150 774 3216 827 ad
3277 773 3581 826 litterarum

1996 870 2201 939 ﬁguras
2241 884 2402 924 voces
2458 869 2958 922 accommodamus.
3015 883 3032 916 ι
3077 863 3581 920 Verumenimvero.

1995 975 2119 1014 cum
2165 974 2268 1030 ego
2310 959 2374 1012 ad
2432 967 2658 1012 caeteras
2707 967 2887 1027 partes
2947 954 3244 1026 (Nyssenus
3288 951 3584 1021 Gregorius

1997 1051 2194 1122 inquit)
2240 1067 2436 1106 manus
2491 1052 2640 1120 ipsas
2691 1049 3040 1103 enuntianda:
3066 1045 3183 1101 voci
3209 1045 3585 1100 obsecundare

1995 1142 2292 1211 comperio.
2363 1138 2420 1194 Si
2469 1140 2614 1194 enim
2657 1139 2710 1192 in
2769 1140 2931 1194 rebus
2981 1137 3327 1207 peragendis,
3361 1151 3484 1205 qua:
3515 1137 3582 1190 ad

1997 1235 2160 1288 vitam
2196 1232 2449 1296 attinent,
2505 1232 2828 1286 innumeros
2861 1232 3055 1284 borum
3080 1240 3189 1283 tam
3219 1239 3470 1298 aptorum
3501 1228 3585 1282 in-

1997 1335 2434 1384 strumentorum
2469 1339 2603 1378 usus
2638 1337 2922 1378 recensere
2972 1322 3310 1390 aceingerer,
3365 1321 3586 1374 univer-

1995 1436 2087 1474 sas
2121 1434 2242 1489 qum
2267 1417 2336 1471 ab
2360 1417 2493 1484 ipsis
2519 1416 2830 1468 etliciuntur
2877 1423 3044 1478 artes,
3069 1427 3133 1467 ac
3166 1413 3290 1466 belli
3325 1412 3584 1482 pacisque

1995 1525 2214 1565 commo
2237 1512 2282 1564 la
2312 1507 2598 1577 conitdecti
2629 1505 3000 1560 necessarium
3025 1513 3188 1561 esset.
3214 1504 3377 1575 Atqui
3407 1506 3580 1577 ipsas,

1994 1603 2256 1660 orationis
2323 1599 2621 1670 praesertim
2683 1598 2877 1668 gratia,
2928 1595 3096 1650 Deum
3144 1597 3318 1666 ipsum
3363 1595 3583 1666 corpori

2001 1710 2187 1754 nostro
2209 1694 2524 1752 adhibuisse
2552 1693 2878 1748 credendum
2907 1700 3008 1745 est.
3045 1688 3098 1744 Si
3125 1699 3302 1744 autem
3331 1690 3572 1758 ipsarum

1993 1790 2268 1844 hominem
2323 1795 2600 1856 expertem
2655 1798 2774 1838 esse
2829 1782 3171 1852 contigisset,
3209 1781 3262 1834 in
3315 1778 3438 1832 cibo
3493 1795 3586 1833 ca-

1995 1883 2191 1953 piendo
2224 1882 2509 1936 brutomun
2539 1879 2711 1932 instar
2747 1885 2954 1930 motum
2983 1882 3293 1944 perageret.
3319 1871 3373 1925 ln
3407 1873 3586 1927 brutis

1994 1976 2164 2040 enim,
2206 1983 2266 2027 ut
2305 1988 2526 2027 eernere
2553 1980 2657 2032 est,
2693 1969 2849 2022 faciei
2883 1979 3086 2038 partes,
3130 1967 3301 2022 forma
3364 1967 3416 2020 in
3463 1965 3586 2020 lon-

1996 2083 2120 2138 gum
2158 2075 2403 2137 porret-ta
2427 2062 2850 2134 protenduntur,
2884 2077 2947 2115 ac
2983 2062 3034 2114 in
3064 2075 3224 2114 nares
3261 2057 3586 2113 acuminan-

1998 2169 2106 2214 tur.
2136 2161 2216 2213 Ad
2254 2159 2389 2224 haec,
2411 2157 2527 2226 ipsa
2560 2156 2672 2209 oris
2699 2153 2842 2207 labia
2867 2153 2918 2206 in
2947 2151 3348 2221 promuscidem
3380 2148 3587 2203 disten-

1997 2252 2226 2318 duntur,
2263 2264 2385 2321 quae
2443 2247 2670 2310 callosa,
2706 2245 2921 2300 stabilia
2961 2253 3014 2298 et
3042 2259 3225 2296 crassa
3283 2251 3432 2307 sunt,
3475 2255 3586 2309 quo

2000 2343 2212 2398 scilicet
2234 2342 2299 2396 ad
2328 2355 2489 2395 usum
2512 2338 2806 2394 evellenda:
2839 2336 3021 2392 herbte
3064 2335 3391 2390 sulliccrent.
3422 2333 3591 2401 Adja-

2001 2443 2086 2490 cet
2121 2443 2302 2488 autem
2338 2430 2618 2492 dentibus,
2662 2427 2807 2497 quod
2843 2426 3151 2480 subdcntile
3187 2422 3386 2477 factum
3428 2419 3586 2490 115

2000 2533 2105 2591 est,
2138 2535 2192 2578 et
2241 2536 2438 2592 neque,
2470 2529 2530 2574 ut
2567 2521 2620 2574 in
2656 2518 2940 2572 hominum
2987 2530 3206 2585 genere,
3254 2513 3432 2567 mollis
3477 2511 3587 2565 lin-

2002 2629 2130 2685 gua,
2167 2613 2262 2666 sed
2318 2625 2550 2664 carnosa
2586 2609 2878 2662 admodum
2915 2616 2968 2660 et
2993 2622 3115 2676 qua:
3143 2605 3394 2668 reluetet,
3422 2612 3587 2673 atque

2003 2718 2194 2773 aspera
2212 2710 2314 2767 est,
2339 2715 2525 2770 qumve
2549 2714 2671 2754 cum
2693 2697 2948 2752 dentibus
2967 2697 3244 2752 communi
3270 2694 3443 2748 oﬂieio
3461 2692 3587 2747 fun-

2005 2796 2170 2866 gitur.
2203 2791 2522 2846 Suhdentile
2551 2805 2678 2844 vero
2719 2789 2847 2842 illud
2876 2799 2959 2843 est
2979 2790 3122 2858 quod
3151 2787 3216 2840 ad
3247 2786 3467 2855 obliqua
3490 2800 3587 2838 ex-

2006 2888 2288 2958 panditur:
2321 2885 2426 2939 tale
2454 2884 2505 2937 in
2539 2881 3102 2950 ranibuseunctisque
3119 2879 3240 2933 aliis
3265 2893 3385 2948 qua:
3400 2875 3588 2932 crudis

2005 2988 2301 3034 vescuntur
2323 2976 2582 3032 carnibus
2611 2973 2912 3043 inspicitur.
2939 2969 2992 3026 Si
3009 2971 3172 3041 igitur
3189 2986 3388 3039 cel-pus
3411 2969 3586 3023 homi-

2008 3071 2094 3123 nis
2113 3067 2365 3122 manibus
2384 3073 2612 3125 careret,
2628 3079 2890 3134 quorsum
2911 3062 2963 3115 in
2983 3062 3094 3115 oris
3111 3061 3356 3130 partibus
3379 3059 3550 3112 articu
3567 3085 3584 3097 -

1920 3175 1962 3233 ς
1996 3167 2119 3223 latm
2148 3159 2296 3212 vocis
2326 3156 2791 3218 constitutio,cum
2813 3156 2866 3206 in
2882 3151 3246 3222 exsequendis
3268 3167 3390 3220 quze
3409 3149 3477 3203 ah
3494 3164 3590 3204 ore

2002 3247 2258 3313 eduntur,
2298 3247 2656 3300 instrumenta
2672 3243 3000 3299 deﬁcerent?
3044 3241 3246 3313 itaque,
3272 3253 3368 3296 aut
3399 3241 3584 3295 ovium

2007 3339 2249 3394 balatum
2271 3337 2451 3403 cdere,
2479 3346 2574 3389 aut
2605 3344 2664 3389 ut
2688 3350 2978 3406 caprarum
3012 3348 3184 3405 genus
3205 3332 3427 3396 micare,
3470 3331 3588 3386 sire

2015 3444 2073 3487 ut
2119 3447 2282 3486 canes
2319 3429 2515 3484 latratu
2558 3428 2659 3491 uti,
2699 3437 2794 3481 aut
2825 3442 3090 3496 equorum
3128 3441 3276 3480 more
3315 3425 3590 3482 hinnitum

2006 3525 2256 3580 emittere
2280 3561 2296 3584 ,
2329 3522 2411 3575 vel
2458 3522 2620 3575 boum
2666 3521 2913 3589 mugitu;
2930 3535 3024 3574 seu
3050 3520 3230 3572 ruditu
3276 3518 3586 3580 asinorum,

2008 3614 2233 3684 implere
2267 3628 2452 3678 auras,
2487 3621 2580 3664 aut
2611 3610 2816 3678 aliquid
2850 3609 3085 3664 ferinum
3131 3624 3328 3662 sonare
3358 3623 3589 3663 necesse

2006 3715 2170 3761 esset.
2201 3705 2304 3758 Sed
2334 3719 2458 3758 cum
2492 3701 2781 3756 int-Habilis
2806 3699 3084 3755 Creatoris
3103 3699 3365 3768 sapientia
3393 3716 3590 3754 manus

2007 3793 2220 3863 corpori
2275 3793 2606 3854 adhibuerit,
2663 3789 2818 3844 facile
2875 3789 3092 3859 quidem
3126 3804 3322 3842 manus
3375 3789 3456 3842 ori
3487 3790 3589 3858 ipsi

2007 3887 2072 3940 ad
2127 3885 2394 3940 orationis
2439 3884 2804 3938 ministerium
2839 3881 3134 3937 suiliciunt.
3165 3879 3373 3935 Etenim
3415 3885 3587 3935 tunsi-

2007 3992 2129 4038 eus,
2163 3977 2291 4031 dum
2335 3985 2496 4030 cantu
2545 3977 2734 4038 utitur,
2783 3989 2980 4028 manus
3016 3973 3486 4044 gestienlationem
3519 3959 3588 4028 ad

2008 4067 2158 4122 ret-is
2205 4081 2400 4121 sonum
2441 4066 2850 4130 accommodat;
2881 4075 2933 4119 et
2962 4065 3225 4132 vicissim,
3265 4081 3386 4134 qtae
3417 4081 3583 4120 manu

2013 4156 2230 4227 ﬁgurat,
2269 4157 2456 4211 eadem
2492 4157 2774 4211 roealibns
2817 4158 3195 4211 instrumentis
3223 4157 3592 4214 emodulando

2013 4248 2302 4318 perspicua
2335 4248 2531 4302 reddit.
2567 4245 2670 4301 Sed
2696 4256 2749 4302 et
2779 4249 2829 4300 in
2864 4247 3049 4303 choris
3075 4249 3386 4318 psallentes,
3411 4259 3464 4302 et
3495 4249 3590 4318 qui

2014 4339 2146 4408 ipsis
2193 4349 2456 4408 prtesunt,
2512 4339 2616 4394 nisi
2666 4355 2928 4393 manuum
2971 4341 3417 4409 gesticulationes
3446 4340 3593 4410 psal-

2013 4445 2224 4482 morum
2253 4439 2381 4485 tono
2409 4437 2840 4495 accommodent,
2867 4447 2988 4499 quae
3026 4431 3270 4485 comitari
3299 4431 3590 4499 psallentes

339 4519 475 4567 σεως
503 4504 734 4574 ὄργανον
768 4505 898 4557 ἴδιον
919 4507 964 4536 ³ο
996 4506 1056 4558 αἱ
1081 4506 1262 4575 χεῖρες
1303 4505 1683 4576 ἀναπεφήνασι
1703 4507 1769 4570 ³³,
1817 4508 1898 4559 καῖ

2017 4520 2165 4592 ipsos
2190 4521 2495 4586 rideantur,
2522 4522 2728 4578 risibile
2754 4523 2820 4576 de
2846 4537 2904 4575 se
2927 4522 3294 4590 spectaculum
3327 4520 3588 4588 pia-bent.

342 4595 578 4663 μάλιστα
630 4597 729 4666 τῆς
773 4595 1000 4660 ἐννοίας.
1038 4598 1136 4650 Διὰ
1178 4597 1337 4650 τοῦτο
1382 4599 1476 4650 καὶ
1539 4600 1569 4650 ὁ
1607 4597 1909 4670 Ψαλμῳδός

341 4701 492 4754 φησι·
519 4686 680 4740 Κατὰ
705 4686 930 4754 τὰὲργα
949 4685 1068 4739 τῶν
1092 4687 1310 4756 χειρῶν
1335 4686 1535 4742 αὐτῶν
1557 4689 1663 4755 δὸς
1683 4690 1908 4755 αὐτοῖς.

340 4776 452 4830 Καὶ
515 4778 673 4842 ἄλλος
713 4781 1040 4850 προφήτης⁸
1085 4782 1232 4835 Οὐαί
1273 4781 1354 4846 τῷ
1399 4783 1620 4851 ἀνόμῳ,
1677 4785 1914 4851 πονηρὰ

341 4867 452 4934 avio
486 4869 638 4923 κατὰ
668 4869 740 4922 τὰ
765 4871 908 4939 ἔργα
943 4870 1062 4924 τῶν
1082 4871 1299 4940 χειρῶν
1325 4874 1513 4927 αὑτοῦ
1537 4875 1912 4942 συμϐήσεται

340 4955 523 5022 αὐτῷ.
582 4959 658 5011 Οὐ
699 4960 804 5030 γὰρ
835 4961 898 5031 δὴ
929 4962 1054 5024 τοὺς
1085 4963 1143 5014 ὲν
1183 4965 1306 5026 ταῖς
1351 4965 1570 5034 τέχναις
1612 4967 1916 5036 ἐργαζομέ-

341 5064 470 5112 νους
502 5051 582 5112 είς
613 5053 886 5122 πορισμὸν
930 5054 1136 5123 τροφῆς
1186 5055 1280 5106 καὶ
1309 5056 1579 5124 ὠφέλειαν
1608 5058 1817 5112 πολλῶν
1866 5063 1915 5115 oi

343 5144 620 5213 προφῆται
652 5143 1012 5208 καταϐοῶσιν,
1072 5145 1209 5200 ἀλλὰ
1256 5149 1382 5210 τοὺς
1411 5151 1918 5222 κατεργαζομένους

342 5235 443 5302 τὴν
467 5234 696 5304 ἀνομίαν
715 5235 1159 5291 ὑποδεικνύουσιν
1193 5254 1206 5268 ⁸
1233 5238 1373 5292 ὥστε
1409 5244 1503 5296 καὶ
1534 5243 1640 5296 τῶν
1673 5245 1767 5298 τοῦ
1799 5248 1920 5312 νοὸς

414 5415 494 5482 (τι)
527 5412 672 5468 Psal.
707 5431 874 5482 xxv“,
909 5416 964 5470 4.

445 5569 489 5600 ¹⁸
527 5569 595 5631 ἃς
646 5572 734 5626 διὰ
780 5573 888 5627 τῶν

350 5638 395 5672 ’⁸
429 5640 680 5710 σταοηρὰ
717 5643 758 5696 C
799 5645 860 5698 P.

349 5725 470 5762 mox
505 5728 588 5771 τις
614 5727 719 5764 om.
754 5713 791 5764 Β
820 5714 859 5767 C
892 5713 952 5770 Ρ.

350 5782 541 5853 ιεῖρας
579 5781 632 5834 Β.

1031 5718 1079 5788 ’ἦ
1101 5719 1329 5788 πρὸς-τὸ
1361 5721 1413 5772 ἀ.
1442 5719 1481 5769 Β
1501 5721 1558 5774 C.

713 5781 756 5813 "
793 5801 913 5840 συνε
925 5781 1366 5850 ﬁumina-00:3“;
1412 5789 1470 5842 Β.

1733 5583 1776 5654 ξδ
1812 5583 1962 5650 διαιρ.
2021 5583 2116 5635 τοῦ
2162 5584 2276 5651 λογ.
2303 5585 2447 5654 νχάρ.
2478 5585 2516 5638 Β
2563 5585 2624 5640 Ρ.

1623 5653 1654 5720 ἡ
1685 5651 1796 5705 τῶν
1823 5654 2002 5706 κυνῶν
2036 5655 2094 5708 Β.

1549 5760 1558 5772 .
1637 5725 1679 5752 ’³
1708 5722 1898 5790 διμοτι,

1549 5791 1593 5822 ¹⁹
1626 5793 1737 5845 iure
1771 5810 1878 5844 om.

2002 5728 2091 5776 .A.
2148 5725 2216 5805 ﬁ"
2263 5722 2555 5795 ψαλμὶμδὸς
2593 5729 2624 5796 ἡ
2659 5729 2705 5779 οἱ
2736 5727 2846 5780 τῶν
2887 5722 3087 5796 χειρῶν
3121 5727 3162 5778 Β
3191 5729 3231 5784 C
3255 5722 3339 5786 Ἰ).
3418 5733 3460 5762 ’τ
3498 5735 3597 5797 τὰς

2072 5796 2113 5824 ³⁰
2149 5794 2277 5845 ιδιῦν
2323 5798 2442 5845 ὀςδγ.
2472 5796 2529 5845 Β.
2607 5801 2648 5828 ³⁸
2697 5798 3074 5845 ἐναπξευῆνασι
3110 5797 3168 5845 Β.

1644 5809 1737 5844 ore
1771 5810 1878 5844 οιη.
1931 5799 1993 5848 A.
2072 5799 2113 5824 "'
2148 5799 2277 5848 ἴδιον
2323 5799 2442 5848 ὀογ.
2472 5799 2529 5848 υ.
2607 5801 2648 5828 ³⁸
2697 5799 2935 5848 ἐναπεσῆ

2015 4611 2096 4666 Ad
2147 4614 2282 4680 lure,
2313 4615 2405 4683 qui
2439 4630 2496 4669 se
2521 4629 2773 4669 exercere
2805 4614 2857 4666 in
2899 4612 3360 4681 disputationibus
3392 4612 3588 4672 solent.

2019 4721 2279 4758 manuum
2335 4717 2483 4760 motu
2537 4715 2786 4770 utuntur,
2827 4719 2938 4774 quo
2991 4704 3208 4773 quidem
3273 4713 3592 4774 argumento

2020 4796 2282 4863 probatur
2334 4795 2615 4852 ratiOnalis
2665 4806 2872 4851 natura:
2921 4796 2986 4849 ad
3041 4812 3236 4851 sensus
3289 4796 3590 4866 praesertim

2018 4887 2404 4957 exprimendus
2427 4889 2700 4958 peculiare
2725 4889 2997 4958 quoddam
3020 4889 3446 4942 instrumentum
3478 4904 3596 4941 ma-

2014 4994 2117 5032 nus
2141 4977 2288 5047 ipsas
2327 4994 2467 5035 esse.
2495 4979 2838 5050 Quapropter
2879 4978 3046 5033 David
3090 4980 3334 5050 loquitur
3368 4995 3381 5030 :
3417 4979 3593 5031 Redde

2011 5070 2107 5136 eis,
2153 5069 2394 5139 Domino,
2437 5073 2723 5127 secundum
2755 5089 2912 5143 opera
2951 5090 3204 5126 manuum
3237 5088 3455 5126 suarum
3489 5070 3588 5142 (a).

2015 5160 2118 5215 Sed
2157 5169 2209 5215 et
2245 5163 2664 5234 aliusprOpheta
2699 5164 2876 5234 inquit
2905 5179 2918 5215 :
2955 5161 3018 5218 Si
3062 5163 3236 5233 inique
3266 5163 3463 5234 egerint
3492 5200 3506 5225 ,
3528 5161 3593 5214 ob

2011 5266 2174 5319 prora
2204 5269 2458 5308 manuum
2502 5272 2718 5309 suarum
2773 5267 2950 5324 opera,
3005 5255 3264 5325 condigna
3319 5254 3444 5324 ipsis
3480 5268 3597 5306 ere-

2704 5588 2746 5660 is
2784 5586 2934 5660 θεὸς
2965 5585 3005 5639 C
3186 5588 3232 5660 7'77
3269 5589 3484 5660 τηλώδη
3536 5594 3593 5648 Β.

2176 5655 2216 5728 ft
2256 5653 2512 5728 5-0351”
2540 5656 2600 5710 Β,
2676 5659 2720 5689 ²²
2747 5659 2809 5728 τὸ
2844 5657 3018 5726 στόμα
3043 5657 3100 5711 Β.
3127 5727 3138 5728 7
3179 5659 3225 5689 ”
3255 5653 3484 5728 μουσικὸ
3545 5675 3598 5717 et

2072 5796 2113 5824 ³⁰
2148 5794 2277 5848 ἴδιον
2323 5794 2445 5865 όργζ
2472 5796 2529 5850 Β.
2607 5794 2648 5828 ⁵⁸
2697 5794 3074 5870 ἐναπεςοήνασι
3107 5797 3168 5854 Β.

4055 3169 4057 3236 i

4055 3257 4057 3324 4

4055 3339 4057 3404 ἔ

4055 3601 4057 3664 ἵ

4055 3687 4057 3740 i

4055 3995 4057 4064 Α

4055 4637 4057 4710 i

4055 5125 4057 5174 Α
