4070 6216
318 273 458 328 ἰὲζίθ

1565 276 1651 330 DE
1696 275 1979 332 NATUIU
2017 280 2327 335 HOMINIS.

3454 283 3597 347 £350

316 411 493 465 χιονυς
536 392 729 446 ὀστοῦν
767 392 914 448 ἔστιν
946 396 1051 459 ἓως
1106 396 1376 465 ἀγκῶνοςο
1433 398 1617 450 ἐκεῖσε
1664 397 1720 450 δὲ
1771 414 1903 467 συμ-

2014 399 2214 454 dictam
2244 401 2455 465 volunt,
2491 402 2636 472 quod
2665 419 2728 458 ea
2761 419 2883 474 qnze
2940 404 3200 471 continet,
3233 408 3366 463 satis
3402 412 3592 464 adum-

319 488 520 559 φύεται
552 488 650 542 καὶ
689 492 1098 560 συναρμόζεται
1141 492 1219 564 τῷ
1278 494 1482 565 πήχει·
1524 492 1603 564 τῷ
1645 493 1700 546 δὲ
1744 494 1909 563 πήχει

317 580 604 648 σύγκειται
646 582 680 651 ὴ
724 583 918 654 κερκὶς
956 585 1167 639 ἄνωθεν
1223 586 1329 649 ἕως
1390 586 1544 639 κάτω
1594 586 1736 658 πρὸς
1782 587 1911 650 τοὺς

316 668 595 742 καρπούς.

2012 489 2142 543 dum
2170 493 2445 546 recondita
2478 494 2546 546 ab
2576 509 2637 548 ca
2674 495 2944 550 fovemur.
2975 497 3069 551 Vel
3098 498 3243 567 quod
3285 498 3338 553 in
3371 500 3597 569 papdlas

2014 580 2249 647 laxatur,
2301 584 2443 653 quod
2484 586 2559 639 illi
2641 587 2720 649 el;
2746 588 2985 657 μασθοὺς
3020 589 3352 659 κεχαλᾶσθαι
3387 593 3597 652 dicunt.

2016 673 2110 728 ubi
2160 677 2445 730 musculus
2499 678 2587 733 ille
2634 678 2969 744 demittitur;
3020 681 3135 735 sive
3194 682 3301 735 ἀπὸ
3357 684 3451 736 τοῦ
3497 701 3601 753 μα-

318 760 616 814 στεύεινντι
647 760 738 814 ὑπ’
771 761 1125 833 αὖτῆςμμιοι]
1151 780 1386 834 quwrere
1419 764 1623 834 aliquid
1666 763 1761 818 sub
1796 764 1910 832 ipsa

2021 766 2178 821 iceres
2219 784 2237 821 :
2268 771 2564 840 siquidem,
2598 787 2722 824 cum
2799 773 3190 828 abstulerimus
3217 776 3497 846 quidpiam
3532 779 3601 831 ab

318 854 526 926 aliquo,
554 854 806 910 occulere
842 857 945 910 sub
994 857 1110 927 ipsa
1155 858 1418 914 Solemus.
1452 858 1746 913 Enimvero
1812 858 2021 913 brachii
2076 876 2138 916 os
2187 863 2252 915 ad
2322 863 2505 917 ulnam
2581 881 2755 935 usque
2840 882 3009 919 unum
3060 868 3326 933 habetur,
3401 870 3599 924 dehinc

318 963 444 1001 eum
501 946 689 1001 cubito
748 947 1059 1016 c0pulatnr,
1109 965 1175 1005 ac
1228 950 1395 1006 simul
1446 951 1575 1006 coit.
1631 949 1706 1005 Os
1749 965 1901 1015 vero,
1964 952 2110 1019 quod
2178 953 2318 1008 radii
2362 956 2591 1012 textoris
2640 957 3053 1012 similitudinem
3109 961 3387 1029 exprimit,
3432 978 3461 1014 a
3497 978 3593 1015 su-

327 1035 531 1105 periori
565 1046 740 1106 parte,
775 1039 841 1091 ad
875 1039 1047 1093 imum
1079 1056 1255 1109 usque
1297 1057 1404 1110 qua
1439 1042 1919 1113 palmzejungitur,
1960 1042 2147 1097 cubito
2179 1045 2437 1099 coluerat.

390 1126 608 1195 Πῆχυς
657 1126 713 1179 δὲ
749 1128 963 1199 εἴρηται
1007 1130 1114 1183 ἀπὸ
1149 1130 1242 1183 τοῦ
1292 1133 1605 1204 πεπηγέναι
1657 1131 1816 1203 ἄκρῳ
1840 1131 1919 1203 τῷ

322 1220 600 1292 βραχίονι·
633 1221 728 1273 καὶ
764 1221 969 1291 μείζων
1009 1223 1109 1292 μέν
1135 1226 1333 1277 ἔστινό
1367 1228 1547 1296 πῆχυς
1573 1226 1672 1295 τῆς
1719 1225 1915 1296 κερκί-

318 1313 427 1375 δος.
491 1311 810 1366 ’Υπὸκειται
859 1314 917 1367 δὲ
972 1318 1000 1368 ὁ
1034 1319 1217 1387 πῆχυς
1261 1317 1420 1389 αὐτῇ,
1477 1320 1571 1372 καὶ
1608 1319 1728 1387 ὀχεῖ
1780 1318 1917 1387 πρὸς

321 1404 606 1477 ἐνέργειαν
629 1422 641 1435 ’
677 1406 752 1470 ὼς
788 1405 929 1461 εἶναι
959 1408 1058 1479 τὴν
1095 1410 1193 1479 μὲν
1218 1409 1261 1441 ⁸⁸
1303 1410 1531 1479 κερκίδα
1563 1412 1699 1480 πρὸς
1732 1412 1790 1463 τὸ
1820 1412 1914 1466 τοῦ

320 1498 632 1571 ἀντίχειρος
667 1500 855 1571 μέρος,
893 1501 985 1553 τὸν
1033 1502 1090 1555 δὲ
1117 1505 1294 1572 πῆχυν
1320 1503 1457 1573 πρὸς
1489 1501 1551 1555 τὸ
1584 1503 1677 1556 τοῦ
1710 1503 1909 1575 μικροῦ

320 1591 611 1645 δακτύλου.
645 1593 800 1661 Παρὰ
825 1594 882 1646 δὲ
914 1594 974 1646 τὸ
998 1595 1219 1666 κρέκειν
1244 1595 1308 1661 ⁸⁷,
1338 1597 1366 1649 ὃ
1390 1597 1539 1649 ἐστιν
1570 1598 1744 1666 ἠχεῖν,
1776 1613 1910 1666 κερ-

320 1683 418 1748 κὶς
445 1683 672 1755 ἐκλήθη.
704 1685 983 1738 Συνδείται
1007 1685 1062 1739 δὲ
1092 1686 1212 1740 καθ’
1241 1688 1502 1759 ἑκάτερον
1525 1687 1634 1740 τῶν
1655 1689 1911 1760 περάτων

2088 1133 2319 1189 Cubitus
2381 1150 2527 1200 vero,
2571 1137 2663 1206 qui
2723 1138 2790 1192 ab
2834 1138 2913 1193 eis
2973 1141 3153 1209 πῆχυς
3218 1140 3440 1207 dicitur,
3493 1142 3601 1197 ἀπὸ

2016 1225 2112 1278 τοῦ
2175 1226 2479 1298 πεπηγέναι
2540 1230 2693 1300 ἄκρῳ
2745 1228 2821 1300 τῷ
2888 1228 3171 1301 βραχίονι,
3236 1232 3361 1285 inde
3419 1236 3604 1303 appel-

2022 1317 2191 1372 latum
2246 1320 2483 1385 diceres,
2533 1322 2679 1391 quod
2733 1331 2977 1376 extremo
3029 1323 3235 1377 brachii
3286 1337 3602 1395 compactns

2024 1410 2115 1463 sit.
2166 1409 2230 1465 Et
2284 1410 2503 1465 cubitus
2546 1411 2799 1481 quidem,
2845 1412 3035 1467 radiali
3094 1428 3215 1467 osse
3276 1416 3450 1483 major
3505 1416 3596 1469 ha-

2018 1500 2197 1567 betur,
2254 1502 2357 1555 sub
2406 1502 2525 1571 ipso
2599 1502 2741 1556 enim
2788 1502 2980 1557 radiati
3023 1517 3167 1568 osse,
3226 1504 3443 1559 cubitus
3496 1515 3599 1570 est,

2018 1591 2100 1645 sic
2150 1604 2209 1646 ut
2245 1593 2351 1647 tale
2379 1608 2463 1657 os,
2528 1593 2758 1663 pelicem
2807 1608 3001 1648 versus
3044 1594 3329 1663 dirigatur,
3382 1595 3600 1650 cubitus

2018 1697 2147 1738 vero
2196 1683 2267 1737 ad
2326 1684 2690 1739 auricularcm
2730 1684 2958 1755 digitum
2993 1686 3191 1739 tendat.
3222 1683 3335 1740 Hoc
3366 1703 3601 1757 namque

328 1778 358 1829 ὁ
390 1776 572 1848 πῆχυς
602 1780 668 1848 τῇ
703 1778 913 1850 κερκίδι
964 1779 1284 1850 συνδέσμοις
1325 1781 1599 1851 ἰσχυροῖς’
1644 1781 1704 1834 τὸ
1753 1781 1910 1852 μέσον

2022 1777 2225 1833 radiale
2243 1793 2327 1843 os,
2349 1780 2561 1850 κερκίς,
2593 1780 2661 1833 ab
2687 1780 2898 1835 edendo
2922 1780 3173 1835 videlicet
3199 1781 3427 1850 crepitu,
3455 1798 3599 1835 nun-

316 1867 374 1922 δὲ
406 1870 553 1924 ἅπαν
595 1870 844 1941 ἀλλήλων
892 1871 1241 1941 διεστήκασι.
1272 1872 1476 1943 Κύκλῳ
1504 1873 1558 1927 δὲ
1586 1873 1795 1928 τούτων
1821 1874 1911 1929 τέ-

319 1975 506 2024 νοντες
557 1961 823 2032 εὐμήκεις
887 1963 1025 2032 μετὰ
1088 1963 1243 2034 μυῶν
1269 1963 1313 1997 ⁸⁸
1372 1965 1755 2037 ὲνειλημμένοι
1812 1967 1912 2038 τὴν

321 2054 510 2124 χεῖρα,
542 2053 640 2123 τὴν
681 2055 972 2127 κινητικὴν
1018 2054 1251 2127 δύναμιν
1280 2058 1377 2110 καὶ
1418 2058 1702 2129 ἐνέργειαν
1756 2061 1912 2113 ἐκτε-

319 2142 526 2210 λοῦσιν,
567 2146 631 2199 ὲκ
657 2145 839 2219 ψυχῆς
860 2147 1142 2218 δεχόμενοι
1171 2148 1270 2220 τὴν
1299 2152 1501 2222 ὁρμήν.
1535 2152 1768 2223 Εἴρηται
1801 2152 1911 2225 γὰρ

321 2237 417 2288 καὶ
441 2237 485 2269 δ’
522 2238 776 2302 κατόπιν,
804 2240 889 2293 ὅτι
921 2240 1022 2292 ὅσα
1055 2239 1144 2293 διὰ
1176 2240 1387 2312 νεύρων
1418 2241 1518 2296 καὶ
1549 2243 1702 2312 μυῶν
1742 2247 1913 2298 κινεῖ-

321 2344 443 2392 ται,
500 2330 679 2383 πάντα
715 2331 926 2402 ψυχικά
958 2331 1018 2385 τέ
1052 2332 1195 2399 ἐστι,
1256 2333 1352 2387 καὶ
1387 2333 1528 2389 κατὰ
1583 2336 1909 2407 προαίρεσιν

323 2419 698 2474 ἀποτελεῖται.

2021 1877 2251 1939 cupatur
2283 1885 2298 1920 :
2332 1869 2604 1940 siquidem
2662 1871 2831 1925 cubiti
2882 1885 2967 1936 os,
3035 1887 3159 1926 cum
3205 1873 3395 1925 radiati
3451 1888 3597 1935 osse,

2021 1963 2270 2033 utrisque
2318 1963 2518 2017 finibus
2549 1964 2926 2035 terminisque,
2962 1964 3269 2034 ligamentis
3306 1965 3600 2019 admodum

2020 2055 2233 2122 validis,
2262 2055 2575 2125 colligatur,
2614 2055 3020 2125 intercapedine
3062 2071 3208 2122 vero,
3243 2072 3364 2125 quae
3390 2056 3457 2111 de
3487 2073 3604 2111 mc-

2017 2146 2110 2200 dio
2154 2154 2257 2212 est,
2307 2147 2377 2200 ab
2428 2146 2661 2202 invicem
2693 2147 2911 2216 penitus
2950 2146 3175 2200 distant.
3210 2143 3377 2200 Tendi
3419 2155 3602 2201 autem

2018 2238 2299 2308 przelongi,
2339 2253 2462 2292 cum
2521 2238 2786 2293 musculis
2824 2239 2973 2293 circa
3006 2254 3129 2292 ossa
3178 2240 3291 2308 ipsa
3332 2238 3605 2292 orbicula-

2016 2331 2109 2385 tim
2146 2330 2431 2401 implicati,
2474 2331 2542 2385 ab
2586 2331 2808 2386 animali
2846 2342 2993 2387 motu
3032 2334 3231 2402 impetu
3264 2342 3446 2403 capto,
3482 2350 3604 2388 nlo-

2017 2424 2183 2477 tivam
2240 2425 2347 2477 vim
2392 2424 2775 2493 actionemque
2805 2426 3058 2480 manibus
3108 2436 3298 2480 exacte
3329 2427 3596 2496 prseben'.

321 2508 457 2563 Nam
500 2527 619 2579 qum
670 2527 699 2565 a
748 2511 929 2567 nervis
969 2511 1362 2583 musculisque,
1422 2520 1483 2568 ut
1528 2515 1788 2580 diximus,
1850 2525 2159 2581 moventur,
2230 2525 2424 2571 cuncta
2470 2516 2788 2573 animalium
2855 2518 3179 2575 facultatum
3224 2528 3372 2584 sunt,
3439 2531 3603 2591 atque

321 2603 387 2657 ad
419 2603 715 2658 voluntatis
746 2612 948 2659 nostra:
972 2605 1261 2659 arbitrium
1297 2606 1670 2675 perficiuntur.

392 2696 539 2766 Πρὸς
604 2696 658 2748 δὲ
704 2695 806 2765 τὴν
860 2694 955 2748 τοῦ
1008 2696 1295 2767 βραχίονος
1353 2699 1447 2751 καὶ
1494 2697 1589 2751 τοῦ
1642 2700 1908 2770 πήχεοςδθ

321 2787 525 2853 ζεῦξιν,
579 2786 1007 2857 κατέμπροσθεν
1038 2788 1138 2856 τῆς
1165 2790 1372 2859 χειρὸς,
1400 2792 1551 2858 τρεῖς
1594 2790 1909 2863 διέρχονται

320 2879 521 2948 φλέϐες
555 2878 652 2931 καὶ
692 2878 975 2950 ἀρτηρίαι,
1009 2878 1147 2950 πρὸς
1174 2881 1306 2944 τοὺς
1354 2879 1773 2952 ριζοδακτύλους
1814 2884 1911 2954 τῆς

320 2972 507 3043 χειρὸς
556 2971 898 3041 πολυσχιδῶς
943 2972 1449 3044 περαιούμεναι⁸¹·
1501 2976 1534 3047 ἡ
1581 2974 1816 3044 ὠμαιιία,
1846 2980 1911 3047 ἣν

321 3064 414 3117 καὶ
446 3064 785 3132 κρανιακὴν
835 3064 1069 3135 λέγομεν
1092 3066 1167 3097 δ’·
1198 3067 1230 3136 ἡ
1265 3067 1405 3137 μέση
1436 3085 1494 3120 τε
1516 3109 1531 3134 ,
1580 3071 1675 3123 καὶ
1718 3071 1744 3141 ἡ
1777 3069 1904 3125 ἔσω.

322 3158 436 3226 Τὴν
460 3157 558 3226 μὲν
613 3152 708 3209 οῦν
744 3155 946 3225 μέσην
979 3157 1212 3211 καθόλου
1246 3157 1542 3228 καλοῦμεν,
1584 3158 1773 3232 ὥσπερ
1809 3161 1908 3232 τὴν

323 3250 433 3303 ἔσω
462 3249 821 3318 σπληνικήν
841 3249 886 3280 ⁸³
909 3266 924 3282 ο
956 3248 1093 3321 πρὸς
1124 3250 1190 3321 ἣν
1222 3250 1316 3304 καὶ
1342 3252 1375 3321 ἡ
1405 3252 1643 3323 ἀρτηρία
1678 3254 1904 3322 ἐγγίζει.

322 3342 401 3414 Τῇ
429 3338 525 3397 οὖν
581 3342 812 3396 καθόλου
858 3341 1017 3409 φλεϐὶ
1058 3341 1249 3413 νεῦρον
1290 3342 1580 3397 ὑπόκειται
1628 3344 1816 3418 ὥσπερ
1838 3350 1905 3418 τῇ

324 3434 598 3505 σπληνικῇ
642 3434 915 3505 ἀρτηρίᾳ·
950 3434 1045 3487 καὶ
1092 3433 1199 3505 χρὴ
1233 3436 1676 3507 παρατηρεῖσθαι
1703 3438 1910 3503 ταύτας

322 3529 380 3580 ὲν
422 3526 503 3595 τῷ
545 3526 940 3595 φλεδοτομεῖνο
983 3525 1092 3596 χρὴ
1123 3525 1178 3578 δὲ
1224 3526 1519 3593 γινώσκειν
1548 3528 1627 3581 ὅτι
1671 3529 1769 3599 τῆς
1809 3530 1909 3600 μὲν

321 3618 621 3687 ἀριστερᾶς
668 3617 847 3688 χειρὸς
900 3617 933 3687 ὴ
988 3615 1097 3669 ἔσω
1150 3616 1291 3685 φλὲψ
1346 3617 1455 3670 ἀπὸ
1500 3618 1596 3672 τοῦ
1671 3620 1907 3690 σπληνὸς

322 3711 635 3779 ἐφορμᾶται
657 3708 735 3741 ³⁸ο
767 3712 867 3781 τῆς
906 3708 1086 3772 δεξιᾶς
1131 3707 1187 3761 δὲ
1222 3707 1333 3761 ἀπὸ
1373 3710 1467 3763 τοῦ
1498 3712 1738 3781 ἥπατος·
1772 3714 1804 3783 ὴ
1853 3713 1910 3767 δὲ

324 3800 467 3870 μέση
520 3801 613 3855 καὶ
650 3802 887 3871 μεγίστη
930 3800 990 3867 ἐξ
1036 3798 1353 3870 ἁμφοτὲρου
1377 3800 1423 3833 ⁵⁸
1475 3800 1570 3853 τοῦ
1630 3801 1903 3872 σώματος.

320 3892 605 3963 Σχίζονται
636 3893 694 3947 δὲ
726 3887 887 3947 αὗται
919 3892 975 3945 αἱ
1000 3892 1152 3961 τρεῖς
1180 3889 1370 3960 ὥσπερ
1405 3890 1553 3943 ἔνδον
1577 3892 1671 3944 τοῦ
1704 3893 1908 3964 πήχεος

321 3986 419 4038 καὶ
458 3987 514 4038 ὲν
544 3987 656 4048 τοῖς
690 3984 1138 4053 καρποχειρίοις,
1167 3984 1247 4045 εἰς
1282 3982 1480 4046 πολλὰς
1500 3984 1544 4016 ⁵⁸
1584 3984 1678 4036 καὶ
1703 3986 1907 4055 μικρὰς

320 4075 827 4147 ὲπιμιγνυμένας⁵⁷
888 4072 1180 4142 ἀλλήλαις,
1235 4070 1378 4125 οὕτω
1430 4072 1523 4124 καὶ
1572 4072 1766 4133 ἐκτός·
1827 4075 1909 4136 εἰς

319 4169 521 4222 ταυτὸν
547 4172 656 4240 γὰρ
688 4167 942 4238 ἔρχονται
979 4163 1269 4233 ὲνούμεναι
1296 4162 1431 4233 πρὸς
1460 4161 1694 4232 ἀλλήλας
1720 4179 1777 4216 τε
1814 4165 1907 4217 καὶ

320 4260 421 4323 τὰς
445 4259 616 4313 ἔνδον.
657 4257 1021 4311 Ἐκτείνονται
1046 4253 1103 4307 δὲ
1122 4254 1228 4307 ὑπὸ
1256 4254 1367 4306 πᾶν
1392 4252 1452 4306 τὸ
1481 4252 1656 4324 δέρμα
1682 4253 1740 4306 τὸ
1763 4255 1906 4309 κατά

317 4353 415 4405 τὸν
444 4351 654 4419 καρπὸν
691 4351 784 4404 καὶ
829 4347 1229 4417 μετακάρπιον,
1278 4346 1527 4409 καὶτοὺς
1568 4346 1904 4411 δακτύλους·

2091 2694 2168 2748 Ex
2197 2695 2457 2750 anteriori
2484 2712 2612 2751 vero
2637 2712 2830 2753 manus
2855 2706 3028 2767 parte,
3061 2700 3125 2753 ad
3153 2715 3270 2754 eam
3296 2718 3415 2770 quae
3435 2705 3601 2760 cubiti

2013 2797 2065 2840 et
2108 2788 2316 2843 brachii
2344 2788 2791 2844 constitutionem
2816 2800 2918 2855 est,
2952 2801 3061 2845 tres
3084 2808 3255 2857 vente,
3277 2810 3339 2848 ac
3365 2799 3600 2860 arterite.

2013 2896 2118 2949 qua
2172 2881 2454 2935 brachium
2540 2890 2595 2936 et
2638 2882 2859 2937 cubitus
2918 2885 3264 2953 Copttlanlur,
3332 2888 3601 2945 multifido

2015 2977 2188 3023 tractu
2238 2971 2540 3037 tendentes,
2592 2972 2657 3027 ad
2700 2973 2997 3043 digitorum
3055 2976 3268 3031 radices
3320 2978 3598 3043 desinunt,

2014 3074 2245 3128 quarum
2291 3062 2451 3131 118
2482 3062 2652 3117 altera
2703 3063 3003 3118 humeralis
3037 3074 3141 3130 cst,
3186 3081 3347 3134 quam
3405 3072 3599 3124 etcal-

2013 3149 2185 3204 ralem
2245 3150 2503 3216 dicimus,
2548 3153 2727 3207 media
2783 3153 2972 3218 altera,
3016 3157 3175 3209 tertia
3231 3157 3459 3214 interior
3494 3171 3598 3216 est.

2008 3237 2143 3294 Nam
2179 3256 2302 3312 qua;
2350 3244 2525 3298 media
2545 3252 2660 3307 est.
2687 3245 3011 3300 universalis
3063 3248 3593 3319 appell.ntur,quem-

2011 3331 2305 3388 admodum
2352 3343 2405 3390 et
2431 3336 2518 3389 illa
2551 3352 2675 3406 quae
2738 3336 2967 3391 interior
2996 3347 3097 3403 est,
3132 3338 3346 3396 licnalis
3372 3343 3598 3409 dicitur,

2013 3422 2100 3476 cui
2134 3424 2335 3479 arteria
2355 3424 2517 3480 etiam
2546 3426 2793 3496 proxima
2821 3435 2924 3480 est.
2962 3423 3263 3481 Uuiversali
3284 3430 3427 3482 enim
3448 3445 3600 3484 venae

2011 3528 2242 3578 nervus,
2310 3517 2768 3585 quemadmodum
2834 3516 3051 3581 lienali,
3100 3518 3300 3570 arteria
3366 3519 3596 3583 subest;

2011 3617 2360 3677 quapropter,
2427 3609 2480 3661 in
2537 3622 2686 3661 vente
2745 3608 2988 3662 sectione
3044 3608 3589 3663 animadvertendum

2010 3705 2122 3760 est,
2177 3714 2244 3753 ne
2303 3713 2504 3753 nervus
2565 3696 2682 3766 ipse
2750 3698 3042 3752 incidatur.
3124 3696 3418 3752 Sciendum
3475 3702 3599 3768 qui-

2009 3802 2128 3853 dem
2186 3808 2299 3862 est,
2366 3799 2682 3854 interiorem
2755 3800 2937 3865 Iaevaa,
3015 3815 3044 3853 a
3103 3800 3329 3854 cerebro
3392 3815 3595 3869 proce-

2011 3889 2226 3943 dentem
2278 3889 2404 3944 lieni
2454 3888 2739 3958 applicari,
2797 3890 3032 3944 dextera:
3084 3904 3211 3945 vero
3262 3906 3292 3943 a
3349 3890 3594 3959 jecinore

2011 3982 2312 4050 praztendi;
2376 3989 2434 4035 at.
2480 3982 2678 4044 media,
2746 3996 2868 4051 qua:
2929 3982 3163 4035 maxima
3230 3981 3459 4037 habetur
3518 3982 3627 4049 ab

2010 4085 2242 4144 utroque
2297 4091 2526 4146 corpore
2579 4076 2853 4147 dirigitur.
2915 4074 3008 4131 llic
3052 4086 3234 4132 autem
3282 4088 3392 4133 tres
3418 4094 3593 4142 vente,

2010 4166 2078 4221 ab
2132 4166 2390 4222 interiore
2439 4166 2647 4222 brachii
2708 4176 2883 4237 parte,
2925 4167 2992 4220 ad
3044 4166 3341 4221 brachialis
3379 4168 3494 4223 loca
3542 4170 3594 4222 in

2009 4259 2273 4329 plurimas
2310 4274 2434 4328 quae
2479 4259 2642 4314 simul
2690 4259 2992 4313 eommista‘,
3050 4269 3177 4313 sunt
3229 4259 3455 4315 venulas
3494 4259 3597 4314 fin-

2010 4352 2231 4416 duntur,
2271 4349 2343 4404 ita
2389 4357 2443 4405 et
2481 4352 2744 4416 exterius,
2800 4360 2911 4404 tum
2942 4350 3128 4417 simul,
3178 4360 3291 4405 tum
3359 4366 3483 4404 cum
3514 4353 3599 4405 his

319 4443 385 4497 τὸ
407 4444 543 4497 αὐτὸ
589 4444 644 4496 δὲ
685 4444 872 4513 σχῆμα
915 4441 1009 4495 καὶ
1048 4439 1141 4493 ἐπὶ
1197 4438 1307 4491 τῶν
1335 4437 1516 4491 ποδῶν
1551 4438 1767 4510 εὕροις,
1805 4459 1905 4494 πο-

2014 4458 2132 4513 ψιιιι
2165 4445 2231 4497 ah
2259 4442 2502 4497 interiori
2538 4451 2690 4513 parte
2719 4452 2848 4498 sunt
2879 4444 2930 4497 in
2970 4459 3139 4497 unum
3172 4452 3393 4507 coeunt,
3432 4451 3487 4496 et
3514 4442 3599 4497 di-

320 4536 557 4600 λυειδῶς
620 4536 716 4589 καὶ
774 4533 1114 4604 πολυσχιδῶς
1178 4531 1289 4585 τῶν
1356 4531 1465 4585 ἀπὸ
1519 4531 1630 4585 τῶν
1691 4532 1906 4603 νεφρῶν

322 4631 505 4681 ἐκεῖσε
535 4627 855 4699 φερομένων
878 4626 1091 4697 φλεϐῶν
1118 4626 1162 4659 ⁸⁸
1194 4625 1632 4697 περαιουμένων.

2015 4536 2292 4590 viduntur.
2324 4536 2539 4591 Eaedem
2573 4535 2718 4590 cnim
2753 4536 2857 4590 sub
2898 4543 3006 4588 tota
3039 4543 3185 4597 cute,
3224 4550 3345 4603 qua:
3368 4533 3434 4589 ad
3462 4533 3597 4613 pra—

2014 4625 2211 4688 chialc,
2238 4634 2292 4680 et
2319 4624 2722 4695 postbrachiale
2777 4638 2841 4677 ac
2872 4624 3070 4692 digitos
3098 4633 3200 4688 est,
3247 4623 3595 4692 praetendun-

325 4727 436 4773 tur.
493 4716 751 4771 Eamdem
814 4727 867 4770 et
900 4716 954 4770 in
1002 4716 1229 4786 pedibus
1278 4716 1507 4786 figuram
1541 4728 1766 4769 cernere
1810 4723 1913 4781 est,
1949 4730 2075 4770 nam
2106 4725 2160 4771 et
2189 4718 2244 4770 in
2314 4717 2399 4771 his
2446 4729 2596 4771 vena:
2626 4729 2745 4783 qua:
2794 4728 2825 4766 a
2856 4713 3083 4767 renibus
3147 4712 3593 4783 proficiscuntur,

324 4811 600 4864 multitido
643 4811 906 4879 varioque
942 4809 1135 4863 ordine
1171 4808 1449 4863 desinunt.

413 4903 502 4955 Ἐν
538 4896 582 4970 ᾧ
623 4902 716 4956 οῦν
765 4901 997 4973 τελευτᾷ
1031 4903 1186 4971 μέρει
1221 4901 1254 4970 ἡ
1289 4900 1483 4971 κερκὶς
1515 4899 1608 4951 καὶ
1654 4898 1681 4951 ὁ
1707 4895 1946 4967 πῆχυς,“

322 4994 387 5047 τὸ
424 4992 670 5046 τοιοῦτον
711 4992 941 5061 καρπὸς
977 4993 1228 5045 καλεῖται
1251 5007 1264 5021 '
1304 4988 1617 5061 συντίθησιν
1650 4988 1693 5021 ⁵⁸
1720 4988 1777 5041 δὲ
1818 4987 1910 5040 τὸν

2092 4890 2147 4944 lu
2178 4891 2297 4946 loco
2335 4890 2500 4960 igitur
2533 4891 2585 4943 in
2616 4904 2727 4960 quo
2765 4904 2828 4944 os
2864 4888 3069 4944 radiale
3094 4896 3148 4943 et
3171 4888 3455 4946 brachium
3489 4902 3599 4949 ter-

2016 4982 2318 5047 minantur,
2347 4980 2623 5036 brachiale
2652 4989 2758 5044 est,
2780 4980 2927 5050 quod
2949 4977 3120 5035 Graeci
3152 4981 3363 5051 καρπόν
3386 4982 3593 5038 dicunt.

322 5086 544 5158 καρπὸν
583 5087 719 5139 ὀστᾶ
767 5085 858 5138 τὸν
915 5084 1149 5155 ἀριθμὸν
1210 5082 1391 5145 ὀκτὼ,
1423 5083 1518 5135 ἐπὶ
1549 5081 1644 5134 δύο
1693 5080 1910 5151 στίχους

2016 5072 2193 5145 Ipsam
2234 5082 2417 5129 autem
2459 5084 2664 5143 partem
2704 5083 2830 5127 octo
2866 5075 3113 5142 quaedam
3151 5072 3372 5143 gemino
3405 5075 3598 5127 ordine

325 5179 710 5249 συγκείμενα,
758 5176 971 5247 σκληρὰ
1031 5175 1127 5229 καὶ
1184 5174 1376 5246 μικρὰ,
1429 5175 1522 5228 καὶ
1568 5172 1783 5243 ἅμύελα
1820 5174 1913 5226 καὶ

328 5272 587 5342 πολυειδῆ
608 5311 622 5334 ,
660 5270 805 5325 κατὰ
834 5270 895 5323 τὸ
923 5269 1109 5340 σχῆμα
1135 5284 1148 5297 ·
1189 5269 1265 5338 πῆ
1302 5267 1402 5339 μὲν
1439 5267 1551 5338 γάρ
1581 5267 1688 5319 εισι
1713 5265 1913 5336 κυρτὰ,

323 5364 404 5435 τῆ
448 5364 506 5419 δὲ
538 5365 714 5435 σιμὰ⁶
769 5363 865 5418 καὶ⁵
913 5362 990 5432 πῆ
1020 5362 1119 5434 μὲν
1171 5359 1356 5425 εὐθέα,
1403 5360 1479 5430 πῆ
1523 5357 1579 5411 δὲ
1620 5358 1911 5429 περιφερῆ.

401 5496 449 5527 ⁸⁸
480 5494 580 5564 μὲν
640 5509 749 5549 om.
808 5493 868 5547 Β.
949 5494 993 5525 ⁸⁷
1034 5490 1345 5564 κέρκειννΒ.
1400 5490 1475 5564 Af“
1506 5488 1788 5564 μετὰτῶν
1841 5506 1899 5564 μ.

323 5560 696 5634 περεούμεναι
746 5566 787 5617 Β
889 5565 934 5597 ⁵⁸
977 5560 1317 5634 λέγουσιν
1397 5562 1444 5593 ⁸³
1503 5560 1775 5634 πληνικὴν
1822 5562 1891 5634 ΔΑ.

1970 5560 2015 5590 ⁸⁵
2072 5559 2371 5628 ὲξορμᾶται
2425 5559 2482 5613 Β.
2562 5559 2607 5590 ⁸⁸
2638 5553 2979 5628 (ΞιμιροτέρωνΔ
3021 5554 3125 5610 BC

2014 5175 2325 5223 constructa
2362 5182 2487 5222 ossa
2523 5166 2887 5229 constituunt,
2932 5172 2986 5219 et
3019 5163 3134 5217 haec
3166 5164 3387 5232 quidem
3432 5166 3594 5222 dura.

2017 5277 2288 5331 parvaque
2308 5270 2361 5316 et
2381 5260 2628 5315 medulla:
2648 5257 2909 5329 expertia,
2924 5268 2978 5312 et
2998 5255 3375 5323 multiformia,
3395 5259 3600 5313 habun-

2020 5366 2108 5410 tur
2141 5373 2154 5409 :
2186 5371 2307 5409 nam
2330 5356 2528 5425 partim
2558 5353 2747 5424 gibba,
2780 5352 2976 5422 partim
3008 5352 3171 5417 sima,
3200 5353 3397 5421 partim
3428 5365 3597 5413 recta,

2010 5529 2022 5541 .
2102 5488 2145 5519 ‘9
2193 5487 2288 5541 καὶ
2338 5504 2446 5540 om.
2476 5487 2532 5541 Β.
2616 5487 2662 5519 ‘°
2721 5486 2941 5553 πήχεως
3002 5483 3062 5537 Β.
3143 5483 3187 5515 ⁸¹
3247 5482 3600 5553 πολυσχεδῶς

2721 5486 2941 5556 πήχεως

3290 5554 3337 5588 ⁸⁸
3366 5554 3441 5617 ὼς
3471 5556 3599 5606 πολε

320 5624 413 5707 {1i
494 5624 582 5707 BI.“
631 5636 691 5707 ’ζ
747 5636 948 5707 μικραὶ
1021 5624 1454 5705 ε’πιμιγνύμεναι
1510 5624 1609 5685 Β.’
1646 5630 1692 5664 ⁸⁸
1731 5624 2094 5700 ’πολυσχεδῶς
2149 5624 2247 5693 τᾶς
2301 5629 2407 5682 ἀπὸ
2454 5646 2503 5683 τ.
2556 5645 2603 5681 ν.
2662 5624 2741 5681 εξ
2773 5624 3082 5697 φερομένας
3134 5624 3340 5696 φλέϐας
3398 5625 3434 5677 Β
3469 5628 3508 5679 t;
3539 5627 3596 5679 Ρ.

333 5704 380 5736 ⁸⁸
414 5705 633 5776 συντίοη
660 5703 720 5758 Β.
