4070 6216
492 408 513 455 1
528 399 633 453 1‘55

1765 389 1986 444 MELE'I
2007 390 2049 444 ll
2090 389 2398 445 MONACIII

3624 383 3645 437 i
3661 381 3765 439 236

488 518 620 584 gius
688 520 852 578 sunt,
924 525 1135 579 ungues
1216 510 1521 573 habentur,
1582 506 1674 575 qui
1739 506 1943 574 duplici
2015 507 2081 560 de

2189 522 2298 575 ρων
2335 506 2386 557 οἱ
2428 504 2621 573 δνυκές
2660 505 2819 567 εἶσὶν,
2855 500 3187 573 εὐπρεπείας
3236 512 3397 570 χαριν
3447 496 3767 566 γεγονότες

492 620 662 661 causa
709 602 991 658 constituti
1031 611 1177 665 sunt,
1215 601 1386 655 altera
1425 599 1637 655 decoris
1682 599 1877 668 gratia,
1908 599 2076 651 altera

493 710 642 759 vero,
692 693 837 763 quod
895 690 1079 762 digitis
1111 691 1244 759 ipsis
1284 690 1337 743 in
1389 691 1551 743 rebus
1587 686 1866 756 capiendis
1909 700 2074 752 expe-

491 787 653 840 ditior
710 783 939 838 facultas
998 783 1230 837 adesset.
1288 781 1499 851 Unguis
1558 778 1744 833 Graece
1802 777 1928 844 ὄνυξ
1966 771 2077 829 οἷον

488 872 640 941 ἄνυε,
679 874 708 923 ὁ
740 873 970 941 ἀνοίγων
1005 873 1103 943 τὴν
1133 872 1312 942 σάρκα
1334 872 1391 925 ὲν
1420 870 1496 941 τῷ
1522 868 1773 938 φύεσθαι,
1808 868 2077 938 quasique

489 968 693 1035 aperiat
737 981 947 1019 carnem
990 1006 1004 1031 ,
1060 982 1178 1018 cum
1242 967 1295 1016 in
1342 965 1425 1017 sui
1471 974 1591 1016 ortu
1643 963 1812 1031 ipsam
1875 961 2077 1029 aperire

490 1068 755 1111 cernatur.
786 1055 934 1112 Usus
980 1057 1125 1111 enim
1157 1056 1420 1127 unguium
1464 1055 1646 1117 nobis,
1676 1063 1790 1108 tum
1822 1052 1875 1105 in
1914 1052 2077 1105 rebus

490 1150 791 1219 capiendis,
837 1159 948 1203 tum
994 1149 1048 1202 in
1112 1148 1577 1217 scalpendo,eum
1638 1147 1780 1200 cutis
1838 1145 2075 1198 acrimo-

490 1245 633 1294 niam
670 1240 904 1295 distrahi
941 1255 1168 1294 necesse
1203 1248 1307 1303 est,
1345 1239 1811 1293 accommodatur.
1860 1236 1922 1291 Et
1950 1252 2075 1291 cum

490 1332 591 1401 ipsi
638 1322 864 1401 quidem
918 1347 1130 1400 ungues
1180 1331 1235 1383 in
1292 1339 1538 1383 extremo
1585 1330 1879 1399 digitorum
1934 1337 2077 1381 retro

499 1424 825 1488 consistant,
861 1424 1025 1477 robur
1054 1422 1328 1492 quoddam
1363 1421 1429 1475 ad
1459 1436 1544 1475 res
1572 1421 1865 1490 capiendas
1891 1420 2076 1488 digitis

491 1515 898 1584 impertiuntur.
922 1514 1232 1577 Enimvero,
1261 1513 1506 1583 pluribus
1525 1512 1843 1565 animalium
1868 1526 2077 1581 ungues

492 1605 617 1673 ipsi,
643 1615 699 1658 ut
728 1607 780 1658 in
812 1605 1062 1670 aduncis,
1087 1615 1141 1659 ct
1162 1606 1433 1673 plerisque
1459 1620 1522 1658 ex
1559 1602 1971 1672 quadrupedum
1995 1619 2078 1671 ge-

492 1712 624 1751 nere
643 1698 1128 1767 visitur,quasique
1153 1697 1441 1751 iraseibilis
1467 1697 1636 1765 partis
1656 1698 2075 1748 instrumentqu

493 1790 624 1855 sint,
658 1790 954 1845 ulciscendi
981 1792 1152 1859 gratia
1180 1791 1389 1845 insunt.
1422 1791 1479 1843 In
1511 1790 1633 1844 aliis
1659 1805 1806 1853 vero,
1841 1798 1898 1842 ιιι
1924 1790 2077 1858 equis

491 1882 812 1951 exterisque
843 1883 1118 1945 omnibus,
1166 1883 1368 1952 quibus
1409 1891 1601 1936 natura
1640 1883 1866 1937 solidam
1900 1899 2076 1951 ungu-

486 1974 599 2026 Llatn
656 1974 847 2043 largita
894 1982 998 2039 est,
1060 1974 1441 2043 propulsanda:
1484 1973 1694 2043 injuriae
1759 1985 1811 2029 et
1854 1990 2076 2043 gressus

2181 596 2275 649 xui
2305 596 2446 649 ὥστε
2479 594 2862 666 λαμϐάνεσθαί
2904 611 2956 647 τι
2988 596 3103 656 τοῖς
3130 592 3422 653 δακτύλοις
3471 588 3773 642 εὐκολώτεο

2184 706 2299 759 ρον.
2358 689 2520 759 Παρὰ
2566 689 2623 742 δὲ
2666 689 2729 741 τὸ
2762 688 2981 741 νύσσειν
3040 686 3191 750 ὄνυξ
3235 685 3460 753 λέγεται
3479 684 3561 716 ’³⁸
3590 684 3625 754 ἢ
3661 679 3775 734 οἷον

2180 782 2337 847 ἄνυξ,
2380 784 2408 835 ὁ
2465 782 2702 849 ἀνοίγων
2752 782 2852 853 τὴν
2888 780 3071 852 σάρκα
3120 781 3179 832 ἐν
3237 778 3314 847 τῷ
3370 776 3637 846 φύεσθαι,
3680 778 3777 828 καὶ
3818 830 3834 857 ι

2179 874 2521 944 προκύπτων
2551 874 2619 926 δι’
2650 874 2822 942 αὐτῆς
2840 874 2905 939 ⁸⁸,
2940 873 3248 943 παρέχουσι
3284 871 3342 923 δὲ
3371 872 3488 932 τοῖς
3523 869 3775 937 Elaver"

2178 967 2278 1035 τὴν
2293 966 2338 997 ⁸⁸
2372 964 2467 1018 τοῦ
2511 964 2811 1035 κνήῧεσθαι
2842 964 3057 1034 χρείαν,
3096 962 3235 1034 πρὸς
3264 962 3326 1013 τὸ
3357 961 3645 1029 διαφορεῖν
3678 960 3780 1028 τὴν

2177 1057 2276 1110 τοῦ
2325 1058 2598 1129 δέρματος
2648 1057 2995 1128 δριμύτητα·
3051 1059 3147 1111 καί
3188 1059 3304 1118 τοῖς
3338 1056 3532 1126 ἄκροις
3561 1054 3620 1107 δὲ
3667 1054 3781 1106 τῶν

2177 1150 2459 1203 δακτύλων
2525 1150 2754 1203 δπισϐεν
2805 1148 3240 1210 ἀντιδαίνοντες,
3297 1146 3617 1215 στηρίζουσι
3680 1145 3782 1214 τὴν

2178 1242 2348 1311 λαϐὴν
2383 1241 2588 1297 αὐτῶν.
2622 1241 2843 1303 Πολλοῖς
2878 1241 2936 1293 δὲ
2965 1240 3075 1292 τῶν
3106 1239 3262 1303 ζώων
3304 1240 3397 1291 καὶ
3427 1237 3780 1307 ἀμυντήριον

2179 1335 2464 1405 ἐδόθησαν,
2527 1334 2606 1397 ὡς
2650 1337 2764 1396 τοῖς
2817 1331 3140 1402 γαμψώνξιν
3161 1332 3228 1394 ⁹⁹,
3289 1330 3480 1401 ὥσπερ
3538 1329 3781 1401 ὄργανον

2177 1427 2307 1478 ὄντα
2336 1426 2433 1479 τοῦ
2460 1426 2697 1496 θυμικοῦ
2720 1442 2734 1455 ⁸
2768 1426 2864 1478 καὶ
2900 1426 3084 1488 ἄλλοις
3112 1426 3226 1477 τισὶ
3258 1423 3367 1475 τῶν
3395 1422 3775 1493 τετραπόδων.

2182 1518 2402 1581 ’Ἄλλοις
2436 1518 2494 1571 δὲ
2524 1518 2565 1582 ³,
2615 1518 2959 1587 ἀμυντήριον
3010 1514 3128 1585 ἅμα
3189 1516 3285 1567 καὶ
3337 1515 3625 1583 στήριγμα
3676 1514 3781 1582 τῆς

2182 1610 2415 1680 βάσεως,
2455 1610 2532 1673 ὡς
2557 1611 2671 1672 τοῖς
2696 1609 2904 1671 ἵπποις,
2940 1607 3033 1660 καὶ
3061 1610 3227 1659 παντὶ
3277 1606 3546 1676 μονώνυχι
3573 1608 3593 1636 ¹
3624 1604 3777 1674 ζὼῳ.

2179 1701 2342 1766 Αὔξει
2365 1702 2478 1769 δεὸ
2524 1701 2652 1767 ὄνυξ
2684 1701 2789 1765 ἀεὶ,
2840 1701 2936 1753 καὶ
2972 1698 3192 1751 πίπτων
3223 1697 3488 1765 ἐκφῦεται
3510 1716 3523 1728 ο
3562 1697 3645 1749 διὸ
3679 1698 3779 1749 καί

2180 1810 2323 1855 τινες
2356 1791 2667 1863 ἱστοροῦσιν
2693 1792 2732 1856 ³,
2765 1792 2848 1843 ὃτι
2889 1791 2984 1844 καὶ
3023 1790 3164 1859 μετά
3205 1788 3437 1842 θάνατον
3471 1786 3735 1853 αὔξουσιν
3756 1788 3780 1817 ⁵

2182 1886 2241 1937 ὲν
2291 1886 2404 1947 τοῖς
2456 1884 2876 1952 συνισταμένοις
2914 1879 3131 1951 σώμασι
3175 1880 3285 1932 τῶν
3320 1879 3665 1951 ἀνθρώπων·
3716 1880 3780 1932 τὸ

2184 1977 2316 2030 αὐτὸ
2348 1976 2405 2028 δὲ
2438 1977 2533 2029 καὶ
2563 1977 2656 2028 ἐπὶ
2686 1974 2795 2028 τῶν
2820 1973 3021 2045 τριχῶν
3050 1972 3299 2041 γίνεσθαι
3328 1972 3575 2039 λέγεται.

494 2064 803 2120 stabiliendi
849 2079 1014 2117 causa
1064 2065 1278 2133 ungula:
1316 2064 1606 2120 exsistunt.
1649 2063 1872 2135 Ungues
1936 2074 2115 2120 autem
2153 2068 2269 2139 jugi
2320 2068 2654 2137 assiduoque
2705 2068 3044 2121 incremento
3120 2073 3410 2134 augentur,
3438 2070 3643 2118 etcum
3680 2062 3774 2116 deo

494 2162 743 2227 ciderint,
779 2160 964 2216 denuo
1024 2170 1436 2214 renascuntur:
1482 2162 1625 2215 unde
1697 2162 1946 2216 nonnulli
2005 2163 2323 2233 opinantur,
2375 2164 2428 2217 in
2491 2172 2636 2217 recte
2660 2160 2974 2232 compositis
3016 2160 3381 2228 corporibus,
3447 2156 3561 2211 fato
3600 2153 3773 2210 etiam

494 2253 696 2308 {unctis
744 2250 912 2323 (quod
962 2258 1015 2304 et
1058 2250 1123 2304 de
1170 2251 1294 2320 pilis
1351 2251 1617 2323 creditur)
1660 2268 1870 2324 ungues
1926 2255 2077 2324 ipsos
2108 2254 2502 2311 incrementum
2533 2254 2781 2324 adipisci.

564 2347 633 2399 At
664 2360 771 2399 non
798 2360 982 2414 parem
1009 2343 1403 2413 ltmgittidinem
1426 2347 1577 2417 digiti
1628 2349 1856 2403 invicem
1900 2350 2079 2405 sortiti

495 2444 652 2501 sunt,
707 2436 850 2503 quod
900 2434 974 2487 ita
1022 2434 1204 2490 decori
1268 2439 1440 2507 magis
1502 2440 1866 2507 respondeant
1913 2452 1967 2497 et
2010 2444 2079 2498 ad

496 2536 705 2579 motum
761 2524 999 2593 aptiores
1049 2525 1368 2578 redduntur.
1412 2523 1468 2579 Si
1514 2526 1659 2580 enim
1702 2527 1755 2581 in
1815 2532 2078 2603 aequalem

493 2618 657 2671 linem
691 2615 1019 2680 desinerent,
1072 2631 1181 2669 non
1246 2617 1407 2671 modo
1455 2618 1751 2689 incongrua
1794 2620 2080 2679 indecens-

495 2739 603 2791 que
665 2736 858 2776 eorum
930 2718 1252 2775 constitutio
1318 2732 1497 2785 esset,
1553 2739 1741 2777 verum
1796 2726 1955 2779 etiam
2012 2727 2077 2781 ad

496 2831 586 2869 res
660 2812 995 2883 peragendas
1061 2813 1390 2867 inconcinna
1468 2816 1780 2883 admodum,
1834 2818 2081 2873 imbecil-

499 2907 672 2976 lisque
734 2904 1031 2968 videretur,
1111 2920 1233 2957 cum
1298 2905 1351 2958 in
1423 2907 1687 2976 capiendo
1776 2925 1882 2963 una
1962 2928 2082 2965 ont-

498 2999 658 3052 nibns
690 3011 754 3050 ex
792 2995 907 3066 pari
967 2994 1129 3048 rebus
1170 2996 1445 3065 applicati,
1480 3014 1576 3053 eos
1605 3015 1633 3053 a
1663 3003 1941 3071 proposito
1976 3002 2081 3060 line

498 3091 816 3159 plerumque
842 3085 1092 3140 frustrari
1123 3086 1422 3153 accideret;
1466 3089 1559 3143 sed
1595 3089 1647 3142 in
1677 3106 1741 3145 eo
1774 3093 1917 3161 quod
1956 3103 2081 3147 sunt

2258 2351 2371 2404 Οὐκ
2419 2352 2694 2421 ἰσόμετροι
2720 2350 2778 2402 δὲ
2821 2350 3024 2412 πάντες
3049 2348 3207 2419 ἡμῶν
3235 2349 3371 2401 εἰσιν
3402 2349 3451 2400 οἱ
3491 2346 3776 2409 δάκτυλοι,

2185 2444 2273 2498 διὰ
2301 2462 2359 2497 τε
2398 2445 2493 2517 τὴν
2528 2444 2890 2514 εὐπρέπειαν,
2935 2427 3030 2496 xui.
3059 2446 3157 2513 τὴν
3197 2448 3294 2512 τῆς
3325 2442 3509 2511 χειρὸς
3533 2442 3781 2513 εὐστρο-

2186 2539 2336 2607 φίαν.
2375 2538 2436 2591 Εἰ
2472 2536 2581 2608 γὰρ
2621 2532 2690 2608 ἦν
2724 2534 2905 2601 ἐξίσου
2926 2536 2948 2566 ⁸
2980 2536 3167 2597 αὐτοῖς
3205 2535 3237 2603 ἡ
3269 2531 3695 2601 ἁποτελεύτησις
3722 2533 3773 2594 ⁸,

2184 2635 2245 2686 οὐ
2291 2634 2453 2703 μόνον
2488 2635 2751 2704 ἀτερπεῖς
2792 2631 2859 2685 ἂν
2892 2627 3057 2700 ἦσαν,
3091 2629 3230 2683 ἀλλά
3263 2629 3357 2681 καὶ
3396 2627 3781 2697 ἀνεπιτήδειοι

2192 2726 2324 2797 πρὸς
2347 2726 2444 2788 τὰς
2482 2724 2713 2796 πράξεις
2734 2726 2829 2778 καὶ
2867 2725 3122 2794 ἀνίσχυες
3139 2724 3178 2786 ⁷,
3214 2721 3436 2791 ὲξίσης⁸
3459 2720 3779 2789 ἐμπίπτον-υ

2183 2835 2276 2876 τες
2320 2818 2379 2871 ὲν
2428 2820 2495 2888 τῇ
2528 2816 2813 2886 ἐνεργείᾳ,
2857 2816 2953 2870 καὶ
3002 2812 3331 2883 ἀτυχοῦντες
3357 2812 3398 2864 ⁸.
3443 2812 3534 2865 Ἐν
3583 2810 3643 2863 δὲ
3692 2810 3778 2880 τῷ

2184 2909 2437 2963 ἀποδέειν
2467 2908 2611 2963 κατά
2648 2909 2845 2979 μῆκος,
2876 2908 2927 2959 οἱ
2970 2904 3220 2960 κόνδυλοι
3253 2903 3511 2972 ἀλλήλοις
3538 2904 3777 2969 ἐπιστη-

2188 3000 2492 3073 ριζόμενοι,
2535 3001 2628 3054 καὶ
2672 2999 3022 3069 ὲνισχύοντες
3070 2997 3333 3058 ἑαυτοὺς,
3394 2992 3775 3062 εὐτονωτέραν

2181 3094 2282 3164 τὴν
2326 3092 2472 3162 ἁφὴν
2510 3094 2606 3146 καὶ
2658 3091 3113 3161 εὐστροφωτέραν
3155 3086 3401 3142 ποιοῦσν
3435 3086 3531 3138 καὶ
3552 3084 3656 3154 τὴν
3687 3084 3776 3136 ὲν-

497 3180 729 3249 diSparis
767 3176 1140 3247 longitudinis,
1161 3177 1415 3231 ossiculis
1440 3188 1629 3231 natura
1658 3179 1710 3232 in
1740 3180 1961 3251 longum
1996 3183 2079 3236 in-

2183 3186 2402 3255 έργειαν
2429 3187 2614 3238 πᾶσαν
2646 3184 3023 3255 ἰσχυροτέραν.

497 3279 668 3329 vicem
713 3276 1111 3329 cohaerentibus
1168 3275 1324 3343 122
1372 3277 1714 3344 composuit,
1750 3293 1858 3346 quo
1887 3294 2078 3335 ntnnes
2132 3282 2269 3336 alter
2303 3282 2459 3337 alteri
2514 3282 2824 3336 tninislrato
2867 3281 3098 3334 subinde
3142 3279 3353 3343 robore,
3412 3276 3586 3346 magis
3640 3289 3774 3329 con-

498 3366 649 3421 tento
672 3376 817 3420 tactu
842 3368 1443 3437 arcomniudatiureque
1491 3378 1793 3433 uterentur,
1821 3385 1885 3425 ac
1913 3371 1963 3425 in
1992 3374 2236 3441 quolibet
2271 3384 2394 3428 actu
2428 3374 2666 3435 universi
2707 3374 2960 3427 fortiores
2987 3374 3300 3429 evaderent.

566 3461 747 3513 Altera
798 3474 992 3514 manus
1034 3459 1441 3527 6:§t&,tlextet'a
1492 3462 1719 3527 scilicet,
1756 3463 1925 3518 altera
1951 3480 2081 3518 vero

496 3552 779 3624 ἀριστερὰ,
795 3553 888 3605 καὶ
910 3551 1055 3614 λαιὰ,
1073 3552 1290 3605 sinistra
1311 3553 1620 3607 videlicetet
1644 3553 1773 3608 laava
1800 3571 2082 3626 nuncupa-

498 3655 603 3697 tur.
622 3642 687 3696 Et
706 3645 836 3697 laeva
871 3643 1089 3712 quidem
1140 3643 1248 3696 ἀπὸ
1274 3642 1366 3696 τοῦ
1391 3642 1694 3711 λελεᾶσθαι,
1714 3643 1741 3696 ὃ
1774 3646 1890 3697 ἐστὶ
1913 3663 2081 3716 κεχωο

502 3734 679 3800 ρίσθαι
709 3735 814 3787 τῶν
855 3734 1285 3805 πράξεων,‹ιυο(1
1321 3736 1924 3806 vidtlicetoperibus,si
1950 3738 2084 3791 dex-

500 3839 626 3880 terae
645 3826 982 3892 conferatur,
1008 3828 1077 3882 ob
1101 3829 1286 3880 rudem
1310 3829 1392 3881 sui
1420 3838 1667 3882 naturam
1690 3829 2083 3900 privetur;&p:-

500 3916 694 3986 στερὰν
718 3932 866 3979 vero,
896 3913 1006 3969 οἷον
1032 3917 1130 3969 οὐκ
1167 3913 1329 3969 οὖσαν
1372 3918 1621 3989 ἀρίστην,
1640 3921 1793 3989 quasi
1820 3921 1957 3989 quod
1974 3938 2076 3975 non

499 4004 705 4074 egregia
725 4007 1020 4075 optimaque
1040 4009 1130 4067 sit,
1164 4007 1255 4060 sed
1287 4023 1407 4075 quae
1447 4009 1496 4059 in
1532 4008 1767 4062 dextera:
1808 4009 2077 4078 obsequio

504 4113 569 4151 ac
602 4096 908 4150 ministerio
935 4099 1224 4162 consistat,
1253 4108 1306 4151 et
1338 4114 1459 4167 qua:
1488 4099 1709 4153 dextera
1754 4100 2038 4155 deﬁciente
2063 4139 2079 4164 ,

500 4188 674 4240 eidem
694 4189 999 4256 comparari
1019 4198 1269 4258 nequeat.
1306 4191 1425 4244 limc
1454 4202 1631 4245 autem
1666 4201 1718 4245 et
1752 4190 1916 4269 σκαιὰ
1949 4191 2082 4247 diei-

504 4299 592 4338 tur
614 4286 765 4356 παρά
792 4286 855 4338 τὸ
882 4287 1122 4351 σκάζειν,
1158 4290 1299 4357 quod
1348 4290 1650 4345 claudicare
1698 4294 2079 4360 interpretare-

502 4380 601 4443 ris,
627 4378 754 4447 quia
779 4378 834 4431 in
866 4379 1030 4432 rebus
1071 4381 1391 4450 peragendis
1429 4382 1541 4450 ipsa
1574 4398 1671 4452 per
1700 4398 1757 4438 se
1790 4384 2075 4439 claudicet.

502 4469 629 4520 Sive
674 4466 762 4520 διὰ
804 4468 864 4520 τὸ
914 4467 1187 4532 σκεάξειν,
1226 4470 1367 4534 quod
1418 4471 1665 4523 aberrare
1700 4481 1813 4537 est,
1852 4473 1992 4527 unde
2026 4483 2078 4527 et

502 4562 665 4611 homo
696 4558 904 4622 σκαιὸς,
941 4560 1033 4629 qui
1066 4570 1235 4614 mente
1264 4577 1364 4613 non
1392 4563 1520 4613 satis
1559 4562 1795 4631 integra,
1843 4564 1935 4618 sed
1976 4578 2079 4618 er—

502 4659 642 4712 ranti
667 4674 729 4713 ac
746 4660 877 4713 laeva
897 4662 1153 4730 praeditus
1167 4672 1267 4725 est,
1284 4663 1688 4721 dicitur.Altera
1697 4681 1744 4718 m
1757 4680 1888 4719 vero
1901 4664 2080 4732 δεξιὰν

500 4752 608 4804 ἀπὸ
630 4751 723 4804 τοῦ
760 4750 1035 4823 δέχεσθαι,
1071 4754 1144 4807 illi
1165 4755 1435 4821 dictitant,
1467 4758 1612 4827 quod
1642 4758 1913 4827 majoriea:
1930 4767 2081 4828 parte

500 4863 616 4915 qua:
644 4847 793 4899 nobis
823 4846 1023 4899 dantur
1048 4864 1165 4901 cum
1195 4848 1311 4917 ipsa
1344 4851 1661 4918 accipimus;
1693 4851 1773 4905 rel
1804 4852 1927 4905 inde
1949 4850 2082 4905 dex-

504 4951 671 4992 teram
705 4946 1045 5007 nuncupant,
1060 4939 1167 4991 ἀπὸ
1178 4940 1270 4992 τοῦ
1286 4940 1516 5004 δεξιὲναι
1532 4941 1597 4994 δι’
1616 4943 1786 5013 αὐτῆς
1818 4943 1917 5006 τὰς
1936 4941 2081 5013 πρά-

502 5029 631 5091 ξεις,
663 5045 721 5081 co
753 5029 892 5098 quod
918 5030 1032 5094 ipsa
1071 5028 1332 5098 plurimas
1366 5049 1446 5085 res
1495 5049 1715 5102 agamus
1753 5050 1815 5085 ac
1854 5032 2082 5102 comple-

502 5120 715 5172 ctimur.
743 5110 994 5183 Plerique
1023 5119 1167 5174 enim
1199 5121 1659 5192 ἁμφοτεροδέξιοι,
1690 5122 1741 5175 id
1782 5131 1868 5176 est
1916 5122 2085 5176 ambi-

502 5209 677 5263 dextri
705 5210 957 5280 appellati
993 5218 1144 5265 sunt.
1168 5210 1438 5277 Quoniam
1464 5213 1516 5265 in
1544 5214 1708 5269 rebus
1736 5215 2081 5284 peragendis,

500 5317 608 5357 non
661 5317 820 5357 secus
864 5302 995 5356 lava
1038 5318 1102 5357 ac
1172 5303 1390 5358 dextera
1434 5305 1786 5360 accommode
1837 5316 2081 5360 utantur.

512 5395 569 5449 ιι
606 5393 857 5463 quidam,
887 5393 1150 5464 impedito
1179 5394 1416 5451 dextera:
1446 5395 1623 5451 oﬂicio
1643 5436 1657 5461 ,
1688 5396 1820 5450 laeva
1854 5397 1905 5451 in
1951 5397 2085 5451 artic

568 5550 618 5583 ⁸⁵
646 5551 863 5622 εἴρηται
918 5551 959 5606 Β
1013 5551 1072 5605 Ρ.
1109 5560 1218 5622 tum
1252 5551 1376 5606 add.
1407 5552 1444 5605 Β

508 5712 543 5738 Ii
574 5712 632 5741 Γ.
713 5712 725 5719 ”
759 5712 938 5753 αΛΛοις
970 5712 1025 5743 ΟΞ
1063 5712 1172 5744 Ui".
1214 5712 1269 5745 Ι).

507 5751 1016 5828 ξ-ἀκροτελεῦτησις
1054 5761 1111 5813 Β.
1189 5764 1207 5792 ⁷
1235 5762 1269 5813 ἁ

508 5824 551 5856 ⁸⁸
577 5824 941 5897 εύφημησμδν
963 5830 1026 5881 Α.

1407 5694 1657 5762 μονόνυχι
1678 5692 1734 5745 Β.

1106 5832 1148 5861 ¹²
1188 5830 1409 5899 ἄριστον
1424 5830 1490 5887 Δ.

1816 5695 1836 5723 ⁸
1864 5694 2001 5762 πλὴν
2044 5692 2147 5745 tot.
2183 5711 2329 5756 τινες
2366 5694 2423 5746 Β.
2496 5692 2517 5722 ⁸
2544 5694 2594 5745 oi
2629 5693 2821 5760 δνυχες
2873 5692 2929 5746 Β.

1189 5764 1207 5792 ⁷
1235 5762 1517 5831 ἁνίσχυροι
1552 5762 1609 5815 Β.
1688 5764 1906 5827 δεξίσου
1936 5764 1993 5816 Β.
2074 5766 2092 5795 ⁹
2123 5763 2219 5815 καὶ
2247 5767 2311 5834 τῇ
2342 5766 2525 5835 ἐνεργ.
2554 5765 2711 5832 ἀτυχ.
2743 5762 2798 5813 Β.

1189 5830 1409 5899 ἄριστον
1424 5835 1490 5887 Λ.
1568 5834 1609 5865 ⁸³
1648 5835 1814 5905 σκαιῇ
1841 5835 1897 5891 Β.
1966 5833 2021 5889 .¹’⁶
2054 5832 2299 5888 ἀσθενῶν
2333 5832 2395 5892 Β.
2476 5834 2519 5867 ⁸⁵
2543 5833 2640 5905 τῆς
2663 5833 2798 5900 δεξιό

2254 3467 2487 3535 Λέγεται
2524 3466 2581 3517 δὲ
2606 3468 2638 3533 ἠ
2672 3466 2772 3536 μὲν
2816 3464 2986 3529 δεξιὰ
3026 3464 3180 3535 χεὶρ,
3231 3465 3264 3533 ἡ
3300 3461 3359 3515 δὲ
3386 3458 3696 3527 ἀριστερὰ,
3737 3458 3771 3527 ἦ

2180 3557 2507 3628 εὐώνυμος,
2532 3558 2566 3625 ἢ
2593 3558 2754 3612 λαιά.
2777 3557 2929 3612 Λαιὰ
2962 3559 3081 3627 μὲν,
3116 3555 3224 3609 ἀπὸ
3243 3553 3338 3608 τοῦ
3363 3551 3683 3606 λελειᾶσθαι
3702 3551 3773 3585 ’⁸ο

2183 3652 2211 3704 ὃ
2240 3652 2356 3702 ἐστι
2390 3648 2726 3721 κεχωρίσθαι
2757 3650 2868 3703 τῶν
2914 3646 3191 3719 πράξεων,
3231 3646 3320 3699 διὰ
3348 3645 3411 3697 τὸ
3440 3643 3737 3696 ἀδίδακτον
3757 3658 3773 3671 ·

2185 3741 2471 3811 ἀριστερὰ
2495 3742 2552 3795 δὲ
2582 3742 2677 3796 καὶ
2713 3741 3024 3811 εὐώνυμος
3050 3740 3173 3793 κατ’
3213 3735 3570 3808 εὐφημισμὸν
3592 3736 3634 3767 ⁸⁸
3658 3752 3673 3767 ·
3709 3735 3775 3786 ἐκ

2184 3833 2275 3887 τοῦ
2306 3832 2551 3903 ἄριστος
2594 3834 2701 3904 γὰρ
2743 3834 2954 3901 γίνεται
2981 3830 3286 3900 ἀριστερὰ,
3321 3828 3416 3883 καὶ
3440 3829 3505 3881 ὲκ
3534 3826 3632 3880 τοῦ
3663 3842 3773 3879 κα-

2184 3924 2481 3995 λώνυμος,
2520 3924 2861 3992 εὐώνυμος*
2909 3923 2942 3994 ἢ
2995 3924 3293 3993 ἀριστερὰν
3347 3918 3622 3988 καλοῦμεν
3673 3915 3775 3987 τὴν

2185 4019 2287 4071 οὐκ
2308 4014 2474 4071 οὖσαν
2510 4016 2742 4086 ἀρίστην
2770 4016 2834 4079 ¹²,
2870 4015 3008 4069 ἀλλὰ
3054 4018 3121 4085 τῇ
3168 4013 3330 4083 ἑτέρᾳ
3361 4010 3768 4083 ὑπηρετοῦσαν.

2186 4110 2424 4179 Λέγεται
2470 4110 2566 4162 καὶ
2617 4108 2801 4163 σκαιὰ
2822 4108 2885 4172 ¹⁸,
2931 4106 3084 4176 παρά
3130 4105 3191 4158 τὸ
3224 4104 3451 4168 σκάζειν
3494 4102 3622 4172 περὶ
3666 4101 3772 4164 τὰς

2188 4201 2418 4273 πράξεις
2439 4217 2453 4232 ο
2481 4202 2514 4272 ἢ
2551 4200 2633 4254 ὅτι
2681 4197 3047 4268 ἀσθενεστέρα
3076 4197 3176 4267 τῆς
3220 4196 3404 4261 δεξιᾶς
3434 4198 3587 4248 ἐστιν
3606 4210 3620 4228 ·
3659 4194 3689 4245 6
3712 4192 3775 4245 δὲ

2185 4292 2488 4363 ἀσθενὴςίδ
2541 4291 2761 4356 σχάζει·
2819 4290 2942 4343 ὅθεν
2995 4289 3090 4343 καὶ
3132 4288 3316 4352 σκαιὸς
3366 4287 3689 4357 ἄνθρωπος.
3744 4287 3777 4338 ὁ

2186 4384 2437 4455 σκαμϐὸς
2469 4384 2611 4439 κατά
2646 4383 2874 4454 γνώμην
2913 4383 3010 4437 καὶ
3052 4382 3153 4435 οὐκ
3179 4382 3362 4453 ὀρθός.
3394 4381 3571 4445 Δεξιά
3597 4380 3657 4432 δὲ
3688 4379 3779 4431 λέ-

2182 4495 2340 4546 γεται
2361 4478 2393 4549 ἡ
2417 4477 2580 4549 ἑτέρα
2607 4475 2712 4529 ἀπὸ
2739 4475 2833 4529 τοῦ
2861 4475 3115 4545 δέχεσθαι
3136 4474 3205 4527 δι’
3231 4474 3403 4543 αὐτῆς
3419 4474 3488 4526 τὰ
3511 4473 3775 4540 διδόμενα

2184 4569 2261 4633 ὡς
2289 4569 2380 4622 ἐπὶ
2409 4568 2472 4621 τδ
2502 4568 2758 4621 πλεῖστον
2778 4584 2790 4597 ·
2823 4568 2854 4638 ἢ
2886 4563 2997 4620 οἷον
3025 4566 3197 4633 δεξιὰ,
3228 4565 3339 4619 ἀπὸ
3362 4559 3456 4618 τοῦ
3489 4564 3559 4618 δι’
3596 4564 3771 4633 αὐτῆς

2185 4660 2282 4725 τὰς
2317 4660 2572 4725 πλείονας
2611 4661 2865 4726 διεξιέναι
2896 4659 3147 4731 πράξεις.
3182 4658 3457 4731 Εὕρηνται
3489 4657 3547 4709 δὲ
3582 4656 3773 4709 πολλοὶ

2186 4754 2635 4825 ἀμφοτεροδέξιοι
2655 4756 2713 4807 ἐν
2738 4756 2858 4816 ταῖς
2879 4753 3209 4826 ἐνεργείαις,
3236 4753 3297 4805 τὸ
3325 4751 3440 4806 ἴσον
3459 4753 3524 4822 τῇ
3556 4750 3713 4820 δεξιᾷ
3730 4751 3771 4781 ¹⁸

2186 4846 2452 4914 italus-:51
2492 4845 2590 4915 τῆς
2627 4844 2926 4915 ἀριστερᾶς
2970 4844 3358 4915 ἐνεργοῦντες·
3409 4842 3554 4905 τινὲς
3600 4842 3657 4895 δὲ
3702 4843 3765 4912 τῇ
3826 4878 3833 4887 ο

2185 4937 2339 5006 δεξιᾷ
2385 4936 2799 5007 ἁπρακτοῦντες
2848 4934 2990 5005 μετά
3032 4935 3132 5004 τῆς
3161 4934 3319 4997 λαιᾶς
3342 4934 3411 4987 τὰ
3440 4932 3542 5003 τῆς
3571 4932 3767 5001 τέχνης

2185 5030 2566 5100 μετέρχονται.
2604 5028 2768 5080 Ὅθεν
2798 5027 3089 5092 δέδεικται,
3125 5028 3207 5082 ὅτι
3245 5028 3346 5080 οὐκ
3376 5027 3524 5079 ἐστιν
3554 5026 3585 5095 ἠ
3614 5021 3766 5087 δεξιά

2181 5119 2451 5190 κρείττων
2512 5119 2613 5189 τῆς
2675 5118 2964 5190 εὐωνύμου
3015 5118 3159 5172 κατά
3207 5136 3281 5181 τι,
3324 5117 3400 5183 ὥς
3456 5133 3599 5180 τινες
3652 5113 3768 5167 τῶν

2183 5212 2462 5283 ἀγροίκων
2507 5213 2782 5281 λέγουσιν,
2821 5213 2959 5267 ἀλλά
3004 5216 3069 5281 τῇ
3102 5211 3389 5264 παιδεύσει
3442 5212 3538 5264 καὶ
3597 5211 3768 5262 ἀπαι-

2180 5306 2371 5378 δευσίᾳ
2397 5306 2507 5362 τῶν
2535 5305 2771 5377 ἐχόντων
2799 5305 2995 5368 αὑτὰς,
3028 5304 3088 5371 ἐξ
3123 5304 3372 5374 ὑπαρχῆς
3406 5302 3769 5372 ἐδιδάχθησαν

2180 5416 2378 5463 ουτως.

1487 5570 1500 5606 :
1542 5550 1696 5617 αὔξει
1739 5551 1795 5605 δὲ
1824 5550 1952 5617 ὄνυξ
1990 5552 2078 5605 ἀεὶ
2110 5552 2203 5606 καὶ
2241 5552 2458 5605 πίπτων
2502 5551 2865 5623 ἐκφύεται,ει
2897 5552 2978 5604 P:
3015 5551 3200 5605 νύσσει
3240 5550 3349 5623 γὰρ
3388 5550 3481 5604 τὸν
3527 5552 3709 5623 σάρκα
3742 5552 3771 5605 ὃ

1405 5625 1450 5655 ⁸⁸
1484 5624 1808 5694 ultituzrmn.
1842 5623 1899 5676 Β.
1973 5625 2016 5653 ⁹⁷
2042 5640 2241 5694 παρεχ.
2281 5624 2338 5677 δὲ
2366 5626 2479 5686 τοῖς
2500 5626 2599 5694 Αὲχ.
2622 5639 2732 5694 otii.
2760 5622 2797 5673 Β

2893 5623 2938 5653 ’⁸
2960 5624 3053 5675 καὶ
3083 5623 3182 5708 τὴν
3211 5623 3267 5677 Β.
3322 5622 3393 5653 ⁷⁹⁹
3422 5622 3769 5706 γαμψόνυξιν

2893 5693 2929 5746 l.
3015 5694 3252 5746 ’ὲπισης
3302 5692 3361 5746 Β.
3398 5693 3585 5746 ἐεισης
3622 5693 3664 5746 C
3705 5692 3764 5745 Ρ.

2882 5692 2929 5746 Β.
3015 5692 3252 5763 ’ἐπίσης
3302 5692 3361 5746 Β.
3398 5693 3585 5762 ἐξίσης
3622 5693 3664 5747 C
3705 5692 3764 5745 Ρ.

2882 5764 2923 5794 ¹⁰
2941 5763 3250 5819 λαιλιᾶσθαι
3273 5763 3335 5819 Β.
3367 5762 3660 5818 λαλιᾶσθαι
3698 5762 3769 5818 Ω.

2476 5834 2519 5867 ⁸⁵
2543 5833 2640 5905 τῆς
2663 5833 2844 5900 δεξιᾶς
2874 5831 2933 5889 Β.
2968 5833 3029 5887 ι’.
