4070 6216
309 404 448 462 ίΞΞὶἹ

1553 404 1640 458 DE
1673 401 1960 458 NATURA
1998 397 2298 457 IIOMINIS.

2215 327 2240 349 κ

3439 392 3577 446 1⁸358

311 525 415 578 bus
446 521 794 593 perﬁciendis
825 530 1050 578 strenue
1111 532 1378 588 utuntur;
1438 523 1582 578 unde
1632 522 2104 579 evidentissimum
2155 526 2540 589 argumentum
2594 515 2842 576 habetur,
2889 513 3166 566 dexteram
3213 511 3346 565 laeva
3398 513 3577 580 purio-

339 634 426 674 em
461 618 783 688 neutiquam
815 632 960 684 esse,
993 621 1403 674 utrusticorum
1431 620 1654 689 quidam
1689 619 1899 690 opinati
1935 625 2084 678 sunt,
2119 615 2215 670 sed
2250 614 2323 668 ita
2358 614 2430 692 ob
2489 611 2853 666 eruditionem
2885 619 2938 664 et
2988 607 3278 661 ruditatem
3312 605 3459 674 ipsas
3488 605 3553 656 lia

311 713 578 776 bentium,
605 728 636 766 a
662 712 840 781 primo
863 727 1053 768 earum
1091 713 1383 784 principio,
1407 714 1510 769 sub
1538 713 1641 768 bac
1669 711 2035 783 appellatione
2065 709 2455 764 demonstratur
2485 714 2634 758 sunt.

381 803 503 856 Τῶν
556 802 615 855 δὲ
657 803 860 874 χειρῶν
899 803 969 855 τὰ
1013 803 1238 868 ἔσωθεν,
1284 807 1380 858 καὶ
1418 803 1620 874 μᾶλλον
1664 807 1733 857 τὰ
1782 805 1892 857 τῶν
1923 811 1967 864 Α

307 895 592 950 δακτύλων
642 894 781 949 tit“
827 894 994 963 ἄκρα,
1047 892 1238 964 ὥσπερ
1281 893 1569 964 γνώμονάς
1617 911 1774 958 τινας
1814 895 1894 957 εἰς

307 987 408 1058 τὴν
441 985 588 1057 ἁφὴν
629 985 861 1054 ἔχομεν·
913 984 980 1037 δι’
1031 983 1211 1038 αὐτῶν
1265 984 1622 1056 ἀκριϐοῦντες
1661 984 1722 1038 τὸ
1751 984 1894 1037 λεῖον

310 1080 404 1134 καὶ
433 1079 634 1150 τραχὺ,
678 1078 772 1130 καὶ
819 1077 1021 1148 ὁμαλὸν
1057 1078 1154 1132 καί¹
1185 1077 1507 1148 ἀνώμαλον·
1561 1077 1895 1148 ἀκριὸεστά·

311 1189 410 1243 την
460 1171 568 1241 γὰρ
614 1170 728 1240 ἔχει
779 1169 987 1240 ταύτην
1051 1169 1150 1238 τὴν
1235 1169 1490 1239 αἴσθησιν
1550 1171 1659 1223 τῶν
1719 1169 1896 1224 ἄλλων

315 1263 472 1328 ζώων
523 1265 551 1316 ὁ
583 1262 872 1331 ἄνθρωπος
917 1262 980 1314 ¹⁷.
1029 1263 1104 1315 Οὐ
1143 1262 1304 1332 μόνον
1345 1262 1456 1332 γὰρ
1510 1261 1898 1333 ἀντιληπτικὺν

315 1356 553 1426 ὄργανον
598 1356 628 1409 ὁ
683 1354 1029 1424 Δημιουργδς
1080 1355 1178 1418 τὰς
1225 1357 1420 1424 χεῖρας
1470 1354 1897 1421 κατεσκεύασεν,

316 1443 454 1497 ἀλλὰ
507 1442 602 1498 καὶ
657 1443 926 1496 ἁπτικόν·
991 1444 1080 1498 διὰ
1127 1445 1289 1497 τοῦτο
1329 1444 1424 1500 καὶ
1478 1445 1654 1516 δέρμα
1702 1445 1898 1498 λεπτό-

316 1554 478 1607 τερον
520 1536 726 1606 ἔχουσι,
769 1536 865 1588 καὶ
909 1535 1015 1606 μῦς
1042 1537 1237 1601 αὑταῖς
1272 1537 1622 1606 ὑπέστρωται
1657 1537 1858 1592 ἔσωθεν
1881 1554 1896 1568 ⁸

321 1631 415 1680 καὶ
443 1627 640 1696 τριχῶν
671 1625 985 1697 ἀμοιροῦσι,
1020 1627 1108 1681 ἵνα
1157 1629 1359 1698 μᾶλλον
1384 1629 1494 1682 τῶν
1521 1629 1709 1682 ἁπτῶν
1753 1632 1903 1684 ἅντι-

320 1719 718 1790 λαμϐἁνωνται
748 1720 1002 1789 τάχιστα.
1050 1720 1171 1773 Τῶν
1201 1721 1256 1775 δὲ
1287 1723 1486 1792 χειρῶν
1515 1725 1572 1776 αἱ
1604 1723 1704 1794 μὲν
1737 1723 1904 1794 σκλη-

322 1811 567 1882 ρότεραι,
616 1810 753 1881 πρὸς
797 1809 1083 1882 ἀντίληψιν
1116 1813 1254 1864 εἰσὶν
1302 1813 1672 1884 ἰσχυρότεραι,
1714 1812 1904 1886 ὥσπερ

320 1904 427 1957 τῶν
454 1903 720 1976 γεωργῶν
756 1905 850 1957 καὶ
893 1903 1268 1975 κωπηλατῶνο
1320 1907 1375 1959 αἱ
1405 1906 1462 1959 δὲ
1515 1905 1904 1975 μαλακώτεραι

325 1997 462 2066 πρὸς
497 1995 594 2067 τὴν
629 1995 773 2068 ἁφὴν
816 1997 1244 2069 ἁκριὸἐστεραι,
1298 1996 1486 2070 ὥσπερ
1525 1999 1580 2050 al.
1611 2000 1719 2052 τῶν
1765 2015 1906 2070 γρα-

326 2089 474 2158 φέων
516 2088 548 2159 ἢ
595 2089 702 2140 τῶν
736 2088 989 2160 ῥαπτῶν·
1022 2090 1117 2141 καὶ
1148 2091 1257 2160 γὰρ
1289 2088 1398 2141 τῶν
1431 2088 1660 2160 νεύρων,
1704 2089 1772 2142 τὰ
1808 2091 1908 2159 μὲν

329 2181 541 2250 σκληρᾶ
573 2179 713 2250 πρὸς
760 2180 1000 2250 κίνησιν,
1029 2179 1098 2232 τὰ
1125 2179 1180 2232 δὲ
1233 2179 1456 2250 μαλακὰ
1487 2181 1623 2251 πρὸς
1659 2181 1910 2251 αἴσθησίν
1944 2166 1984 2220 Β

324 2276 464 2327 εἰσιν
490 2274 533 2306 ¹⁸
567 2274 1002 2344 ἐπιτηδειότερα.
1036 2273 1221 2327 Ταῦτα
1251 2273 1308 2326 δὲ
1344 2275 1557 2343 καὶτῆς
1586 2274 1733 2344 ἁφῆς
1762 2277 1911 2327 ἐστιν

333 2371 558 2436 ὄργανα·
583 2364 670 2418 διὰ
692 2363 800 2435 γὰρ
823 2365 1026 2416 τούτων
1053 2365 1086 2433 ἠ
1111 2363 1212 2434 τῆς
1234 2364 1379 2434 ἁφῆς
1402 2364 1657 2434 αἴσθησις
1680 2365 1908 2433 γίνεται’

333 2456 543 2529 θερμοῦ
589 2457 683 2510 καὶ
708 2457 940 2529 ψυχροῦ,
969 2457 1141 2527 ὑγροῦ
1173 2459 1268 2509 καὶ
1300 2457 1492 2527 ξηροῦ,
1532 2459 1626 2510 καὶ
1656 2457 1764 2510 τῶν
1789 2458 1914 2510 τού-

330 2565 446 2610 τοις
492 2549 796 2620 ἑπομένων.
850 2551 958 2604 Καὶ
1001 2548 1176 2602 ταῦτα
1219 2549 1317 2619 μὲν
1342 2549 1412 2603 τὰ
1446 2551 1510 2601 ἐκ
1540 2550 1911 2619 κατασκευῆς,

331 2642 428 2695 καὶ
476 2641 741 2712 φυσικῶς,
776 2642 871 2697 καὶ
899 2643 988 2698 διὰ
1019 2643 1315 2713 μαθήσεως
1342 2643 1617 2712 προσόντα
1645 2646 1712 2714 τῇ
1734 2645 1876 2714 χειρί
1897 2662 1911 2677 ·

332 2734 476 2802 ἆπερ
509 2734 564 2787 δὲ
611 2735 1016 2804 ἐκσχετικοῖς¹⁹
1070 2730 1181 2788 οἷον
1207 2735 1435 2804 ἀγάπης
1480 2735 1742 2806 κέκτηται
1781 2737 1916 2806 πρὸς

332 2827 452 2881 ὅλον
497 2827 557 2880 τὸ
613 2827 797 2898 σῶμα,
840 2828 963 2881 οὐδὲ
992 2828 1240 2898 τυφλοῖς,
1278 2830 1306 2881 ὅ
1339 2845 1526 2897 φασιν,
1557 2828 1826 2898 ἠγνόηται
1849 2829 1913 2859 πθ·

334 2919 710 2990 Προσέπταισε
762 2918 872 2990 γὰρ
907 2921 987 2982 εἰς
1027 2919 1174 2974 λίθον
1208 2921 1236 2972 ὁ
1277 2919 1539 2983 δάκτυλος
1585 2919 1682 2973 τοῦ
1723 2920 1916 2986 ποδός;

334 3013 430 3067 καὶ
454 3012 591 3083 αὑτὴ
618 3011 781 3076 εὐθὺς
807 3013 1064 3081 ὲρεθεῖσα
1095 3014 1138 3045 ’⁸
1163 3014 1282 3066 ἐκεῖ
1311 3011 1727 3082 περιπλέκεται,
1761 3029 1919 3084 περι-

337 3104 599 3175 σφίγγει,
651 3105 1010 3177 περισύρεται
1077 3106 1148 3177 τῷ
1192 3106 1606 3178 ὀδυνωμένῳίί,
1663 3107 1760 3160 καὶ
1809 3101 1920 3160 οἷον

340 3198 698 3270 ἀσπαζομένη
749 3197 1157 3271 παραμυθεῖται
1205 3198 1304 3269 τὴν
1335 3197 1671 3254 ἐπελθοῦσαν
1705 3197 1920 3269 ὀδύνην.

343 3290 587 3344 ’Δκανθα
633 3291 883 3361 ὲνεπάγη
909 3291 988 3362 τῷ
1031 3291 1185 3355 nodi;
1222 3292 1316 3344 καὶ
1339 3291 1536 3344 σκόπει
1569 3290 1741 3365 αὐτὴν
1768 3309 1925 3363 mpi-

339 3384 646 3455 τρέχουσαν
691 3384 845 3439 ἔνθεν
890 3384 1148 3438 κάκεῖθεν
1170 3385 1240 3450 ’³,
1293 3383 1692 3448 ἑξελκύσασθαι
1717 3383 1926 3456 ταύτην

2066 798 2327 853 Interiora
2383 807 2565 852 autem
2598 809 2882 856 manuum,
2915 791 3207 862 digitorum
3242 788 3545 858 praesertim

1997 907 2095 946 ceu
2163 906 2463 962 gnomonas
2522 887 2790 958 quosdam
2848 884 2915 939 ad
2980 894 3182 939 tactum
3245 882 3422 938 sortiti
3495 898 3588 935 sn—

1999 998 2123 1036 mus
2171 1001 2184 1036 :
2233 982 2434 1051 quibus
2471 1021 2486 1046 ,
2523 977 2668 1049 quod
2722 977 2892 1038 laeve,
2941 989 3234 1043 asperum,
3271 973 3479 1042 :equale
3535 983 3582 1022 et

2000 1072 2266 1140 inaequale
2313 1081 2396 1126 est
2443 1080 2697 1124 accurate
2735 1066 3212 1135 deprehendimus.
3261 1062 3434 1116 llouio
3485 1079 3587 1114 an-

1999 1183 2108 1228 tem
2173 1182 2368 1242 prater
2418 1171 2523 1226 alia
2573 1169 2830 1224 animalia
2896 1169 2987 1222 tali
3045 1167 3292 1221 sensorio
3349 1164 3588 1219 exactis-

2001 1265 2140 1319 sime
2173 1263 2430 1334 prteditus
2469 1271 2572 1317 est.
2620 1259 2737 1314 Non
2782 1259 2943 1314 modo
3004 1267 3184 1313 autem
3234 1274 3412 1312 rerum
3454 1255 3586 1324 Opi-

2003 1359 2090 1412 l‘ex
2119 1397 2133 1419 ,
2174 1372 2368 1411 manus
2417 1356 2584 1425 ipsas,
2619 1355 3041 1409 instrumentum
3105 1353 3170 1405 ad
3239 1366 3327 1405 res
3367 1349 3588 1420 capien-

2003 1449 2122 1514 das,
2156 1462 2345 1501 verum
2387 1448 2549 1500 etiam
2583 1445 2649 1498 ad
2683 1454 2862 1498 tactus
2893 1458 3051 1497 usum
3073 1483 3086 1507 ,
3115 1440 3441 1499 constituit,
3488 1440 3587 1490 hac

2004 1542 2071 1595 de
2098 1555 2285 1601 causa,
2311 1539 2442 1609 ipsis
2463 1538 2658 1592 exilem
2684 1547 2887 1602 cutem,
2913 1535 3324 1603 musculosque,
3355 1532 3582 1586 interius

2005 1612 2428 1700 superinduxit;
2467 1645 2626 1699 quam
2681 1637 2891 1698 partem
2925 1627 3052 1697 pilis
3095 1627 3257 1680 etiam
3302 1635 3580 1678 vacantem

2005 1740 2127 1779 esse
2163 1722 2353 1786 voluit,
2384 1737 2496 1791 quo
2526 1720 2933 1791 quamprimum
2963 1717 3140 1772 omnis
3169 1717 3327 1787 123
3372 1716 3587 1786 geucrls

2006 1831 2096 1872 res
2141 1813 2628 1885 deprehenderent.
2683 1812 2963 1882 Siquidem
3027 1827 3224 1865 manus
3270 1827 3390 1880 qum
3435 1825 3594 1878 aspeo

2009 1909 2183 1964 riores
2225 1916 2377 1970 sunt,
2417 1915 2474 1960 ut
2510 1905 2877 1975 agricolarum
2907 1920 2970 1958 ac
3002 1904 3301 1973 remigum,
3341 1901 3596 1961 fortiores

2009 2009 2416 2078 validioresque
2459 2007 2751 2072 habentur,
2786 2005 2838 2059 in
2872 2013 3020 2060 tactu
3052 2020 3181 2058 vero
3209 2002 3477 2059 tardiores
3505 2003 3598 2057 be—

2011 2104 2378 2172 betioresque.
2413 2099 2545 2167 Qua:
2576 2115 2703 2154 vero
2726 2099 3025 2164 molliores,
3054 2098 3242 2170 quales
3266 2096 3595 2165 scriptorum

2016 2217 2418 2276 sutorumque,
2449 2205 2743 2260 debilior-es
2795 2214 2961 2270 sunt,
3012 2219 3076 2258 ac
3138 2213 3280 2258 tactu
3326 2203 3600 2259 exactiore-

2017 2309 2264 2354 utuntur.
2303 2295 2408 2350 Sed
2439 2304 2493 2348 et
2523 2293 2672 2348 nervi
2715 2293 2960 2366 quidam,
2995 2293 3048 2345 in
3087 2302 3235 2345 motu
3271 2291 3596 2354 asperiores.

2018 2391 2070 2444 in
2108 2404 2275 2445 sensu
2311 2401 2439 2441 vero
2477 2386 2758 2441 molliores
2798 2393 2955 2450 sunt;
2993 2395 3047 2438 et
3087 2385 3180 2452 qui
3224 2384 3416 2439 molles
3446 2395 3596 2449 Sunt,

2023 2484 2088 2537 ad
2127 2491 2328 2536 tactum
2373 2478 2544 2550 magis
2580 2475 3096 2541 accommodantur,
3148 2475 3376 2544 illosque
3425 2486 3601 2530 tactus

2017 2589 2139 2628 esse
2173 2573 2534 2626 instrumenta
2571 2569 2826 2624 dicimus.
2861 2566 3066 2621 llorum
3114 2583 3349 2636 namque
3400 2568 3603 2623 instru-

2018 2676 2324 2720 mentorum
2355 2661 2552 2726 ollicio,
2577 2660 2810 2715 calidum
2842 2673 2905 2713 ac
2927 2657 3208 2728 frigidum,
3239 2658 3526 2712 humidum
3553 2668 3607 2715 et

2020 2758 2251 2819 siccum,
2283 2763 2337 2810 et
2362 2771 2484 2825 qute
2513 2753 2614 2808 ista
2650 2762 2982 2821 sequuntur,
3031 2765 3129 2819 per
3159 2764 3380 2803 sensum
3429 2759 3606 2806 tactus

2020 2847 2424 2919 cognoscimus.
2470 2844 2536 2897 Et
2583 2844 2698 2897 lucc
2752 2842 2975 2914 quidem
3033 2851 3164 2895 sunt
3207 2856 3327 2910 qum
3359 2857 3388 2894 a
3434 2841 3606 2910 prima

2022 2937 2438 3002 constitutione,
2469 2943 2667 2989 natura
2696 2941 2751 2988 et
2776 2931 3064 3001 disciplina
3089 2931 3341 2984 manibus
3371 2931 3502 3000 ipsis
3532 2929 3611 2984 in-

2024 3039 2169 3086 sunt.
2203 3028 2334 3094 Quaa
2363 3042 2493 3081 vero
2525 3025 2591 3080 ad
2633 3032 2807 3078 tozum
2838 3038 3060 3092 corpus,
3090 3031 3340 3091 respectu
3369 3020 3608 3091 quodam

2026 3121 2281 3175 manibus
2314 3118 2543 3182 insunt,
2575 3132 2735 3186 quem
2770 3130 3010 3169 amorem
3047 3124 3193 3169 recte
3225 3114 3482 3184 appellari
3511 3115 3610 3169 de.

2027 3222 2135 3279 cet,
2178 3227 2246 3266 ne
2284 3226 2464 3264 rerum
2497 3209 2717 3279 quidem
2755 3219 2962 3264 natura:
2989 3207 3212 3278 ignaros
3250 3207 3398 3261 latet.
3451 3205 3609 3270 Nam,

2028 3317 2152 3357 cum
2188 3300 2342 3370 pedis
2373 3299 2603 3366 digitum
2650 3297 2702 3350 in
2752 3296 2986 3362 lapidem
3038 3296 3261 3366 impingi
3308 3297 3608 3366 contingit,

2029 3401 2161 3447 tunc
2215 3392 2452 3461 primum
2511 3405 2707 3443 manus
2760 3389 2957 3442 ibidem
3003 3404 3320 3452 occurrens,
3373 3390 3614 3459 comple

343 3477 775 3542 σπουδάζουσαν.
822 3477 1015 3532 Ψύλλα
1031 3478 1075 3509 ’⁵
1101 3478 1201 3547 τὴν
1230 3477 1476 3547 κεφαλὴν
1518 3477 1726 3548 ἔδηξεν,
1755 3477 1787 3548 ἢ
1826 3477 1919 3549 τὴν

2034 3485 2252 3550 cteudo,
2281 3484 2623 3553 fnvendoque
2643 3483 2852 3536 doloris
2885 3482 3066 3536 locum
3101 3483 3266 3536 solari
3310 3483 3522 3536 nititur.
3557 3482 3613 3540 Si

347 3569 665 3640 9dxtv;xal.
715 3568 853 3640 μετὰ
907 3570 1189 3633 συντονίας
1234 3569 1370 3640 πρὸς
1426 3569 1641 3639 ἄμυναν
1699 3569 1922 3640 ἔδραμε.

347 3660 460 3714 Καὶ
486 3660 823 3727 ἁπαξαπλῶς
862 3662 1044 3714 πᾶσαν
1069 3660 1262 3731 ὀδύνην
1304 3660 1441 3715 ὅλων
1477 3661 1586 3714 τῶν
1612 3659 1707 3714 τοῦ
1741 3661 1928 3732 σώμα-

347 3767 440 3814 τος
460 3751 504 3783 ³⁸
533 3751 734 3822 μορίων
785 3752 873 3806 διὰ
905 3753 1006 3822 τῆς
1059 3753 1202 3824 ἁφῆς
1250 3753 1423 3822 αὐτῆς
1453 3753 1550 3806 καὶ
1587 3753 1928 3824 περιπλοκῆς

349 3845 767 3914 καταπραΰνει·
825 3844 1066 3899 τοσαῦτα
1135 3845 1272 3916 αὐτῇ
1340 3847 1774 3917 προτερήματα,
1834 3849 1928 3902 καὶ

348 3937 654 4008 ἐνεργείας,
687 3939 782 3991 καὶ
810 3939 1166 4010 εὐστροφίας,
1203 3938 1336 4008 πρὸς
1379 3939 1738 4009 παραμυθίαν
1767 3941 1928 4012 ἡμῶν

350 4032 444 4083 καὶ
485 4031 710 4102 ἑτέρων,
757 4034 790 4102 ἡ
829 4033 897 4088 τὰ
943 4031 1242 4100 σύμπαντα
1291 4031 1654 4102 οἰκονομοῦσα
1699 4033 1930 4104 πρόνοια

352 4123 666 4192 ἐχαρίσατο,
713 4122 788 4186 ὡς
836 4122 970 4193 μηδὲ
1003 4122 1182 4193 ῥᾴδιον
1212 4123 1485 4194 ἐφευρεῖν,
1531 4124 1730 4195 ἢκατὰ
1765 4125 1932 4196 μέρος

352 4211 683 4278 ἐπεξελθεῖν.

2032 3591 2165 3631 vero
2199 3591 2295 3646 pes
2345 3575 2498 3645 spina
2550 3573 2970 3646 compungitur,
3023 3588 3218 3630 manus
3267 3573 3382 3642 ipsa
3429 3574 3613 3629 solerti

2037 3680 2202 3739 atque
2229 3677 2459 3724 actuoso
2502 3675 2653 3719 motu
2701 3680 2824 3719 sese
2866 3665 3073 3720 cirrum
3115 3665 3354 3735 undique
3385 3666 3614 3734 agendo,

2034 3760 2269 3814 educere
2302 3758 2448 3812 illam
2479 3755 2696 3825 satagit;
2728 3755 2774 3808 si
2799 3753 3018 3826 quando
3043 3754 3206 3823 capiti
3233 3763 3422 3808 nostro
3469 3756 3620 3824 pedi-

2037 3852 2225 3915 culus,
2285 3851 2399 3904 sive
2432 3849 2597 3902 dorso
2634 3847 2795 3918 pulex
2832 3847 3082 3901 aculeum
3155 3847 3392 3903 inﬁxerit
3420 3888 3432 3912 ,
3483 3849 3620 3902 ulci-

2035 3941 2221 3997 sceudl
2249 3940 2366 4010 ejus
2384 3938 2552 4010 gratia
2579 3953 2772 3991 manus
2794 3937 3048 3992 ocissime
3068 3935 3322 3992 fertur.|n
3347 3953 3618 3996 summam

2038 4042 2222 4090 autem
2272 4031 2562 4086 dicendum
2613 4041 2717 4095 est,
2760 4031 2905 4100 quod
2950 4045 3336 4098 quamcunque
3375 4031 3623 4100 corporis

2039 4127 2213 4182 nostri
2262 4133 2468 4196 partem
2497 4163 2511 4186 ,
2563 4122 2646 4176 vel
2703 4121 3023 4192 perspicuo,
3077 4122 3159 4178 vel
3205 4123 3389 4178 abdito
3435 4124 3625 4182 dolore.

2040 4221 2213 4288 premi
2272 4215 2591 4284 contigerit,
2632 4231 2830 4270 manus
2877 4215 3028 4284 ipsa,
3064 4214 3228 4280 hinc,
3276 4215 3403 4272 inde
3446 4217 3624 4273 locum

354 4309 761 4379 pertractando,
824 4311 1077 4365 nonnihil
1123 4313 1244 4382 opis
1297 4313 1491 4368 ali'erre
1537 4314 1736 4380 studet,
1793 4315 2062 4386 siquidem
2106 4315 2310 4372 summi
2379 4313 2661 4368 Creatoris
2721 4313 3089 4383 providentia,
3143 4316 3391 4370 omnimn
3455 4318 3625 4370 actio-

355 4421 509 4469 num,
533 4422 596 4461 ac
630 4407 927 4475 cujuslibet
959 4409 1356 4462 accommodati
1390 4418 1592 4475 motus,
1612 4411 1676 4464 ad
1698 4412 1942 4466 solamen
1984 4421 2098 4466 tum
2129 4411 2453 4478 nostri,tum
2487 4409 2722 4464 aliorum
2749 4407 3022 4475 facientis,
3071 4408 3345 4479 primitias
3372 4410 3627 4470 manibus

354 4499 547 4570 largita
563 4511 678 4564 est,
699 4500 774 4554 ita
795 4508 978 4554 utnon
1000 4500 1158 4556 facile
1184 4501 1582 4572 sitsingillatim
1605 4506 1787 4559 omnia
1821 4522 2158 4576 percurrere.

606 4615 748 4681 Κεφ.
791 4613 1073 4669 iiiP-KGH
1110 4645 1177 4656 —-
1211 4615 1352 4684 Περὶ
1391 4616 1598 4686 μηρῶν
1629 4619 1694 4672 ³⁸.

428 4730 628 4782 Σκόπει
671 4730 725 4782 δὲ
767 4729 905 4798 μετὰ
933 4731 1032 4793 τὰς
1071 4734 1290 4801 χεῖρας,
1342 4732 1436 4784 καὶ
1470 4733 1580 4784 τῶν
1613 4732 1793 4784 ποδῶν
1837 4732 1935 4803 τὴν

356 4824 729 4892 κατασκευὴν,
755 4824 850 4876 καὶ
872 4823 972 4887 τὰς
1005 4823 1270 4894 ἁρμονίας
1290 4823 1498 4876 τούτων
1517 4823 1608 4876 καὶ
1631 4822 1934 4892 ἐνεργείας·

355 4914 476 4977 πῶς
526 4915 891 4984 μεταϐατικὸν
921 4914 1154 4986 ὄργανον
1194 4913 1288 4968 τοῦ
1334 4915 1534 4976 παντὸς
1581 4914 1866 4984 σώματος,
1904 4914 1937 4984 ή

359 5006 525 5076 φύσις
556 5009 589 5076 ἠ
626 5007 956 5079 δημιουργὸς
980 5008 1024 5038 ’⁷
1057 5008 1254 5069 αὐτοὺς
1291 5007 1640 5076 ὲτεχνὰσατο.
1674 5005 1786 5059 Καὶ
1819 5005 1937 5069 πῶς

357 5099 461 5168 τὴν
503 5099 644 5152 κατὰ
679 5098 787 5151 τῶν
836 5099 1014 5152 τόπων
1035 5098 1081 5128 ’⁸
1117 5097 1333 5168 κίνησιν
1374 5097 1463 5152 διὰ
1504 5095 1712 5150 τούτων
1751 5097 1940 5150 ποιού-

364 5189 537 5261 μεθα;
569 5191 665 5243 Διὰ
695 5191 795 5260 τῆς
827 5189 950 5243 καθ’
982 5190 1158 5262 ὁρμὴν
1181 5191 1226 5222 ³³
1271 5191 1562 5260 κινήσεως,
1611 5190 1730 5260 ἢτοι
1769 5206 1940 5259 μετα-

360 5283 614 5352 ϐατικῆς.
681 5280 836 5336 Ἐστι
891 5282 948 5335 δὲ
1001 5281 1340 5352 μεταϐατικὴ
1394 5281 1610 5350 κίνησις
1643 5281 1752 5334 τῶν
1804 5281 1942 5334 ὅλων

359 5371 456 5426 τοῦ
480 5373 526 5404 ⁸⁸
551 5372 805 5443 σώματος
833 5391 896 5444 με
907 5374 1014 5445 ρῶν
1038 5373 1159 5427 καθ’
1183 5373 1358 5445 ὁρμὴν
1385 5375 1710 5445 γινομένων·
1736 5373 1942 5445 κατάρ-

361 5481 551 5534 χοντος
585 5466 685 5537 μὲν
707 5466 801 5519 τοῦ
841 5465 1196 5538 ἡγεμονικοῦ,
1228 5465 1633 5538 ὑπηρετοῦντος
1660 5465 1716 5518 δὲ
1754 5465 1846 5518 τοῦ
1882 5467 1939 5519 ἐν

440 5623 486 5694 ξ⁶
508 5623 578 5676 τὰ
603 5639 712 5677 om.
747 5623 808 5678 Β.
887 5625 928 5656 ³⁷
952 5626 980 5677 ὁ
1008 5624 1166 5694 ἄνθρ.
1199 5643 1250 5680 τ.
1284 5625 1404 5679 ἀλλ.
1433 5624 1482 5689 ζ·
1514 5627 1575 5679 B-

1657 5627 1699 5658 ¹⁸
1735 5627 1874 5678 εἰσὶν
1902 5642 2010 5678 ont.
2039 5624 2098 5678 Β.

2304 4619 2437 4688 Cap.
2476 4616 2917 4671 XXVIII-XXIX.
2945 4644 3016 4655 ——
3047 4615 3119 4668 De
3149 4616 3387 4684 pedibus.

2105 4735 2209 4789 Sed
2253 4750 2282 4788 a
2330 4743 2438 4788 tam
2477 4732 2624 4786 vario
2657 4747 2918 4785 manuum
2953 4746 3135 4800 opere,
3170 4731 3235 4785 ad
3271 4730 3467 4801 pedum
3501 4748 3627 4788 co::~

2047 4825 2406 4886 stitutionem,
2435 4832 2488 4876 et
2537 4820 2838 4876 concinnas
2889 4819 3180 4874 admodum
3243 4823 3628 4893 olliciosasqu.-.

2047 4917 2288 4971 actiones
2335 4912 2762 4968 considerandas
2788 4922 3158 4979 transeamus;
3196 4927 3629 4994 quonam‘pacto

2050 5023 2232 5062 rerum
2265 5005 2445 5076 Opifex
2473 5007 2637 5075 pedes
2663 5006 2811 5077 ipsos
2834 5007 3258 5060 instrumentum
3291 5009 3357 5062 ad
3383 5011 3630 5079 corporis

2052 5098 2342 5154 transitum
2403 5099 2711 5169 delegatum
2760 5099 3127 5154 constituerit.
3162 5098 3300 5154 Tum
3353 5103 3629 5170 quomodo

2051 5191 2246 5245 horum
2293 5188 2467 5245 oﬂicio
2493 5189 2597 5244 loci
2628 5189 2985 5244 mutationem
3013 5201 3163 5244 motu
3201 5192 3467 5246 transitus
3515 5208 3642 5262 per.

2051 5281 2282 5350 agimus.
2305 5279 2437 5335 Nam
2466 5280 2730 5335 transitus
2752 5281 3062 5350 motus,qui
3097 5281 3148 5334 in
3179 5282 3434 5335 onmibus
3461 5282 3630 5337 totius

2053 5375 2300 5444 corporis
2329 5373 2578 5443 partibus
2601 5381 2706 5437 est,
2737 5387 2862 5426 cum
2907 5373 3111 5442 impetu
3149 5372 3240 5434 fit,
3275 5373 3328 5426 in
3359 5388 3470 5443 quo
3508 5375 3628 5428 oﬂl-

2049 5465 2159 5531 cio,
2191 5463 2509 5534 principalis
2539 5463 2735 5516 anima:
2769 5465 2940 5532 partis
2973 5464 3056 5518 vis
3099 5465 3440 5519 dominatum
3489 5466 3632 5521 obti~

2202 5624 2609 5696 ξ’μνὲκσχετικῆς
2781 5626 2845 5696 ἑᾏκ
2885 5623 3120 5696 σχέσεως
3166 5625 3284 5696 ἦτοι
3330 5626 3388 5692 ἐξ
3423 5627 3494 5695 ἀγ
3569 5627 3630 5681 l‘.

441 5691 678 5768 δια-τῆς
710 5683 1144 5768 καταμηνύσεως
1173 5696 1266 5768 τοῦ
1303 5683 1454 5759 νοῦςξ
1487 5699 1610 5768 add.
1644 5697 1702 5750 Β.
1779 5697 1822 5727 ³³
1865 5696 2150 5768 εὑρεθεῖσα
2244 5693 2307 5748 Ρ.
2378 5683 2423 5768 if
2455 5683 2771 5768 ὀᾷυνομ-ἐ-νῳ
2792 5691 2871 5768 Βτ-
3006 5683 3119 5748 ἐνθ.
3155 5683 3284 5748 κῖξικ.
3318 5683 3537 5768 aspir-9.
3571 5697 3632 5768 Β.

368 5764 418 5835 εξ
437 5761 622 5835 Ῠψγίλληή
647 5766 706 5820 Β.

367 5830 612 5906 κτηδημξ
645 5852 770 5905 φυσ.
809 5834 868 5889 Β.

880 5781 1010 5836 πασ.
1054 5766 1149 5836 νὸδ.
1193 5767 1292 5836 τὴν
1323 5785 1526 5836 τ,σωμ.
1553 5767 1643 5832 βλ.
1679 5784 1811 5835 μορε
1845 5767 2095 5836 φανερῶν
2127 5766 2156 5834 ἢ

945 5835 992 5868 ⁸⁸
1009 5835 1116 5888 τῶν
1145 5835 1326 5888 τόπων
1355 5837 1416 5890 Α.
1448 5835 1588 5890 κατὰ
1635 5839 1796 5890 τὸπον
1843 5835 1880 5887 Β
1918 5838 1972 5891 ι’.

2197 5763 2458 5832 ἁσφανῶν
2493 5764 2548 5816 Β.

2647 5764 2694 5795 ³⁸
2731 5765 2807 5816 sic
2833 5762 2968 5817 Cod.
3008 5768 3071 5818 Λ.
3119 5768 3244 5834 περὶ
3284 5762 3537 5825 110δῶνύ
3573 5767 3633 5827 ιν.

2053 5837 2094 5866 ²⁹
2129 5835 2251 5890 καθ’
2288 5836 2428 5906 ὁμὴν
2461 5836 2525 5892 Α,

2604 5835 2647 5865 ³ο
2689 5833 2782 5887 τοῦ
2829 5835 2954 5888 ὅλου
3008 5834 3069 5888 C.
