4070 6216
469 418 608 472 ιτευ

1751 394 2028 449 ΜιῖιιΕΤΙΙ
2070 389 2375 447 MUNACHI

3572 394 3709 451 {250

464 545 576 602 net,
605 531 826 604 spiritus
850 543 998 593 vero,
1026 527 1121 596 qui
1151 527 1202 579 in
1241 522 1422 578 nervis
1475 519 1633 592 124
1660 518 2033 588 musculisque

2155 517 2248 577 τοῖς
2279 513 2492 583 νεύροις
2534 512 2628 564 καὶ
2677 509 2808 580 μυσὶ
2855 508 3186 578 πνεύματος·
3224 515 3712 579 συνεκτεινομένου

466 625 662 680 insitus
694 631 798 683 est,
831 617 1121 674 ministerii
1146 614 1382 669 cilicium
1413 612 1614 683 explet,
1646 612 1740 681 qui
1775 627 1879 664 una
1905 626 2028 664 cum

467 717 571 770 illis
609 711 968 778 contenditur,
1007 710 1358 776 membraque
1385 706 1500 775 ipsa
1531 704 1902 774 circumagere
1923 719 2032 757 non

464 806 682 860 desinit.
725 802 1016 856 Enimvero
1041 842 1055 858 .
1107 801 1310 854 motiva
1361 797 1452 852 illa
1487 796 1719 852 facultas
1743 806 1858 857 est,
1891 811 2032 863 quae,

414 952 418 962 ,
465 897 680 967 corpori
715 910 812 948 ceu
843 893 1092 948 vehiculo
1117 890 1398 954 insidens,
1441 890 1494 944 in
1558 888 1741 943 nervis
1815 901 2038 941 muscu~

464 991 642 1060 lisque
687 988 931 1042 actiones
971 1001 1100 1040 suas
1151 983 1407 1038 Ostendit.
1445 982 1566 1052 Ipsa
1609 990 1788 1036 autem
1834 979 2035 1034 motiva

466 1079 715 1142 facultas,
753 1086 940 1145 utpote
965 1075 1159 1129 animae
1181 1078 1297 1138 vis,
1330 1081 1502 1128 totum
1545 1087 1746 1142 corpus
1789 1080 2035 1124 nostrum

464 1171 614 1225 vehit
643 1187 656 1222 :
689 1168 782 1222 sed
813 1178 866 1221 ct
901 1167 991 1219 illa
1027 1165 1306 1228 vicissim,
1342 1163 1568 1234 pedibus
1603 1162 1870 1216 transitus
1917 1175 2039 1213 mu-

467 1263 558 1316 nia
587 1259 968 1330 perageutibus
993 1299 1006 1323 ,
1047 1273 1076 1311 a
1116 1272 1343 1326 corpore
1368 1255 1602 1310 vehitur.
1638 1252 1772 1308 Nam
1809 1254 1962 1322 prius
2005 1268 2039 1307 a

467 1351 626 1405 nobis
651 1351 1084 1404 demonstratum
1117 1355 1220 1411 cst,
1255 1346 1396 1417 quod
1424 1361 1763 1416 qua-cunque
1793 1360 1888 1414 per
1911 1360 2040 1398 ner-

468 1459 568 1498 vos
618 1441 1003 1508 musculosque
1051 1449 1359 1504 moventur,
1406 1455 1472 1492 ex
1525 1441 1722 1492 animae
1771 1437 2042 1492 facultati-

472 1537 573 1589 bus
625 1543 755 1589 sunt
807 1542 970 1602 atque
1023 1532 1090 1586 ad
1139 1531 1312 1587 nostri
1346 1531 1632 1586 arbitrium
1686 1541 2041 1600 peraguntur.

469 1623 594 1677 Pari
654 1623 816 1676 modo
861 1623 1023 1676 etiam
1071 1621 1502 1675 animadvertere
1525 1627 1756 1689 oportet,
1784 1618 2045 1689 quemad-

473 1713 696 1767 modum
747 1710 1184 1766 instrumentalia
1229 1725 1352 1764 cum
1393 1709 1795 1780 magnitudine,
1845 1705 2041 1768 forma,

2134 605 2345 668 τούτοις
2376 605 2470 658 καὶ
2515 602 2908 674 περιφέροντος
2939 600 3009 653 τὰ
3044 601 3212 671 μέλη·
3246 601 3280 670 ἡ
3308 601 3416 672 γὰρ
3451 603 3711 673 κινητικῇ

2133 697 2360 766 δύναμις
2389 695 2528 765 αὕτη
2553 693 2702 746 ἐστὶν
2725 695 2757 763 ἡ
2785 694 2844 745 ἑν
2863 693 2976 753 τοῖς
2999 690 3212 762 νεύροις
3239 693 3335 743 καὶ
3368 692 3533 760 μυσὶν
3561 695 3713 762 ἐνερ-

2135 787 2329 856 γοῦσα,
2361 787 2457 839 καὶ
2485 785 2546 837 τὸ
2578 783 2737 852 σῶμα
2763 781 2993 853 όχοῦσα’
3018 785 3100 836 ὅτι
3132 783 3264 836 αὐτὸ
3289 783 3332 814 ³⁸
3366 782 3466 852 μὲν
3493 783 3613 852 ὀχεῖ
3637 785 3714 848 ὡς

2134 878 2339 949 ψυχικὴ
2379 876 2644 946 δύναμιςο
2676 876 2885 944 ὀχεῖται
2918 875 2976 928 δὲ
3015 876 3138 928 ὅλον
3176 877 3238 927 τὸ
3281 875 3444 946 σῶμα
3480 875 3571 928 διὰ
3611 875 3714 944 τῆς

2135 971 2244 1024 τῶν
2277 969 2452 1022 ποδῶν
2485 968 2861 1038 μεταϐάσεως.
2923 966 3167 1036 Ἐδείχῡη
3208 966 3316 1038 γὰρ
3353 968 3438 1020 ὅτι
3481 965 3585 1020 ὅσα
3623 965 3718 1019 διὰ

2135 1061 2347 1132 νεύρων
2371 1059 2467 1112 καὶ
2497 1058 2647 1128 μυῶν
2673 1060 2928 1122 κινεῖται,
2956 1057 3171 1127 ψυχικά
3191 1057 3254 1109 τέ
3280 1059 3418 1120 ἐστι,
3447 1059 3544 1110 καὶ
3571 1056 3718 1109 κατὰ

2137 1155 2462 1226 προαίρεσιν
2499 1152 2865 1206 ἀποτελεῖται.
2929 1151 3164 1220 Ὁμοίως
3209 1149 3304 1202 καὶ
3344 1149 3413 1202 τὰ
3445 1149 3721 1219 ὀργανικὰ

2141 1249 2319 1302 πάντα
2338 1263 2354 1278 ο
2383 1245 2528 1300 τὰδὲ
2553 1245 2824 1317 ὀργανικὰ
2856 1246 3139 1296 σκοπεῖται
3163 1243 3302 1295 κατὰ
3329 1241 3545 1311 σκῆμα,
3574 1243 3722 1294 κατὰ

2140 1337 2396 1409 μέγεθος,
2432 1334 2574 1388 κατὰ
2599 1333 2854 1405 ἀριθμὸν,
2879 1333 3020 1386 κατὰ
3050 1332 3224 1386 θέσιν.
3258 1331 3324 1384 El
3356 1330 3466 1400 γὰρ
3493 1331 3591 1384 καὶ
3623 1332 3722 1383 ἀνι

2141 1425 2469 1498 τιληπτικὴν
2499 1427 2532 1496 ἡ
2557 1425 2682 1496 χεὶρ
2711 1425 2997 1494 ἐνέργειαν
3027 1422 3140 1491 ἔχει
3169 1423 3244 1486 ³⁸,
3281 1421 3464 1484 καθὼς
3494 1421 3520 1472 ό
3561 1419 3724 1488 λόγος

2144 1518 2376 1570 κατόπιν
2393 1515 2698 1582 ἀπέδειξεν,
2722 1515 2836 1567 ἀλλ’
2857 1515 2956 1566 οὐκ
2980 1514 3046 1565 ἂν
3065 1512 3274 1581 γένοιτο
3293 1510 3431 1580 αύτῇ
3448 1511 3493 1542 ³³
3513 1511 3721 1572 καλῶς,

2149 1607 2222 1678 μὴ
2255 1605 2350 1660 τοῦ
2393 1605 2501 1660 τῶν
2531 1605 2813 1660 δακτύλων
2861 1604 3096 1676 ἀριθμοῦ
3145 1603 3352 1657 τελείου
3397 1604 3590 1669 ὄντος,
3627 1600 3724 1655 καὶ

2149 1703 2288 1771 μήτε
2331 1697 2582 1762 ὲλλιποῦς
2607 1698 2673 1759 ³³,
2727 1699 2864 1770 μήτε
2917 1697 3326 1762 πλεονάζοντος.
3393 1695 3556 1750 Ἀλλὰ
3613 1696 3726 1765 μὴν

480 1819 709 1858 numero
732 1805 949 1874 situque
978 1803 1330 1858 conveniunt.
1374 1800 1487 1856 Nisi
1530 1801 1674 1857 enim
1728 1815 1926 1855 manus
1975 1798 2042 1853 ad

2155 1795 2242 1846 καὶ
2275 1791 2370 1846 τοῦ
2405 1793 2704 1863 σχήματος,
2735 1790 2815 1855 ὡς
2845 1785 2986 1844 εἶναι
3019 1789 3428 1861 διηπλωμένηψ
3462 1791 3561 1843 καὶ
3597 1791 3728 1850 τοὺς

473 1895 796 1963 rapiendum
828 1867 1021 1946 idonea
1053 1890 1236 1956 fuerit,
1260 1890 1716 1961 quemadmodum
1754 1904 1924 1959 nuper
1948 1903 2045 1942 ex-

2155 1885 2450 1948 δακτύλους
2481 1885 2556 1956 μὴ
2587 1884 2958 1952 ὲξισάζοντας’
2988 1885 3082 1940 καὶ
3111 1887 3166 1937 ὲν
3199 1883 3275 1954 τῷ
3311 1882 3556 1952 μεγέθει,
3587 1883 3728 1952 μήτε

473 1985 816 2054 plicavimus,
842 1982 984 2036 haud
1017 1991 1161 2036 recte
1192 1982 1276 2051 agi
1305 1997 1427 2034 cum
1458 1981 1574 2050 ipsa
1597 1979 1822 2036 dixeris.
1855 1978 1918 2032 Et
1941 1977 2044 2032 nisi

2155 1979 2358 2050 μικρὰν
2380 1979 2520 2047 ἄγαν
2554 1973 2712 2041 εἶναι,
2749 1980 2885 2050 μήτε
2921 1979 3184 2050 μεγάλην*
3214 1977 3310 2031 καὶ
3337 1975 3480 2030 κατὰ
3507 1975 3607 2044 τὴν
3633 1974 3726 2026 θέ·

474 2075 626 2144 digiti
653 2075 754 2145 ipsi
783 2076 928 2128 omni
955 2088 1021 2127 ex
1053 2083 1204 2143 parte
1223 2073 1461 2142 perfecto
1483 2070 1569 2125 sui
1601 2084 1853 2133 numero,
1873 2083 2048 2138 neque

2155 2088 2238 2124 σιν
2271 2070 2350 2131 δὲ,
2391 2070 2467 2141 μὴ
2501 2069 2608 2136 ἔξω
2645 2070 2744 2140 τῆς
2774 2070 2917 2124 κατὰ
2962 2071 3121 2141 φύσιν
3157 2071 3326 2139 αὐτῆς
3372 2067 3730 2138 εὑρίσκεσθαι

474 2167 746 2222 deficienti
777 2209 791 2231 ,
846 2181 1024 2236 neque
1064 2165 1346 2220 excedenti
1391 2163 1774 2227 constiterint,
1830 2162 2048 2216 vitiatos

2155 2160 2560 2233 διαρθρώσεως.

474 2261 743 2335 censebis.
797 2259 905 2315 Sed
938 2269 992 2314 et
1039 2259 1116 2313 uti
1150 2258 1320 2330 ﬁgura
1356 2273 1552 2313 manus
1585 2256 1892 2323 conveniat,
1916 2271 2054 2327 opus
2085 2263 2190 2319 est,
2220 2269 2274 2311 et
2301 2257 2598 2328 digitorum
2625 2257 2803 2328 impar
2855 2257 2990 2312 ordo
3018 2257 3069 2312 ei
3129 2257 3378 2312 decorem
3401 2255 3727 2320 ali‘erat;sed

477 2371 656 2426 neque
697 2356 999 2426 longiorem
1041 2354 1215 2424 ipsam
1269 2368 1433 2424 quam
1472 2367 1570 2423 par
1633 2352 1724 2416 sit,
1785 2365 1962 2420 neque
2007 2335 2309 2404 breviorem
2345 2364 2466 2406 esse
2517 2359 2750 2420 oportet.
2809 2348 3108 2416 Praeterea,
3147 2358 3201 2404 et
3248 2348 3394 2418 quod
3441 2347 3511 2402 ad
3558 2348 3731 2402 situm

479 2449 696 2510 attinet,
727 2445 804 2499 uti
837 2445 954 2515 ipsa
987 2444 1088 2499 sibi
1117 2459 1146 2496 a
1178 2451 1375 2496 natura
1411 2441 1740 2512 praescriptis
1783 2439 2325 2494 deat-ticulationibus
2358 2448 2591 2494 constet.

548 2538 806 2592 Eamdem
855 2536 1070 2606 quidem
1128 2537 1396 2590 rationem
1439 2530 1824 2605 sapientissimi
1879 2547 2062 2586 rerum

481 2627 696 2697 epilicis
759 2623 1093 2694 providentia
1145 2624 1310 2678 etiam
1381 2624 1434 2677 in
1501 2622 1729 2692 pedibus
1786 2621 2058 2685 ostendit,

478 2728 599 2787 qtne
680 2715 811 2770 nulli
881 2713 1022 2784 parti
1093 2727 1204 2767 non
1273 2711 1596 2783 peculiarem
1665 2710 1829 2765 situm
1891 2709 2063 2764 voluit

478 2808 896 2880 praescripsisse.
931 2805 996 2860 Et
1047 2805 1307 2876 quoniam
1344 2805 1474 2860 huic
1519 2804 1765 2870 animali,
1817 2803 2052 2868 homini,

480 2879 725 2970 inquam,
764 2895 1028 2952 transitus
1083 2903 1230 2951 motu
1267 2894 1334 2950 ad
1391 2894 1510 2950 loca
1557 2893 1915 2965 permutanda
1979 2879 2058 2948 uti

479 3008 618 3062 opus
677 2989 886 3052 fuerat;
917 2987 1164 3057 quaedam
1225 3000 1351 3042 ossa
1412 3000 1589 3051 cava,
1627 2985 1884 3039 nonnulla
1935 2999 2058 3055 pro-

480 3081 754 3138 minentiis
808 3079 1050 3149 praedita,
1081 3093 1203 3149 quae
1254 3079 1306 3131 in
1368 3092 1499 3133 cava
1549 3076 1665 3148 ipsa
1715 3075 2063 3147 ingrederen-

2233 2531 2406 2584 Τοῦτο
2430 2530 2560 2600 γοῦν
2592 2530 2683 2584 καὶ
2705 2530 2800 2584 ἐπὶ
2830 2529 2938 2584 τῶν
2965 2528 3144 2583 ποδῶν
3167 2530 3200 2599 ὴ
3227 2526 3396 2580 πάντα
3423 2525 3598 2594 σοφῶς
3623 2527 3729 2578 καὶ

2159 2623 2421 2694 ἐντέχνως
2481 2622 2842 2692 οἰκονομοῦσα
2898 2621 3123 2690 πρόνοια
3175 2618 3561 2689 ἐξειργάσατο·
3629 2618 3738 2669 καὶ

2158 2717 2372 2786 ἑκάστῳ
2409 2715 2518 2768 τῶν
2553 2715 2758 2785 μορίων
2786 2715 2885 2785 τὴν
2920 2713 3132 2767 οἰκείαν
3167 2712 3335 2766 ἔδωκε
3361 2712 3407 2743 ³⁵
3435 2710 3606 2764 Θὲσιν.
3641 2711 3740 2763 Εἰ-

2157 2805 2278 2860 δυῖα
2311 2807 2420 2878 γὰρ
2445 2805 2526 2860 ὅτι
2556 2806 2620 2858 τὺ
2651 2804 2788 2870 ζῶον
2814 2801 2976 2858 τοῦτο
3005 2806 3034 2858 ὁ
3059 2803 3344 2875 ἄνθρωπος
3377 2805 3445 2874 τῇ
3493 2801 3741 2873 μεταϐα-

2155 2899 2286 2968 τικῇ
2327 2899 2538 2967 κινήσει
2579 2896 2775 2966 ἔμελλε
2817 2895 3089 2968 χρᾶσθαι,
3116 2898 3182 2967 τῇ
3225 2895 3338 2949 ἀπὸ
3371 2896 3540 2948 τόπου
3564 2895 3610 2927 ⁸⁸
3641 2897 3739 2948 ἐπὶ

2157 2989 2342 3054 τόπον,
2373 2989 2439 3042 τὰ
2469 2989 2569 3060 μὲν
2596 2989 2704 3043 τῶν
2726 2989 2900 3043 ὀστῶν
2929 2990 3084 3043 κοῖλα
3109 2989 3355 3059 ἐποίησε·
3387 2991 3502 3048 τοῖς
3529 2987 3587 3041 δὲ
3617 2987 3741 3052 ἑξο-

2161 3080 2263 3150 χας
2293 3080 2605 3153 εἰργάσατοο
2641 3077 2990 3150 ἐμϐάλλουσα
3011 3079 3055 3110 ⁸¹
3083 3077 3256 3138 αὐτας
3275 3080 3360 3142 εἰς
3379 3077 3482 3142 τὰς
3507 3077 3619 3130 τῶν
3641 3077 3740 3131 ἄλ-

482 3188 569 3230 tur
602 3175 695 3228 Dci
717 3170 1054 3242 providentia
1084 3170 1386 3234 constituit,
1419 3183 1527 3240 quo
1558 3168 1837 3240 quodlibet
1867 3183 1931 3223 os
1965 3170 2052 3221 hu-

2161 3173 2270 3227 λων
2293 3173 2634 3242 κοιλότηταςο
2661 3173 2750 3226 ἵνα
2776 3174 2905 3244 περὶ
2925 3171 3095 3236 αὐτὰς
3113 3173 3158 3206 ³⁸
3190 3171 3411 3242 ποιῆται
3430 3165 3739 3242 τηνικαῦτα

477 3262 718 3334 jusmodi
757 3260 1001 3314 ordinem
1040 3261 1318 3324 sortitum,
1351 3239 1630 3314 decentem
1685 3269 1891 3313 motum
1937 3274 2052 3328 per-

2162 3264 2263 3336 τὴν
2316 3264 2566 3336 κίνησιν·
2603 3264 2892 3335 περιὲδησὲ
2929 3281 2988 3318 τε
3031 3263 3206 3318 ταῦτα
3245 3264 3602 3334 συνδεεσμοῖς,
3644 3265 3742 3316 καὶ

483 3365 704 3425 :tgerel;
736 3361 796 3406 ut
831 3365 960 3405 vero
989 3361 1171 3407 motus
1204 3366 1436 3407 securus
1486 3351 1670 3415 fieret,
1725 3352 1839 3406 haec
1870 3350 2052 3406 omnia

2163 3359 2276 3418 τοῖς
2319 3354 2426 3420 ἔξω
2455 3356 2771 3426 γενομένοις
2812 3355 3028 3425 ἄμωσιν
3054 3357 3118 3388 ⁸⁸·
3165 3355 3384 3426 ἄμωνες
3406 3357 3456 3388 ⁸⁸
3493 3355 3557 3409 δέ
3593 3359 3744 3408 εἰσιν

483 3447 796 3518 ligamentis
827 3453 881 3500 et
932 3445 1144 3514 laqueis
1183 3443 1508 3514 quibusdam
1552 3459 1674 3514 quae
1719 3443 1936 3514 ἄμωνες
1989 3442 2058 3498 ab

485 3540 594 3594 illis
619 3538 856 3594 exterius
889 3536 1152 3602 devinxit,
1185 3536 1401 3606 ἄμωνες
1452 3544 1632 3589 autem
1678 3535 1918 3590 exterius
1953 3548 2058 3604 po-

487 3632 606 3685 sitae
645 3629 1027 3700 promiuentiae
1055 3635 1208 3688 sunt,
1240 3641 1362 3695 qua:
1389 3615 1486 3696 pro
1516 3639 1766 3688 numero,
1803 3624 1868 3678 ad
1901 3639 2059 3678 exar-

486 3724 832 3778 ticulationes
875 3719 1204 3776 coercendas
1254 3716 1584 3772 consistunt.
1637 3713 1858 3770 Similes
1892 3728 2059 3783 quas-

485 3817 608 3870 dam
665 3814 876 3869 ferrarii
945 3811 1167 3882 opifices
1237 3809 1302 3863 ad
1374 3808 1563 3879 jugem
1627 3817 2060 3876 perpetuumque

487 3919 763 3971 valvarum
807 3923 1014 3970 motum
1065 3911 1195 3966 ferri
1241 3921 1536 3979 compages
1583 3907 1845 3978 levigatas
1880 3905 2060 3960 moliri

487 4010 683 4062 solent.
713 4003 1004 4061 Femorum
1049 4004 1214 4071 igitur
1245 4000 1630 4063 rotunditates,
1669 4013 1790 4068 qua:
1817 3998 1883 4052 ad
1907 4007 2061 4054 nates

485 4100 784 4154 circulares
819 4107 968 4160 sunt,
992 4113 1130 4164 quas
1149 4094 1406 4164 γλουτοὺς
1440 4091 1649 4155 dicunt,
1679 4091 1919 4160 ipsorum
1946 4103 2063 4144 mo-

492 4206 604 4246 tum
646 4200 835 4245 natura
883 4185 1042 4258 125
1089 4185 1393 4242 constituit.
1457 4179 1777 4253 Sphericum
1827 4195 2064 4251 namque

492 4285 622 4340 illud
657 4281 933 4336 femoralis
971 4279 1134 4342 ossis,
1170 4276 1414 4345 γλουτὸν,
1446 4275 1497 4328 id
1518 4283 1601 4329 est
1633 4284 1802 4336 nates,
1831 4288 1926 4328 seu
1952 4272 2064 4325 clu-

493 4389 605 4426 nem
652 4367 966 4440 appellant;
1018 4366 1072 4420 in
1125 4365 1269 4435 quod
1325 4372 1505 4417 autem
1555 4361 1685 4414 illud
1741 4359 2062 4430 ingreditur,

493 4465 746 4534 κοτύλην,
793 4461 896 4514 hoc
935 4468 1019 4513 est
1065 4454 1399 4510 acetabulum
1453 4450 2064 4522 ουιιιιυροιιιεκοτύλην

489 4556 636 4610 enim
695 4551 786 4606 διὰ
838 4549 1155 4618 κοιλότητα,
1183 4546 1244 4600 ob
1287 4560 1402 4614 ejus
1431 4557 1712 4596 concavum
1764 4541 2061 4607 dixerunt;

492 4648 714 4718 γλουτὸν
741 4661 868 4701 vero
895 4685 911 4710 ,
943 4644 1014 4698 ob
1045 4643 1160 4696 leve
1209 4655 1273 4695 ac
1305 4638 1531 4694 fluidum
1563 4637 1709 4708 quod
1741 4637 1795 4690 in
1835 4636 1952 4706 ipso
1983 4634 2068 4688 vi-

493 4743 654 4797 situr.
687 4739 966 4794 Circulare
997 4733 1268 4806 siquidem
1324 4731 1501 4802 ipsius
1533 4730 1678 4786 ossis
1703 4728 1926 4798 γλουτὸν
1955 4723 2070 4781 οἷον

2165 3445 2346 3516 ἐξοχαι
2372 3445 2416 3479 δι
2445 3462 2609 3512 τινες,
2639 3441 2751 3501 οἷον
2767 3448 2932 3518 τείχη
2960 3446 3242 3501 κωλύοντα
3262 3447 3306 3479 ⁸³
3327 3445 3429 3510 τὰς
3457 3445 3746 3517 ὲξαρθρὼ-

2167 3556 2280 3602 σεις
2323 3539 2589 3607 γίνεσθαι.
2634 3539 2807 3592 Τοῦτο
2845 3539 2906 3593 δὲ
2935 3541 2984 3593 οἱ
3021 3543 3260 3610 τεχνῖται
3280 3540 3326 3572 ⁸³
3358 3537 3607 3593 ποιοῦσιν
3649 3537 3749 3590 ἐπὶ

2164 3630 2272 3684 τῶν
2309 3631 2397 3684 ἀεὶ
2427 3629 2691 3684 κινεῖσθαι
2721 3631 3027 3702 μελλόντων
3054 3631 3256 3703 θυρῶν,
3287 3630 3560 3702 στροφέας
3581 3630 3748 3692 τινὰς

2171 3721 2308 3792 μετὰ
2327 3721 2604 3791 λειότητος
2631 3724 3154 3788 κατασκευάζοντες
3184 3723 3281 3794 τὴν
3301 3722 3614 3792 ἀεικίνητον
3633 3720 3748 3773 τῶν

2167 3812 2350 3883 θυρῶν
2399 3813 2639 3878 εὐκόλως
2686 3814 2977 3886 ἐνέργειαν
3029 3803 3438 3886 προνοούμενοι.
3483 3814 3568 3866 Τὰ
3610 3811 3746 3880 γοῦν

2167 3905 2273 3960 τῶν
2313 3905 2553 3960 κοτυλῶν
2606 3906 2998 3978 σφαιρώματα,
3046 3909 3214 3978 ἤγουν
3251 3907 3377 3970 τοὺς
3407 3905 3746 3975 λεγομένους

2169 3999 2482 4068 γλουτοὺς,
2500 4002 2619 4062 ταῖς
2653 3999 2905 4063 κοτύλαις
2940 4000 3276 4071 ὲνήρθρωσε’
3308 3999 3408 4070 τὴν
3433 3998 3532 4052 τοῦ
3565 3995 3746 4068 μηροῦ

2167 4091 2384 4160 κίνησιν
2417 4092 2812 4163 μηχανωμένη.
2847 4091 3106 4146 Γλουτοὶ
3131 4087 3223 4145 οὖν
3252 4091 3511 4160 λέγονται
3537 4088 3602 4142 τὰ
3621 4085 3744 4138 τῶν

2169 4179 2414 4233 κοτυλῶν
2453 4187 2821 4252 σφαιρὼματα
2841 4199 2854 4214 ·
2887 4181 3112 4236 κοτύλαι
3143 4182 3198 4236 δὲ
3221 4183 3355 4236 ὅπου
3383 4183 3662 4252 ἑγκεινται
3688 4177 3747 4232 αἱ

2170 4270 2405 4340 κεφαλαὶ
2449 4273 2557 4326 τῶν
2605 4273 2813 4346 μηρῶνο
2865 4275 2953 4328 διὰ
2985 4273 3051 4328 δὲ
3094 4273 3193 4346 τὴν
3237 4276 3416 4328 ἐκεῖσε
3457 4275 3751 4344 κοιλότητα

2173 4367 2400 4434 κοτύλη
2441 4364 2669 4436 ἐκλήθη.
2714 4367 2778 4420 Ol
2817 4367 2876 4421 δὲ
2911 4367 3157 4436 γλουτοὶ,
3199 4367 3294 4422 διὰ
3320 4370 3752 4440 τρυφερίαν·καὶ

2172 4455 2450 4527 ὑγρότητα
2473 4497 2489 4520 ,
2519 4452 2634 4512 οἷον
2661 4458 2817 4527 γλυοι
2842 4459 2888 4494 ⁸⁸
2919 4475 3068 4523 τινες
3107 4458 3295 4524 δντεςσ
3333 4460 3426 4512 καὶ
3454 4461 3566 4529 γὰρ
3595 4452 3750 4515 οὗτοι

2179 4548 2318 4618 μετὰ
2349 4549 2626 4619 λειότητος
2666 4551 2885 4622 ἐνυγροί
2911 4553 3052 4617 εἰσι,
3077 4551 3170 4605 διὰ
3197 4551 3296 4624 τὴν
3336 4549 3620 4621 εὐθύτητα
3651 4551 3748 4606 τοῦ

2176 4637 2508 4710 στρέφεσθαι
2536 4641 2630 4693 καὶ
2663 4641 2965 4706 κινεῖσθαι,
3009 4642 3263 4716 καθάπερ
3296 4645 3346 4697 οἱ
3393 4644 3746 4715 στρόφιγγες.

2175 4728 2349 4782 Τοῦτο
2370 4729 2480 4801 γὰρ
2506 4731 2669 4802 ἔργον
2691 4731 2791 4803 τῆς
2813 4733 3219 4806 διαρθρώσεως.

492 4832 718 4904 γλουτόν
746 4847 865 4884 τινα
896 4829 1025 4882 ὄντα
1049 4827 1138 4882 διὰ
1159 4825 1448 4898 τριφέριαν
1477 4823 1573 4876 καὶ
1600 4821 1852 4892 λειότητα
1871 4859 1887 4885 ,
1920 4835 2052 4874 nam

2155 4829 2258 4884 aut,
2313 4823 2466 4891 quasi
2521 4821 2583 4877 ab
2641 4825 2725 4878 sui
2753 4824 3012 4879 levita:em
3071 4827 3407 4898 politiemque
3464 4826 3748 4897 levigatam

495 4926 763 4999 quoddam
789 4927 880 4979 sit.
906 4923 1118 4976 Etenim
1152 4917 1464 4990 huiusmodi
1490 4931 1639 4982 ossa,
1671 4924 1866 4984 praeter
1894 4928 2057 4983 quam
2096 4913 2240 4983 quod
2296 4913 2434 4969 levia
2461 4925 2630 4980 sunt,
2669 4916 2832 4970 etiam
2863 4917 3084 4973 humida
3140 4918 3429 4986 habentur,
3471 4934 3600 4990 quo,
3632 4918 3748 4972 vel-

499 5022 573 5076 uti
613 5015 893 5088 portarum
942 5013 1235 5077 cardines,
1281 5011 1416 5067 verti
1461 5009 1782 5078 moverique
1820 5006 2162 5062 commodius
2191 5018 2414 5076 queant.
2446 5007 2578 5063 Tale
2606 5009 2826 5080 quidem
2857 5011 3324 5068 dearticulatiouis
3339 5028 3477 5082 opus
3493 5023 3603 5068 est:

566 5111 702 5182 Ejus
744 5109 942 5164 etenim
988 5107 1197 5176 species
1238 5114 1347 5159 tres
1371 5113 1532 5168 sunt,
1557 5103 1749 5165 altera,
1767 5116 1888 5171 qua
1912 5113 2052 5155 etiar-

2246 5099 2377 5171 Εῑδη
2413 5100 2470 5154 δὲ
2497 5102 2665 5172 αὐτῆς
2689 5102 2836 5174 τρία.
2865 5103 2944 5156 Τὸ
2970 5103 3091 5174 μὲν,
3123 5103 3510 5171 ὲνάρθρωσις,
3545 5104 3672 5157 ὅταν
3707 5103 3747 5173 ὴ

502 5203 722 5264 throsis,
742 5200 792 5255 id
817 5207 899 5254 est
918 5197 1298 5261 inarticulatio,
1324 5196 1545 5264 dicitur,
1567 5210 1690 5250 cum
1709 5209 1901 5247 cavum
1923 5207 2052 5262 quat

2176 5192 2426 5263 κοιλότης
2471 5195 2506 5264 ἡ
2549 5195 2923 5267 ὑποδεχομένη
2971 5195 3134 5267 βάθος
3183 5197 3368 5250 ἰκανὸν
3409 5196 3529 5268 ἔχῃ,
3575 5195 3669 5249 καὶ
3713 5198 3750 5265 ἡ

501 5296 710 5358 subest,
739 5290 1008 5362 profunda
1037 5299 1120 5343 est
1140 5287 1475 5343 concavitate
1505 5286 1812 5356 praeditum,
1839 5293 2048 5352 etcapu

2177 5285 2650 5354 ὲγκαταδαίνουσα
2693 5287 2904 5359 κεφαλὴ
2949 5289 3238 5359 προμήκης
3280 5289 3524 5358 ὑπάρχῃ,
3557 5287 3754 5360 ὥσπερ

498 5385 648 5457 quod
678 5384 731 5438 in
763 5383 938 5453 ipsum
974 5379 1253 5434 descendit
1281 5376 1685 5449 longiusculum
1705 5374 1798 5438 sit,
1817 5375 2052 5444 quemad

2178 5378 2212 5447 ἡ
2241 5377 2451 5450 κεφαλὴ
2477 5378 2569 5432 τοῦ
2601 5380 2777 5450 μηροῦ
2809 5379 2902 5433 καὶ
2935 5381 2968 5451 ὴ
3007 5380 3228 5451 κοτύλη.
3267 5381 3589 5448 Ἀρθρωσις
3606 5379 3650 5414 ⁸³
3671 5379 3750 5444 δὲ,

505 5476 725 5534 modum
759 5475 812 5530 in
835 5472 1013 5542 capite
1039 5469 1340 5531 femorum.
1378 5479 1434 5525 et
1460 5469 1516 5523 in
1556 5466 1841 5522 acetabulo
1869 5481 2052 5522 coxen

2179 5471 2306 5525 ὅταν
2345 5473 2380 5542 ἡ
2405 5471 2651 5542 κοιλότης
2675 5471 2990 5536 ἐπιπόλαιος
3014 5468 3070 5546 ᾖ,
3099 5472 3134 5543 ἦ
3158 5489 3214 5526 τε
3241 5472 3450 5544 κεφαλὴ
3481 5471 3718 5539 ταπεινὴ
3735 5526 3753 5552 ’

574 5680 617 5750 ξι
655 5681 794 5750 alin;
852 5681 914 5734 B.
991 5682 1034 5712 δ’
1063 5681 1095 5750 ἡ
1131 5689 1253 5750 χεὶρ
1305 5679 1385 5750 ἐχ.
1419 5680 1600 5750 ὲνεργ.
1633 5679 1694 5733 B.
1768 5677 1992 5750 “A0511:
2025 5677 2084 5732 Β.
2235 5677 2516 5750 ἐλλειποῦς
2543 5678 2602 5733 Β.
2681 5680 2726 5750 ³ί⁸
2751 5679 2948 5750 δέδωκε
2971 5677 3032 5733 Β.
3109 5676 3155 5750 *ξ
3178 5677 3345 5750 τόπον
3362 5675 3422 5730 Β.
3449 5676 3543 5750 --³⁷
3573 5673 3755 5750 ἔμβα-

504 5726 678 5822 λοδσςῑ
697 5726 811 5822 ῑςῖζζ
832 5726 1045 5822 and
1069 5726 1257 5822 ιιέῖζθ
1285 5726 1567 5822 διετίθει-ιε)
1585 5726 1694 5822 ῑξῖ·
1724 5726 2084 5822 ἄμερδε-σιξ
2143 5749 2189 5822 ~g
2213 5726 2947 5822 seu;erasas}?
2972 5726 3046 5781 τι
3085 5726 3421 5818 geminis."
3446 5746 3492 5777 ι·
3516 5726 3756 5798 me...

505 5831 595 5880 τις
627 5818 693 5870 Α.
768 5817 813 5848 ⁸³
844 5819 940 5871 καὶ
996 5820 1046 5870 οἱ
1093 5835 1142 5873 τ.
1181 5817 1242 5872 B.
1322 5817 1567 5887 ⁸⁸⁷γλοιοὶ
1600 5818 1664 5875 Ρ.
1767 5817 1812 5852 ⁸⁵
1840 5817 2116 5891 ἁρθρωδῐα
2153 5817 2213 5873 Β.
