4070 6216
357 301 495 362 1261

1599 305 1688 360 DE
1721 304 2009 361 NATURA
2054 305 2360 363 IIOMINIS.

3495 313 3636 368 1263

355 416 547 486 ῶσπερ
576 415 610 485 ή
653 411 752 468 τοῦ
785 413 1072 486 βραχίονος
1108 417 1246 485 πρὸς
1285 417 1382 488 τὴν
1416 418 1749 488 ὠμοπλάτην
1769 419 1836 473 ³⁵⁸.
1877 422 1952 474 Τὸ

2070 421 2240 476 iicum
2282 420 2500 476 visitur.
2535 419 2718 476 Altera
2744 436 2872 477 vero
2901 421 3369 478 dearticulutionis
3403 439 3632 493 spectes,

356 504 415 557 δὲ
447 504 636 574 τρίτον
662 499 805 567 εἶδος
840 504 943 573 τῆς
971 505 1358 576 διαρθρώσεως
1389 508 1742 577 Tanaitade
1786 509 1950 578 λέγε-

2057 514 2358 578 artbrodia,
2380 513 2432 568 id
2451 522 2534 568 est
2562 514 2871 570 articulatio
2893 513 3112 577 dicitur,
3129 530 3157 569 a
3193 514 3367 584 prima
3399 513 3636 578 diversa,

357 611 470 649 ται·
507 593 722 662 γίνεται
757 595 816 648 δὲ
849 595 959 649 τῶν
1004 599 1456 666 συνταττομένων
1493 599 1748 670 ἀλλήλοις
1777 601 1952 654 ὀστῶν

2070 622 2178 676 tua?
2223 606 2308 672 tit,
2346 620 2470 662 cum
2505 606 2824 661 concavitas
2853 605 2906 660 in
2947 606 3089 662 ossis
3131 605 3508 660 tantummodo
3544 621 3638 660 su-

359 687 872 757 ἀντεμόαινόντων,
933 687 1188 761 καθάπερ
1245 664 1337 744 ἐπί
1376 707 1436 743 τε
1479 689 1590 744 τῶν
1618 664 1952 747 ’σπονδύλων

2070 698 2278 768 perticie
2311 707 2428 764 est,
2467 707 2631 768 caput
2664 713 2794 753 vero
2839 697 3156 767 depressum
3205 697 3531 760 admodum,
3579 664 3666 778 uti

360 778 500 849 ἔχει,
531 779 628 833 καὶ
669 781 768 850 τῆς
795 779 890 833 τοῦ
929 783 1151 851 πήχεως
1181 783 1318 853 πρὸς
1350 783 1444 836 τὸν
1491 784 1756 854 βραχίονα
1799 785 1954 858 διαρο

363 871 639 942 ϐρώσεως.
671 872 755 926 Τὰ
797 873 854 928 δὲ
886 873 1255 944 σφαιρώματα
1287 873 1463 929 ταῦτα
1486 916 1500 939 ,
1544 878 1676 931 ποτὲ
1724 879 1823 948 μὲν
1855 897 1954 932 κα-

363 961 537 1016 λεῖται
573 962 848 1032 κεφαλὴ,
885 965 1019 1018 ποτὲ
1057 965 1114 1018 δὲ
1155 968 1389 1038 αὐχὴν,
1430 971 1560 1022 ποτὲ
1599 968 1657 1023 δὲ
1695 969 1952 1038 κορώνη,

365 1053 496 1106 ποτὲ
526 1054 584 1107 δὲ
612 1056 890 1124 γλουτός.
939 1059 1005 1110 Αἱ
1047 1058 1105 1111 δὲ
1154 1059 1465 1130 κοιλότητες
1519 1062 1652 1115 ποτὲ
1709 1063 1810 1133 μὲν
1857 1080 1955 1117 κο-

365 1142 519 1211 τύλη
541 1181 556 1204 ,
587 1145 719 1197 ποτὲ
753 1144 810 1197 δὲ
843 1144 1061 1216 γλήνη·
1096 1150 1191 1202 καὶ
1222 1149 1372 1204 ἔστιν
1402 1153 1436 1222 ή
1477 1151 1576 1222 μὲν
1614 1152 1822 1226 κοτύλη
1854 1154 1952 1223 βα-

368 1230 508 1292 θεῖα,
542 1233 576 1302 ή
605 1231 663 1285 δὲ
694 1233 866 1305 γλήνη
899 1235 1168 1310 ἐπιπολῆς
1188 1239 1254 1292 ⁸⁷.

2058 792 2114 846 in
2182 790 2392 845 brachii
2441 790 2756 861 iuncturis,
2802 807 2927 846 cum
2981 790 3219 860 scapulis
3265 805 3488 846 cernere
3529 798 3636 844 est.

2061 883 2249 940 Tertia
2276 899 2407 939 vero
2444 884 2564 954 ejus
2611 884 2820 954 species
2863 891 2980 950 est,
3037 900 3202 954 quam
3253 884 3638 954 ginglismum,

2060 977 2114 1031 id
2139 983 2222 1031 est
2249 975 2636 1032 cohaerentiam
2683 976 2906 1041 dicunt;
2941 977 3058 1031 haec
3097 991 3336 1045 namque
3364 984 3484 1039 est,
3516 991 3640 1029 cum

2060 1068 2290 1123 alterum
2321 1083 2384 1123 os
2417 1084 2484 1123 ex
2511 1068 2739 1123 adverso
2771 1067 2824 1121 in
2853 1069 3080 1122 alterum
3112 1067 3644 1138 ingrcditur,quen't-

2061 1161 2354 1216 admodum
2389 1161 2442 1215 in
2489 1161 2660 1230 spina:
2719 1161 2988 1216 vertebris
3026 1172 3079 1215 et
3131 1160 3302 1216 cubiti
3351 1177 3474 1215 cum
3521 1159 3645 1213 bra-

2061 1252 2170 1308 cbii
2193 1252 2647 1309 dearticulatione
2679 1252 2945 1308 cernitur.
2977 1251 3071 1308 lla:
3100 1268 3231 1308 vero
3258 1253 3640 1314 rotunditates,

370 1337 770 1395 nonnunquam
809 1328 1008 1398 capitis
1046 1330 1304 1398 nomine,
1350 1333 1650 1404 aliquando
1684 1341 1952 1402 cervicis.
2010 1345 2339 1415 quandoque
2366 1360 2625 1409 coroncs,
2676 1343 3003 1416 plerumque
3040 1359 3174 1399 vero
3199 1345 3486 1414 ερίιιιιιηιιω
3503 1361 3644 1398 nun-

371 1422 660 1518 eupantur.
696 1417 764 1518 at
789 1419 999 1518 ossium
1041 1423 1415 1518 concavitates
1457 1428 1790 1499 quandoque
1844 1433 2148 1503 acetabula,
2217 1436 2545 1506 quandoque
2571 1436 2762 1508 glenze,
2795 1436 2899 1492 hoc
2936 1443 3020 1490 est
3051 1436 3197 1491 leves
3239 1435 3602 1490 concavitates
3627 1479 3640 1500 ,

372 1505 631 1573 appellari
653 1507 846 1564 solent.
867 1508 1000 1576 Quae
1020 1513 1122 1568 sub
1152 1515 1419 1572 acetabuli
1467 1533 1666 1574 nomen
1695 1521 1917 1584 cadunt,
1937 1531 1992 1578 ct
2019 1541 2143 1595 quae
2169 1525 2369 1598 κοτύλη
2421 1505 2700 1592 dicuntur,
2738 1526 3126 1598 profundiores
3155 1535 3314 1588 sunt,
3356 1541 3478 1594 quae
3518 1541 3644 1578 vero

373 1601 715 1669 superficiem
751 1604 886 1661 levis
919 1609 1278 1666 conca-vitatis
1332 1613 1552 1682 habent,
1578 1617 1770 1687 glenas
1791 1617 2069 1674 dictitant.

441 1739 514 1792 Τὸ
541 1735 636 1794 οὖν
663 1740 759 1796 τοῦ
794 1745 970 1815 μηροῦ
1001 1747 1214 1815 ὀστοῦν,
1242 1749 1453 1807 ἔνεστιν
1479 1753 1671 1829 ῶσπερ
1698 1756 1795 1811 καὶ
1825 1757 1890 1811 τὸ
1911 1757 1955 1790 ⁸⁸

2127 1757 2202 1815 Os
2261 1759 2528 1830 siquidem
2590 1757 3186 1824 femoris,maximum
3246 1755 3491 1810 omnium
3525 1771 3646 1824 quae

369 1832 463 1887 τοῦ
493 1833 801 1904 βραχίονος·
834 1837 1097 1908 μέγιστον
1121 1842 1178 1895 δέ
1210 1843 1358 1897 ἐστιν
1388 1845 1649 1902 ἁπάντων
1673 1847 1782 1902 τῶν
1817 1849 1961 1904 κατὰ

371 1922 433 1974 τὸ
461 1923 600 1986 ζῶον
647 1924 821 1980 ὀστῶν
845 1929 912 1960 ⁸⁸·
970 1930 1326 2003 διαρθροῦται
1378 1937 1436 1990 δὲ
1487 1938 1600 1994 ἄνω
1651 1939 1773 2010 μὲν,
1824 1941 1961 2014 πρὸς

379 2015 546 2085 ἰσχίον
576 2018 672 2072 καὶ
703 2019 975 2088 βουϐῶνα,
1002 2024 1154 2077 κάτω
1181 2025 1257 2089 δὲ,
1291 2027 1427 2098 πρὸς
1450 2029 1548 2100 τὴν
1581 2033 1818 2102 κνήμην.
1851 2033 1963 2086 Kal.

374 2107 487 2177 ἔχει
507 2109 618 2163 ἄνω
643 2111 761 2182 μὲν,
785 2114 1048 2183 ἐπίφυσιν
1067 2118 1312 2188 κεφαλῆς
1334 2121 1581 2193 ἀκριϐῶς
1603 2125 1958 2195 περιφεροῦς,

378 2199 532 2254 κάτω
567 2203 625 2255 δὲ
668 2205 750 2268 είς
793 2205 888 2260 δύο
938 2209 1231 2273 κονδύλους
1272 2212 1656 2286 τελευτᾷο-καὶ
1691 2219 1962 2274 συνδεῖται

379 2293 516 2364 πρὸς
561 2295 663 2366 τὴν
707 2300 961 2369 κνήμην,
1011 2303 1072 2355 οὐ
1127 2303 1218 2358 διὰ
1280 2306 1391 2358 τῶν
1440 2291 1733 2378 ὗμενωδῶν
1801 2313 1964 2382 μόνον

381 2389 697 2458 συνδέσμων
746 2391 855 2445 τῶν
895 2394 955 2447 ὲν
1005 2393 1194 2466 κύκλῳ
1245 2399 1425 2451 πᾶσαν
1485 2400 1820 2475 διάρθρωσιν
1867 2421 1965 2460 πε-

384 2479 770 2549 ριειληφότων,
797 2484 948 2544 -ἁλλὰ
1011 2489 1106 2539 καὶ
1146 2487 1212 2543 δι’
1261 2490 1434 2545 ἄλλων
1456 2492 1500 2524 ⁸ο
1549 2495 1715 2565 τριῶν
1769 2515 1966 2569 στρογ-

383 2569 562 2638 γύλων
605 2573 700 2625 καὶ
745 2573 1010 2632 δυνατῶν.
1059 2581 1261 2648 Μηρὸς
1311 2581 1368 2635 δὲ
1431 2585 1680 2639 καλεῖται
1731 2587 1814 2640 ὅτι
1871 2607 1968 2660 με·

387 2661 596 2732 ρὲζεται
639 2665 760 2715 κατ’
815 2666 993 2718 ἐκεῖνο
1045 2668 1106 2720 τὸ
1158 2669 1325 2740 μέρος
1374 2672 1436 2725 τὸ
1489 2674 1688 2744 σῶμα·
1741 2677 1802 2730 τὸ
1857 2679 1968 2750 γὰρ

381 2751 490 2803 ἀπὸ
555 2750 650 2803 τοῦ
699 2754 975 2825 τραχήλου
1041 2758 1218 2827 μῆκος
1236 2762 1279 2793 ⁸¹
1345 2763 1507 2833 μέχρι
1554 2765 1665 2817 τῶν
1717 2767 1966 2836 αἰδοίων,

380 2839 567 2909 ὅλμος
617 2843 864 2898 καλεῖται
918 2848 1010 2902 διὰ
1053 2850 1154 2921 τὴν
1193 2853 1538 2926 εὐρυχωρίαν
1595 2857 1689 2911 τοῦ
1759 2860 1963 2915 τόπου.

383 2932 837 3004 ἀποκεκλιμένων
905 2939 1016 3009 γὰρ
1081 2939 1192 2992 τῶν
1272 2943 1472 3013 χειρῶν
1525 2944 1676 3017 ὅλμῳ
1747 2946 1962 3002 ἔοικεν·

383 3022 499 3077 ἔστι
534 3021 592 3078 δὲ
629 3026 749 3090 ὅλος
793 3029 824 3080 ὀ
876 3031 1052 3101 μηρὸς
1107 3030 1187 3102 τῷ
1225 3034 1467 3104 σχήματι
1493 3037 1562 3099 ³²,
1611 3038 1810 3110 κυρτὸς
1869 3033 1970 3110 μὲν

383 3117 442 3168 ὲν
491 3120 606 3182 τοῖς
657 3121 850 3192 πρόσω
911 3123 1005 3176 καὶ
1065 3121 1170 3190 έξὶο
1197 3143 1210 3158 ·
1258 3128 1415 3198 σιμὸς
1448 3129 1506 3182 δὲ
1551 3131 1614 3183 ὲν
1647 3135 1760 3196 τοῖς
1790 3133 1966 3188 ὀπίσω
1996 3110 2040 3169 C

384 3209 480 3261 καὶ
531 3209 700 3265 ἔνδον.
757 3213 1086 3284 ’Λποφύσεις
1121 3217 1178 3270 δὲ
1207 3217 1322 3288 εχει
1367 3220 1462 3298 δῦο
1495 3224 1572 3284 εἰς
1613 3223 1782 3294 ἄκρον
1835 3243 1966 3296 μικ-

389 3298 480 3369 ρὸν
549 3301 811 3358 ὑποκάτω
870 3307 965 3360 τοῦ
1028 3309 1293 3380 αὐχένος·
1361 3311 1429 3376 ἃς
1489 3316 1903 3385 τροχαντῆρας
1923 3319 1968 3351 ⁵³

388 3392 643 3448 καλοῦσι’
675 3397 858 3469 πολλῷ
889 3399 944 3453 δὲ
987 3401 1192 3472 μείζων
1229 3406 1262 3476 ή
1299 3405 1409 3459 ἔσω
1453 3409 1553 3478 τῆς
1587 3409 1788 3476 ἔξωθέν
1825 3413 1964 3465 ἐστι’

388 3486 547 3576 καὶὴ
587 3489 688 3557 μὲν
735 3491 874 3559 ἔσω,
907 3493 1239 3567 διήρθρωται
1285 3500 1366 3564 εἰς
1403 3499 1498 3554 τὸν
1542 3501 1814 3573 βουόῶνα·
1847 3507 1880 3576 ή
1912 3505 1970 3559 δὲ

389 3575 518 3642 ἔξω,
541 3581 620 3644 είς
646 3582 744 3654 τὴν
768 3586 1022 3656 κοτύλην.

2064 1850 2118 1905 in
2154 1849 2375 1905 homine
2409 1857 2540 1906 sunt
2568 1849 2777 1905 ossium
2822 1849 3075 1914 habetur,
3108 1847 3256 1917 quod
3287 1846 3505 1916 quidem
3550 1863 3642 1900 su-

2063 1959 2231 2014 perne
2283 1958 2406 1997 cum
2458 1942 2714 2012 pectine,
2759 1951 2814 1996 et
2846 1941 3274 2002 coxendicibus,
3323 1936 3462 1991 infra
3495 1953 3644 1999 vero,

2063 2050 2188 2090 cum
2247 2033 2378 2089 tibia
2422 2033 2838 2088 dcarticulatur.
2879 2031 2994 2087 lloc
3035 2031 3302 2102 siquidem
3341 2045 3423 2091 os,
3457 2028 3512 2082 in
3555 2045 3649 2082 su~

2064 2124 2268 2196 periori
2299 2133 2483 2194 parte,
2529 2125 2583 2179 in
2613 2134 2775 2194 caput
2808 2133 2998 2180 exacte
3027 2123 3392 2178 orbiculatum
3426 2121 3646 2182 desinit,

2067 2219 2207 2274 infra
2236 2233 2385 2284 vero,
2421 2218 2476 2272 in
2509 2217 2784 2288 geminum
2822 2216 3162 2271 tuberculum
3197 2215 3403 2268 finitur.
3439 2211 3646 2266 Etcum

2069 2313 2220 2379 tibia,
2260 2326 2369 2366 non
2403 2311 2568 2365 modo
2596 2309 2967 2365 membraneis
2994 2308 3155 2378 126
3174 2304 3502 2376 ligamentis,
3527 2319 3649 2374 qua:

2069 2413 2234 2460 totam
2287 2404 2791 2460 dearticulationcm
2841 2399 3096 2456 circulari
3165 2397 3357 2452 ordine
3408 2395 3651 2463 comple-

2068 2507 2311 2562 ctuntur,
2343 2497 2436 2552 sed
2467 2497 2534 2551 ad
2569 2511 2654 2557 ea.
2694 2495 2872 2550 tribus
2901 2493 3026 2548 aliis
3051 2491 3303 2546 rotundis
3329 2500 3382 2546 et
3413 2489 3648 2543 fortibus

2069 2587 2272 2657 alioqui
2304 2586 2635 2641 adnecritur.
2666 2584 2869 2639 Femur
2895 2599 3043 2648 vero,
3062 2583 3129 2636 ab
3154 2583 3288 2652 ipsis
3316 2580 3523 2650 μηροὺς
3543 2578 3652 2632 ἀπὺ

2067 2678 2161 2731 τοῦ
2223 2675 2580 2748 μερίζεσθαι,
2643 2675 2782 2745 quod
2828 2674 3056 2727 dividere
3121 2673 3352 2740 faceret,
3407 2685 3532 2722 nam
3588 2685 3652 2723 ca

2069 2783 2220 2841 parte
2271 2785 2471 2840 corpus
2504 2777 2754 2825 nostrum
2807 2767 3059 2822 bifariam
3104 2764 3340 2818 divisum
3383 2760 3653 2830 conspici-

2071 2879 2180 2926 tur.
2223 2869 2468 2940 Spatium
2495 2884 2628 2924 vcro
2651 2867 2794 2937 quod
2829 2882 2857 2920 a
2891 2865 3018 2922 colli
3057 2865 3254 2918 finibus
3295 2861 3362 2916 ad
3399 2859 3650 2930 pudenda

2072 2975 2246 3030 usque
2305 2958 2588 3022 defertur,
2639 2957 2711 3012 ob
2760 2955 2864 3011 loci
2905 2954 3247 3010 latitudinem
3286 2949 3648 3004 mortuarium

2073 3059 2442 3122 nuncupatur.
2477 3049 2613 3106 Nam
2645 3050 2692 3104 si
2723 3065 2916 3104 manus
2947 3048 3257 3110 flectantur,
3293 3041 3540 3113 corporis
3563 3041 3654 3094 illa

2073 3161 2198 3214 pars
2234 3145 2326 3200 tali
2371 3144 2734 3200 instrumento
2762 3143 2958 3199 similis
2991 3142 3081 3196 sit.
3115 3140 3314 3194 Totum
3357 3146 3536 3192 autem
3577 3133 3655 3188 fc-

2073 3253 2218 3300 mur,
2245 3236 2631 3302 exterioribds,
2665 3244 2718 3291 et
2745 3251 2866 3305 quin
2893 3234 3198 3288 anteriores
3229 3238 3357 3286 sunt
3385 3227 3652 3298 partibus,

2074 3326 2335 3383 devexam
2361 3326 2620 3396 exprimit
2647 3325 2880 3381 formam
2912 3343 2926 3381 :
2961 3324 3016 3377 in
3054 3323 3347 3383 illisxcro,
3377 3333 3497 3388 qum
3528 3330 3654 3385 pos-

2073 3421 2326 3483 teriores,
2357 3432 2410 3474 et
2440 3420 2727 3474 interiores
2758 3427 2907 3484 sunt,
2941 3417 3139 3473 simam
3169 3414 3434 3469 obtinent.
3467 3407 3654 3464 Gemis

2075 3527 2177 3568 nos
2207 3523 2387 3568 autem
2421 3528 2710 3582 processus
2739 3527 2956 3580 parvos,
2992 3525 3023 3564 a
3053 3509 3265 3564 cervice
3297 3503 3654 3561 declinantes,

2077 3602 2278 3658 habere
2323 3603 2500 3658 femur
2552 3604 2814 3666 cernitur,
2852 3617 2992 3672 quos
3043 3601 3420 3656 trochanteras
3473 3591 3659 3662 appel-

393 3667 527 3770 lant,
555 3686 618 3726 ex
644 3674 842 3742 quibus
873 3676 960 3731 ille
991 3677 1083 3747 qui
1115 3678 1343 3734 interior
1374 3690 1481 3745 est,
1509 3683 1644 3738 satis
1691 3684 1983 3741 admodum
2053 3693 2428 3762 magnitudine
2466 3693 2614 3746 illum
2681 3692 2776 3762 qui
2821 3667 2972 3745 estra
3015 3697 3101 3744 est
3138 3686 3379 3750 excedit,
3421 3692 3476 3738 ct
3518 3682 3656 3735 inte.

393 3768 540 3828 rior,
589 3779 711 3820 cum
755 3768 968 3836 pectine
1016 3769 1442 3838 dearticulatur,
1491 3774 1586 3842 qui
1636 3789 1767 3829 vero
1815 3786 1970 3832 extra
2002 3790 2106 3849 est,
2140 3785 2317 3856 cotylc
2373 3784 2658 3848 videlicet,
2730 3781 3076 3837 acetabulum
3144 3788 3245 3834 est.
3297 3775 3421 3831 llaec
3471 3773 3657 3841 itaque

390 3866 518 3912 sunt
545 3875 666 3930 qua:
693 3862 832 3918 inter
859 3864 1084 3922 femoris
1115 3883 1240 3924 ossa
1274 3869 1723 3926 adnumerantur.

457 4003 541 4056 Τὰ
565 4003 621 4058 δὲ
649 4004 745 4058 τοῦ
783 4006 1010 4070 σκέλους
1049 4008 1184 4062 ὀστᾶ
1208 4009 1274 4074 ⁵⁸,
1307 4010 1368 4064 τὸ
1414 4010 1518 4082 μὲν
1552 4010 1610 4064 ἓν
1643 4012 1841 4082 κνήμη
1880 4013 1972 4068 λέ-

389 4109 568 4160 γεται,
590 4095 652 4148 τὸ
680 4095 735 4147 δὲ
767 4095 896 4148 ἄλλο
916 4099 960 4130 ⁵⁸
986 4100 1234 4168 περόνη.
1267 4101 1376 4154 Καὶ
1405 4101 1556 4155 ἐστιν
1589 4103 1622 4173 ἡ
1652 4103 1751 4174 μὲν
1783 4103 1971 4175 κνήμη

390 4185 700 4256 ἔμπροσθεν
731 4189 826 4241 καὶ
861 4191 1073 4262 μεγάλη
1103 4193 1148 4223 ⁵⁵
1173 4210 1184 4222 ·
1216 4193 1394 4248 ὀπίσω
1444 4193 1501 4247 δὲ
1533 4195 1566 4266 ἡ
1601 4194 1808 4266 περόνη
1839 4196 1976 4250 ἀπο-

389 4277 582 4332 δέουσα
607 4279 706 4349 τῆς
728 4281 945 4353 κνήμης
973 4284 1066 4336 καὶ
1090 4283 1168 4355 τῷ
1201 4286 1364 4355 πάχει
1393 4286 1488 4339 καὶ
1512 4286 1589 4357 τῷ
1615 4288 1779 4358 μήκει
1803 4305 1816 4318 ο
1851 4305 1976 4342 συν-

2143 4010 2212 4066 At
2231 4024 2353 4080 qua:
2385 4007 2564 4066 cruris
2602 4022 2727 4063 ossa
2756 4016 2905 4071 sunt,
2937 4004 3086 4058 intus
3120 4013 3171 4056 et
3204 4014 3388 4068 extra,
3425 4001 3657 4056 alterum

2072 4102 2224 4167 tibia,
2279 4101 2513 4156 alterum
2555 4115 2684 4154 vero
2722 4113 2851 4155 sura
2900 4096 3120 4152 dicitur.
3148 4093 3214 4148 Et
3245 4093 3374 4149 tibia
3399 4093 3617 4165 quidem
3641 4135 3657 4160 ,

2071 4194 2312 4251 anterior
2351 4200 2572 4264 pars,et
2607 4207 2728 4264 quzc
2788 4188 3162 4261 magnitudine
3219 4187 3403 4258 aliqua
3437 4186 3660 4257 praedita

2073 4295 2156 4342 est
2176 4293 2542 4355 nuncupatur.
2564 4283 2608 4336 A
2639 4282 2931 4361 posteriori
2953 4296 3082 4336 vero
3102 4289 3253 4350 parte
3276 4295 3404 4336 sura
3431 4287 3514 4334 est
3539 4295 3660 4351 qua:

390 4368 692 4439 αρϐροῦται
727 4372 785 4425 δὲ
825 4376 891 4444 τῇ
922 4375 1108 4446 κνήμῃ
1143 4377 1280 4447 πρὸς
1315 4378 1484 4448 ἄμφω
1530 4378 1600 4432 τὰ
1633 4380 1870 4452 πέρατα·
1903 4382 1968 4436 τὰ

2079 4387 2191 4433 tum
2210 4375 2592 4438 crassitudine,
2607 4383 2720 4430 tum
2737 4371 3070 4442 longitudine
3087 4371 3230 4427 tibia:
3252 4371 3516 4428 concedit.
3535 4369 3661 4426 llaec

389 4461 446 4514 δὲ
477 4464 536 4515 ὲν
564 4463 643 4535 τῷ
674 4465 826 4535 μέσῳ
856 4469 1235 4537 ἀφεστήκασιν
1269 4469 1520 4540 ἀλλήλοις
1545 4472 1614 4526 ⁸⁷.
1661 4474 1770 4527 Καὶ
1800 4475 1834 4545 ή
1871 4475 1971 4545 μὲν

393 4556 581 4627 κνήμη
631 4559 991 4614 συντέτακται
1039 4560 1119 4632 τῷ
1173 4562 1368 4634 μηρῷ,
1415 4564 1664 4636 μεγάλην
1713 4567 1975 4635 ἐπίφυσιν

393 4645 594 4715 ἔχουσα
637 4649 780 4703 κατὰ
807 4649 869 4703 τὸ
902 4651 1014 4705 ἄνω
1062 4653 1236 4724 πέρας
1283 4655 1476 4726 αὐτῆς
1519 4657 1614 4710 καὶ
1655 4657 1977 4731 ὑποδέχεται

392 4738 483 4790 τὸν
519 4739 696 4811 μηρὸν
718 4739 811 4795 δύο
840 4743 1148 4816 κοιλότησιν
1187 4747 1360 4818 αὐτῆς
1389 4747 1763 4803 ἐπιϐαίνοντα.

478 4946 600 5000 Ἐπὶ
625 4947 680 5002 δὲ
709 4950 823 5012 τοῖς
854 4949 1008 5004 κάτω
1034 4948 1231 5019 μέρεσι
1257 4948 1476 5019 κνήμης
1501 4963 1560 5000 τε
1586 4947 1677 5000 καὶ
1702 4946 1936 5017 περόνης
1958 4984 1974 5009 ,

393 5039 424 5090 ὁ
458 5039 808 5110 ἀστράγαλος
856 5039 1352 5111 περιλαμϐάνεται.
1391 5039 1626 5107 Λέγεται
1670 5038 1726 5091 δὲ
1765 5038 1826 5092 τὸ
1856 5037 1978 5090 ὅλον

400 5129 568 5202 μέρος
599 5131 760 5186 τοῦτο
801 5132 911 5187 ἀπὸ
955 5131 1052 5185 τοῦ
1099 5133 1326 5200 γόνατος
1355 5131 1460 5196 ἕως
1500 5129 1594 5183 τοῦ
1624 5130 1978 5202 ἀστραγάλου

397 5224 597 5292 κνήμη
616 5265 630 5288 ,
663 5225 774 5279 ἀπὸ
815 5224 912 5278 τοῦ
939 5225 1301 5294 ὑπερέχοντος
1322 5223 1369 5256 ⁵⁸
1401 5222 1736 5294 ὀνομασθέν·
1769 5223 1893 5277 ὅσον
1921 5222 1979 5276 δὲ

397 5316 642 5387 ἄσαρκον
674 5317 840 5371 αὑτοῦ
869 5315 964 5370 καὶ
1001 5315 1197 5368 λεπτὸν
1222 5357 1235 5380 ,
1269 5315 1328 5368 ὲν
1360 5318 1472 5378 τοῖς
1503 5317 1688 5385 πρόσω
1715 5313 1817 5384 τῆς
1848 5314 1980 5384 κνή-

402 5425 512 5480 μης
531 5451 547 5473 .
578 5409 974 5480 ἀντικνήμιον
1003 5408 1331 5480 ὀνομάζεται
1353 5424 1366 5436 '
1398 5407 1460 5460 τὸ
1490 5408 1536 5462 δ’
1570 5406 1798 5461 ὄπισθεν
1841 5405 1980 5477 μετὰ

469 5583 517 5656 θ’
543 5582 877 5656 ὠμοπλάτιν.
900 5579 957 5634 Β.
1009 5651 1040 5656 Δ»
1075 5580 1120 5656 ξτ
1146 5581 1441 5656 ὲπιπολλῆς
1471 5578 1527 5632 Β.

399 5652 574 5707 ἄλλων
596 5651 666 5708 Ἀ.
744 5655 785 5686 ⁸⁸
815 5651 978 5715 κῦτος
1007 5651 1046 5704 Β
1066 5652 1127 5705 C.
1203 5653 1249 5682 δ’
1275 5653 1332 5702 ὲν
1359 5669 1406 5703 τ.
1448 5667 1534 5715 σχ.
1577 5651 1634 5702 Il.

1641 5579 1684 5610 ⁸⁸
1715 5579 1773 5630 τὸ
1807 5593 1915 5630 nun.
1947 5577 2005 5629 Β.

1504 5667 1534 5717 ζ.
1577 5651 1634 5702 Il.
1712 5651 1758 5680 ⁸³
1788 5647 1853 5710 ἃς
1890 5649 1984 5718 καὶ
2017 5664 2104 5718 τρ.
2141 5648 2198 5701 Β.
2277 5647 2322 5678 ⁵³
2351 5647 2480 5699 ὀστᾶ
2515 5646 2570 5699 Β.

402 5723 496 5778 καὶ
529 5724 634 5790 ἔξω
658 5724 698 5778 Β
727 5724 785 5779 Ρ.
865 5724 907 5754 ³⁷
961 5722 1208 5792 ἀλλήλων
1265 5721 1303 5772 Β
1337 5720 1394 5774 l'.
1475 5719 1518 5751 ⁸⁸
1549 5719 1892 5790 περιέχοντος
1928 5717 1986 5770 Β.

2071 4470 2342 4539 siquidem
2377 4483 2540 4532 ossa,
2587 4466 2803 4522 tametsi
2846 4474 3080 4533 utroque
3126 4471 3374 4517 extremo
3428 4461 3658 4517 invicem

2071 4569 2268 4616 coeant
2289 4601 2303 4624 ,
2341 4568 2578 4614 attamen
2617 4559 2797 4613 tnedio
2821 4555 2997 4625 spatio
3021 4554 3162 4607 inter
3198 4569 3255 4607 se
3285 4551 3616 4608 dirimuntur
3647 4570 3658 4605 :

2075 4666 2198 4706 nam
2245 4650 2399 4712 tibia,
2442 4651 2498 4704 in
2534 4649 2889 4703 immodicam
2933 4644 3286 4715 appendicem
3314 4658 3658 4709 cacrcscens,

2075 4741 2270 4798 femori
2306 4757 2336 4796 a
2371 4751 2525 4812 parte
2555 4739 2839 4810 superiore
2868 4737 3176 4806 copulatur,
3214 4742 3269 4788 ct
3304 4733 3536 4805 geminis
3565 4749 3660 4789 ca-

2079 4832 2160 4885 vis
2195 4831 2371 4901 ipsum
2419 4829 2812 4900 superveniens
2861 4825 3041 4880 femur
3092 4820 3339 4892 suspicit.

2149 4943 2232 4998 Ab
2279 4943 2536 4997 inferiore
2563 4955 2693 4997 vero
2725 4940 2869 4996 tibiae
2896 4947 2950 4993 et
2978 4953 3119 4994 surae
3155 4934 3483 5008 parte,talus
3515 4949 3664 4989 com-

2081 5033 2436 5106 prehenditur
2471 5049 2486 5099 ;
2519 5040 2574 5088 et
2623 5032 2776 5104 pedis
2818 5029 3036 5102 quidem
3080 5037 3286 5084 tractes
3333 5025 3535 5090 omnis,
3569 5024 3662 5094 qui

2083 5144 2113 5182 a
2143 5143 2284 5199 genu
2336 5128 2402 5181 ad
2434 5125 2602 5180 talum
2638 5140 2813 5194 usque
2842 5121 3144 5184 descendit,
3173 5137 3202 5175 a
3240 5127 3390 5190 parte
3416 5116 3666 5172 videlicet

2083 5219 2221 5274 alias
2237 5225 2620 5289 exsuperante,
2637 5216 2761 5272 tibia
2780 5221 3128 5284 nuncupatur
3153 5232 3166 5268 :
3187 5211 3346 5282 cujus
3366 5210 3582 5281 quidem
3601 5224 3666 5262 ea

2086 5311 2267 5380 portio
2300 5309 2560 5374 anterior,
2591 5322 2711 5378 qua:
2740 5305 2918 5361 carnis
2943 5319 3136 5374 expers
3174 5318 3237 5357 ac
3257 5301 3414 5357 exilis
3452 5299 3664 5362 visitur,

2089 5402 2405 5458 antetibialc
2430 5401 2630 5456 dicitur
2656 5417 2671 5454 :
2702 5414 2825 5468 qua:
2858 5413 2987 5453 vero
3004 5395 3275 5468 posterior
3302 5401 3408 5459 est,
3437 5406 3666 5463 magnos

2142 5576 2187 5608 ³⁸⁵
2213 5579 2360 5629 ἐστιν
2386 5577 2493 5627 τῶν
2537 5576 2674 5630 κατὰ
2718 5573 2778 5626 τὸ
2809 5572 2949 5636 ζῶον
2992 5575 3090 5626 ἀπ.
3121 5572 3236 5625 ὀστ.
3289 5571 3348 5624 Β.
3483 5569 3530 5601 ⁸⁸
3575 5568 3664 5622 διὰ

2677 5645 2722 5682 ³⁸
2748 5642 2908 5698 ἄλλον
2938 5643 3002 5700 Α.
3080 5643 3126 5675 ⁸⁸
3173 5643 3343 5712 ὲμπρ.
3380 5657 3506 5713 μεγ.
3559 5638 3667 5692 ἔσω
