4070 6216
469 269 609 324 ’(263

1736 269 2018 324 MELE'I‘II
2059 271 2369 332 MONACHI

3583 279 3716 336 12M

472 361 524 413 in
554 376 611 415 se
639 361 918 414 musculos
961 361 1277 427 continens,
1314 361 1455 415 tibia:
1501 371 1744 416 ventrem
1789 363 2038 418 denomi-

2148 369 2250 422 τῶν
2287 372 2541 441 μεγάλων
2581 371 2759 442 μυῶν,
2794 373 3303 444 γαστροκνήμιον.
3335 374 3418 428 Τὰ
3448 372 3505 428 δὲ
3543 375 3717 443 κυρτὰ

468 469 647 506 nares.
699 452 840 506 Sunt
885 455 976 523 qui
1030 454 1254 523 gibbosa
1297 470 1458 518 ossa,
1505 471 1569 509 ac
1606 457 1788 510 carnis
1820 458 2038 525 penitus

463 545 705 613 expertia
729 560 954 614 qmeque
978 545 1100 600 aliis
1127 546 1488 611 accumbunt,
1525 548 1664 601 talos
1701 556 2036 617 nuncupent,

467 651 573 687 non
610 645 754 688 recte
785 635 1039 704 quidem,
1073 638 1168 690 sed
1218 637 1501 692 falluntur.
1536 639 1702 693 Talus
1742 651 1922 705 autem
1971 642 2040 695 ab

467 726 599 793 ipsis
629 725 849 778 ossibus
895 726 1152 795 utrinque
1203 730 1601 794 complectitur,
1653 740 1707 784 et
1755 732 1866 786 haec
1909 747 2034 786 ossa

462 829 716 874 extremm
747 821 890 875 tibiae
932 837 1178 890 sura:qu
1202 864 1216 886 ,
1253 839 1606 892 processuum
1649 836 1829 896 partes
1875 838 2039 894 sunt,

468 927 587 980 quae
616 913 882 966 exteriore
926 915 1080 983 127
1113 924 1263 984 parte
1285 916 1508 985 gibbosa
1532 959 1546 982 ,
1574 918 1827 973 interiore
1889 935 2039 984 vero,

465 1005 610 1074 quod
642 1005 707 1059 ad
757 1021 978 1060 sensum
1036 1015 1200 1076 patet,
1235 1023 1366 1062 cava
1417 1020 1562 1064 sunt.
1595 1009 1722 1066 Post
1769 1011 1884 1084 luce
1921 1011 2044 1081 qui-

463 1098 583 1150 dcm
645 1097 932 1150 calcaneus
980 1113 1010 1150 a
1065 1098 1360 1166 posteriore
1425 1109 1574 1168 parte
1631 1101 1910 1164 consistit,
1943 1101 2041 1155 dc-

467 1188 592 1242 hinc
645 1195 789 1241 totus
851 1203 946 1258 pes
994 1188 1205 1243 visitur.
1239 1187 1414 1244 Locus
1471 1201 1650 1244 autem
1706 1193 1800 1260 qui
1851 1193 1917 1246 ad
1961 1191 2044 1244 di-

464 1282 603 1346 gitos
662 1279 872 1342 tendit,
915 1281 1133 1334 dorsum
1195 1280 1344 1349 pedis
1404 1289 1529 1345 est,
1585 1282 1728 1352 quod
1791 1282 1865 1337 illi
1936 1295 2046 1336 tar-

468 1388 612 1437 sum,
639 1372 888 1426 nonnulli
917 1387 1044 1426 vero
1081 1373 1247 1426 κτὲνα
1275 1375 1495 1439 dicunt;
1524 1376 1669 1445 quod
1701 1385 1884 1431 autem
1934 1375 2040 1432 sub

467 1465 602 1532 pede
647 1473 761 1527 est,
801 1466 975 1518 solum
1020 1466 1242 1528 dicitur,
1280 1467 1424 1535 quod
1461 1468 1534 1520 illi
1565 1468 1746 1521 πεδίον
1779 1478 1834 1523 et
1859 1469 2042 1538 πέλμα

471 1564 806 1623 uimcupant.
838 1553 1125 1619 Pueterea,
1155 1557 1306 1626 digiti
1339 1573 1529 1614 omnes
1561 1567 1746 1614 ternos
1775 1576 1804 1614 a
1846 1571 2040 1616 natura

467 1646 772 1710 ossiculos,
807 1648 997 1714 pollice
1030 1659 1285 1717 excepto,
1325 1651 1416 1719 qui
1466 1651 1605 1706 duos
1656 1655 2035 1708 tantummodo

2143 466 2238 520 καὶ
2276 465 2557 528 παντελῶς
2595 465 2812 536 ἄσαρκα
2832 506 2847 530 ,
2877 468 2972 519 καὶ
3000 465 3110 519 τῶν
3145 468 3324 522 ἄλλων
3354 468 3652 538 ἐκκείμενα
3677 467 3716 498 ’ί

2140 557 2294 621 ὀστᾶ,
2334 555 2758 625 ἀστραγάλους
2784 555 3039 609 καλοῦσιν
3068 559 3118 610 oi
3150 557 3354 622 πολλοὶ,
3391 557 3484 610 τοῦ
3519 557 3721 618 παντὸς

2143 648 2586 718 ἁμαρτάνοντες·
2645 650 2672 701 ό
2725 649 2834 716 γὰρ
2895 648 3281 719 ἀστράγαλος,
3350 649 3454 700 ὑπὸ
3511 648 3724 700 τούτων

2141 741 2486 814 ἑκατέρωθεν
2532 741 3023 814 περιλαμόάνεται.
3061 742 3281 812 Πέρατα
3309 742 3367 796 δέ
3398 744 3513 795 ἐστι
3545 740 3725 794 ταῦτα

2141 831 2251 884 τῶν
2275 832 2373 901 τῆς
2402 831 2618 902 κνήμης
2636 847 2695 884 τε
2717 831 2762 862 ⁸ο
2781 831 2875 883 καὶ
2899 830 3138 901 περόνης
3162 830 3510 900 ἀποφύσεων·
3546 832 3728 900 κυρτά

2146 925 2246 995 μὲν
2270 924 2491 991 ἔξωθεν,
2519 923 2670 977 ὥσπε
2678 941 2710 992 ρ
2738 923 2835 976 καὶ
2858 923 3132 992 φαίνεται,
3159 924 3313 977 κοῖλα
3333 923 3392 977 δὲ
3414 923 3630 976 ἔνδοθεν
3653 924 3720 977 ⁶¹.

2142 1018 2282 1073 Μεθ’
2309 1018 2345 1072 ἃ
2377 1019 2470 1072 καὶ
2497 1019 2530 1082 ὴ
2570 1017 2795 1087 πτέρνα
2823 1015 3046 1070 ὄπισθεν
3065 1034 3081 1048 ο
3112 1013 3230 1071 εἶτα
3257 1017 3378 1080 ὅλος
3402 1018 3430 1069 ὁ
3463 1016 3622 1080 ποῦς;
3663 1017 3725 1069 Ὀ

2142 1111 2200 1164 δὲ
2227 1110 2361 1180 πρὸς
2394 1109 2517 1172 τοὺς
2544 1109 2845 1173 δακτύλους
2871 1109 3038 1172 τόπος
3071 1109 3295 1177 ταρσός
3313 1107 3554 1176 λέγεται·
3579 1109 3727 1169 τινὲς

2143 1203 2198 1256 δὲ
2229 1202 2411 1256 κτένα
2436 1200 2595 1254 τοῦτο
2627 1201 2904 1266 καλοῦσιν,
2938 1202 2971 1273 ἢ
3007 1201 3252 1254 πεδίον·
3282 1201 3344 1254 τὸ
3370 1201 3427 1254 δὲ
3460 1201 3729 1253 ὑποκάτω

2141 1295 2238 1349 τοῦ
2265 1295 2444 1359 ποδὸς,
2485 1295 2684 1364 πέλμα
2721 1295 3243 1366 προσαγορεύουσιν·
3277 1289 3399 1346 εἶτα
3425 1293 3476 1344 οἱ
3498 1291 3728 1345 δάκτυ-

2143 1389 2241 1442 λοι
2307 1388 2371 1440 ἐκ
2433 1386 2600 1454 τριῶν
2656 1386 2926 1440 κονδύλων
2973 1385 3364 1456 συγκείμενοι,
3429 1383 3571 1454 πλὴν
3626 1381 3729 1437 τοῦ

2148 1477 2410 1549 μεγάλου·
2464 1480 2642 1532 ὲκεῖνο
2686 1478 2796 1549 γὰρ
2845 1481 2910 1532 ὲκ
2942 1479 3086 1532 δυοῖν
3107 1479 3151 1510 ⁸³
3189 1477 3474 1546 σύγκειται
3522 1477 3726 1530 ὀστῶν.

2145 1571 2237 1641 Τῷ
2270 1571 2326 1624 δὲ
2359 1571 2452 1623 τοῦ
2485 1571 2664 1642 μηροῦ
2697 1573 2838 1640 όστῷ
2867 1572 2961 1624 καὶ
2989 1574 3087 1642 τῆς
3112 1572 3349 1642 περόνης
3373 1571 3416 1602 ⁸³
3447 1571 3730 1623 ἐπίκειται

2147 1664 2180 1733 ἡ
2206 1662 2572 1731 ἑπιγονατίς,
2595 1663 2790 1734 χαῦνον
2811 1660 2945 1716 οὖσα
2966 1662 3155 1716 ὀστοῦν
3177 1663 3222 1694 ⁸⁸
3247 1663 3341 1715 καὶ
3363 1660 3727 1732 στρογγύλον·

468 1737 664 1801 liabet,
710 1739 911 1800 sortiti,
959 1739 1098 1793 trina
1152 1741 1532 1797 articulatione
1572 1743 1906 1798 vinciuntur.
1954 1746 2036 1801 Ad

2148 1724 2209 1807 δι’
2243 1753 2271 1806 ὅ
2299 1724 2445 1817 τινες
2704 1754 2874 1826 αὐτὴν
2906 1753 3184 1808 καλοῦσιν’
3221 1753 3329 1806 ἀπὸ
3357 1724 3458 1822 τῆς
3491 1724 3630 1822 πρὸς
3656 1754 3732 1806 τά

469 1829 612 1890 lizec,
670 1845 774 1898 qua
823 1831 1046 1885 femoris
1089 1841 1140 1885 et
1184 1832 1328 1886 tibiae
1361 1848 1484 1887 ossa
1521 1834 1750 1889 invicem
1801 1846 2034 1902 coeunt,

466 1919 694 1988 patella,
729 1910 890 1990 quam
929 1921 1101 1976 Grzcci
1165 1925 1510 1993 ἐπιγονατίς,
1557 1927 1692 1980 laxzc
1739 1927 2034 1984 admodum

468 2022 753 2091 mollisque
801 2034 1036 2090 natnrzr,
1073 2040 1136 2080 ac
1170 2028 1404 2080 rotunda
1441 2031 1985 2096 superne‘accumbit
2021 2049 2036 2086 :

464 2123 799 2182 quapropter
836 2116 1002 2177 illam,
1041 2131 1070 2168 a
1097 2116 1252 2171 molae
1279 2119 1479 2188 ligura,
1513 2119 1712 2173 molam
1764 2121 2041 2177 nonnullis

465 2214 722 2284 appellari
761 2215 983 2284 placuit,
1016 2217 1161 2285 quod
1197 2218 1344 2272 intus
1386 2221 1778 2274 concavitatcm
1814 2221 2034 2288 habeat,

465 2309 493 2357 ιι
523 2306 882 2360 similitudine
909 2308 1208 2375 superioris
1241 2311 1428 2375 molas,
1462 2327 1582 2380 qua:
1631 2311 1877 2366 inferiori
1910 2328 2033 2368 mo-

2145 1845 2346 1911 ἔξωθεν
2379 1847 2629 1917 μηχανῆς
2657 1848 2752 1901 καὶ
2779 1847 3080 1918 ὲμφερείας
3113 1847 3204 1899 τοῦ
3246 1845 3414 1916 μύλου
3438 1847 3506 1910 ⁸⁵,
3530 1845 3621 1897 διὰ
3662 1845 3732 1898 τὸ

2144 1941 2351 1998 ἄνωθεν
2383 1936 2523 1994 εἶναι
2553 1939 2647 1994 τοῦ
2672 1940 2876 2010 ἄρθρου
2903 1940 2962 1991 τὸ
2991 1939 3188 2002 κοῖλον,
3209 1937 3282 2001 ὼς
3306 1937 3398 1990 καὶ
3421 1937 3523 2006 τῆς
3550 1936 3732 2006 μύλης

2145 2036 2207 2088 τὺ
2251 2033 2509 2105 ὖπερθεν·
2546 2036 2603 2086 ὲν
2635 2026 2678 2100 ᾧ
2711 2033 2847 2104 πρὸς
2879 2032 2938 2085 τὸ
2974 2030 3273 2101 ἀλήθεσθαι
3316 2031 3387 2082 τά
3431 2031 3732 2100 σπέρματα

2151 2129 2454 2199 βάλλονται.
2497 2128 2728 2194 Λέγεται
2773 2126 2828 2180 δὲ
2866 2125 3243 2194 ἐπιγονατίς,
3289 2123 3376 2176 διά
3401 2122 3464 2174 τὸ
3495 2123 3591 2176 ἐπὶ
3628 2119 3729 2173 τοῦ

2135 2223 2362 2292 γόνατος
2414 2220 2631 2274 κεῖσθαι
2677 2221 2742 2252 ⁸⁸·
2773 2218 2807 2288 ἢ
2861 2213 2972 2272 οἷον
3024 2218 3304 2285 ὲπιγουνὶς
3355 2215 3425 2280 ⁶’,
3495 2214 3573 2277 ὡς
3626 2214 3730 2267 καὶ

2143 2316 2393 2386 Ὄμηρος
2415 2331 2428 2342 '

465 2392 608 2449 lendi
631 2395 802 2466 gratia
827 2399 1120 2452 accumbit.
1151 2398 1298 2454 Illam
1331 2410 1509 2453 autem
1540 2401 1903 2468 ἀοιγονατίδα,
1931 2403 2032 2458 hac
2089 2406 2156 2460 de
2187 2421 2349 2462 causa
2390 2405 2676 2460 nominant
2699 2444 2712 2466 ,
2773 2402 2917 2473 quod
2947 2400 3012 2456 ad
3074 2415 3213 2472 genu
3251 2399 3486 2454 adhibita
3508 2439 3523 2458 ,
3554 2403 3734 2466 super

467 2489 585 2562 ipso
622 2490 928 2545 consistens
961 2493 1282 2547 ostenthur.
1321 2491 1390 2547 Ut
1418 2495 1553 2563 apud
1588 2494 1881 2549 llomcrum
1919 2513 1932 2549 :

634 2603 874 2657 Ostendit
905 2602 1080 2658 lacera
1110 2605 1286 2658 senior
1315 2605 1426 2674 jam
1460 2618 1597 2660 veste
1621 2605 1896 2676 patellam.

535 2713 686 2768 Genu
734 2732 862 2768 vero
889 2759 902 2781 ,
947 2715 1116 2772 (Ξτκοί
1171 2719 1322 2786 γόνυ,
1371 2719 1480 2772 ἀπὸ
1539 2721 1633 2774 τοῦ
1688 2723 1897 2786 κονεῖν,
1950 2722 2046 2775 καὶ

449 2807 731 2877 ἐνεργεῖν,
779 2807 923 2876 quod
969 2810 1177 2878 operari
1239 2819 1291 2864 et
1335 2826 1486 2880 agerc
1523 2811 1764 2876 diceres,
1807 2813 2043 2868 nominis

470 2897 972 2967 interpretationem
1025 2900 1284 2955 desumit.
1319 2899 1446 2955 Sive
1496 2903 1639 2972 quod
1692 2903 2044 2959 inﬂectendo

467 2989 604 3059 pede
637 3006 735 3045 ceu
772 2990 1032 3060 angulum
1063 2993 1353 3062 quemdam
1385 3009 1546 3063 quem
1583 2994 1658 3048 illi
1705 2996 1909 3064 γωνίαν
1940 3011 2043 3051 no-

2191 2605 2294 2670 ῗην
2323 2601 2392 2655 ἐκ
2429 2599 2668 2670 ῥακέων
2715 2601 2747 2652 ό
2779 2597 2964 2669 γέρων
3003 2593 3347 2666 ἐπιγουνίδα
3387 2594 3584 2663 φαίνει
3614 2594 3724 2665 (ιι).

2214 2718 2289 2772 Τὸ
2327 2718 2384 2771 δὲ
2415 2717 2562 2786 γόνυ
2593 2716 2658 2768 ὲκ
2687 2713 2782 2767 τοῦ
2816 2714 2997 2766 κονεῖν
3035 2711 3133 2764 καὶ
3167 2713 3411 2781 ἐνεργεῖν
3455 2710 3728 2779 ἐτυμολο-

2142 2812 2323 2883 γήθη·
2361 2809 2422 2875 ἐξ
2458 2804 2519 2864 οῦ
2567 2809 2665 2862 καὶ
2697 2807 2922 2869 κόνατα,
2957 2807 2990 2876 ἢ
3032 2804 3269 2872 γόνατα·
3303 2804 3335 2874 ἦ
3365 2805 3449 2857 δτι
3485 2803 3547 2855 τὺ
3599 2803 3731 2856 σκό-

2142 2904 2232 2969 λος
2281 2904 2325 2936 “
2390 2902 2780 2973 καμπτόμενον
2823 2901 2865 2932 ⁸⁸
2917 2898 3110 2969 ὥσπερ
3143 2895 3373 2965 ,γωνίαν
3438 2895 3727 2948 ἀποτελεῖ.

2149 2998 2347 3068 ’Ῑγνὺς
2381 2995 2438 3049 δὲ
2468 2997 2530 3049 τὸ
2555 2995 2816 3048 ὑποκάτω
2837 2992 2933 3046 τοῦ
2955 2992 3182 3060 γόνατος
3205 2991 3455 3044 καλεῖται
3473 2988 3521 3019 ’⁸
3541 3005 3556 3017 ·
3587 2987 3730 3040 διότι

468 3083 679 3136 minare
712 3085 907 3148 solent,
940 3083 1153 3142 elliciat.
1181 3083 1365 3138 Ροιίίο
1395 3095 1599 3151 autem,
1627 3103 1749 3155 quae
1776 3088 1878 3142 sub
1901 3105 2040 3157 genu

2148 3089 2322 3145 αἴτιόν
2366 3089 2516 3140 ἐστιν
2565 3087 2696 3156 ἡμῖν
2741 3083 2838 3138 τοῦ
2885 3082 3226 3137 ὲκνεῖσθαιτι
3252 3121 3266 3142 ,
3312 3082 3480 3151 ἤγουν
3515 3078 3731 3133 ἁπλοῦ-

464 3183 572 3235 est,
607 3189 768 3242 quam
803 3190 901 3228 nos
941 3176 1196 3245 poplitem
1219 3217 1234 3240 ,
1266 3177 1340 3229 illi
1385 3177 1584 3244 ίγνύον,
1617 3179 1724 3232 ἀπὸ
1763 3179 1856 3232 τοῦ
1889 3182 2046 3234 ίκνεῖ-

468 3261 589 3314 σθαι
621 3263 789 3330 ἤγουν
825 3263 1124 3318 ἀπλοῦσοαι
1165 3265 1458 3330 dictitant,
1501 3268 1638 3336 quod
1683 3267 1829 3321 nobis
1873 3269 2047 3322 incur-

468 3360 627 3411 randi
665 3359 1068 3429 explicandi/[ue
1097 3362 1331 3430 corporis
1367 3378 1530 3415 causa
1569 3373 1644 3416 est
1672 3379 1686 3416 :
1713 3364 1859 3424 sive,
1896 3365 2043 3434 quod

467 3449 596 3502 dum
633 3448 883 3514 ﬂeetitur,
918 3466 1161 3517 gressum
1191 3451 1592 3518 continuamus,
1619 3455 1760 3522 quod
1789 3455 1864 3508 illi
1889 3455 2043 3526 ήκειν

432 3583 436 3590 .
466 3540 652 3593 dicunt
684 3555 698 3594 :
734 3540 846 3594 sive
873 3579 887 3604 ,
937 3541 1024 3595 διὰ
1064 3543 1123 3595 τὸ
1163 3545 1286 3608 γόνυ
1325 3545 1588 3615 συνέχειν,
1617 3547 1644 3599 ὃ
1674 3548 1820 3600 ἐστιν
1840 3548 1918 3610 εἰς
1944 3548 2047 3618 γῆν

473 3632 664 3696 νεύειν,
692 3635 817 3703 quia
857 3651 966 3701 pra:
1005 3635 1121 3704 ejus
1156 3637 1320 3706 ﬂexu,
1365 3638 1419 3690 in
1468 3649 1660 3692 terram
1705 3640 2042 3707 inclinamttr,

467 3735 624 3796 atque
667 3728 1082 3795 procumbimus.
1127 3729 1267 3785 Crus
1297 3731 1515 3801 quidem
1556 3732 1664 3797 illi,
1700 3731 1908 3798 σκέλος,
1937 3733 2045 3786 ἀπὸ

466 3818 559 3870 τοῦ
593 3818 893 3888 διεσχίσοαι
935 3819 1023 3872 διὰ
1063 3820 1156 3874 τὸν
1198 3821 1484 3888 κέλευθον,
1519 3823 1657 3893 quod
1698 3824 1949 3880 videlicet
1990 3826 2047 3878 in

468 3917 656 3971 itinere
687 3918 980 3988 peragenda
1015 3919 1265 3982 alterunt,
1304 3921 1368 3974 ab
1428 3923 1594 3975 altera
1623 3921 1932 3990 dirimatur,
1969 3923 2053 3978 di-

471 4016 615 4064 ctum
671 4009 878 4064 volunt.
927 4011 1052 4065 Sive
1101 4009 1188 4065 διὰ
1241 4010 1302 4065 τὸ
1351 4012 1686 4086 σκληρότερα
1748 4008 1886 4068 εἶναι
1942 4014 2048 4070 τῶν

470 4095 706 4170 ὕπερθεν
743 4099 968 4171 μορίων,
1001 4101 1141 4170 quod
1176 4102 1383 4157 scilicet
1409 4113 1584 4173 partes
1607 4145 1621 4170 ,
1650 4120 1767 4176 qua:
1805 4106 2046 4175 superius

429 4267 432 4272 Ι
469 4200 613 4255 sunt,
654 4191 856 4244 duritia
885 4194 1164 4249 excedunt.
1199 4193 1406 4249 Etenim
1438 4211 1620 4250 rerum
1649 4197 1850 4266 opifex,
1878 4197 2043 4267 pedes

2149 3182 2272 3236 σθαι
2292 3196 2305 3209 ·
2332 3181 2365 3252 ἢ
2394 3179 2546 3249 παρά
2576 3178 2638 3230 τὸ
2663 3179 2834 3230 είκειν
2856 3177 2914 3228 ὲν
2944 3177 3065 3238 ταῖς
3095 3173 3375 3244 κάμψεσιν
3399 3189 3412 3203 ·
3440 3173 3475 3243 ἢ
3505 3172 3663 3242 παρὰ
3681 3175 3728 3205 ῖ⁸

2147 3278 2209 3329 τὸ
2236 3274 2295 3327 τὸ
2317 3274 2446 3342 γόνυ
2480 3270 2749 3341 συνέχειν.
2783 3269 2856 3321 Τὸ
2876 3268 2932 3321 δὲ
2961 3267 3190 3333 σκέλος
3222 3265 3375 3335 παρά
3404 3265 3504 3336 τὴν
3537 3266 3730 3334 σχέσιν

2149 3367 2352 3438 ἐκλήθη
2373 3383 2389 3397 ο
2422 3366 2722 3434 διέσχισται
2762 3363 2872 3433 γάρ
2911 3363 3008 3413 ἀπ’
3055 3359 3299 3431 ἀλλήλων
3319 3374 3332 3388 ·
3365 3359 3399 3429 ἣ
3439 3359 3596 3428 παρά
3629 3357 3731 3428 τὴν

2150 3458 2440 3521 κέλευθον,
2473 3457 2502 3510 ὅ
2550 3457 2700 3508 ἐστιν
2745 3454 2866 3516 όδὸς
2899 3455 2943 3485 ⁷³
2966 3491 2980 3518 ,
3017 3452 3086 3504 δι’
3118 3447 3182 3522 ἧς
3222 3450 3269 3482 ’δ
3311 3449 3606 3520 βαδίζομεν
3635 3465 3649 3477 ·
3690 3449 3727 3514 ἦ

2153 3552 2308 3622 παρὰ
2361 3551 2421 3604 τὸ
2472 3548 2804 3619 ὲσκληκέναι
2858 3545 2953 3599 καὶ
2997 3544 3363 3614 σκληρότερον
3419 3538 3558 3593 εἶναι
3616 3539 3730 3591 τῶν

2153 3647 2392 3719 ὕπερθεν
2449 3644 2675 3716 μορίων.
2721 3644 2802 3696 Τά
2845 3642 2954 3710 γὰρ
3005 3641 3172 3708 σκέλη
3213 3638 3517 3708 πεποίηκεν
3548 3639 3582 3706 ἡ
3633 3637 3732 3705 δη-

2155 3736 2415 3808 μιουργὸς
2443 3735 2653 3803 φύσις,
2684 3733 2774 3787 ἵνα
2815 3731 2876 3784 τὸ
2915 3731 3039 3784 ὅλον
3085 3728 3256 3799 όχῶσι
3301 3727 3485 3796 σῶμα,
3535 3725 3729 3793 ὧσπερ

2149 3829 2293 3890 τινὲς
2326 3829 2505 3890 κίονες
2526 3869 2540 3893 ,
2577 3826 2670 3881 καὶ
2707 3824 3091 3896 μεταφέρωσιν
3121 3824 3184 3874 ἐκ
3213 3821 3380 3874 τόπου
3413 3821 3493 3881 είς
3524 3818 3724 3881 τόπον,

2149 3921 2271 3974 ἀντὶ
2307 3920 2516 3990 βάσεων
2545 3919 2673 3981 τοὺς
2708 3917 2874 3979 πόδας
2916 3917 3193 3985 ποιήσασα
3213 3929 3225 3941 ·
3258 3912 3317 3964 ὲν
3349 3904 3431 3973 οἷς
3457 3911 3484 3962 ὁ
3512 3908 3728 3978 ἄνθρω-

2150 4028 2251 4075 πος
2289 4008 2812 4082 ἐπιστηριζόμενος,
2859 4007 3059 4068 τόπους
3099 4003 3354 4075 ἀμείϐει,
3404 4003 3499 4056 καὶ
3538 4002 3728 4062 πόλεις

2154 4103 2518 4176 μετέρχεται,
2555 4103 2649 4155 καὶ
2689 4100 2825 4172 ἔργα
2854 4099 3126 4164 ἐπιτελεῖ,
3161 4099 3256 4150 καὶ
3286 4095 3432 4167 βάρη
3467 4091 3722 4164 φορτίζε-

2151 4213 2272 4258 ται,
2301 4195 2393 4247 καὶ
2426 4193 2763 4265 μεταφέρει,
2791 4193 2886 4246 καὶ
2919 4189 3266 4261 μετατίθησι.

473 4284 642 4352 ipsos,
671 4292 858 4353 utpote
892 4285 1314 4339 instrumentum
1348 4289 1557 4355 gressni
1589 4289 1916 4358 delegatum,
1959 4290 2127 4343 totius
2185 4287 2434 4356 corporis
2468 4284 2769 4340 sustinendi
2828 4283 3020 4355 gratia,
3077 4297 3175 4338 ceu
3226 4279 3512 4334 columnas
3543 4292 3715 4346 quas-

470 4375 592 4428 dam
629 4373 932 4438 constituit,
962 4373 1039 4428 uti
1072 4374 1157 4429 Itis
1193 4374 1497 4440 suil'ulturn,
1524 4377 1641 4432 loca
1701 4386 1948 4442 mutare,
2012 4378 2250 4433 invisere
2289 4378 2472 4442 urbes,
2542 4376 2760 4447 negotia
2790 4375 3041 4446 exsequi,
3097 4373 3336 4443 pondera
3367 4369 3724 4433 attollere,ac

471 4465 682 4518 diversa
744 4463 808 4517 ad
866 4463 981 4517 loca
1037 4463 1198 4534 128
1259 4462 1400 4518 ferre
1460 4467 1646 4520 eadem
1722 4483 1786 4522 ac
1847 4469 2049 4523 referre
2075 4476 2257 4537 queat.

543 4554 653 4612 llos
688 4557 852 4628 igitur
878 4558 1042 4627 pedes
1085 4560 1150 4612 ad
1182 4559 1438 4614 interiora
1501 4562 1725 4617 innuero
1770 4563 2041 4618 moderate

2218 4561 2454 4626 Τούτους
2477 4557 2572 4616 οῦν
2604 4563 2730 4624 τοὺς
2770 4562 2969 4630 πόδας,
3006 4561 3088 4614 δεῖ
3121 4561 3212 4613 ἐπὶ
3254 4561 3326 4614 τὰ
3358 4558 3505 4612 ἔνδον
3538 4556 3724 4627 ἡρέμα

471 4653 646 4715 decet,
671 4668 778 4723 quo
812 4662 1000 4706 mutuo
1030 4652 1255 4706 invicem
1287 4653 1462 4707 oliieio
1499 4663 1730 4718 utentes,
1763 4665 1906 4709 recte
1928 4669 2044 4708 mo-

475 4742 675 4799 tionem
708 4745 878 4812 ipsam
911 4744 1206 4812 perficiant.
1239 4743 1293 4797 Si
1327 4755 1504 4798 autem
1541 4747 1768 4800 alterum
1819 4761 1882 4800 ex
1915 4747 2045 4816 ipsis

474 4853 501 4889 τι
553 4835 784 4890 naturali
837 4836 943 4891 situ
991 4836 1317 4904 distorqueri
1359 4838 1675 4908 contigerit,
1714 4848 1896 4893 motus
1932 4840 2046 4908 ipse

476 4929 790 4997 impeditur,
825 4938 986 4998 atque
1017 4929 1161 4982 actio
1198 4928 1285 4981 illa
1325 4944 1445 4998 qua!
1479 4933 1930 5000 prtesmntissima
1964 4940 2049 4987 est

475 5022 796 5076 dcstruitnr.
833 5020 948 5074 llac
982 5021 1164 5090 itaque
1195 5023 1261 5076 de
1297 5037 1486 5086 causa,
1516 5033 1568 5077 et
1597 5025 1745 5078 nervi
1777 5026 1868 5093 qui
1899 5024 2046 5078 tendi

471 5115 748 5174 dicuntur,
783 5114 875 5183 qui
907 5113 971 5166 ad
1010 5114 1263 5182 poplitem
1289 5115 1615 5175 consistunt,
1639 5124 1693 5169 ct
1720 5117 1950 5170 musculi
1977 5131 2040 5169 ac

472 5206 786 5276 ligamenta,
824 5220 924 5258 nec
959 5220 1062 5257 non
1107 5214 1162 5258 et
1207 5206 1296 5259 alii
1340 5205 1511 5266 nervi,
1551 5208 1712 5273 pedes
1747 5208 1894 5276 ipsos
1928 5208 2040 5261 eir-

541 5319 585 5351 ⁵⁹
609 5318 900 5388 ἐγκείμενοι
935 5317 972 5370 Β
1003 5317 1042 5372 C
1074 5317 1130 5370 P.
1208 5319 1253 5350 ‘°
1283 5337 1340 5371 τε
1369 5335 1476 5372 Olli.
1511 5319 1570 5372 Β.
1656 5321 1696 5351 ⁶¹
1728 5320 1796 5372 τὰ
1820 5320 1924 5372 ἕνδ.
1953 5320 2011 5372 Β.

475 5388 648 5455 μύλης
683 5390 738 5441 Β.
769 5387 778 5388 ί
834 5387 880 5419 ⁸⁵
915 5389 1097 5441 ἐπάνω
1125 5388 1179 5440 Β.

473 5459 836 5527 καμπτόμενα
865 5459 906 5511 Α
944 5458 1003 5510 Β.
1084 5460 1126 5490 ⁷⁰
1157 5459 1277 5512 καλ.
1313 5459 1405 5512 τοῦ
1433 5477 1548 5526 γον.
1581 5460 1634 5510 Β.

475 5527 645 5595 Motu.
665 5530 780 5601 *τοῦ
832 5528 1054 5590 σκέλους
1098 5530 1312 5596 ἐγένετο
1335 5551 1344 5559 ·
1370 5529 1436 5582 τὰ
1471 5531 1574 5601 γὰρ
1620 5531 1783 5598 σκέλη
1820 5549 1946 5584 πεπ,
1983 5533 2039 5584 Β.

476 5598 569 5646 καὶ
601 5597 763 5665 νεῦρα
793 5616 973 5668 περικ.
1009 5599 1064 5652 Β.

547 5705 624 5770 (it)
659 5710 756 5763 (λῖ.
791 5713 846 5773 Σ,
880 5715 967 5766 75.

1208 5319 1253 5350 ⁸ο
1283 5337 1340 5371 τε
1369 5311 1476 5372 mn.
1511 5319 1570 5372 Β.

2108 5321 2151 5352 ⁶²
2185 5319 2278 5372 δύο
2309 5320 2366 5376 Ii.

1284 5391 1326 5421 στ
1362 5391 1474 5442 [ure
1505 5405 1622 5440 cum
1670 5391 1762 5444 :‘il,
1798 5408 1905 5442 om.
1936 5389 1974 5442 Β
2008 5389 2068 5444 C-

1711 5461 1752 5490 ⁷¹
1789 5460 2035 5512 ίγνύσθαι
2071 5460 2130 5520 Β,
2161 5461 2425 5514 κινεῖσθαι
2457 5463 2517 5516 C.

2120 5532 2162 5562 Ἠ

2143 4653 2354 4707 νεύειν·
2416 4655 2564 4718 ὅπως
2613 4655 2926 4724 ἀλλήλοισιν
2991 4652 3413 4724 ἐπικουροῦντες
3453 4653 3535 4712 τ’,
3589 4649 3722 4717 μίαν

2145 4749 2382 4800 ποιοῖντο
2416 4747 2717 4818 ἐνέργειαν,
2763 4746 2950 4817 κοινήν
2973 4762 3034 4797 τε
3065 4745 3158 4798 καὶ
3195 4744 3523 4814 ἄμεμπτονο
3573 4743 3622 4793 εἰ
3665 4740 3721 4791 δέ

2142 4839 2206 4906 γέ
2244 4857 2375 4892 ποτε
2419 4839 2574 4909 παρά
2607 4840 2706 4909 τὴν
2743 4838 2892 4900 Θέσιν
2935 4839 3163 4908 γένηται
3205 4838 3414 4890 τούτων
3453 4835 3718 4904 Θάτερος,

2143 4930 2351 5000 ἄπορος
2401 4932 2435 5001 ἡ
2482 4931 2576 4984 τοῦ
2610 4931 2751 4995 ζὼου
2801 4931 3016 5000 κίνησις
3055 4931 3300 4999 γίνεται,
3357 4930 3453 4982 καὶ
3509 4929 3718 4997 οἴχεται

2143 5023 2333 5076 τούτου
2369 5025 2400 5094 ή
2433 5024 2701 5095 κρείττων
2727 5023 3003 5094 ἐνέργεια.
3039 5024 3140 5076 Διά
3171 5041 3254 5076 τοι
3280 5022 3442 5076 τοῦτο
3473 5021 3718 5079 τένοντες

2147 5115 2290 5168 κατὰ
2335 5115 2434 5186 τὴν
2481 5117 2706 5186 ἰγνύην,
2765 5117 2861 5170 καὶ
2911 5115 3082 5183 μῦες,
3111 5116 3208 5169 καὶ
3251 5115 3543 5184 σύνδεσμοι
3567 5152 3581 5172 ,
3613 5109 3719 5161 καὶ

2146 5207 2310 5278 νεῦρα
2346 5209 2769 5280 περικυκλοῦσιν
2808 5211 2852 5242 ⁷⁸
2897 5209 3096 5263 αὐτούς
3117 5224 3130 5235 ’
3156 5207 3256 5278 τὴν
3288 5205 3505 5276 κίνησιν
3535 5201 3719 5257 αὐτῶν

2445 5322 2489 5354 ⁸³
2513 5323 2589 5392 τῷ
2627 5341 2677 5375 τ.
2709 5340 2772 5374 πε
2786 5341 2834 5390 ρ,
2871 5322 2928 5375 Β.
3028 5323 3072 5352 ⁵⁵
3101 5340 3151 5391 χ.
3176 5321 3291 5373 όστ.
3320 5319 3379 5370 ὃν
3541 5317 3587 5348 ⁸³
3618 5315 3724 5392 τῇς

2173 5392 2219 5422 ⁸³
2254 5391 2285 5457 ἦ
2316 5392 2397 5443 ὅτι
2423 5393 2543 5444 κατ’
2563 5389 2701 5446 ἀὐτὸ
2741 5389 2802 5445 τό
2831 5392 2981 5446 σκέλ.
3026 5392 3081 5444 li.
3102 5389 3129 5391 ⁷⁷
3156 5393 3200 5422 ⁸⁹
3227 5389 3616 5458 καμπτόμενςι
3654 5389 3719 5458 (2,

2595 5466 2639 5494 "
2672 5464 2758 5516 διὰ
2793 5462 2852 5516 Β.
2938 5464 2983 5494 ⁷³
3022 5465 3054 5525 ἠ
3084 5461 3201 5523 ὁδδς
3234 5451 3315 5511 Β.’
3370 5459 3417 5490 ⁷⁸⁵
3445 5451 3538 5522 ἀφ’
3567 5451 3634 5526 ἦς
3663 5456 3725 5506 τό

2198 5530 2447 5598 ἀλλήὶ-οις
2498 5533 3014 5605 συνεπικουροῦντες
3047 5531 3102 5584 Β.
3211 5532 3256 5562 ⁷⁵
3286 5528 3432 5584 συνδ.
3468 5527 3726 5596 ἐγένοντο
