4070 6216
337 333 478 392 ιεάε

1581 328 1669 382 DE
1708 325 1752 380 Ν
1771 324 1994 380 \TURA
2032 323 2334 382 liOMiNIS.

3485 327 3621 384 1263

337 444 830 516 ὲξασφαλιζόμενοι
862 445 958 497 καὶ
991 445 1516 515 περιφυλάττοντες.
1567 443 1644 496 Οὔ
1675 443 1785 512 γάρ
1833 441 1929 512 p.6-

2045 441 2205 494 :nlari
2256 442 2449 496 ordine
2491 442 2783 507 ambiunt,
2838 459 2972 512 quur
3007 442 3260 497 universa
3318 443 3615 500 roborandi

337 558 429 596 νον
477 537 610 610 περ)⁵
657 536 729 590 τὰ
784 535 965 608 ἄρθρα
1020 536 1192 605 αὐτῆς
1225 539 1258 607 ἡ
1312 536 1619 604 ἀσφάλεια,
1665 534 1803 588 ἀλλὰ
1835 533 1931 585 καὶ

338 631 680 702 πανταχόθεν
704 646 718 660 °
757 629 828 682 τὰ
867 629 975 701 γὰρ
1007 629 1115 683 τῶν
1151 629 1318 699 ῶμων
1345 627 1441 681 καὶ
1473 626 1768 698 μασχαλῶν
1788 669 1800 688 .
1836 627 1932 681 καὶ

339 724 448 776 τῶν
477 721 678 790 Ξγνύων
709 719 804 773 καὶ
841 719 1092 790 σφυρῶν,
1123 720 1216 771 καὶ
1242 718 1424 772 πάντα
1452 718 1520 771 τὰ
1546 719 1611 770 ὲκ
1654 717 1807 787 μυῶν
1838 717 1934 769 καὶ

345 812 482 882 μετᾶ
540 810 694 880 μυῶν
762 809 1064 878 κινούμενα
1119 808 1328 880 νεῦρα,
1395 807 1672 873 τένοντες
1735 807 1934 876 ὀνομάο

343 906 560 968 ζονταιο
600 901 758 972 παρὰ
799 901 859 954 τὸ
897 901 1098 953 τείνειν
1136 893 1207 952 τὸι
1243 903 1410 972 μόρια
1445 899 1582 970 πρὸς
1612 899 1930 969 ἐνέργειανο

344 997 426 1048 ὅτι
456 996 548 1047 καὶ
574 996 727 1064 τρεῖς
759 995 869 1046 εἰσι
901 991 1011 1044 τῶν
1035 990 1247 1062 νεύρων
1271 989 1561 1060 διαφοραί·
1599 988 1666 1041 τὰ
1701 988 1802 1058 μὲν
1826 988 1936 1058 γάρ

347 1089 406 1154 ἒξ
431 1089 740 1156 ἐγκεφάλου
771 1086 867 1140 καὶ
897 1087 1130 1138 νωτιαῖα
1155 1083 1442 1152 πεφυκότα
1468 1122 1483 1147 ,
1515 1082 1702 1149 νεῦρα
1731 1082 1937 1152 κυρίως

350 1178 853 1250 προσαγορεύοντες
888 1178 968 1210 ⁷⁷⁸
1005 1176 1076 1230 τὰ
1108 1175 1166 1229 δὲ
1197 1178 1262 1229 ὲκ
1305 1173 1456 1245 μυῶν
1508 1173 1786 1239 τένοντες
1807 1190 1819 1202 °
1868 1174 1938 1228 τὰ

349 1272 406 1325 δὲ
437 1273 494 1338 ἐξ
543 1272 751 1333 ὀστῶν,
785 1269 1141 1338 σύνδεσμοι.
1209 1267 1268 1320 Ὁ
1319 1267 1376 1319 δὲ
1439 1265 1536 1320 τοῦ
1588 1265 1934 1336 ἀστραγάλου

351 1364 513 1426 τόπος
545 1363 640 1415 καὶ
676 1359 879 1430 σφυρὰ
911 1359 1156 1427 λέγεται,
1193 1358 1346 1429 παρὰ
1375 1357 1435 1410 τὸ
1479 1357 1837 1426 συνεσφῐχθαι
1869 1356 1940 1410 τά

352 1455 532 1525 ἄρθρα
585 1457 651 1525 τῇ
705 1453 958 1506 συνθέσει
995 1469 1010 1482 ’
1043 1451 1140 1504 καὶ
1195 1445 1308 1504 οἷον
1367 1453 1572 1519 σφαῖρα
1601 1451 1713 1511 τοῖς
1759 1450 1939 1512 ὀστοῖς

356 1548 597 1609 καὶτοῖς
643 1545 858 1616 νεύροις
908 1543 1188 1614 πεπῆχθαι
1230 1542 1651 1612 ἀστράγιι.ῑος’
1697 1541 1850 1610 παρὰ
1879 1543 1940 1595 τὸ

351 1637 605 1707 ἀστραϐῆ
639 1638 732 1690 καὶ
774 1636 943 1706 ὀρθὴν
985 1635 1275 1705 φυλάττειν
1308 1633 1406 1704 τὴν
1438 1633 1596 1705 βάσιν
1627 1633 1720 1686 τοῦ
1755 1634 1936 1697 ποδός.

353 1728 559 1781 Κυκλοί
590 1729 645 1781 δε
678 1729 768 1781 τὸν
805 1727 1152 1798 ἀστράγαλον
1176 1726 1237 1780 τὸ
1270 1727 1621 1792 κυκλοειδὲς
1647 1726 1940 1796 λεγόμενον

351 1822 543 1873 ὀστοῦν
570 1839 582 1851 ·
628 1823 684 1872 ὲν
735 1814 778 1888 ᾧ
825 1820 885 1872 τὸ
924 1819 1220 1889 λεγόμενον
1257 1818 1486 1878 κότζῖον
1519 1818 1563 1852 ⁷⁸
1612 1820 1702 1873 διὰ
1748 1820 1934 1872 συνδέ-

354 1929 508 1981 σμων
543 1915 608 1983 τῇ
661 1913 868 1984 περόνῃ
909 1910 1333 1980 προσαρμοσθὲν
1363 1911 1510 1975 ἄνω,
1547 1911 1610 1964 τὸ
1655 1911 1936 1978 κυφοειδὲς

355 2004 600 2058 κάτωθεν
653 2005 1017 2072 ὑποκείμενον
1041 2005 1083 2035 ⁷9
1119 2003 1266 2074 ἔχει,
1323 2004 1419 2056 καὶ
1467 1988 1775 2066 συνδέδεται
1818 2005 1936 2074 μετ’

354 2095 520 2149 αὑτοῦ
555 2095 688 2163 πρὸς
718 2095 745 2148 ὃ
773 2097 806 2164 ἡ
842 2095 998 2166 βάσις
1023 2095 1131 2149 τῶν
1157 2095 1379 2166 σφυρῶν
1413 2096 1505 2147 καὶ
1535 2095 1636 2162 τῆς
1673 2095 1933 2166 πτέρνης.

351 2187 499 2259 Λῦτη
560 2187 670 2258 γὰρ
729 2189 1020 2240 ὑπόκειται
1074 2188 1173 2251 τὰς
1226 2187 1528 2258 ὀφρυώδεις
1589 2187 1782 2258 ἐξοχὰς
1838 2189 1937 2258 τῆς

356 2280 574 2349 κνήμης
600 2297 660 2332 τε
680 2281 773 2332 καὶ
797 2281 1054 2350 περόνης,
1089 2281 1184 2332 και)⁵
1211 2280 1280 2333 τὰ
1311 2284 1582 2351 περιφερῆ
1613 2281 1704 2334 τοῦ
1729 2283 1935 2353 ἀστρα-

358 2371 526 2437 γάλου
575 2371 1086 2440 περιλαμϐάνουσα,
1129 2372 1222 2425 δύο
1265 2373 1419 2434 τινὰς
1470 2372 1663 2442 ἐξοχὰς
1695 2375 1776 2436 εἰς
1819 2375 1939 2426 ἐπι-

356 2463 601 2532 τηδείους
646 2464 959 2535 κοιλότητας
993 2465 1375 2536 ἐναρμόζειθθ.
1402 2466 1477 2518 Τὸ
1529 2466 1584 2518 δὲ
1621 2468 1938 2538 κατέμπρο-

366 2556 492 2606 σθεν
525 2556 686 2624 μέρος
705 2557 871 2626 αὐτῆς
895 2560 928 2627 ὴ
956 2559 1100 2628 ἀρχή
1126 2561 1245 2611 ἐστι
1268 2557 1365 2612 τοῦ
1390 2559 1684 2630 λεγομένου
1710 2563 1938 2633 ταρσού.

359 2645 491 2697 Μετ’
522 2646 684 2699 αὑτὸν
716 2647 773 2699 δὲ
804 2648 1032 2718 ἄρχεται
1061 2650 1122 2702 τὸ
1154 2651 1369 2712 πεδίον,
1421 2652 1486 2704 ἐκ
1524 2652 1686 2704 πέντε
1719 2656 1939 2721 συγκεί-

362 2753 523 2804 μενον
554 2737 729 2790 ὀστῶν
751 2757 766 2772 ·
799 2740 891 2808 ἀφ’
941 2736 1002 2795 οὗ
1033 2743 1080 2794 οἱ
1110 2743 1356 2796 κόνδυλοι
1386 2743 1495 2796 τῶν
1527 2745 1805 2800 δακτύλων
1842 2748 1941 2818 τὴν

361 2829 628 2899 ἁρμονίαν
681 2831 1078 2900 λαμϐάνοντες,
1111 2835 1204 2886 ἐπὶ
1234 2836 1305 2890 τὰ
1345 2837 1473 2900 τοὺς
1509 2839 1708 2909 ὄνυχας
1749 2839 1942 2908 έχοντα

363 2918 755 2984 μετακονδύλια
798 2921 1116 2977 τελευτῶσι.
1176 2925 1437 2978 Σνδνδοῦσι
1493 2927 1548 2979 δὲ
1593 2928 1691 2992 τὰς
1736 2930 1942 2981 τούτων

358 3007 754 3080 διαρθρώσεις,
805 3013 1108 3083 ύμενώδεις
1165 3017 1308 3080 τινὲς
1365 3014 1694 3089 σύνδεσμον
1741 3021 1839 3083 τὰς
1887 3020 1942 3072 δὲ

2039 533 2334 602 tuendique
2383 543 2564 588 motus
2614 534 2857 604 ipsorum
2911 534 3118 605 gratia,
3163 543 3451 604 procreata
3495 551 3618 590 esse

2038 632 2271 678 constat.
2303 623 2420 679 Non
2450 625 2598 679 enim
2630 625 2778 680 tendi
2813 625 3207 695 ipsi'articulis
3241 626 3621 680 tantummodo

2038 715 2351 798 securitatis
2401 732 2603 783 causa,
2649 717 2744 772 sed
2788 719 3044 773 omnibus
3091 719 3339 788 corporis
3369 717 3621 787 partibus

2039 805 2269 860 adhibiti
2303 816 2432 861 sunt
2464 827 2476 860 :
2509 809 2780 878 siquidem
2816 824 3049 875 nervos,
3099 809 3212 878 qui'
3245 809 3298 862 in
3336 807 3580 862 humeris
3602 849 3617 872 ,

2040 896 2163 959 alis,
2190 898 2507 966 poplitibus,
2541 899 2812 952 malleolis
2837 908 2890 952 et
2915 900 3127 954 cunctis
3154 899 3420 968 partibus,
3445 913 3567 967 quae
3589 914 3618 950 a

2040 989 2328 1051 musculis,
2361 1003 2426 1043 ac
2457 1005 2562 1043 una
2592 1004 2716 1043 cum
2750 991 3016 1043 musculis
3055 999 3363 1052 moventur,
3403 989 3617 1048 tendos,

2040 1080 2183 1151 quod
2215 1081 2280 1134 ad
2307 1079 2550 1134 actiones
2579 1080 2908 1150 negotiaque
2939 1079 3246 1150 peragenda
3265 1086 3448 1148 partes
3477 1077 3620 1144 ipsas

2039 1173 2382 1235 distendant,
2419 1171 2678 1240 appellari
2724 1180 2871 1226 recte
2909 1172 3084 1226 decet.
3125 1168 3429 1223 Nervorum
3474 1166 3618 1221 enim

2043 1263 2238 1332 triplex
2264 1261 2568 1316 ditl‘erentia
2601 1267 2686 1315 est
2715 1278 2728 1314 :
2765 1276 2890 1314 nam
2922 1260 3016 1329 qui
3047 1275 3076 1313 a
3111 1259 3336 1314 cerebro
3366 1273 3430 1312 ac
3473 1257 3620 1309 dorsi

2043 1352 2280 1407 medulla
2308 1351 2562 1406 oriuntur
2590 1347 2848 1419 peculiari
2879 1347 3097 1401 nomine
3141 1344 3294 1400 nervi
3339 1343 3620 1413 appellati-

2043 1455 2133 1499 tur
2167 1463 2180 1499 :
2212 1453 2267 1498 at
2308 1443 2397 1513 qui
2433 1459 2464 1497 a
2503 1441 2770 1497 musculis
2817 1441 3001 1504 tendi;
3036 1440 3130 1496 sed
3161 1439 3254 1509 qui
3291 1439 3360 1492 ab
3403 1437 3622 1492 ossibus

2043 1540 2365 1608 procedunt,
2400 1536 2708 1605 ligamenta.
2729 1534 2796 1588 At
2825 1533 3120 1588 talislocns
3146 1541 3200 1585 et
3223 1531 3508 1584 malleolus
3537 1529 3621 1581 di-

2043 1631 2204 1692 citur,
2239 1627 2383 1699 quod
2409 1628 2483 1681 illi
2519 1626 2752 1698 σφυράν,
2787 1627 2878 1679 καὶ
2904 1622 3015 1678 οἷον
3048 1627 3284 1694 σφαῖραν
3323 1622 3619 1693 appellant,

2043 1723 2310 1791 quasique
2341 1720 2585 1774 membra
2616 1719 3016 1788 compositione
3049 1717 3472 1786 constringatac
3499 1730 3621 1768 ner-

2044 1815 2126 1868 vis
2162 1821 2447 1882 compacta
2485 1812 2690 1866 reddat.
2728 1811 2832 1864 Sed
2874 1811 3041 1864 talum
3085 1818 3140 1863 et
3167 1806 3510 1880 ἀστράγαλον
3547 1805 3620 1858 illi

2044 1908 2316 1968 dictitant,
2341 1905 2428 1958 διὰ
2455 1903 2514 1956 τὸ
2541 1903 2810 1975 ἀστραϐῆ,
2845 1904 2940 1956 καὶ
2964 1902 3131 1974 ὀρθὴν
3157 1901 3444 1971 φυλάττειν
3471 1896 3623 1958 ποδὸς

2048 1996 2223 2066 βάσιν,
2257 1993 2394 2065 quod
2427 1994 2674 2048 videlicet
2701 1995 2847 2063 pedis
2875 1995 3043 2046 nostri
3073 2001 3304 2054 motum,
3337 2006 3398 2043 ne
3423 1990 3622 2042 distor—

2046 2083 2214 2152 queri,
2240 2082 2328 2134 sed
2361 2089 2497 2135 recte
2539 2081 2814 2149 procedere
2849 2082 3012 2149 possit
3053 2089 3284 2134 tuentur.
3321 2077 3395 2133 Os
3441 2085 3622 2131 autem

2047 2175 2192 2244 quod
2223 2174 2531 2229 orbiculare
2555 2183 2924 2243 nuncupatur,
2958 2174 3123 2227 talum
3151 2172 3498 2228 circulariter
3518 2186 3628 2223 am-

2049 2279 2157 2343 bit;
2192 2278 2244 2332 in
2269 2293 2378 2346 quo
2400 2276 2626 2342 κόκκυξ,
2657 2277 2953 2331 ossiculnm
2983 2275 3254 2337 videlicet,
3281 2275 3427 2345 quod
3454 2289 3626 2328 cucu»

2049 2371 2134 2424 lus
2167 2369 2389 2432 dicitur,
2439 2385 2673 2437 superne
2712 2369 3022 2436 iigameutis
3053 2383 3177 2421 cum
3211 2376 3452 2420 extrema
3484 2379 3626 2418 sura:

2049 2473 2200 2534 parte
2237 2465 2613 2527 connectitur;
2648 2472 2701 2516 et
2730 2461 2873 2531 quod
2908 2462 3194 2531 gibhosnm
3231 2462 3372 2512 inse
3401 2466 3504 2520 est,
3544 2454 3628 2508 iu-

2050 2558 2130 2610 lra
2179 2557 2520 2624 suppositum
2575 2555 2765 2618 habet,
2799 2563 2853 2608 et
2882 2553 3171 2623 colligatur
3205 2567 3326 2605 eum
3364 2549 3503 2618 ipso,
3537 2549 3626 2600 ubi

2050 2649 2424 2702 malleolorum
2457 2655 2510 2699 et
2541 2646 2779 2700 calcanei
2815 2645 2959 2699 basis
3009 2654 3111 2698 est.
3151 2644 3453 2697 Calcaneus
3477 2655 3626 2701 vero,

2050 2738 2494 2808 superciliaribus
2524 2736 2928 2806 prominentiis,
2967 2735 3112 2789 tibia)
3144 2748 3397 2802 sura-que
3427 2746 3620 2800 suppo-

2053 2842 2232 2904 nitur,
2303 2839 2462 2908 cujus
2517 2838 2855 2892 orbiculares
2911 2847 3093 2907 partes
3163 2833 3632 2906 comprehendunt

2051 2931 2187 2985 duas
2221 2931 2484 2998 quasdam
2519 2929 2609 2982 tali
2640 2929 3058 2997 prominentias,
3093 2943 3232 2998 quas
3286 2928 3340 2980 in
3376 2925 3629 2980 decentes

2051 3024 2419 3078 concavitates
2451 3021 2846 3075 accommodat.
2867 3019 3078 3074 Etenim
3112 3021 3356 3074 anterior
3389 3017 3626 3074 calcanei

360 3100 502 3153 κατὰ
532 3103 623 3154 τὸν
661 3105 1010 3175 ἀστράγαλον
1047 3107 1142 3160 καὶ
1181 3107 1284 3179 τὴν
1325 3110 1570 3181 πτέρναν
1593 3153 1606 3174 ,
1643 3111 1852 3180 ἰσχυροί
1882 3129 1937 3164 τε

2054 3130 2180 3184 pars
2211 3129 2242 3168 a
2286 3115 2437 3184 pedis
2467 3113 2678 3167 devexo
2717 3113 3046 3182 principium
3085 3113 3282 3176 habet;
3321 3120 3443 3180 post
3489 3109 3632 3164 hanc

360 3192 523 3256 πάνυ,
555 3197 649 3248 καὶ
669 3197 713 3228 ⁸¹
747 3199 1091 3268 στρογγύλοι,
1125 3202 1220 3254 καὶ
1250 3204 1756 3275 νευροχονδρὼδεις.

2048 3217 2228 3262 autem
2263 3207 2483 3278 planum
2520 3207 2690 3276 pedis,
2719 3206 2863 3275 quod
2898 3207 2970 3259 illi
2997 3206 3178 3258 πεδίον
3212 3206 3423 3268 dicunt,
3447 3202 3631 3274 quinis

360 3283 612 3389 ossiculis
651 3289 1044 3356 constitutum,
1079 3292 1289 3362 incipit,
1323 3311 1352 3348 a
1402 3296 1604 3365 quibus
1670 3299 1964 3360 digitorum
2030 3301 2260 3369 surculi,
2319 3301 2370 3355 in
2425 3315 2636 3370 ungues
2683 3298 2842 3368 129
2886 3299 3142 3354 concordi
3205 3299 3438 3368 quadam
3490 3295 3632 3352 serie

361 3373 675 3434 desinentes
731 3381 996 3451 originem
1059 3396 1286 3440 sumunt
1323 3405 1336 3442 :
1373 3397 1428 3442 at
1478 3391 1682 3444 surculi
1728 3393 1830 3462 ipsi
1889 3393 2121 3448 invicem
2170 3393 2538 3466 cartilagineis
2617 3393 2947 3462 quibusdam
3010 3393 3318 3463 ligamentis
3363 3390 3630 3457 copulan-

363 3481 469 3524 ίυΓ·
506 3471 824 3542 Ligammlla
884 3492 1051 3541 νθνο,
1085 3479 1286 3548 quibus
1328 3482 1473 3538 talus
1520 3485 1944 3556 caleancnmque
1979 3489 2314 3555 vinciuntur,
2371 3488 2535 3543 fortia
2593 3488 2888 3542 admodum
2956 3488 3398 3556 orbiculariaque
3471 3492 3628 3547 sunt,

362 3568 418 3613 ct
455 3576 517 3614 ex
563 3564 806 3620 nervosis
851 3569 1260 3638 cartilaginibns
1304 3574 1743 3630 constitutionem
1802 3580 1997 3635 sortita
2031 3589 2180 3637 sunt.

441 3652 602 3706 Ἔστι
645 3656 751 3728 γὰρ
795 3658 1027 3712 καθόλου
1083 3661 1178 3712 τοῦ
1217 3664 1376 3723 ποδὸς
1429 3666 1489 3717 ού
1528 3667 1688 3735 μόνον
1733 3671 1937 3738 συνάρο

366 3743 569 3814 θρωσις
616 3749 712 3801 καὶ
745 3749 1109 3823 διάρθρωσις,
1141 3754 1277 3806 ἀλλὰ
1314 3757 1408 3807 καὶ
1446 3758 1817 3827 συννεύρωσις
1845 3763 1940 3814 καὶ

365 3835 764 3908 συγχόνδρωσις
788 3858 803 3872 ·
840 3841 975 3896 πολὺ
1007 3843 1116 3913 γὰρ
1147 3843 1296 3914 αὐτῷ
1325 3846 1570 3914 ἀσφαλὲς
1597 3847 1754 3920 ἐδόθη
1772 3851 1816 3881 θ’
1850 3852 1940 3905 διὰ

360 3928 459 3998 τὴν
493 3931 626 4000 όχὴν
652 3933 776 3987 ὅλου
803 3935 898 3988 τοῦ
930 3935 1206 4004 σώματος,
1241 3937 1333 3990 καὶ
1360 3939 1450 3991 τὸν
1487 3939 1935 4012 ἀναϐασταγμὸν,

361 4021 456 4074 καὶ
491 4023 590 4094 τὴν
618 4019 731 4078 οἷον
764 4027 1120 4098 ἐπικειμένην
1153 4029 1458 4100 βαρύτητα.
1499 4031 1592 4084 καὶ
1624 4032 1723 4095 τὰς
1746 4033 1938 4098 λοιπὰς

360 4115 643 4199 ἐνεργείας
674 4118 874 4182 πάσας.
901 4119 1134 4188 Λέγεται
1159 4121 1217 4174 δὲ
1246 4122 1421 4187 ποὺς,
1455 4124 1606 4194 παρὰ
1627 4125 1689 4177 τὸ
1727 4125 1940 4179 πεπαῦ-

363 4205 486 4259 σθαι
523 4209 633 4261 ἀπὸ
662 4209 756 4263 τοῦ
791 4211 914 4264 ὅλου
948 4213 1199 4283 σώματος
1228 4213 1274 4247 ⁸³
1299 4215 1330 4285 ἦ
1363 4216 1422 4268 τὸ
1446 4220 1620 4271 παῦον
1649 4218 1744 4271 καὶ
1773 4217 1938 4289 λῆγον

360 4297 453 4350 τοῦ
495 4299 770 4370 σώματος.
830 4306 1062 4372 Λέγεται
1106 4305 1162 4360 δὲ
1209 4307 1304 4361 καὶ
1361 4308 1555 4377 ἴχνος,
1608 4311 1758 4382 παρὰ
1796 4313 1856 4363 τὸ
1893 4312 1941 4342 ⁸⁸

2113 3671 2178 3725 Et
2232 3687 2342 3740 quo
2405 3672 2656 3724 universa
2703 3669 2768 3723 de
2811 3669 2944 3738 pede
2993 3669 3268 3732 dicantur,
3304 3682 3409 3720 non
3471 3667 3631 3720 modo

2043 3763 2095 3815 in
2127 3763 2244 3830 ipso
2275 3761 2405 3830 pede
2447 3760 2654 3815 ossium
2699 3759 3023 3828 compositio
3070 3766 3187 3822 est,
3242 3771 3404 3826 quam
3435 3755 3626 3818 Graeci,

2043 3851 2414 3923 συνάρθρωσιν
2441 3893 2454 3911 ,
2479 3853 2573 3905 καὶ
2633 3851 2983 3923 διάρθρωσιν,
3013 3851 3116 3905 hoc
3172 3857 3275 3910 est,
3307 3846 3599 3901 coartieula
3618 3877 3631 3886 -

2042 3945 2234 3998 tionem
2267 3951 2314 3996 et
2345 3943 2842 3996 dearticulutionem
2903 3941 3138 4006 dicunt;
3199 3954 3386 3994 verum
3442 3937 3628 3992 etiam.

2045 4058 2273 4098 nervosa
2318 4043 2776 4114 cartilagiueaque
2820 4043 3127 4107 consertio,
3199 4039 3636 4109 cohmrentiaqne

2045 4136 2256 4200 visitur,
2277 4150 2438 4205 quam
2475 4135 2953 4207 ὶΙιίσυννεύρωσιν,
2991 4137 3083 4204 καὶ
3114 4133 3511 4207 συγχόνδρωσιν
3537 4149 3635 4202 ap-

2047 4228 2266 4298 pellant.
2321 4227 2528 4298 Atqui,
2580 4229 2742 4299 pedes
2805 4230 2953 4297 ipsos
2998 4247 3104 4285 non
3164 4229 3380 4285 modico
3440 4209 3636 4282 robore

2048 4320 2396 4375 stabiliendos
2455 4336 2576 4376 esse
2647 4323 2924 4391 oportuit,
2979 4339 3088 4393 quo
3153 4323 3319 4377 totius
3390 4320 3636 4389 corporis

365 4392 535 4463 ἴσχειν
581 4399 675 4450 καὶ
704 4398 950 4470 συνέχειν
985 4402 1105 4457 ὅλον
1133 4403 1225 4456 τὸν
1269 4404 1408 4457 πόδα
1431 4421 1446 4436 ⁸
1479 4406 1511 4475 ἦ
1545 4406 1653 4460 άπὸ
1685 4407 1780 4459 τοῦ
1822 4406 1937 4460 ἀνέ-

2047 4409 2279 4465 ferenda:
2322 4411 2447 4465 moli
2475 4455 2488 4478 ,
2517 4419 2570 4465 ct
2618 4413 2780 4468 veluti
2833 4392 3114 4469 acclinatis
3162 4413 3262 4467 sibi
3305 4409 3636 4481 ponderibus

360 4489 552 4555 χεσθαι
589 4491 689 4561 τῆς
730 4494 852 4562 γῆς.
896 4495 953 4547 Ὀ
984 4495 1039 4547 δὲ
1073 4496 1292 4562 tripode
1323 4496 1411 4550 διὰ
1445 4498 1503 4550 τὸ
1533 4497 1699 4569 ξηρὸν
1727 4499 1820 4552 τοῦ
1857 4499 1943 4551 τό·

362 4599 463 4633 που
493 4585 586 4636 καὶ
616 4585 858 4655 ἄσαρκον
881 4587 1054 4651 οὕτως
1084 4589 1286 4659 ἐκλήθη
1313 4607 1326 4620 ·
1365 4591 1458 4643 καὶ
1495 4591 1744 4663 Ὅμηρος
1766 4593 1811 4624 ³⁵
1851 4611 1864 4623 ·

2050 4503 2396 4572 ueterisque,
2430 4519 2549 4572 qua:
2586 4505 2883 4559 necessitas
2917 4505 3106 4574 exigit,
3141 4500 3462 4572 peragendis
3488 4540 3502 4564 ,
3539 4515 3634 4552 va-

2050 4590 2156 4645 lide
2187 4606 2250 4645 ac
2281 4589 2494 4645 fortiter
2520 4591 2860 4648 sufﬁcerent:
2887 4608 2979 4664 pes
3007 4592 3223 4661 quidem
3253 4591 3320 4644 ab
3345 4589 3472 4651 illis,
3499 4589 3634 4648 ποὺς

361 4672 511 4742 παρὰ
532 4675 592 4726 τὸ
619 4677 931 4730 πεπαῦσθαι
967 4679 1073 4732 ἀπὸ
1098 4680 1190 4733 τοῦ
1223 4681 1343 4734 ὅλου
1374 4681 1648 4752 σώματος.
1680 4683 1937 4753 quasique

2045 4699 2057 4736 ι
2091 4683 2208 4751 ipso
2249 4699 2275 4734 ιι
2331 4689 2446 4736 ιοιο
2475 4699 2708 4753 corpore
2758 4697 3027 4738 cessatum
3047 4680 3251 4736 sit.Vel
3274 4680 3417 4750 quod
3439 4677 3630 4736 παῦον,

362 4765 455 4817 καὶ
488 4765 652 4836 λῆγον
684 4768 779 4822 τοῦ
811 4769 1082 4840 σώματος,
1110 4772 1254 4842 quod
1291 4789 1419 4844 pars
1453 4775 1704 4829 videlicet
1763 4775 1869 4838 sit,
1908 4775 1937 4828 it

2045 4789 2181 4844 luam
2252 4789 2452 4842 corpus
2508 4775 2722 4829 desinat
2793 4773 3176 4840 termiuctque.
3216 4771 3320 4826 Sed
3371 4779 3421 4825 et
3486 4771 3630 4839 ἴχνος

363 4869 730 4930 nuncupatur,
766 4862 918 4933 παρὰ
943 4863 1002 4916 τὸ
1032 4865 1222 4934 ἴσχειν,
1254 4867 1348 4919 καὶ
1387 4867 1634 4936 συνέχειν
1671 4868 1764 4921 τὸν
1805 4866 1937 4919 πόδα

2045 4881 2110 4930 ›ν,
2165 4866 2312 4934 quod
2343 4874 2516 4920 totum
2571 4866 2760 4936 pedem
2818 4866 3130 4929 contineat,
3181 4864 3634 4934 comprehendat-

360 4971 508 5022 que,
557 4957 672 5012 sive
718 4959 860 5029 quod
907 4977 934 5014 a
982 4970 1123 5015 terra
1177 4978 1368 5033 gressu
1402 4963 1454 5017 in
1492 4964 1612 5034 ipso
1645 4963 1937 5028 attollitur,

2046 4960 2113 5015 od
2145 4960 2220 5014 illi
2253 4961 2540 5030 ἀνέχεσθαι
2571 4961 2680 5014 ἀπὸ
2723 4961 2822 5030 τῆς
2861 4964 2964 5033 γῆς
3017 4960 3225 5015 diettut.
3302 4960 3482 5014 Prima
3500 4974 3620 5014 vero

363 5048 514 5115 pedis
550 5065 710 5118 pars,
757 5053 994 5121 ταρσδς,
1028 5069 1057 5107 a
1099 5054 1241 5109 sicca
1279 5054 1398 5123 ejus
1433 5055 1537 5109 loci
1579 5053 1842 5125 qualitate
1881 5062 1933 5108 ct
1959 5051 2142 5108 carnis
2172 5061 2416 5120 cxper:e,
2448 5051 2716 5122 appellata
2749 5061 2849 5118 est,
2881 5061 2938 5106 ut
2973 5052 3242 5104 HOIIICI'IIS
3285 5068 3298 5104 :

385 5181 513 5235 Νῦν
567 5183 634 5238 δέ
685 5185 745 5255 μ’
796 5187 1135 5256 ἐπιγράψας
1204 5191 1430 5260 ταρσὸν
1494 5190 1680 5256 ποδὸς
1735 5192 1940 5259 εὔχεαι

2160 5186 2261 5242 Sed
2291 5188 2418 5242 mihi
2451 5188 2806 5258 perstringens
2841 5196 3045 5242 tersum
3071 5187 3135 5258 in
3173 5186 3300 5254 pede
3333 5185 3504 5258 gloria

1486 5262 1679 5327 αὔτως
1713 5261 1831 5333 (0).]

3070 5256 3293 5328 [quanta
3323 5257 3453 5309 haec.

361 5383 579 5438 Πεδίον
607 5385 666 5438 δὲ
706 5385 767 5438 τὺ
818 5387 1160 5460 ἔμπροσθεν,
1201 5389 1289 5442 διὰ
1339 5389 1399 5441 τὸ
1443 5389 1643 5458 ὁμαλόν
1664 5390 1748 5420 ⁸⁵·
1783 5390 1845 5442 τὸ
1886 5391 1937 5444 δὲ

2051 5394 2390 5448 Anterinrcm
2453 5401 2632 5447 autem
2683 5401 2891 5463 partem
2947 5393 3019 5447 ob
3055 5391 3175 5462 ejus
3209 5391 3507 5453 levitatem,
3557 5391 3630 5444 illi

433 5548 479 5580 ⁷⁷
504 5552 1000 5622 προσαγορεύονται
1035 5554 1073 5607 Β
1124 5555 1183 5610 Ρ.
1262 5558 1308 5586 ⁷⁸
1337 5557 1518 5622 κότζιν
1553 5555 1590 5607 Β
1620 5555 1658 5608 (ἶ
1693 5556 1748 5609 l‘.

380 5616 391 5626 ι
434 5555 477 5580 π
504 5555 1000 5620 προσαγορεύονται
1035 5555 1073 5607 Β
1124 5555 1183 5610 Ρ.
1262 5558 1308 5586 ⁷⁸
1337 5557 1518 5622 κότζιν
1553 5555 1590 5607 Β
1620 5555 1658 5608 (ἶ
1693 5556 1748 5609 l‘.
1848 5557 1893 5588 τ’
1924 5557 1937 5608 ἰ

366 5630 494 5688 ασφ.
522 5620 769 5693 ἐδωρήθη
805 5623 860 5675 Β.
894 5625 939 5656 ⁸³
965 5624 1043 5680 ὄλ.
1073 5627 1164 5678 τοῦ
1199 5643 1337 5691 σωμ.
1379 5627 1437 5682 Β.
1523 5626 1567 5658 ⁸³
1599 5627 1654 5680 τὸ
1689 5645 1794 5681 om.
1832 5629 1890 5682 .-\.

2045 5576 2085 5610 ι.
2115 5575 2237 5611 κατ.
2273 5559 2328 5611 Β.
2399 5555 2474 5589 ’⁸ο
2506 5559 2837 5629 συναρμόζει
2871 5558 2929 5613 Β.
3009 5556 3052 5589 ⁸¹
3081 5559 3172 5611 καὶ
3199 5557 3338 5612 πάνυ
3363 5555 3420 5610 Β.
3496 5557 3540 5587 ⁸³
3575 5555 3626 5607 τι

2049 5632 2140 5682 cit.
2173 5645 2280 5683 out.
2317 5630 2353 5682 Β
2388 5631 2444 5684 (ἶ.
2526 5631 2570 5660 ⁸⁵
2604 5632 2715 5685 haec
2745 5630 2907 5686 etiam
2937 5646 3045 5686 om.
3084 5629 3121 5682 Β
3181 5627 3242 5683 C.

1848 5557 1893 5588 τ’
1924 5557 2085 5610 ύποκ.
2115 5575 2237 5611 κατ.
2273 5559 2328 5611 Β.
2399 5551 2474 5589 ’⁸ο
2506 5576 2676 5629 συναρ

2683 5559 2837 5629 μόζει
2871 5558 2929 5613 Β.
3009 5556 3052 5589 ³¹
3081 5559 3172 5611 καὶ
3197 5557 3338 5629 πάνυ
3363 5555 3420 5610 Β.

1523 5626 1567 5658 ⁸⁵
1599 5627 1654 5680 τὸ
1689 5645 1794 5681 om.
1832 5629 1890 5682 .-\.
1972 5629 2016 5659 ⁸⁵
2049 5632 2140 5682 cit.
2173 5645 2280 5683 out.
2317 5630 2353 5682 Β
2388 5631 2444 5684 (ἶ.

2526 5631 2570 5660 ⁸⁸
2604 5627 2715 5685 haec
2745 5630 2907 5686 etiam
2937 5646 3045 5686 om.
3084 5629 3121 5682 Β
3181 5627 3242 5683 C.

438 5771 513 5840 (υ)
545 5771 608 5832 ΙΙ.
647 5777 712 5842 Α,
741 5777 863 5832 538.
