4066 6224
510 288 649 351 1267

1795 304 1850 361 Μ
1858 304 2083 363 Ειετιι
2123 304 2434 366 ΜΟΝΛΟΗΙ

3652 309 3803 367 ηαδ

508 408 713 472 πεδίον,
750 425 851 465 nos
884 412 1105 480 plantlm
1149 410 1300 481 pedis
1331 415 1691 484 appellamus.
1726 417 1909 474 Cutim
1944 436 2072 475 vero

2200 423 2557 476 ὑποκάτωθεν
2593 422 2687 476 τοῦ
2731 421 2890 486 ποδὸς
2926 421 3107 492 δέρμα
3134 416 3333 490 πέλμα
3368 416 3613 472 καλεῖται
3636 458 3650 475 .
3706 421 3801 474 διὰ

507 513 633 569 qua:
686 500 789 570 ipsi
849 504 970 571 pedi
1020 504 1308 571 subditur,
1367 506 1442 560 illi
1477 508 1659 578 πέλμα
1706 510 1794 563 διὰ
1839 511 1899 564 τὸ
1933 529 2091 583 περι-

504 592 799 656 πιλείσθαι,
823 594 991 664 ἤγουν
1020 595 1296 666 ὲσφίχθαι,
1332 598 1425 651 τοῦ
1460 600 1581 653 ὅλου
1608 601 1875 673 δέρματος
1906 604 2087 670 πλέον,

503 683 647 751 quod
685 683 938 739 videlicet
981 702 1284 755 compressa
1329 692 1723 761 constrictaquc
1767 703 1877 747 tota
1920 694 2089 766 magis

503 786 659 836 quam
708 771 910 841 reliqua
946 774 1081 826 culis
1119 776 1207 839 sit,
1245 786 1460 831 vocant.
1509 779 1813 835 Calcaueus
1849 798 1977 836 vero
2021 786 2090 839 ab

505 860 613 913 illis
639 860 843 931 πτέρνα
871 863 1280 928 denominatur,
1299 866 1386 919 διὰ
1402 868 1462 919 τὸ
1488 867 1929 925 ἐπιπεπτωκέναι
1950 862 2088 944 αύτὴ

500 945 621 1001 ὅλον
654 950 715 1003 τὸ
744 951 927 1021 σῶμα,
953 954 1094 1022 quod
1127 956 1177 1007 in
1213 956 1382 1024 ipsum
1417 966 1584 1010 totum
1613 974 1801 1028 corpus
1827 961 2093 1016 innitatur

2198 515 2260 568 τὸ
2292 516 2664 586 πεπιλῆσθαι,
2705 516 2875 586 ἤγουν
2907 513 3164 584 ἐσφίχθαι
3209 512 3304 565 τοῦ
3350 511 3472 565 ὅλου
3516 510 3804 580 δέρματος

2199 606 2385 658 πλέον.
2425 605 2489 658 Ἦ
2517 606 2574 658 δὲ
2606 605 2852 673 πτέρνα,
2892 606 3043 678 παρὰ
3073 604 3135 657 τὸ
3162 603 3618 657 ἐπιπεπτωκέναι
3649 604 3797 672 αὐτῇ

2197 696 2320 752 ὅλον
2352 696 2412 750 τὸ
2444 696 2603 767 σῶμα
2626 713 2640 729 ⁸
2671 700 2704 767 ἡ
2738 698 2797 751 δὲ
2826 698 2936 750 τῶν
2976 696 3209 766 ἄρθρων
3247 696 3517 766 ὀνομασία
3555 694 3800 766 εὓρηται

2196 788 2261 839 ἐκ
2277 787 2372 840 τοῦ
2398 787 2522 857 ἀρῶ
2546 788 2812 859 ῥήματος,
2846 789 2941 842 τοῦ
2966 788 3330 859 σημαίνοντος
3350 788 3396 818 ⁸⁷
3420 786 3483 838 τὸ
3510 782 3748 853 ἁρμόζω
3783 798 3797 813 ⁸

2199 877 2233 948 ἢ
2264 876 2352 932 διὰ
2386 877 2446 932 τὸ
2478 880 2749 950 ἀρηρέναι
2783 878 3063 949 ἀλληλοις,
3100 879 3128 931 ὃ
3158 879 3275 931 ἐστι
3317 876 3798 947 συναρμόζεσθαι,

2201 969 2295 1020 καὶ
2330 970 2691 1040 συνεσφίχθαι
2712 1012 2728 1034 ,
2760 971 2857 1024 καὶ
2886 970 3106 1041 βοηθεῖν
3122 969 3191 1022 ⁸⁸.

501 1051 656 1111 utque
694 1041 923 1095 incidat.
961 1042 1239 1099 Articulos
1270 1055 1452 1101 autem
1496 1048 1565 1100 ab
1603 1048 1739 1117 ipsis
1793 1048 1975 1120 ἄρθρα
2026 1067 2079 1120 ει

2190 1054 2288 1110 lari
2339 1058 2603 1127 diximus,
2635 1063 2702 1115 ὲκ
2758 1061 2852 1116 τοῦ
2898 1061 3041 1133 apto,
3088 1061 3150 1113 τὸ
3173 1060 3586 1132 ἁρμόζω,ᾳιιοά
3634 1058 3800 1113 vide-

504 1134 630 1188 licet
660 1152 752 1205 per
786 1139 924 1206 ipsos
956 1148 1133 1206 partes
1165 1136 1235 1192 ad
1270 1141 1488 1193 invicem
1520 1144 1770 1197 concinne
1820 1149 2287 1205 accommodentur
2330 1164 2487 1225 atque
2512 1166 2717 1211 cacant.
2759 1155 2853 1211 Vel
2892 1157 3049 1227 ipsos
3079 1157 3204 1212 inde
3243 1156 3419 1211 dictos
3462 1156 3685 1220 volunt,
3708 1149 3800 1205 διὰ

497 1227 560 1279 τὸ
590 1228 856 1299 ἀρηρέναι
883 1230 1149 1301 ἀλλήλοις,
1192 1235 1330 1303 quod
1363 1232 1521 1302 130
1561 1237 1811 1291 concordi
1840 1239 2075 1307 quadam

2185 1244 2294 1298 mla
2348 1248 2571 1301 invicem
2622 1248 2922 1317 ﬁrmentur,
2970 1250 3277 1304 com-eniam
3331 1258 3488 1318 atque
3521 1250 3797 1301 constrin-

498 1330 714 1389 guntur,
755 1323 1047 1393 altermque
1074 1325 1303 1381 alterius
1339 1329 1617 1399 suppetias
1646 1329 1847 1386 adsint.

781 1436 914 1508 Cap.
943 1438 1093 1493 XXX
1123 1473 1193 1482 —
1227 1440 1301 1495 De
1331 1452 1448 1496 cute
1482 1450 1530 1495 et
1562 1442 1624 1495 de
1652 1441 1799 1510 pilis.

577 1550 645 1606 Et
690 1552 907 1621 quidem
970 1562 1140 1609 totum
1203 1571 1403 1626 corpus
1464 1557 1605 1612 cutis
1638 1556 1975 1625 operimento
2008 1567 2085 1613 te-

497 1645 683 1711 gitur,
729 1644 888 1715 cujus
943 1647 1192 1716 quaedam
1245 1664 1371 1717 pars
1426 1648 1551 1718 pilis
1591 1648 1801 1713 obsita,
1835 1650 2083 1720 quadam

2244 1450 2384 1518 Κεφ.
2421 1448 2733 1517 ΛἎ-οηερὶ
2769 1446 3063 1517 δέρματος
3096 1448 3194 1502 καί
3231 1448 3366 1517 περὶ
3406 1448 3629 1520 τριχῶν
3654 1454 3733 1509 ⁸³.

2262 1561 2625 1618 Καλύπτεται
2670 1557 2766 1617 οὖν
2802 1561 2855 1595 ’⁸
2886 1563 3033 1617 ἅπαν
3061 1562 3123 1615 τδ
3163 1562 3327 1634 σῶμα
3366 1564 3473 1617 ὑπὸ
3519 1565 3618 1620 τοῦ
3661 1568 3798 1639 δέρο

2195 1674 2367 1729 ματος
2394 1673 2408 1689 ⁸
2444 1658 2540 1713 καὶ
2584 1658 2701 1712 ἔστι
2735 1657 2804 1711 τὰ
2839 1659 2939 1728 μὲν
2968 1655 3156 1719 αὑτοῦ,
3190 1656 3590 1727 τετριχωμένα,
3620 1661 3698 1713 τὰ
3735 1661 3795 1714 δὲ

495 1750 626 1788 vero
681 1736 926 1805 ipsorum
993 1753 1187 1808 expers
1248 1742 1603 1811 conspicitur.
1660 1742 1862 1799 Verum
1910 1741 2079 1796 enim-

2191 1750 2425 1822 ἄτριχα·
2474 1749 2860 1822 τετριχωμένα
2905 1748 3069 1819 μὲνὴ
3107 1748 3321 1819 κεφαλὴ
3346 1792 3361 1815 ,
3397 1751 3493 1804 καὶ
3533 1750 3605 1803 τὰ
3638 1752 3793 1824 μέρη

498 1840 626 1879 \‘ero
648 1864 662 1891 ,
696 1843 761 1880 cx
813 1826 898 1881 his
937 1844 1059 1897 quae
1091 1829 1279 1898 pilosa:
1311 1842 1495 1900 partes
1530 1844 1683 1899 sunt,
1716 1841 1899 1903 caput,
1937 1848 2091 1888 men-

498 1926 613 1970 tum
692 1917 944 1987 labiaque
1010 1919 1489 1994 habentur,quaa
1557 1934 1670 1979 tum
1748 1926 2086 1996 tegumenti,

498 2020 614 2063 tum
652 2010 870 2067 decoris
927 2014 1101 2082 gratia
1126 2050 1140 2077 ,
1176 2024 1372 2069 natura
1420 2016 1544 2085 pilis
1591 2018 1857 2073 obtexuit.
1888 2017 1958 2071 At
1991 2018 2086 2088 pili

501 2114 596 2183 qui
634 2114 688 2168 iu
721 2118 1031 2184 superciliis
1078 2127 1132 2171 et
1180 2120 1322 2175 ciliis
1385 2121 1667 2188 visuntur,
1702 2123 1882 2177 tutelae
1916 2135 2084 2176 causa

501 2211 770 2277 procreati
841 2219 970 2265 sunt
1030 2213 1181 2282 :qui
1256 2229 1385 2269 vero
1453 2216 1555 2269 sub
1623 2216 1726 2270 alis
1785 2223 1949 2285 atque
2015 2215 2082 2269 ad

500 2297 752 2368 pudenda
801 2301 1092 2365 oriuntur,
1144 2318 1307 2358 casus
1353 2305 1638 2373 cujusdam
1685 2315 1922 2371 eventu,
1975 2322 2081 2360 non

500 2390 683 2444 tutela:
711 2392 910 2461 gratia,
946 2409 1071 2446 cum
1103 2394 1293 2449 irritus
1325 2395 1458 2449 inibi
1503 2397 1737 2466 pilorum
1775 2396 1928 2452 locus
1973 2398 2079 2464 sit,

496 2483 601 2536 orti
654 2493 803 2539 sunt.
837 2485 1035 2555 Atqui.
1071 2502 1169 2542 nec
1218 2491 1513 2556 lcgumeuli
1560 2506 1722 2544 causa
1752 2533 1764 2557 ,
1808 2490 1939 2545 inibi
1988 2492 2080 2561 pili

493 2575 799 2644 exsistunt,
833 2578 1090 2647 quoniam
1141 2580 1240 2634 σιω
1284 2597 1312 2634 a
1346 2581 1599 2636 manibus
1639 2584 1914 2653 castisque
1946 2585 2082 2637 satis

493 2676 752 2736 protectae
788 2668 1061 2723 visuntur.
1110 2671 1211 2724 Sed
1250 2686 1426 2741 neque
1484 2672 1554 2724 ob
1597 2672 1848 2726 decorem
1906 2673 2076 2726 ullum

491 2763 642 2830 ipsos
673 2766 1006 2819 constitutos
1052 2765 1418 2831 crediderim,
1450 2766 1705 2835 quoniam
1749 2775 1941 2821 natura
1986 2767 2079 2821 ad-

490 2855 588 2910 diti
622 2856 837 2911 decoris
870 2858 1067 2913 habere
1098 2873 1287 2913 curam
1325 2874 1436 2912 non
1477 2860 1645 2913 novit.
1677 2856 1890 2913 Nullius
1928 2858 2076 2912 enim

492 2950 604 3014 rei,
638 2949 798 3020 cujus
844 2960 927 3005 est
972 2950 1290 3007 abscondita
1334 2951 1706 3022 pulchritudo,
1739 2950 2075 3006 desiderium

491 3041 650 3096 nobis
674 3041 1000 3098 innascitur.
1035 3044 1101 3097 Et
1138 3044 1276 3114 pilos
1306 3045 1525 3114 quidem
1557 3053 1752 3100 eventu
1784 3044 1936 3100 nasci
1974 3044 2079 3100 hoc

491 3144 651 3201 pacto
700 3150 1012 3190 censemus.
1071 3134 1543 3201 Quemadmodum
1592 3136 1737 3189 enim
1778 3136 2074 3206 agricolis,
2105 3115 2147 3172 (ἶ

493 3226 547 3278 iu
598 3226 743 3280 horti
799 3228 882 3280 sui
917 3228 1129 3282 cultura
1158 3268 1172 3292 ,
1204 3227 1538 3297 praecipuum
1591 3229 1929 3299 propositum
1970 3236 2075 3295 est,

492 3318 655 3373 utiles
703 3318 902 3374 herbas
942 3320 1250 3390 stirpesque
1287 3319 1577 3390 frugiferas
1618 3320 1841 3375 assidua
1882 3322 2078 3392 irriga-

492 3411 639 3465 tioue
668 3409 1020 3481 perfundere,
1056 3413 1255 3467 accidit
1290 3413 1478 3477 etiam,
1516 3422 1571 3468 et
1595 3413 1815 3483 spinas,
1851 3414 2078 3468 herbas-

488 3519 596 3572 que
630 3504 768 3560 alias
811 3506 995 3561 minus
1039 3506 1222 3574 utiles,
1248 3516 1302 3562 et
1324 3507 1391 3562 ad
1426 3522 1583 3577 sepes
1612 3522 1879 3577 usumque
1908 3507 2076 3562 alium

487 3595 851 3664 deputandas,
889 3596 1135 3668 irrigari;
1163 3598 1355 3653 eodem
1388 3599 1574 3663 modo,
1611 3607 1665 3653 et
1700 3599 1959 3670 vegetalis
1992 3598 2076 3651 fa-

486 3688 686 3755 cultas,
717 3690 786 3744 ad
821 3704 916 3745 eos
947 3706 1089 3763 quos
1123 3691 1556 3748 memoravimus
1584 3704 1753 3755 usus,
1796 3691 1938 3763 pilos
1976 3708 2077 3746 un-

485 3796 731 3852 guesque
760 3782 951 3837 molita
999 3791 1102 3851 est,
1132 3784 1333 3854 quibus
1361 3795 1416 3840 et
1451 3785 1797 3849 alimentum,
1823 3794 1877 3840 et
1902 3784 2078 3839 incre-

487 3885 758 3941 mentum,
793 3890 896 3930 nec
928 3891 1037 3930 non
1062 3878 1535 3942 constitutionem,
1564 3877 1831 3947 impertiri
1856 3877 2077 3933 assidue

485 3965 722 4035 satagit;
762 3966 856 4021 sed
893 3967 1125 4024 fumosae
1187 3969 1435 4040 corporis
1484 3970 1655 4024 nostri
1705 3971 2076 4026 exhalationls

483 4059 767 4110 concretio
794 4057 994 4111 horum
1019 4059 1433 4115 constitutionis
1452 4075 1616 4115 causa
1632 4060 1869 4114 exsistit.
1896 4059 1961 4113 Et
1982 4060 2071 4129 pili

482 4146 704 4215 quidem
746 4149 815 4202 ab
863 4150 997 4220 ipsis
1029 4152 1214 4222 τρίχες
1267 4153 1651 4222 appellantur,
1706 4146 1817 4206 οἷον
1863 4151 2074 4225 δέρικες

481 4238 563 4291 ὅτι
598 4238 929 4311 θερίζονται,
971 4244 1110 4313 quod
1143 4244 1392 4300 videlicet
1426 4245 1674 4298 deineleri
1724 4245 1960 4304 soleant,
2009 4259 2074 4298 ac

483 4332 714 4387 sectioni
746 4333 970 4387 assidue
996 4334 1219 4388 obnoxii
1248 4335 1379 4389 siut.
1411 4331 1554 4389 Nihil
1586 4336 1730 4389 enim
1754 4376 1767 4397 ,
1800 4336 2067 4400 omnium,

478 4440 604 4494 quae
638 4426 691 4478 in
722 4439 955 4495 corpore
989 4433 1178 4480 nostro
1205 4434 1353 4493 sunt,
1384 4442 1537 4496 aeque
1556 4435 1710 4480 extra
1742 4428 1982 4491 tendere,
2007 4443 2071 4483 ac

480 4517 575 4587 pili
606 4519 824 4573 nititur.
850 4518 1006 4574 Cutis
1046 4534 1173 4573 vero
1200 4534 1346 4589 pars,
1375 4535 1498 4588 quae
1536 4519 1659 4588 pilis
1694 4534 1886 4575 vacare
1931 4536 2065 4574 con-

481 4610 733 4680 spicitur,
766 4611 1230 4681 quemadmodum
1266 4626 1460 4665 manus
1489 4612 1689 4681 palma.
1723 4629 1787 4667 ac
1811 4611 1988 4683 digiti,
2013 4623 2069 4667 et

478 4704 631 4771 pedis
692 4706 879 4775 planta
940 4706 1226 4768 musculis,
1284 4705 1517 4770 pilorqu
1570 4706 1708 4769 vice,
1776 4706 2062 4761 redundat.

2103 4487 2201 4573 υτ

2191 1843 2291 1914 τῆς
2316 1844 2429 1899 ἀνω
2479 1844 2575 1896 καὶ
2600 1842 2643 1876 ⁹¹
2692 1843 2793 1913 τῆς
2830 1841 2982 1896 κάτω
3029 1840 3227 1910 γένυος
3249 1880 3263 1907 ,
3298 1844 3397 1895 καὶ
3425 1845 3495 1896 τὰ
3534 1842 3632 1896 τοῦ
3662 1845 3791 1915 xei-

2189 1935 2317 1999 λους
2341 1953 2357 1969 ο
2388 1929 2549 1990 αὗται
2590 1935 2700 2006 γὰρ
2748 1934 2962 2006 σκέπης
2993 1935 3088 1989 καὶ
3121 1935 3329 2005 κόσμου
3376 1935 3633 2003 ἐγένοντο
3675 1936 3790 2004 χά-

2193 2046 2281 2102 ριν
2306 2029 2392 2061 ⁰¹’
2445 2030 2502 2081 αί
2550 2028 2608 2082 δὲ
2638 2027 2749 2083 τῶν
2798 2026 3022 2100 ὀφρύων
3072 2028 3168 2081 καὶ
3219 2028 3331 2080 τῶν
3395 2025 3783 2100 βλεφαρίδων,

2186 2122 2529 2192 ἀσφαλείας·
2582 2122 2638 2174 αί
2689 2121 2747 2175 δὲ
2798 2119 2907 2175 τῶν
2972 2120 3269 2192 μασχαλῶν
3324 2119 3552 2191 καὶτῆς
3597 2119 3783 2190 ἥϐης,

2187 2215 2327 2269 κατὰ
2359 2214 2733 2285 συμϐεϐηκός.
2766 2211 2907 2267 Οὔτε
2957 2213 3067 2285 γὰρ
3098 2210 3167 2266 δι’
3211 2211 3517 2281 ἀσφάλειαν
3537 2252 3553 2275 ,
3583 2210 3784 2282 ἐπειδὴ

2187 2303 2415 2374 ἄκαιρός
2458 2304 2609 2356 ἐστιν
2661 2305 2690 2356 ὁ
2722 2302 2907 2367 τόπος.
2968 2297 3108 2357 Ούτε
3161 2303 3249 2357 διὰ
3302 2302 3547 2373 σκέπην,
3585 2302 3784 2374 ἐπειδὴ

2187 2397 2480 2450 σκέπονται
2520 2395 2628 2449 ὑπὸ
2664 2395 2773 2448 τῶν
2806 2394 3008 2467 χειρῶν
3047 2396 3143 2449 καὶ
3170 2395 3278 2448 τῶν
3304 2395 3554 2465 πλευρῶν
3581 2396 3641 2447 αἱ
3670 2413 3785 2465 μα-

2185 2488 2401 2558 σχάλαι.
2450 2487 2590 2540 Ἀλλ’
2621 2487 2743 2541 οὔτε
2777 2488 2867 2541 διὰ
2907 2490 3114 2559 κόσμον
3142 2487 3211 2555 ⁸³,
3245 2489 3621 2557 κρυπτόμενον
3654 2487 3784 2557 γὰρ

2183 2579 2389 2648 κόσμον
2438 2579 2471 2649 ἡ
2520 2577 2684 2648 φύσις
2732 2580 2831 2632 οὐκ
2876 2574 2987 2631 εἶδε
3015 2578 3098 2611 ⁸⁸·
3142 2571 3219 2631 ὧν
3261 2577 3366 2647 γὰρ
3395 2577 3455 2629 τὸ
3492 2577 3694 2640 κάλλος
3724 2578 3783 2611 ’⁸

2182 2668 2525 2737 κρύπτεται,
2571 2669 2631 2721 ού
2662 2668 2719 2721 δὲ
2750 2667 2917 2721 πόθου
2960 2667 3210 2739 δέχονται
3233 2668 3279 2699 ’⁸
3307 2668 3544 2736 γένεσιν.
3590 2666 3785 2735 [λέγο-

2184 2781 2284 2834 μεν
2317 2761 2374 2817 δὲ
2400 2764 2500 2828 τὰς
2529 2765 2721 2837 τρίχας
2744 2764 2887 2819 κατὰ
2917 2781 2980 2816 συ
2990 2762 3272 2833 μϐεϐηκὸς
3292 2761 3541 2831 γίνεσθαι
3568 2761 3778 2826 οὕτως.

2182 2854 2395 2929 ’Ὠσπερ
2439 2858 2550 2929 γὰρ
2601 2860 2628 2912 ὁ
2680 2856 2928 2929 γεωργὸς
2983 2855 3124 2909 κατὰ
3174 2855 3394 2929 πρῶτον
3454 2854 3553 2923 μὲν
3608 2853 3781 2923 λόγον

2178 2949 2397 3021 ἀρδεύει
2452 2948 2521 3003 τὰ
2554 2950 2803 3021 χρήσιμα
2836 2948 2948 3001 τῶν
2979 2948 3249 3017 λαχάνων,
3289 2942 3323 3015 ἢ
3377 2944 3489 2997 τῶν
3541 2944 3737 3013 φυτῶν
3762 2962 3777 2977 ο

2181 3042 2325 3096 κατὰ
2350 3042 2604 3113 δεύτερον
2629 3039 2673 3074 ’⁷
2704 3041 2783 3109 δὲ,
2809 3042 2906 3096 καὶ
2934 3043 3034 3106 τὰς
3060 3039 3323 3104 ἀκάνθας,
3349 3039 3445 3093 καί
3472 3039 3574 3103 τὰς
3604 3038 3781 3104 ἄλλας

2180 3135 2289 3187 τῶν
2340 3135 2611 3206 βοτανῶν,
2671 3135 2753 3198 είς
2807 3132 3065 3203 φραγμὸν
3112 3130 3319 3195 ταύτας
3366 3132 3461 3185 καὶ
3513 3132 3688 3202 ἄλλην
3727 3130 3780 3164 ⁹⁶

2179 3228 2369 3299 χρείαν
2400 3227 2787 3299 ἐπινοούμενος
2805 3244 2819 3259 ο
2850 3225 3026 3290 οὕτως
3049 3227 3143 3280 καὶ
3171 3228 3203 3297 ἡ
3230 3225 3502 3297 θρεπτικὴ
3528 3225 3775 3295 δύναμις

2178 3321 2260 3383 εἰς
2297 3319 2399 3383 τὰς
2429 3319 2729 3391 εἰρημένας
2765 3319 2948 3383 αἰτίας
2978 3318 3078 3382 τὰς
3115 3317 3310 3389 τρίχας
3346 3317 3441 3371 καὶ
3476 3319 3607 3382 τοὺς
3642 3318 3779 3372 ὄνυ-

2178 3428 2276 3480 χας
2318 3409 2704 3480 ὲπινοουμὲνη,
2746 3411 2843 3464 καὶ
2871 3409 3087 3481 τρέφει,
3133 3410 3229 3462 καὶ
3260 3404 3439 3473 αὔξει,
3487 3410 3584 3462 καὶ
3645 3426 3781 3462 συν-

2183 3500 2308 3575 ιστᾷ
2329 3520 2342 3533 ·
2375 3503 2483 3557 τῶν
2526 3503 2637 3575 γὰρ
2676 3503 2901 3557 καπνῶν
2934 3502 3043 3557 τῶν
3076 3502 3517 3574 ἀτμωδεστάτων
3541 3504 3587 3533 ⁹⁹
3607 3542 3621 3564 ,
3659 3500 3777 3554 τῶν

2178 3597 2243 3648 ἐκ
2281 3596 2374 3650 τοῦ
2425 3595 2678 3667 σώματος
2719 3596 3201 3668 ἁναπεμπομένων
3250 3596 3415 3667 πῆξιν
3451 3591 3779 3663 λαμϐανόν-

2176 3705 2285 3740 των
2309 3729 2323 3753 ,
2382 3681 2539 3742 αὗται
2592 3689 2961 3745 συνίστανται.
3006 3690 3209 3759 Τρίχες
3247 3689 3302 3743 δὲ
3339 3689 3626 3757 λέγονται,
3659 3684 3780 3741 οἷον

2178 3780 2398 3851 θέρικες
2420 3799 2433 3812 ·
2481 3780 2632 3852 θέριξ
2661 3780 2772 3852 γὰρ
2798 3782 2892 3836 καὶ
2923 3781 3046 3853 θρὶξ
3076 3783 3217 3836 κατὰ
3250 3782 3538 3852 σύγκοπήν
3585 3782 3603 3813 ι
3636 3797 3649 3809 ·
3682 3782 3774 3833 ὅτι

2178 3873 2456 3945 θερίζεται
2487 3875 2581 3927 καὶ
2615 3873 2877 3945 τέμνεται
2934 3873 3196 3945 συνεχῶς.
3244 3873 3416 3928 Οὐδὲν
3465 3875 3574 3945 γὰρ
3625 3875 3777 3928 οὕτω

2174 3966 2285 4019 τῶν
2340 3968 2398 4019 ἐν
2433 3965 2566 4037 ἡμῖν
2605 3967 2751 4039 πηδᾷ
2796 3968 2933 4038 πρὸς
2963 3966 3033 4020 τὰ
3077 3966 3235 4031 ἐκτὸς
3266 3966 3456 4037 ὥσπερ
3487 3970 3521 4037 ὴ
3570 3966 3697 4038 θρίξ
3728 3971 3772 4022 ¹.

2189 4060 2279 4113 Ἐν
2314 4054 2395 4124 οἷς
2431 4059 2531 4131 μὲν
2574 4057 2669 4113 οὖν
2695 4060 2887 4123 τόποις
2917 4060 3139 4130 ἄτριχον
3173 4059 3414 4130 ὑπάρχει
3442 4059 3505 4112 τὸ
3542 4059 3710 4128 σῶμα
3725 4060 3771 4120 ³,

2178 4153 2315 4222 μῦες
2345 4153 2589 4223 δηλονότι
2621 4153 2744 4205 κατ’
2788 4152 3034 4215 ἐκείνους
3072 4151 3198 4216 τοὺς
3239 4152 3443 4215 τόπους
3482 4151 3770 4221 ὑπάρχους

2176 4263 2261 4298 σιν
2286 4243 2326 4300 ⁸.
2369 4245 2582 4316 ’Ὠσπερ
2619 4245 2711 4299 ἐπὶ
2741 4245 2841 4315 τῆς
2876 4244 3135 4316 παλάμης
3174 4244 3403 4298 καὶτῶν
3440 4243 3768 4309 δακτύλων,

2175 4338 2268 4390 καὶ
2297 4336 2389 4389 τοῦ
2422 4336 2698 4407 πέλματος
2729 4337 2839 4391 τῶν
2870 4338 3048 4391 ποδῶν
3074 4353 3087 4366 ο
3125 4338 3183 4389 ἰν
3216 4331 3297 4400 οἷς
3331 4336 3387 4390 δὲ
3420 4335 3557 4406 μῦες
3597 4337 3770 4389 αἰτιοι

2175 4428 2275 4481 ούκ
2305 4429 2447 4493 εἰσὶ,
2497 4428 2689 4499 τρίχες
2724 4427 2987 4499 φύονταιο
3021 4429 3100 4500 ni]
3158 4429 3258 4499 μὲν
3297 4429 3554 4493 πλείους,
3588 4428 3670 4499 πὴ
3709 4428 3767 4480 δὲ

2205 4522 2373 4589 λίγαι.
2422 4522 2735 4594 Σκὲπασμα
2770 4522 2872 4593 μὲν
2894 4525 2915 4555 ⁸
2950 4522 3060 4594 γὰρ
3098 4522 3158 4576 τὸ
3188 4521 3310 4577 ὅλον
3356 4523 3534 4593 δέρμα
3565 4522 3767 4589 γέγονε

2176 4612 2270 4664 καὶ
2304 4610 2625 4681 περίϐλημα
2658 4612 2759 4681 τῆς
2798 4612 3014 4680 ἁπαλῆς
3046 4613 3250 4683 σαρκὸς
3271 4656 3284 4680 ,
3317 4611 3415 4666 καὶ
3443 4612 3552 4665 τῶν
3579 4611 3765 4665 ἄλλων

2176 4704 2393 4756 πάντων
2426 4704 2535 4756 τῶν
2565 4704 2882 4759 ἐντοσθίων.

486 4798 588 4852 Ubi
644 4808 825 4853 autem
852 4839 867 4863 ,
912 4801 1058 4854 nulla
1105 4800 1424 4871 bujusmodi
1480 4800 1855 4855 musculorum
1901 4815 2068 4853 causa
2110 4799 2343 4863 exsistit,
2377 4798 2470 4867 pili
2510 4798 2562 4851 iu
2616 4799 2947 4868 quibusdam
2973 4798 3167 4870 magis,
3193 4799 3245 4851 in
3270 4798 3599 4868 quibusdam
3631 4809 3764 4848 vero

477 4891 681 4957 minus,
714 4892 991 4946 oriuntur.
1030 4892 1324 4948 Enimvero
1352 4934 1365 4957 ,
1393 4909 1501 4947 nou
1528 4893 1687 4947 modo
1712 4890 1891 4946 mollis
1915 4906 2066 4953 caro,
2095 4907 2285 4947 verum
2316 4890 2479 4945 etiam
2521 4892 2781 4946 universa
2840 4906 2965 4961 qua:
3010 4891 3245 4946 interius
3289 4899 3439 4951 sunt,
3473 4900 3599 4941 cute
3645 4889 3759 4957 ipsa

475 4998 575 5052 pro
615 4993 929 5056 legumento
974 4995 1028 5039 ct
1078 4986 1407 5043 obductione
1450 4995 1697 5041 utuntur.

544 5077 702 5134 Cutis
723 5079 868 5133 enim
904 5080 1060 5149 131
1100 5082 1318 5137 callosae
1346 5092 1556 5135 natura:
1600 5080 1852 5143 habetur,
1881 5080 2065 5150 quasi-

475 5186 583 5238 que
607 5170 723 5239 ipsa
771 5170 840 5223 ab
880 5170 1155 5225 ambiente
1185 5186 1345 5234 aere,
1386 5180 1441 5224 et
1474 5171 1635 5224 rebus
1680 5170 1733 5223 iu
1767 5186 1904 5237 quas
1942 5185 2061 5223 eam

473 5260 693 5315 assidue
730 5261 967 5316 incidere
1016 5262 1301 5331 contingit,
1349 5261 1625 5315 callescat.
1669 5257 1846 5311 Mollis
1891 5256 2063 5325 siqui-

472 5352 595 5407 dem
653 5368 814 5416 caro,
884 5352 1084 5407 alicubi
1152 5352 1420 5422 simplex,
1483 5349 1683 5406 alicubi
1756 5350 2059 5417 composita

1108 5487 1154 5519 8"
1206 5487 1426 5558 βοηθεῖν
1470 5489 1501 5559 ἢ

544 5487 589 5518 ⁸⁷
614 5486 891 5567 satiabo"
908 5488 991 5567 ,ᾼε

2247 5077 2402 5129 Ἔστι
2431 5076 2488 5129 δὲ
2522 5076 2581 5128 ei;
2610 5075 2785 5146 δέρμα
2815 5079 2880 5147 τῇ
2905 5075 3069 5145 φύσει
3100 5076 3335 5139 τυλῶδες
3354 5077 3395 5142 ⁸,
3436 5078 3543 5130 ύπύ
3574 5095 3633 5129 τε
3662 5080 3755 5131 τοῦ

2173 5169 2520 5237 περιέχοντος
2560 5170 2655 5220 καὶ
2697 5169 2807 5221 τῶν
2844 5168 3323 5240 προσομιλούντων
3358 5170 3634 5237 σωμάτων
3663 5190 3757 5223 tu-

2170 5259 2398 5313 λωθέντ.
2418 5262 2480 5312 'H
2511 5260 2569 5312 δὲ
2600 5260 2787 5331 ἁπαλὴ
2821 5260 2979 5331 σὰρξ,
3009 5263 3085 5333 πὴ
3118 5261 3219 5330 μέν
3249 5264 3400 5315 ἐστιν
3432 5262 3579 5333 ἁπλῆ
3600 5264 3646 5325 ⁸,
3679 5264 3754 5332 πὴ

2169 5352 2225 5405 δὲ
2257 5352 2510 5417 σύνθετος
2539 5370 2551 5382 ο
2586 5354 2680 5406 καὶ
2714 5355 2789 5424 πὴ
2827 5355 2925 5424 μὲν
2968 5354 3107 5425 μετὰ
3155 5355 3308 5425 μυῶν
3354 5356 3448 5409 καὶ
3482 5356 3647 5422 ἰνῶν,
3679 5356 3751 5426 τὴ

1558 5489 1645 5541 διὰ
1682 5486 1740 5539 τὸ
1777 5492 2079 5555 συναρτᾶοθ

2186 5493 2243 5547 l’.
2321 5497 2364 5527 ³⁸⁵
2398 5496 2475 5547 sic
2514 5495 2648 5550 Cod.
2702 5495 2763 5549 C.
2821 5500 3000 5551 minus
3036 5501 3321 5553 cmuwndc
3371 5501 3421 5551 ill
3466 5502 3577 5551 lali.
3637 5500 3746 5551 div.

474 5555 523 5636 ξθ
544 5555 744 5637 γοὲνΒ
864 5630 875 5637 _
908 5559 951 5589 "
985 5563 1049 5612 ἐκ
1294 5555 1470 5627 κοσμ.
1493 5555 1627 5637 ’χιλιρέ
1784 5555 1897 5637 lli.”
1924 5560 1972 5593 ⁸³
1994 5563 2196 5632 κόσμον
2226 5568 2376 5626 ποῖος
2407 5566 2515 5635 γὰρ
2548 5566 2925 5637 κρυπτόμενος
2957 5568 3011 5621 l’.
3093 5569 3138 5600 9‘
3169 5565 3311 5621 οἶδεν
3352 5568 3390 5621 Β
3424 5570 3481 5622 l’.
3561 5568 3610 5600 "
3651 5571 3725 5622 κάν

474 5622 564 5687 λος
601 5625 664 5682 Β.
739 5630 785 5661 ⁸⁸
822 5630 1037 5699 δέχεται
1093 5630 1151 5682 Β.
1228 5630 1273 5661 ⁹⁷
1298 5622 1439 5682 κατᾶ
1482 5622 1828 5698 συμϐεϐηκός
1861 5629 1920 5682 Β.

477 5711 638 5781 Eax:
672 5713 780 5781 om.
954 5701 1409 5781 :IIZBP.0m...B.-.
1440 5701 1657 5781 :és'pjw.
1691 5702 1726 5752 li
1761 5699 1816 5751 ί).

479 5758 569 5820 B.’
618 5767 635 5796 ⁷
670 5766 906 5837 τηλωθὲν
952 5768 1011 5823 Β.
1090 5770 1319 5839 ⁸ἁπιλὴ
1374 5772 1412 5823 Β
1448 5769 1504 5822 Ρ.

1936 5704 1951 5735 ³
1980 5708 2115 5758 κατὰ
2146 5705 2235 5758 τὸν
2261 5707 2423 5759 τόπον
2448 5706 2553 5758 ὑπ’
2582 5704 2788 5760 ἐκεῖνον
2812 5706 2868 5760 Β.

2001 5634 2047 5662 ⁹⁸
2079 5634 2109 5702 ἦ
2139 5636 2217 5706 εἰς
2240 5636 2358 5688 ἀλλ.
2388 5635 2446 5689 Β.
2488 5634 2491 5635 ⁷
2527 5637 2570 5666 ’⁸
2592 5634 2786 5706 ἀτμῶν
2819 5655 2871 5690 τ.
2903 5640 3377 5692 καπνωδεστᾰιτων
3412 5640 3470 5693 Β.
3551 5641 3565 5671 ¹
3601 5642 3743 5693 κατὰ

2951 5710 2969 5737 ³
2999 5711 3097 5780 μὲν
3145 5728 3252 5764 nui.
3314 5710 3371 5766 Β.
3453 5712 3472 5741 ⁶
3501 5710 3740 5781 τηλιῖιδῖς
