4066 6224
459 300 590 355 η’ῖί

1707 290 1987 348 MELETll
2027 288 2339 346 MONACHI

2124 94 2149 107 σ

3572 276 3732 329 ῒὲῗὲ.

456 421 641 475 nullus
682 421 827 474 enim
885 418 1127 472 ominum
1162 416 1255 485 qui
1310 416 1362 468 in
1417 429 1645 484 corpore
1694 424 1880 468 nostro
1931 414 2034 467 hu-

2164 411 2224 462 ηὲν
2258 409 2367 479 γὰρ
2389 406 2498 459 τῶν
2547 404 2605 455 ὲν
2648 399 2726 469 τῷ
2766 398 2980 469 σώματι
3025 395 3215 467 χυμῶν
3257 393 3586 485 θερμότερον
3628 394 3735 485 τοῦ

444 534 643 572 ηιιιοιοεε
684 524 847 582 sunt,
892 512 1159 582 sanguine
1215 510 1441 565 calidior
1502 511 1748 565 habetur.
1809 511 1868 562 In
1910 508 2035 578 quir-

460 606 564 661 bus
592 606 745 660 enim
796 602 1018 671 sanguis
1076 600 1372 665 exuberat,
1418 614 1607 654 eorum
1635 599 1806 668 magis
1848 598 2035 653 hilaris

462 698 675 751 animus
720 694 984 749 redditur.
1035 692 1200 747 Flava
1256 707 1386 746 vero
1451 692 1575 746 bilis
1628 691 2035 746 concitatiorem

462 788 920 857 audacioremque
972 786 1134 850 facit,
1178 787 1271 840 sed
1334 794 1485 848 atra,
1545 785 1927 839 modestiorem
1974 800 2039 840 ae

464 878 834 943 stabiliorem;
888 886 946 932 at
1000 878 1231 948 pituita,
1290 878 1462 946 magis
1549 877 1805 937 inertem,
1875 884 2039 945 atque

461 984 717 1036 asperum
756 966 917 1023 efficit
976 987 988 1021 :
1048 969 1357 1039 siquidem,
1407 967 1635 1037 pituita,
1685 969 1737 1021 in
1784 967 1867 1021 sui
1910 983 2042 1022 con-

462 1061 767 1126 stitutione,
808 1060 1022 1116 modice
1048 1062 1440 1116 erassescentis
1469 1061 1744 1130 qualitatis
1774 1071 1828 1115 et
1877 1069 2040 1131 gustu
2078 1078 2083 1081 ‘

464 1152 810 1223 salsuginosa
862 1152 1112 1209 habetur.
1178 1151 1342 1205 Flava
1387 1167 1520 1207 vero
1580 1152 1706 1206 bilis
1756 1151 1930 1221 magis
1960 1160 2041 1206 te-

464 1257 625 1296 nuem
687 1242 1136 1297 constitutionem
1180 1251 1234 1297 et
1284 1251 1444 1313 gustu
1478 1243 1896 1297 amaritudinem
1923 1258 2044 1299 sor-

467 1332 565 1387 tita
612 1340 719 1387 est.
779 1332 912 1387 Atra
967 1342 1147 1386 autem
1190 1334 1492 1388 acescentis
1530 1342 1757 1403 gustus,
1787 1334 1872 1388 sui
1913 1349 2043 1389 vero

464 1425 877 1491 constitutione,
910 1425 976 1479 ad
1011 1440 1253 1480 crassam
1284 1426 1458 1495 magis
1498 1436 1841 1497 terreamque
1883 1437 2044 1481 natu-

466 1533 583 1570 ram
615 1516 871 1581 declinat.
920 1516 985 1570 Et
1042 1518 1267 1587 sanguis
1327 1518 1544 1586 quidem
1611 1519 1762 1572 rubei
1804 1520 2041 1581 coloris;

469 1607 662 1676 pituita
724 1607 879 1671 alba,
934 1608 1069 1660 llava
1126 1607 1251 1661 bilis
1323 1608 1663 1677 pallescens,
1732 1619 1850 1663 atra
1917 1625 2045 1663 vero

472 1698 625 1762 nigra
663 1707 764 1752 est.
810 1696 876 1750 lli
911 1706 1090 1752 autem
1128 1699 1387 1753 humores
1415 1700 1628 1769 cognati
1656 1715 1779 1753 cum
1817 1715 2043 1769 corpore

2137 501 2372 570 αἵματός
2403 500 2540 550 ἐστι.
2573 493 2928 564 Ἰλαρωτέραν
2950 489 3006 543 δὲ
3034 488 3133 558 τὴν
3160 485 3340 556 ψυχὴν
3364 483 3535 536 τοῦτον
3557 482 3737 552 ἐργά-

2138 595 2315 658 ζεται,
2350 594 2408 644 ὲν
2440 585 2523 653 οἷς
2554 586 2840 649 πλεονάζει
2862 599 2876 613 ·
2920 585 2953 652 ἡ
2982 582 3038 635 δὲ
3077 580 3246 649 ξανθὴ
3283 576 3437 648 χολὴ,
3462 575 3741 643 γοργοτέ-

2140 704 2241 757 ραν
2274 686 2308 756 ἢ
2341 682 2683 754 θρασυτέραν
2706 682 2752 712 ⁸³
2772 696 2787 709 ο
2822 679 2855 748 ἡ
2885 677 2941 729 δὲ
2979 675 3232 746 μέλαινα,
3269 668 3605 741 σεμνοτέραν
3634 668 3739 719 καὶ

2139 777 2564 848 εὑσοενεστέραν
2605 790 2619 804 ο
2662 773 2724 826 τὸ
2766 772 2823 825 δὲ
2868 770 3113 839 φλέγμα,
3161 762 3588 836 ἀργωδεστέραν
3633 760 3741 813 καὶ

2142 869 2643 941 σκληρωδεστέραν.
2689 866 2846 918 Ἔστι
2900 863 2959 916 δὲ
3004 860 3068 914 τὸ
3126 858 3347 928 φλέγμα
3391 852 3741 922 συμμέτρως

2142 964 2288 1034 παχὺ
2325 963 2467 1016 κατά
2524 959 2785 1013 σύστασιν
2814 998 2829 1021 ,
2874 953 3117 1025 ἁλμυρὸν
3171 951 3229 1005 δὲ
3267 947 3407 1003 κατά
3439 944 3639 1013 γεῦσιν
3669 944 3741 995 ³⁸.

2152 1058 2219 1110 Ἦ
2267 1055 2326 1109 δὲ
2354 1053 2521 1125 ξανθὴ
2573 1051 2726 1123 χολὴ,
2762 1047 3066 1118 λεπτοτέρα
3118 1061 3179 1098 τε
3232 1042 3329 1097 καὶ
3360 1039 3502 1095 κατά
3534 1036 3744 1105 γεῦσιν

2144 1147 2349 1219 πικρά·
2394 1149 2429 1216 ὴ
2472 1146 2531 1198 δὲ
2575 1144 2822 1215 μέλαινα,
2876 1140 3027 1204 ὀξεῖα
3087 1138 3186 1205 μὲν
3241 1134 3385 1188 κατά
3435 1130 3639 1199 γεῦσιν
3672 1130 3741 1187 ³³.

2143 1243 2346 1312 παχεῖα
2376 1240 2433 1292 δὲ
2462 1240 2608 1292 κατά
2641 1235 2923 1297 σύστασιν,
2960 1231 3056 1285 καὶ
3084 1227 3320 1298 γεώδης.
3358 1226 3469 1279 Καὶ
3511 1223 3639 1275 ἐστι
3673 1222 3740 1272 τό

2104 1388 2107 1391 λ
2148 1336 2246 1406 μὲν
2274 1327 2414 1403 αἷμα
2438 1328 2668 1401 ἐρυθρὸν
2709 1330 2776 1396 τῇ
2813 1325 3007 1396 χροιᾷ·
3048 1320 3245 1374 λευκὸν
3276 1318 3334 1371 δὲ
3376 1316 3437 1369 τὸ
3465 1315 3700 1383 φλέγμα
3726 1329 3742 1343 ⁸

2145 1424 2299 1496 ὠχρά
2322 1425 2380 1477 δὲ
2413 1425 2447 1495 ἠ
2482 1421 2647 1491 ξανθὴ
2673 1420 2802 1491 χολὴ
2826 1435 2840 1448 ·
2883 1417 3051 1488 μέλας
3073 1414 3130 1466 δὲ
3156 1414 3185 1465 ὁ
3212 1406 3605 1481 μελαγχολικὸς
3641 1422 3746 1473 χυ-

2150 1521 2267 1589 μός.
2300 1512 2458 1572 Οὗτοι
2479 1516 2585 1586 γάρ
2624 1514 2762 1565 εἰσιν
2810 1512 2859 1563 οἱ
2900 1509 3183 1577 συγγενεῖς
3208 1503 3309 1556 τοδ
3350 1501 3603 1570 σώματος
3639 1514 3743 1566 1'"

2152 1612 2240 1682 μοί
2265 1627 2280 1642 '
2315 1609 2373 1675 ἐξ
2394 1603 2469 1662 ὧν
2505 1607 2573 1661 τά
2606 1606 2703 1677 μὲν
2730 1604 2879 1657 ἁπλᾶ
2916 1600 3107 1669 γέγονε
3142 1598 3308 1667 μόρια
3333 1611 3347 1623 ·
3375 1594 3445 1645 τὰ
3470 1592 3525 1645 δὲ
3556 1590 3743 1682 ὀργαο

2148 1681 2353 1772 νικά,ἣ
2387 1696 2773 1753 σύνθετα.-Καὶ
2803 1695 3037 1763 ὑπάρχει
3076 1691 3186 1751 τοῖς
3239 1687 3337 1757 μὲν
3371 1681 3746 1753 ὁμοιομερέσι

473 1796 659 1842 nostro
684 1797 841 1854 sunt;
875 1804 938 1842 ex
966 1789 1188 1858 quibus,
1222 1789 1470 1858 quaedam
1514 1790 1793 1859 simplices
1833 1800 2037 1859 partes,

2164 1796 2242 1849 ιιαῖ
2278 1793 2470 1856 ἁπλοῖς
2497 1791 2617 1845 κατ’
2669 1789 2881 1847 οὐσίαν,
2934 1784 2994 1838 τὸ
3045 1781 3269 1852 θερμὸν,
3296 1779 3357 1830 τὸ
3402 1774 3635 1845 ψυχρὸν,
3685 1773 3749 1823 τὸ

472 1881 718 1949 quaedam
781 1881 1231 1936 instrumentales
1300 1880 1453 1935 facta:
1517 1891 1665 1936 sunt.
1728 1881 1793 1935 Et
1834 1883 2046 1937 simila-

460 1972 615 2026 trium
656 1972 893 2041 quidem,
956 1988 1020 2027 ac
1064 1972 1395 2042 simplicium
1467 1974 1736 2043 partium,
1792 1974 2047 2028 substan-

475 2064 623 2119 tialia
655 2073 802 2129 sunt,
847 2064 1085 2119 calidum
1114 2106 1129 2131 ,
1162 2064 1444 2136 frigidum,
1502 2065 1711 2121 siceum
1769 2074 1823 2120 et
1864 2067 2045 2119 humi-

470 2156 627 2211 dum.
688 2156 1027 2225 Compositis
1106 2171 1238 2211 vero
1299 2166 1462 2226 atque
1534 2157 2047 2211 instrumentalibus

2151 1887 2338 1957 ξηρὸν,
2378 1884 2437 1936 τὸ
2463 1882 2665 1952 ὑγρόν·
2704 1882 2815 1942 τοῖς
2842 1877 2898 1930 δὲ
2931 1873 3211 1934 συνθέτοις
3258 1869 3354 1922 καὶ
3392 1866 3746 1957 ὀργανικοῖς,

2150 1954 2381 2029 τδήκατά
2429 1974 2597 2042 φύσιν
2643 1971 2743 2041 τῆς
2792 1966 3080 2039 ἁρμονίας,
3116 1963 3211 2015 καὶ
3259 1960 3318 2012 τὸ
3357 1954 3748 2010 συντεθεῖσθαι

2153 2066 2365 2130 καλῶς·
2409 2066 2486 2128 ὡς
2535 2066 2673 2135 μήτε
2731 2061 2822 2114 τὸν
2870 2056 3150 2127 ὀφθαλμὸν
3205 2051 3557 2114 στασιάζειν,
3599 2047 3747 2116 μήτε

2152 2159 2377 2222 σκάςειν
2406 2158 2499 2211 τὸν
2530 2156 2687 2210 πόδα.

474 2254 580 2308 hoc
619 2253 797 2308 inesse
836 2260 1029 2307 natura
1056 2253 1368 2307 necessario
1407 2254 1586 2318 debet,
1632 2253 1707 2306 uti
1751 2253 2041 2317 concinna,
2082 2270 2148 2309 ac
2195 2269 2432 2311 concors
2501 2250 2871 2307 membrorum
2899 2243 3054 2315 133
3109 2237 3397 2309 dispositio
3423 2234 3515 2298 sit.
3546 2232 3645 2295 Sic.
3682 2238 3749 2283 υῑ

474 2344 667 2398 oculus
697 2344 988 2399 irrctortus
1019 2345 1289 2408 videatur,
1335 2361 1398 2400 ac
1418 2362 1516 2415 pes
1547 2344 1865 2414 neutiquam
1894 2343 2183 2401 claudicet.

550 2435 837 2491 Similares
875 2445 1057 2493 autem
1102 2448 1280 2507 partes
1328 2448 1881 2509 temperamentorum
1915 2455 2061 2495 com-

480 2538 668 2599 petens
719 2532 1024 2585 moderatio
1068 2533 1381 2586 necessario
1444 2533 1704 2602 subsequi
1751 2534 1931 2600 debet,
1980 2533 2059 2586 uti

458 2621 535 2675 in
574 2621 887 2687 densitate,
923 2624 1005 2677 vel
1050 2623 1306 2686 raritate,
1354 2624 1469 2677 sive
1524 2624 1913 2687 crassitudine,
1967 2632 2064 2678 aut

480 2712 807 2782 gracilitate,
840 2726 893 2768 et
915 2715 1057 2769 bono
1099 2723 1195 2769 aut
1245 2716 1389 2769 malo
1428 2716 1631 2781 colore,
1679 2727 1793 2771 tum
1835 2716 1889 2769 in
1921 2717 2060 2771 mol-

483 2803 623 2869 litie,
666 2803 785 2858 sive
819 2804 1137 2873 asperitate,
1180 2820 1288 2859 non
1325 2805 1397 2858 sit
1424 2820 1705 2861 excessus.
1745 2805 1867 2860 llazc
1893 2807 2056 2861 etiam

480 2894 890 2962 substantialia,
929 2896 984 2950 in
1034 2896 1546 2952 instrumentalibus
1598 2907 1727 2953 sunt
1772 2908 1832 2952 ut
1870 2899 2060 2955 mode-

481 2986 732 3051 ratione,
781 2988 1209 3058 compositione,
1274 3005 1540 3057 numcro,
1591 3004 1656 3045 ac
1703 2989 1871 3060 ﬁgura
1930 3007 2061 3047 con-

483 3086 685 3144 gruant
714 3093 732 3145 ;
764 3093 889 3131 nam
944 3079 1049 3133 hoc
1082 3080 1394 3133 necessario
1442 3080 1494 3133 in
1553 3081 2063 3147 instrumentalihus

2246 2441 2335 2505 Ἐξ
2370 2442 2617 2510 ἀνάγκης
2643 2437 2700 2491 δὲ
2727 2437 2919 2490 ἕπεται
2962 2432 3075 2493 τοῖς
3126 2422 3509 2497 ὁμοιομερέσιν
3557 2420 3590 2488 ἡ
3632 2417 3753 2470 τῶν

2162 2533 2412 2603 κράσεων
2437 2528 2754 2601 συμμετρία
2776 2544 2790 2557 ·
2818 2529 2851 2594 ὴ
2876 2524 3019 2578 κατὰ
3043 2520 3325 2588 δασύτητα
3342 2515 3429 2568 καὶ
3448 2511 3748 2603 demant-a-

2164 2599 2369 2695 ﬂ-Xatfk
2403 2599 2693 2692 παχύτητα
2738 2619 2833 2671 καὶ
2889 2614 3211 2685 ἰσχνότητα’
3269 2608 3366 2661 καὶ
3394 2607 3427 2674 ἡ
3473 2602 3617 2656 κατά
3636 2599 3754 2669 τὴν

2162 2715 2418 2786 εὔχροιάν
2451 2732 2509 2767 τε
2548 2714 2641 2766 καὶ
2689 2710 2951 2780 ἀχροιαν·
2984 2706 3079 2759 καὶ
3126 2701 3351 2773 προσέτι
3392 2696 3761 2767 μαλακότητα

2166 2785 2651 2877 καὶσκληρότητα.
2695 2803 2820 2865 Ίόῖς
2842 2801 2898 2854 δὲ
2925 2798 3238 2869 ὀργανικοῖς
3268 2794 3393 2848 κατ’
3423 2789 3614 2843 οὐσίαν
3649 2785 3760 2854 μὲν

2167 2902 2201 2971 ἡ
2232 2897 2566 2970 συμμετρία,
2608 2895 2703 2949 καὶ
2732 2896 2765 2965 ἡ
2798 2891 3068 2955 σύνθεσις,
3107 2887 3201 2941 καὶ
3232 2888 3259 2939 ὁ
3281 2882 3537 2956 ἀριθμὸς,
3570 2883 3668 2933 καὶ
3694 2881 3764 2932 τὸ

2171 2986 2386 3056 σκῆμον
2428 2986 2487 3051 ἐξ
2528 2984 2777 3053 ἀνάγκης
2807 2981 2862 3034 δὲ
2898 2981 2959 3033 τὸ
3016 2978 3197 3040 καλῶς
3232 2976 3330 3038 τὰς
3383 2972 3670 3045 ἐνεργεζας
3714 2971 3762 3001 ³¹

2167 3077 2401 3131 ’ἑκαστον
2448 3077 2557 3129 τῶν
2597 3074 2908 3147 ὀργανικῶν
2960 3071 3233 3124 ὲκτελεῖψ
3289 3064 3404 3121 οἷον
3455 3066 3556 3135 τὴν
3596 3068 3764 3134 χεῖρα

486 3167 822 3234 requiritur,
874 3169 953 3223 uti
1011 3185 1203 3224 eorum
1276 3170 1559 3238 quodlibet
1624 3181 1775 3226 recte
1843 3173 2063 3227 deman-

2171 3169 2352 3233 καλῶς
2379 3168 2897 3239 ἀντιλαμϐάνεσθαι,
2929 3166 3025 3220 καὶ
3050 3166 3119 3217 τά
3168 3162 3335 3233 σκέλη
3388 3160 3573 3223 καλῶς
3611 3158 3768 3229 βαδί-

487 3258 612 3312 data
672 3259 774 3313 sibi
819 3260 1006 3314 munia
1068 3270 1311 3330 peragat,
1374 3270 1433 3314 ut
1493 3263 1701 3318 scilicet
1768 3278 1965 3319 manus
2011 3264 2065 3317 in

490 3349 657 3404 rebus
709 3351 989 3419 capiendis
1039 3360 1186 3429 recte
1247 3361 1569 3420 moveatur,
1627 3356 1789 3424 pedes
1825 3371 1954 3409 vero
2012 3357 2065 3410 in

466 3451 680 3507 gressu
705 3477 721 3503 ,
750 3454 914 3495 aures
955 3439 1009 3494 iu
1044 3442 1301 3497 audiendi
1333 3443 1423 3507 vi,
1456 3454 1509 3497 et
1532 3444 1677 3497 oculi
1717 3445 1770 3498 in
1806 3446 2067 3499 cernendi

495 3530 762 3588 facultate
790 3534 1015 3590 minime
1044 3534 1321 3591 deficiant.
1358 3535 1514 3591 Tunc
1556 3537 1720 3591 etiam
1767 3538 2066 3606 hominem,

493 3638 604 3693 qua
636 3624 704 3678 ad
735 3640 938 3694 corpus
968 3628 1180 3691 attinet,
1212 3627 1412 3681 habere
1463 3628 1791 3697 peculiarem
1828 3644 1892 3683 ae
1939 3645 2070 3698 pro-

467 3714 668 3790 priam
699 3714 955 3769 virtutem
986 3717 1317 3770 censendum
1354 3727 1457 3780 est,
1493 3732 1617 3769 cum
1654 3716 1708 3770 in
1745 3717 1861 3772 suis
1902 3717 2072 3771 aetio-

495 3803 680 3870 nibus,
714 3805 1070 3876 cogitatione,
1101 3808 1396 3871 memoria,
1434 3808 1852 3877 imaginatione,
1899 3810 2074 3865 sensi-

498 3896 602 3953 bus
642 3911 708 3952 ac
750 3898 981 3967 reliquis
1019 3915 1141 3968 qua:
1184 3900 1249 3953 al
1292 3915 1492 3969 corpus
1523 3902 1786 3969 attinent,
1818 3901 1887 3956 ab
1921 3903 2071 3957 omni
2156 3946 2161 3951 .

498 3986 923 4054 reprehensione
947 3988 1191 4042 redditur
1231 3998 1536 4059 exemptus.

472 4145 476 4149 .
569 4076 849 4147 Siquidem
893 4079 1057 4133 homo
1082 4088 1211 4134 tunc
1244 4081 1529 4139 rationalis
1570 4082 1793 4136 nomine
1822 4091 2076 4139 censetur

500 4168 741 4236 (tametsi
779 4171 902 4224 talis
929 4182 1124 4225 natura
1165 4170 1279 4242 sit),
1310 4187 1436 4227 cum
1469 4174 1613 4227 circa
1643 4174 1882 4243 primum
1906 4174 2076 4243 septi-

503 4274 651 4312 mum
681 4260 734 4313 in
756 4264 1107 4317 enuntiandis
1145 4265 1539 4333 reddendisque
1571 4266 1775 4328 verbis,
1795 4267 2077 4320 rationalis

503 4353 700 4411 anima:
742 4353 1015 4409 facultatis
1043 4356 1455 4412 evidentissima
1487 4367 1804 4426 argumenta
1835 4358 2075 4413 exhibet.

502 4444 646 4501 Anni
677 4446 821 4501 enim
851 4446 946 4516 qui
972 4446 1112 4500 infra
1142 4447 1272 4501 illud
1307 4457 1523 4517 tempus
1549 4458 1695 4512 sunt,
1728 4448 1955 4505 rationis
1984 4466 2080 4504 ex-

2170 3261 2307 3328 ζειν,
2338 3262 2516 3316 καὶτὰ
2550 3255 2664 3314 ὦτα
2685 3260 2927 3321 ἀκούειν,
2961 3257 3204 3318 καὶτοὺς
3224 3253 3543 3324 ὀφθαλμοὺς
3573 3251 3767 3312 καλῶς

2173 3355 2410 3426 βλέπειν.
2439 3352 2756 3423 Τηνικαῠτα
2781 3351 2889 3422 γάρ
2933 3352 2977 3382 ³³
3009 3349 3109 3418 τὴν
3141 3347 3349 3400 οἰκείαν
3372 3343 3578 3415 ἀρετὴν
3611 3344 3766 3411 ἔχειν

2171 3447 2315 3501 κατὰ
2345 3446 2406 3499 τὸ
2446 3445 2607 3516 σῶμα
2660 3445 2753 3498 τὸν
2801 3443 3086 3513 ἄνθρωπον
3113 3442 3159 3471 ³⁵
3205 3438 3461 3507 λέγομεν,
3495 3436 3628 3489 ὃταν
3656 3436 3768 3495 τὰς

2172 3541 2376 3602 οἰκείας
2411 3539 2693 3610 ἐνεργείας
2711 3538 3019 3609 ἀμέμπτως
3050 3532 3295 3602 ἐπιτελῇ,
3326 3532 3423 3592 τὰς
3446 3532 3593 3583 κατά
3611 3528 3763 3595 λογε-

2182 3635 2318 3704 σμὸν
2343 3636 2409 3698 ³⁵,
2441 3632 2539 3696 τὰς
2565 3633 2705 3686 κατά
2740 3632 2979 3702 μνήμην,
3002 3629 3102 3690 τάς
3134 3626 3277 3680 κατά
3297 3623 3627 3692 φαντασίαν,
3657 3622 3768 3682 ti;

2184 3725 2303 3779 κατ’
2335 3724 2608 3796 αἴσθησιν,
2641 3725 2735 3778 καὶ
2758 3725 2877 3787 «ca;
2918 3723 3114 3786 λοιπὰς
3165 3720 3259 3775 τοῦ
3304 3720 3556 3791 σώματος
3602 3720 3768 3789 ἐνερ-

2178 3817 2353 3886 γείας.

2262 4080 2414 4134 Ἐπεὶ
2428 4080 2484 4132 δὲ
2504 4077 2724 4147 λογικὸς
2743 4077 2787 4109 ³⁸
2805 4074 3141 4147 κυρίωςτότε
3163 4069 3430 4140 λέγεταιὸ
3445 4067 3765 4138 ἄνθρωπος,

2181 4173 2229 4226 εἰ
2265 4172 2359 4225 καὶ
2391 4170 2554 4239 φύσει
2596 4169 2714 4222 ἐστὶ
2759 4168 3010 4237 λογικὸς,
3060 4168 3191 4219 ὅταν
3231 4164 3331 4234 ἤδη
3384 4161 3569 4223 ἱκανός
3610 4162 3767 4212 ἐστιν

2182 4262 2456 4334 ἑρμηνεὺς
2500 4255 2643 4314 εἶναι
2685 4260 2792 4312 τῶν
2824 4258 3072 4325 συνήθων
3105 4255 3388 4326 ὀνομάτων
3419 4271 3480 4306 τε
3526 4252 3621 4305 καὶ
3660 4254 3763 4322 ρη-

2187 4358 2407 4427 μάτων,
2465 4356 2559 4407 καὶ
2607 4355 2650 4385 ³⁷
2688 4354 2785 4424 τὴν
2816 4352 3052 4420 λογικὴν
3099 4349 3213 4414 ἕξιν
3278 4346 3765 4418 περιποιούμενος,

2156 4486 2159 4487 ν
2184 4452 2349 4522 ἦγουν
2375 4448 2517 4501 κατά
2546 4448 2646 4515 τὴν
2677 4445 2901 4515 πρώτην
2927 4443 3240 4496 ἑπταετίαν.
3265 4440 3347 4493 Τά
3370 4440 3479 4509 γὰρ
3498 4439 3603 4509 προ
3627 4439 3770 4490 ταύ-

506 4546 704 4607 pertes,
729 4538 1209 4610 imprudentesque
1243 4554 1307 4594 ac
1336 4538 1584 4593 fatuitate
1615 4539 1757 4608 pleni
1784 4540 2063 4594 habentur.

2183 4559 2280 4611 της
2311 4540 2427 4610 έτη,
2493 4538 2737 4604 ἀλογίας,
2786 4537 2882 4590 καὶ
2932 4534 3246 4601 ἀσυνεσίας,
3301 4534 3398 4587 καὶ
3447 4528 3769 4601 ἀφροσύνης

505 4630 643 4684 Cum
671 4645 800 4684 vero
830 4631 977 4685 aliud
1019 4631 1361 4701 septennium
1413 4630 1728 4697 absolverit,
1774 4628 2077 4700 perfectum

509 4730 656 4777 recte
716 4723 922 4778 dixeris
968 4742 981 4778 :
1035 4740 1159 4778 nam
1221 4724 1529 4794 hujusmodi
1575 4732 1708 4780 tetas
1760 4724 1937 4779 simile
1975 4724 2079 4779 sibi

510 4830 798 4883 procreare
870 4816 1069 4871 idonea
1124 4825 1228 4872 est.
1279 4817 1360 4871 Ad
1410 4818 1544 4880 ha-c,
1608 4817 1756 4872 tertii
1813 4816 2081 4888 septennii

512 4918 726 4977 tempus
812 4909 1526 4982 corporis‘incrementum
1586 4909 1909 4980 praascribit,
1957 4925 2082 4964 nam

513 5009 634 5067 post
705 5000 941 5069 primum
990 5016 1151 5070 supra
1189 5001 1507 5056 vicesimum
1565 5016 1794 5069 annum,
1834 5002 1970 5057 nihil
2018 5001 2084 5057 ad

517 5091 740 5145 humani
804 5091 1051 5160 corporis
1126 5092 1555 5162 magnitudinem
1622 5095 1829 5150 accedit
1882 5113 1895 5148 :
1950 5094 2085 5149 tales

515 5180 785 5251 siquidem
843 5182 1005 5245 anni,
1060 5182 1214 5251 vigor
1265 5193 1319 5236 et
1371 5182 1470 5237 tlos
1528 5183 1707 5238 aetatis
1764 5199 2087 5253 nuncupan-

516 5284 627 5328 tur.
678 5273 960 5328 Rationale
1030 5274 1175 5329 enim
1230 5275 1330 5345 ipsi
1388 5276 1585 5330 animae
1638 5277 1817 5346 primo
1866 5285 2086 5346 septen-

520 5366 612 5421 nio
648 5365 1038 5435 prtescribitur.
1094 5366 1162 5419 At
1210 5376 1338 5421 sunt
1390 5368 1547 5422 nobis
1596 5384 1789 5422 sensus
1820 5368 2086 5438 quinque,

594 5570 638 5599 ’τ’
669 5568 761 5619 καὶ
792 5567 876 5637 Op.
911 5567 972 5622 C.
1050 5568 1092 5597 ³⁰
1123 5565 1264 5618 κατά
1290 5566 1387 5636 τὴν
1417 5566 1604 5632 γεῦσιν
1638 5565 1693 5618 Ιῖ.

527 5637 567 5690 Β
595 5636 653 5689 l‘.
729 5638 770 5669 "
921 5638 1011 5689 τὸν
1038 5637 1193 5706 ἄνορ.
1244 5639 1388 5689 κατά
1433 5637 1492 5689 τί)
1522 5654 1570 5688 σ.
1605 5638 1641 5687 li
1671 5640 1724 5690 Ρ.

527 5707 571 5739 ³⁷
626 5706 720 5757 καὶ
773 5724 880 5760 ein.
925 5706 982 5760 Β.
1062 5708 1102 5739 ³*
1136 5725 1221 5777 τρ.
1268 5709 1377 5777 γὰρ
1416 5706 1658 5760 πάλινιὶ.

1774 5568 1813 5597 ³²
1845 5567 1941 5636 τὴν
1992 5566 2180 5632 γεῦσιν
2217 5565 2255 5617 li

1803 5639 1845 5668 ³⁸
1875 5635 2009 5691 κατὰ
2040 5639 2130 5690 τὸν
2178 5638 2289 5705 λοξὴ
2336 5635 2400 5707 li.

2185 4632 2503 4703 ἀνάμεστα·
2560 4631 2702 4683 κατὰ
2750 4629 2806 4681 δὲ
2853 4628 2953 4699 τὴν
2991 4626 3187 4695 ἑτέραν
3242 4625 3537 4679 ἑπταετίαν
3577 4624 3770 4691 ἄκρως

2186 4723 2552 4778 τελειοῦσθαιο
2608 4720 2889 4782 τελείωσις
2939 4718 2994 4772 δέ
3050 4720 3168 4770 ἐστι.
3226 4716 3459 4785 δύναμις
3516 4714 3618 4782 τῆς
3674 4710 3769 4763 τοῦ

2186 4816 2373 4887 ὁμοίου
2405 4816 2635 4886 σπορᾶς.
2683 4814 2818 4884 Περὶ
2849 4812 2957 4881 γὰρ
3014 4810 3114 4879 τὴν
3155 4805 3770 4879 τεσσαρεσκαιδεκάτην

2190 4907 2404 4980 ἡλικίαν
2433 4906 2493 4960 τὸ
2525 4907 2710 4975 ὅμοιον
2736 4904 2929 4973 γεννᾷν
2963 4900 3260 4970 δυνάμεθα.
3299 4899 3470 4967 Τρίτη
3518 4897 3683 4949 πάλιν
3725 4895 3771 4925 ³³

2191 4999 2451 5054 ὲπταετία
2481 4998 2653 5069 πέρας
2681 4995 2826 5048 ἔστιν
2846 4994 3125 5064 αὐξήσεως
3147 5008 3161 5022 ⁸
3194 4992 3325 5061 ἄχρι
3360 4990 3470 5059 γάρ
3504 4988 3624 5050 ἐνὸς
3677 4987 3772 5038 καὶ

2191 5089 2396 5143 εἴκοσιν
2446 5087 2585 5139 ἐτῶν
2633 5084 2941 5137 ἐπιδίδωσιν
2978 5083 3058 5144 εἰς
3092 5079 3323 5149 μέγεθος
3368 5078 3397 5129 ὁ
3442 5076 3768 5147 ἄνθρωπος’

2192 5182 2289 5236 καὶ
2337 5180 2585 5234 καλεῖται
2636 5178 2785 5248 παρά
2825 5175 3041 5238 πολλοῖς
3069 5176 3099 5227 ὁ
3131 5174 3322 5245 χρόνος
3374 5165 3532 5233 οὗτος
3585 5168 3773 5238 ἀκμή.

2193 5274 2385 5344 Ψυχῆς
2417 5273 2514 5343 μὲν
2543 5268 2637 5325 οὖν
2661 5271 2722 5323 τὸ
2751 5271 2870 5324 ὅλον
2902 5270 3235 5339 έπταμερές.
3269 5266 3565 5336 Αίσθήσεις
3589 5265 3773 5317 πέντε·

2197 5366 2426 5435 ὅρασις,
2450 5364 2772 5435 ὄσφρησις,
2804 5361 2982 5429 ἀκοὴ,
3008 5361 3238 5431 γεῦσις,
3264 5357 3355 5411 καὶ
3376 5356 3525 5427 ἁφή.
3551 5355 3635 5408 Τά
3663 5372 3777 5422 φωσ-

2358 5566 2400 5595 ³²
2433 5566 2530 5625 τὰς
2552 5567 2676 5633 ὲνερ

2682 5580 2734 5633 γ.
2768 5561 2932 5616 αὑτοῦ
2969 5562 3026 5614 Ii.
3106 5561 3149 5591 ³³
3185 5576 3365 5629 τηνικ.
3397 5556 3505 5633 γάρ
3541 5556 3777 5633 λέγομεν

2499 5637 2543 5666 ³⁸
2570 5628 2817 5689 ὲπέἵκαὶ
2852 5631 3112 5704 λογισμὸς
3149 5631 3190 5685 Α
3214 5628 3377 5697 {mox
3414 5629 3453 5681 Β
3485 5646 3598 5683 Olli.
3626 5628 3775 5680 τότε.
