4066 6224
357 294 379 358 i
397 298 500 355 '27’5

1597 305 1684 358 DE
1724 303 2008 362 NATUIM
2055 306 2352 364 llOMlNIS.

3474 314 3608 369 12Ἱῶ

357 410 591 478 νητήρια
617 409 660 442 ³⁸
693 405 924 481 ὄργανα,
967 409 1134 483 ἦγουν
1174 415 1450 486 ἠγλῶσσα
1483 417 1575 469 καὶ
1625 419 1685 469 τὸ
1711 418 1809 486 τῆς
1837 435 1930 486 γο-

2044 421 2200 488 risus,
2254 421 2507 486 olfactus,
2575 423 2817 486 auditus,
2889 431 3080 493 gustus
3139 431 3192 478 et
3238 429 3436 477 tactus.
3494 421 3608 475 γυ-

355 500 456 568 νῆς
481 501 527 532 “
553 501 934 569 ἀποκριτικὸν.
970 501 1140 558 Πάλιν
1170 505 1422 576 σώματος
1468 509 1715 577 κινήσεις
1759 511 1930 562 ἑπτά·

352 592 626 661 ὀργανικὰ
651 593 866 660 μὲνιξο
902 595 936 664 ἡ
976 596 1110 659 ἄνω,
1146 598 1179 667 ἠ
1213 598 1385 662 κάτω,
1425 599 1458 668 ἡ
1491 598 1620 663 ισω,
1645 585 1931 672 esset“

355 683 644 752 ἀριστερὰ,
689 685 785 736 καὶ
844 687 876 755 ὴ
934 686 1168 758 κυκλικὴ
1197 705 1209 717 ·
1251 688 1284 759 ἢ
1339 687 1554 751 οὑτως·
1607 689 1932 760 γέννησις,

356 779 638 846 αῠεησις,
669 782 935 849 μείωσις,
977 785 1185 852 φθορὰ,
1211 785 1562 853 ἀλλοίωσις,
1601 788 1931 857 μεταϐολὴ,

359 868 449 920 καὶ
478 867 720 934 στάσις.
754 871 825 922 Αἵ
877 889 938 924 τε
987 872 1310 943 ἀποκρίσεις
1342 873 1435 927 τοῦ
1465 874 1720 944 σώματος
1751 875 1896 928 ἑπτά
1920 891 1935 904 ·

357 957 610 1028 δάκρυα.
637 961 908 1030 μύξαιδί,
939 963 1168 1028 σίελος,
1199 963 1642 1034 σπέρμα.διττοὶ
1677 983 1939 1034 περιττω-

363 1053 549 1123 μάτων
576 1055 775 1124 ὀχετοὶ,
827 1059 921 1110 καὶ
956 1061 984 1112 ὁ
1032 1058 1098 1112 δι’
1139 1059 1262 1114 ὅλου
1319 1059 1415 1114 τοῦ
1457 1059 1708 1132 σώματος
1737 1061 1932 1130 ἱδρώς.

363 1145 576 1217 Ὠσπερ
604 1147 660 1200 δὲ
690 1148 906 1202 πάντων
944 1150 988 1182 ’δ’
1011 1150 1120 1204 τῶν
1156 1153 1215 1204 ὲν
1263 1153 1341 1222 τῷ
1368 1154 1560 1224 κόσμῳ
1601 1153 1932 1224 γενομένων,

363 1238 430 1289 τὰ
458 1238 557 1306 μὲν
585 1238 653 1291 δι’
706 1241 874 1294 ἑαυτὰ
910 1241 1102 1310 γέγονε
1133 1259 1149 1276 ⁸
1190 1243 1286 1297 καὶ
1315 1243 1382 1298 δι’
1435 1245 1608 1298 ἑαυτὰ
1636 1245 1702 1309 ⁸³,
1735 1245 1835 1299 καὶ
1867 1245 1933 1300 δι’

361 1329 526 1398 ἕτερα
546 1347 559 1361 ·
592 1329 773 1394 καθὼς
818 1333 875 1384 ὲν
907 1335 1022 1397 τοῖς
1068 1334 1436 1405 προλαϐοῦσιν
1482 1335 1730 1406 ἐδείχθη·
1761 1336 1937 1400 οὕτως

365 1422 460 1474 καὶ
497 1422 590 1474 ἐπὶ
639 1423 746 1476 τῶν
798 1423 1004 1495 μορίων
1039 1426 1134 1478 τοῦ
1181 1425 1320 1490 {dion
1377 1427 1654 1499 εὑρήσεις,
1716 1429 1774 1482 ὲν
1824 1431 1936 1493 τοῖς

363 1512 711 1581 ἄρχουσικαὶ
737 1514 921 1577 ἐντοῖς
948 1518 1293 1586 ἀρχομένοις.
1315 1519 1501 1574 Ταῦτα
1530 1519 1639 1590 γὰρ
1671 1537 1941 1591 προηγου-

365 1603 542 1672 μένως
570 1605 666 1656 καὶ
693 1605 833 1658 κατὰ
864 1607 1080 1677 πρῶτον
1111 1609 1266 1678 λόγον
1286 1612 1722 1665 κατεσκεύασται
1744 1630 1757 1644 ο
1784 1612 1820 1667 ὃ.
1845 1613 1940 1666 καὶ

361 1695 500 1749 κατὰ
534 1695 694 1764 φύσιν
719 1698 922 1768 κυρίως
960 1699 1198 1768 λέγεται.

2035 514 2151 567 cale
2203 514 2649 580 instrumentum,
2701 515 2887 584 lingua
2925 524 3042 579 est,
3109 524 3164 569 et
3214 514 3360 584 quod
3434 512 3607 584 ipsam

2035 619 2223 658 vocem
2256 605 2472 658 emittit.
2503 605 2608 659 Sed
2639 613 2693 660 et
2716 607 2964 675 corporis
3013 615 3195 659 motus
3248 613 3452 673 septem
3488 620 3611 658 esse

2036 687 2470 759 dieimusfinter
2508 711 2648 764 quos
2687 693 3133 748 instrumentales
3170 709 3265 746 sex
3309 707 3612 745 connume-

2037 795 2230 838 rantur
2262 803 2274 838 :
2303 802 2546 853 sursum,
2576 787 2856 850 deorsum,
2877 794 3021 849 ante,
3047 795 3213 850 retro,
3238 785 3608 846 dextrorsum,

2035 876 2412 933 sinistrorsum
2459 886 2513 933 et
2557 879 2859 934 circularis.
2904 875 2996 932 Vel
3025 878 3096 931 ita
3136 895 3149 930 :
3183 875 3482 946 generatio,
3529 875 3612 927 in-

2036 977 2376 1022 crementum
2397 1012 2411 1035 ,
2460 969 2871 1024 decrementum
2895 1009 2910 1033 ,
2962 967 3244 1036 corruptio
3265 1006 3279 1031 ,
3319 963 3572 1019 alteratio
3596 1006 3610 1021 .

2035 1059 2268 1114 mutatio
2298 1067 2351 1114 et
2383 1067 2578 1116 status.
2611 1059 2716 1116 Sed
2749 1070 2802 1116 et
2836 1060 3084 1130 corporis
3115 1057 3275 1128 134
3303 1056 3473 1111 nostri
3514 1071 3612 1108 ex-

2037 1151 2308 1206 cretiones
2337 1161 2542 1220 septem
2579 1161 2708 1206 sunt
2745 1171 2758 1206 :
2794 1153 3048 1223 lacryma:
3073 1193 3088 1216 ,
3134 1165 3364 1212 mucus,
3408 1148 3609 1206 saliva,

2038 1257 2223 1297 semen
2245 1243 2498 1313 genitale,
2517 1253 2922 1298 excrementum
2943 1242 3176 1303 siccum,
3205 1248 3609 1295 excrementum

2037 1335 2356 1399 humidum,
2399 1335 2565 1390 totius
2610 1335 2860 1405 corporis
2905 1334 3094 1389 sudor.
3141 1329 3608 1399 Quemadmodum

2038 1428 2225 1494 enim,
2276 1441 2339 1481 ex
2391 1427 2647 1482 omnibus
2699 1428 2865 1482 rebus
2913 1443 3036 1497 qua:
3081 1425 3133 1479 in
3187 1439 3366 1478 rerum
3415 1427 3607 1474 natura

2039 1526 2236 1572 creatae
2269 1517 2536 1582 visuntur,
2563 1518 2809 1587 quzedain
2853 1517 2936 1572 sui
2966 1531 3132 1570 causa
3156 1556 3169 1579 ,
3210 1511 3484 1566 nonnulla:
3520 1510 3605 1563 sui

2039 1617 2094 1664 et
2119 1609 2372 1674 aliorum,
2399 1618 2457 1663 ut
2484 1610 2635 1679 prius
2655 1609 3005 1671 adduximus,
3037 1614 3336 1677 procreatae
3363 1612 3510 1665 sunt,
3533 1593 3606 1654 ita

2043 1711 2096 1756 et
2125 1701 2192 1756 de
2224 1701 2474 1756 animalis
2499 1703 2745 1771 partibus
2773 1718 2894 1756 esse
2915 1701 3170 1764 dicimus,
3206 1713 3433 1768 quarum
3465 1712 3612 1766 quae-

362 1788 483 1843 (13m
511 1799 657 1853 sum.
693 1805 814 1860 qua:
846 1792 1172 1863 principales
1206 1796 1497 1860 habentur,
1549 1799 1797 1868 quaedam
1849 1814 1980 1854 vero
2039 1811 2160 1867 quae
2211 1796 2604 1867 principalibus
2654 1799 2978 1853 inserviunt.
3035 1794 3224 1850 Partes
3275 1809 3441 1856 vero,
3490 1807 3611 1861 qua:

361 1882 721 1951 principatum
741 1885 1028 1953 quemdam
1047 1902 1078 1940 a
1099 1898 1289 1942 natura
1315 1891 1583 1956 obtinent,
1620 1891 1770 1960 prius
1799 1891 2104 1945 constituta:
2129 1899 2276 1943 sunt.

441 1973 506 2024 'H
534 1972 589 2024 δὲ
618 1972 784 2043 ξανθὴ
833 1975 988 2043 χολὴ,
1023 1978 1117 2028 καὶ
1161 1977 1229 2029 δι’
1268 1979 1466 2048 ἑαυτὴν
1501 1979 1712 2048 γέγονε,
1738 1981 1834 2032 καὶ
1857 1979 1925 2032 δι’

2102 1979 2169 2032 At
2207 1979 2358 2035 ﬂavae
2404 1980 2529 2034 bilis
2599 1978 2957 2043 constitutio,
2998 1985 3114 2030 tum
3165 1974 3274 2040 sui,
3317 1983 3426 2028 tum
3475 1973 3611 2028 alte-

359 2063 488 2116 ᾶλλο
511 2078 528 2096 ·
559 2065 652 2116 καὶ¹
687 2065 796 2136 γὰρ
827 2065 961 2134 πρὸς
991 2067 1153 2136 πέψιν
1189 2071 1436 2123 συντελεῖ
1467 2072 1537 2134 ⁸⁸,
1569 2072 1664 2124 καὶ
1697 2069 1934 2142 ὲρεθίζει

358 2153 458 2225 τὴν
485 2153 756 2225 ἔκκρισιν,
787 2157 880 2208 καὶ
913 2156 1117 2223 γίνεται
1151 2159 1354 2226 τρόπον
1393 2162 1516 2214 τινὰ
1549 2161 1659 2212 τῶν
1708 2163 1934 2230 θρεπτι-

357 2245 472 2298 κῶν
502 2245 561 2298 ἓν
588 2263 643 2299 τι
679 2246 866 2318 μόριον
899 2248 964 2300 ⁸⁸.
1031 2247 1193 2300 Ἀλλὰ
1224 2251 1319 2302 καὶ
1368 2249 1673 2322 θερμασίαν
1705 2250 1934 2322 παρέχει

359 2337 438 2409 τῷ
465 2338 702 2408 σώματι,
751 2338 1000 2410 καθάπερ
1046 2340 1322 2411 ήζωτικὴ
1369 2342 1631 2413 δύναμιςσ
1679 2342 1935 2413 καθαίρει

358 2431 418 2485 δὲ
449 2432 542 2484 καὶ
576 2431 634 2485 τὸ
663 2427 820 2503 αἷμα,
848 2435 986 2506 ὅπερ
1002 2434 1068 2487 δι’
1092 2433 1220 2488 ἄλλο
1239 2434 1388 2487 δοκεῖ
1413 2451 1528 2497 πως
1555 2435 1599 2466 ⁸⁸
1631 2434 1934 2502 γεγονέναι.

362 2524 472 2575 Καὶ
501 2525 528 2576 ὁ
555 2524 727 2596 σπλὴν
749 2525 825 2589 δὲ,
861 2529 955 2580 καὶ
981 2526 1257 2579 δι’ὲαυτον
1289 2526 1506 2594 γέγονε,
1547 2527 1639 2580 καὶ
1674 2527 1739 2579 δι’
1771 2527 1932 2580 ἄλλο’

359 2613 425 2665 δι’
458 2611 648 2665 ἑαυτὸν
680 2615 796 2684 μὲν,
820 2614 902 2668 ὅτι
945 2617 1137 2686 μόριον
1187 2613 1424 2684 ὑπάρχει
1455 2615 1562 2666 τῶν
1600 2613 1935 2684 θρεπικῶν,

363 2704 456 2756 καὶ
498 2704 704 2775 δοχεῖον
727 2705 820 2760 τοῦ
857 2707 1086 2776 μέλανος
1123 2705 1331 2776 χυμοῦ·
1361 2705 1449 2758 διὰ
1489 2705 1546 2758 δὲ
1607 2705 1668 2758 τὸ
1707 2706 1940 2758 ἐπισπᾶ-

365 2797 488 2851 σθαι
516 2799 584 2852 τὰ
611 2799 842 2868 περιττά
871 2799 965 2852 τοῦ
996 2799 1230 2869 ἥπατος,
1271 2799 1365 2850 καὶ
1406 2792 1516 2850 οἷον
1559 2797 1940 2870 διακαθαίρειν

363 2888 513 2952 αὐτὸ,
555 2889 623 2942 δι’
657 2889 784 2944 ἄλλο
845 2906 964 2952 πως
1015 2890 1111 2943 καὶ
1151 2888 1313 2950 αὑτὸς
1370 2887 1664 2956 ὑφιστάναι
1695 2889 1740 2920 ’⁵⁷
1765 2889 1934 2944 δοκεῖ.

365 2983 473 3034 Καὶ
505 2983 552 3034 οἱ
583 2984 771 3052 νεφροὶ
805 2981 885 3044 δὲ.
919 2980 1015 3034 τοῦ
1047 2998 1105 3034 τε
1141 2980 1374 3049 αἵματος
1413 2979 1713 3050 καθάρσιον
1745 2979 1812 3045 δ”
1847 2981 1942 3034 καὶ

363 3075 463 3143 τῆς
515 3073 656 3126 κατὰ
691 3073 979 3127 συνουσίαν
1014 3071 1247 3142 ὀρέξεως
1299 3071 1484 3125 αἴτιοι.
1529 3073 1640 3125 Καὶ
1677 3073 1728 3126 οἱ
1756 3073 1943 3136 ἀδὲνες

361 3165 547 3236 ὑχημά
589 3169 698 3220 εἶσι
747 3166 854 3220 τῶν
880 3168 1118 3236 ἀγγείων
1145 3184 1158 3198 ’
1213 3168 1309 3222 καὶ
1363 3171 1394 3238 ἡ
1437 3167 1573 3236 σὰρξ
1613 3166 1940 3236 σκέπασμα’

367 3259 540 3312 καὶτὸ
572 3259 751 3331 δέρμα
789 3260 992 3329 ὁμοίως
1026 3260 1346 3331 περίϐλημα
1373 3276 1386 3290 ·
1417 3259 1510 3311 καὶ
1539 3259 1607 3312 τὰ
1641 3257 1774 3312 ὀστᾶ
1807 3261 1943 3329 στή-

2038 2075 2149 2130 rius
2207 2075 2378 2144 gratia
2445 2073 2709 2136 habetur;
2765 2073 2876 2140 ipsa
2953 2072 3098 2126 enim
3162 2077 3215 2122 et
3273 2065 3608 2122 concoctioni

2037 2165 2313 2227 conducit,
2345 2173 2399 2217 et
2425 2161 2832 2217 exercmentitia
2885 2159 3112 2213 materia
3143 2157 3210 2211 ah
3263 2157 3448 2210 eadem
3489 2153 3611 2208 irri-

2037 2263 2202 2318 tatur,
2261 2271 2324 2308 ac
2367 2269 2474 2309 una
2529 2268 2596 2306 ex
2657 2251 2990 2321 vegetalihus
3047 2246 3454 2318 quodammodo
3495 2244 3608 2299 elli-

2037 2349 2199 2402 citur.
2227 2347 2305 2402 Ad
2343 2347 2474 2407 haec,
2509 2354 2561 2399 et
2583 2345 2818 2399 calorem
2854 2343 3108 2412 corpori,
3143 2336 3610 2410 quemadmodum

2039 2451 2090 2493 ct
2117 2440 2295 2494 vitalis
2326 2437 2558 2494 facultas
2589 2437 2847 2508 suggerit,
2885 2434 2978 2489 sed
3011 2440 3063 2488 et
3095 2430 3356 2503 purgandi
3387 2429 3612 2498 sangui-

2043 2531 2131 2584 nis
2185 2530 2422 2584 ollicium
2486 2531 2705 2598 explet,
2761 2535 2819 2581 ut
2867 2527 2937 2582 ob
2985 2527 3037 2580 id
3083 2536 3135 2578 et
3168 2523 3394 2578 alterius
3425 2535 3610 2581 causa,

2039 2623 2485 2678 constitutionem
2559 2621 2753 2675 sortita
2825 2635 2948 2673 esse
3013 2617 3289 2672 credatur.
3349 2613 3510 2683 Atqui
3562 2623 3615 2666 ct

2039 2715 2180 2778 lien,
2213 2723 2325 2767 tum
2356 2714 2438 2767 sui
2482 2713 2676 2783 gratia,
2720 2720 2833 2765 tum
2870 2710 3100 2763 aliorum
3137 2713 3457 2776 procreatus
3492 2711 3607 2757 est:

2043 2806 2125 2862 Stti
2159 2805 2399 2876 quidem,
2434 2803 2580 2874 quod
2622 2818 2726 2856 una
2755 2800 3080 2871 vegetalium
3105 2798 3364 2869 partium,
3403 2804 3454 2849 et
3483 2803 3614 2848 ιλιι-ιιι

2043 2898 2166 2952 bilis
2207 2895 2610 2965 receptaculum
2644 2901 2758 2956 est;
2797 2891 2939 2962 quod
2972 2902 3153 2944 autem
3196 2894 3611 2955 exsuperantem

2043 2988 2330 3060 sanguinis
2363 2987 2642 3042 materiam
2675 2985 2740 3040 ad
2777 3001 2835 3040 se
2858 2982 3105 3044 attrahit,
3133 2991 3188 3035 et
3209 2979 3386 3049 ipsum
3412 2974 3614 3044 alioqui

2043 3087 2320 3158 puriorem
2347 3085 2543 3146 reddit,
2563 3083 2628 3138 ad
2655 3083 2758 3138 hoc
2782 3081 2940 3152 quasi
2970 3090 3021 3135 et
3055 3079 3288 3134 aliorum
3314 3091 3477 3130 causa
3505 3075 3618 3142 ipse

2046 3179 2374 3234 constitutus
2431 3177 2662 3231 videtur.
2718 3174 2782 3227 Et
2819 3189 2977 3229 renes
3009 3171 3112 3241 ipsi
3149 3165 3449 3238 depurandi
3485 3181 3617 3220 sau-

2049 3269 2232 3340 guinis
2266 3267 2453 3322 niunia
2488 3267 2740 3337 explent,
2770 3273 2824 3318 et
2864 3262 3123 3319 desiderii
3165 3257 3399 3315 coeundi
3451 3270 3620 3311 causa

369 3366 571 3421 ριγμα·
611 3353 705 3405 καὶ
745 3354 792 3405 οἱ
830 3351 1021 3421 ὄνυχες
1057 3352 1218 3423 χάριν
1251 3352 1346 3405 τοῦ
1378 3350 1698 3422 κνήθεσθαι,
1735 3353 1831 3404 καὶ
1863 3350 1939 3416 είς

2047 3360 2336 3416 exsistunt.
2370 3357 2499 3414 Item
2535 3358 2714 3414 carnis
2747 3356 3113 3413 revolutinnes
3133 3394 3147 3416 ,
3177 3353 3228 3407 id
3256 3363 3340 3406 est
3367 3349 3616 3412 tonsilhe,

365 3444 676 3514 ἀντίληψιν·
715 3447 810 3498 καὶ
841 3446 896 3498 αἱ
929 3446 1113 3515 τρίχες
1134 3447 1336 3516 ὁμοίως
1371 3447 1449 3508 είς
1484 3445 1696 3513 σκέπην
1718 3444 1814 3498 καὶ
1853 3445 1944 3497 κό-

369 3551 540 3605 σμον·
589 3537 637 3588 οἱ
675 3537 942 3606 ὀφθαλμοὶ
981 3538 1069 3591 διὰ
1121 3538 1220 3607 τὴν
1257 3539 1451 3608 ὅρασιν
1476 3553 1489 3566 ·
1537 3537 1608 3590 τὰ
1647 3531 1762 3590 ὦτα
1786 3539 1946 3608 χάριν

353 3613 469 3698 ’τῆς
503 3628 674 3698 ἀκοῆς
698 3645 712 3659 ⁸
743 3631 775 3699 ἡ
807 3631 892 3701 ῥὶς
923 3630 1010 3684 διὰ
1037 3630 1134 3701 τὴν
1163 3629 1440 3700 ἀναπνοὴν
1475 3630 1569 3682 καὶ
1607 3630 1705 3699 τὴν
1732 3629 1942 3700 ὄσφρη·

373 3737 456 3774 σιν
482 3738 496 3752 ·
528 3723 556 3774 ὁ
595 3721 775 3792 θώραξ
805 3723 893 3776 διὰ
947 3723 1050 3795 τὴν
1101 3722 1204 3793 τῆς
1238 3722 1465 3791 καρδίας
1511 3721 1818 3792 ὑπηρεσίαν
1844 3738 1857 3754 ·
1890 3722 1944 3774 al

369 3816 550 3886 χεῖρες
578 3816 664 3869 διὰ
701 3817 798 3879 τὰς
845 3817 1138 3887 εἰρημένας
1169 3815 1355 3886 χρείας
1377 3831 1391 3846 ·
1448 3816 1544 3868 καὶ
1571 3815 1620 3867 οἱ
1667 3813 1828 3876 πόδες
1859 3813 1946 3867 διὰ

368 3909 467 3980 τὴν
509 3908 810 3978 μετάϐασιν
835 3926 848 3939 ·
888 3911 920 3980 ὴ
963 3909 1186 3978 γλῶσσα
1237 3908 1325 3961 διὰ
1355 3907 1455 3978 τὴν
1504 3907 1696 3961 λαλιάν
1722 3906 1790 3959 ⁸⁵.
1836 3905 1946 3977 Τὴν

370 3999 622 4069 γλῶσσαν
643 4001 700 4054 δὲ
722 4001 810 4054 διὰ
845 4001 908 4054 τὸ
939 4001 1211 4072 προπετὲς
1250 4000 1422 4072 αὑτῆς
1471 3999 1566 4053 καὶ
1613 3997 1943 4068 ἀφύλακτον,

373 4093 464 4148 καὶ
496 4093 635 4146 ὥστε
669 4093 743 4164 μὴ
778 4093 1102 4166 προτρέχειν
1127 4094 1230 4163 τῆς
1252 4093 1512 4158 διανοίας,
1545 4091 1746 4156 δισσῶς
1778 4091 1948 4162 αὐτὴν

371 4185 734 4255 ἠσφαλίσατο·
769 4187 866 4255 τὴν
897 4185 1003 4238 τῶν
1023 4185 1253 4238 ὀδόντων
1277 4184 1590 4254 πυκνότητα
1627 4184 1815 4255 ὥσπερ
1843 4201 1946 4253 φυ-

372 4274 542 4346 λακὴν
577 4277 610 4348 ἢ
646 4278 850 4347 τειχίον
881 4276 1019 4346 αὑτῇ
1066 4276 1388 4345 ἐπιστήσας,
1418 4276 1514 4328 καὶ
1554 4277 1621 4328 τὰ
1665 4275 1819 4347 χείλη
1857 4274 1948 4328 θυ-

376 4368 593 4438 ροῦντα,
621 4370 717 4422 καὶ
761 4373 818 4423 ὲν
849 4372 1076 4440 περιοχῇ
1126 4367 1328 4436 ταύτην
1361 4367 1720 4437 φυλάττοντα,
1759 4369 1845 4422 ἵνα
1873 4367 1948 4440 μὴ

373 4461 580 4524 ἁπλῶς,
629 4462 723 4514 καὶ
777 4461 851 4522 ὡς
889 4459 1078 4531 ἔτυχεν
1107 4462 1152 4492 ⁵ο
1204 4459 1534 4529 φθέγγηται.
1587 4461 1696 4514 Καὶ
1731 4461 1946 4526 ἁπαξα-

373 4548 523 4613 πλῶς
563 4552 630 4618 ⁵³,
660 4551 812 4605 οὐδὲν
860 4553 1012 4620 παρᾶ
1071 4549 1272 4606 σκοπὸν
1318 4550 1351 4620 ἢ
1399 4551 1631 4620 ἀνεργὲς
1663 4551 1815 4624 παρὰ
1849 4551 1942 4606 τοῦ

371 4643 629 4697 δεσπότου
654 4641 1134 4714 δεδημιούργηται.

2053 3452 2276 3508 vascula
2322 3453 2438 3522 ipsa
2470 3469 2592 3521 qua:
2627 3450 2678 3504 in
2716 3464 2944 3519 corpore
2971 3455 3157 3502 nostro
3195 3455 3321 3499 sunt
3363 3455 3619 3510 superve—

2047 3547 2225 3611 niunt,
2256 3558 2385 3598 caro
2420 3557 2550 3596 vero
2581 3556 2679 3610 pro
2714 3539 2982 3595 velamine
3008 3545 3110 3598 est,
3144 3546 3198 3588 at
3236 3533 3373 3587 cutis
3422 3545 3623 3600 pl‘nptt-

2051 3636 2293 3706 gnaculi,
2325 3651 2448 3689 ossa
2479 3649 2605 3687 vero
2640 3629 2970 3685 ﬁrmamenti
3011 3629 3182 3682 vicem
3221 3623 3440 3693 explent
3465 3663 3480 3686 ,
3521 3637 3619 3673 un-

2049 3743 2180 3798 gues
2210 3725 2485 3795 scalpeudi
2512 3724 2869 3795 capiendique
2905 3737 2993 3776 res
3015 3719 3188 3791 gratia
3221 3715 3516 3770 exsistunt.
3538 3710 3618 3763 Ad

2049 3820 2184 3877 haec.
2213 3819 2307 3888 pili
2353 3817 2455 3886 ipsi
2487 3833 2594 3869 non
2631 3815 2792 3869 modo
2860 3811 3154 3883 tegumenti
3185 3822 3348 3862 causa
3373 3847 3388 3870 ,
3429 3819 3615 3857 verum

2048 3911 2209 3964 etiam
2230 3907 2444 3964 decoris
2458 3916 2608 3973 sunt;
2633 3906 2798 3971 oculi,
2823 3905 2900 3960 uti
2927 3904 3067 3959 visui
3099 3900 3419 3963 inserviant;
3439 3911 3619 3959 aures,

2051 4001 2122 4058 ob
2155 4003 2432 4068 auditum;
2463 4016 2666 4068 nasus;
2691 4016 2800 4070 quo
2830 3994 3176 4068 respiratioui
3200 4001 3252 4048 et
3285 3987 3507 4046 olfactui
3546 3987 3624 4039 fac

2050 4094 2287 4148 muletur
2317 4109 2330 4144 :
2365 4093 2559 4148 thorax
2586 4131 2600 4156 ,
2636 4098 2696 4146 ut
2743 4090 2925 4146 cordis
2965 4084 3228 4143 inserviat
3283 4078 3621 4141 ministerio;

2055 4200 2273 4248 manus,
2307 4185 2382 4238 uti
2415 4200 2510 4238 eos
2543 4198 2681 4253 quos
2711 4181 2952 4236 diximus
2983 4195 3115 4234 usus
3136 4177 3406 4247 expleant.
3433 4171 3623 4233 Pedes,

2053 4277 2128 4332 uti
2182 4276 2249 4331 ad
2300 4277 2590 4331 transitum
2625 4273 2962 4337 sufﬁcerent,
2999 4271 3328 4326 constitutos
3353 4281 3474 4319 esse
3513 4278 3628 4331 per-

2051 4375 2296 4438 Spectum
2339 4366 2587 4421 habetur.
2625 4365 2892 4436 Linguam
2943 4371 3123 4417 autem
3157 4360 3328 4430 ipsam
3377 4354 3445 4407 ob
3477 4353 3627 4403 locu-

2053 4461 2277 4526 tionem,
2303 4458 2397 4513 sed
2423 4468 2476 4514 et
2508 4459 2577 4512 ob
2611 4459 2728 4527 ejus
2763 4456 3117 4527 petulantiam
3143 4493 3157 4516 ,
3203 4459 3256 4503 et
3296 4445 3440 4516 quod
3476 4458 3628 4496 com-

2051 4553 2197 4622 pcsci
2229 4551 2518 4606 ditlieulter
2540 4560 2737 4619 queat,‘
2758 4561 2811 4604 et
2843 4566 2908 4603 ne
2930 4545 3308 4616 cogitationem
3338 4536 3625 4609 prmcedat.

2052 4646 2270 4713 gemino
2309 4653 2464 4713 septo
2515 4659 2769 4698 coercere
2826 4652 3036 4694 natura:
3084 4637 3259 4689 visum
3303 4643 3425 4696 est,
3458 4631 3628 4683 altero

373 4739 632 4810 quidem,
682 4739 922 4794 dentium
975 4738 1361 4809 spissitudine,
1408 4737 1607 4808 quibus
1668 4754 1788 4793 eam
1848 4739 1991 4792 muri
2047 4740 2165 4795 vice
2199 4739 2354 4810 135
2391 4737 2803 4806 circumsepsit,
2860 4734 3030 4787 altero
3062 4730 3326 4786 labiorum
3367 4741 3488 4796 qua:
3535 4738 3630 4777 cu-

375 4835 564 4890 stodiae
599 4835 740 4905 ejus,
771 4851 869 4890 ceu
908 4835 1088 4888 aeditui
1119 4834 1402 4898 assistunt,
1431 4834 1727 4902 quominus
1751 4842 1976 4899 temere,
1998 4844 2161 4903 atque
2195 4844 2252 4888 ut
2299 4849 2421 4889 sors
2482 4833 2696 4896 tulerit,
2739 4830 2792 4884 in
2839 4827 3003 4882 verba
3075 4830 3410 4896 prorumpat.
3465 4817 3525 4869 lit
3574 4825 3629 4866 ut

375 4929 427 4981 in
462 4943 728 4982 summam
769 4928 836 4982 de
869 4928 1138 4984 universis
1169 4927 1416 4981 dicamus
1439 4967 1454 4990 ,
1496 4926 1629 4980 nihil
1674 4942 1704 4980 a
1756 4941 1938 4981 rerum
1970 4929 2163 4999 opilice
2193 4939 2416 4992 temere,
2446 4937 2498 4980 et
2536 4926 2679 4994 quod
2718 4923 2900 4992 aliqua
2944 4919 3102 4974 ollicii
3150 4915 3427 4970 [unctione
3451 4915 3624 4961 vacet,

375 5031 716 5090 procreatum
754 5029 858 5074 est.

441 5113 626 5164 Ἰἀὺτα
663 5109 757 5165 οὖν
811 5112 988 5164 πάντα
1030 5110 1124 5162 καὶ
1179 5111 1246 5162 τε
1284 5109 1447 5162 λοιπὰ
1472 5110 1514 5141 ⁸³
1547 5109 1640 5162 τοῦ
1695 5109 1939 5180 σώματος

2130 5103 2238 5160 llas
2266 5115 2446 5158 autem
2472 5119 2661 5158 onmes
2693 5111 2746 5158 et
2770 5100 3008 5170 reliquas
3041 5097 3208 5152 totius
3235 5093 3479 5163 corporis
3503 5109 3629 5163 paro

377 5203 540 5275 μόρια
569 5205 690 5257 τότε
718 5203 983 5272 ὑγιαίνειν
1007 5200 1144 5253 αὑτὰ
1168 5203 1259 5254 καὶ
1291 5201 1472 5264 καλῶς
1506 5201 1648 5272 ἔχειν
1682 5201 1946 5272 λέγομεν,

374 5295 504 5346 ὅταν
535 5295 834 5365 εὐκρασίαν
892 5294 992 5364 μὲν
1036 5293 1136 5365 ἔχῃ
1182 5296 1239 5345 ἐν
1295 5295 1404 5354 τοῖς
1456 5293 1810 5364 ὁμοιομερέσι
1851 5297 1948 5349 καὶ

377 5383 567 5447 ἁπλοῖς
586 5400 600 5416 ⁸
617 5387 968 5456 συμμετρίων
993 5383 1048 5437 δὲ
1071 5384 1116 5416 ⁸³
1145 5384 1202 5435 ἐν
1224 5387 1335 5446 τοῖς
1366 5382 1640 5445 συνθέτοις
1659 5384 1755 5436 καὶ
1779 5385 1950 5454 ὀργα-

455 5563 498 5594 “
541 5567 819 5632 φωνητικὰ
858 5566 915 5620 Β.

385 5632 429 5664 ⁸⁸
479 5634 679 5701 μορίων
705 5634 744 5686 B
775 5637 832 5688 1).

382 5703 424 5737 ⁵⁸
450 5704 747 5768 ἁπαεπλῶς
772 5706 833 5758 Δ.

994 5567 1036 5598 δθ
1071 5568 1251 5634 φωνῆς
1294 5563 1352 5616 Β.

906 5637 950 5666 ⁵⁸
983 5637 1093 5698 πῶς
1134 5637 1278 5688 δ’)κεῖ
1309 5634 1364 5687 Β.

910 5707 1064 5759 “7.1".
1091 5707 1261 5759 πάντα
1290 5706 1353 5757 τὰ
1377 5705 1425 5758 λ.
1451 5703 1507 5757 li.

1432 5564 1472 5595 ’⁶¹
1509 5565 1658 5630 μίξαι
1683 5567 1743 5619 Α.

1583 5707 1627 5736 ⁵³
1653 5705 1707 5758 δὲ
1730 5722 1838 5758 mn.
1859 5703 1917 5758 Β.

1827 5564 1869 5596 θ’
1912 5566 2004 5618 καὶ
2054 5565 2272 5618 πάντων
2310 5564 2370 5618 Β.

1465 5635 1506 5665 ’⁵⁷
1543 5637 1836 5697 ὑφεστάναι
1861 5635 1898 5685 Β
1943 5635 2001 5689 Ρ.

2061 5210 2140 5254 tes
2161 5240 2176 5264 ,
2231 5209 2358 5253 tunc
2409 5208 2551 5252 recte
2586 5197 2764 5250 valere
2784 5236 2799 5260 ,
2839 5209 2903 5248 ac
2929 5207 3054 5248 esse
3085 5189 3353 5261 perfectas
3372 5185 3626 5248 dicimus,

2058 5307 2182 5345 cum
2217 5289 2480 5344 similar-ia
2505 5303 2566 5342 ac
2589 5287 2857 5356 simplicia
2876 5286 3077 5340 bonum
3115 5286 3626 5349 temperamentum,

2059 5383 2360 5452 Composita
2389 5397 2516 5436 vero
2543 5396 2608 5435 ac
2645 5376 3081 5435 instrumentalia
3115 5373 3452 5428 moderatum
3489 5370 3631 5423 ordi-

3203 5559 3244 5591 ""
3280 5559 3527 5628 συνεργεί
3567 5557 3624 5628 Β.

3245 5631 3288 5663 ⁵⁰
3313 5626 3467 5701 ἔτυχε
3494 5627 3531 5681 Β
3565 5626 3626 5685 ι’.

2450 5564 2494 5597 ⁸³
2525 5563 2593 5614 τὰ
2640 5563 2694 5616 δὲ
2741 5563 2806 5616 δι’
2850 5562 3017 5617 ἑαυτὰ
3069 5560 3126 5614 Β.

2105 5636 2146 5667 ν’
2184 5634 2306 5688 καθ.
2362 5637 2468 5688 εἰσὶ
2502 5635 2540 5686 Β
2568 5633 2630 5688 l‘.
2726 5633 2769 5665 δ”
2799 5634 2910 5689 ιιςυο
2935 5651 3041 5687 om.
3080 5633 3143 5686 A.
