4066 6224
510 299 650 355 φειδ
1736 304 2020 361 MELETII
2063 299 2370 357 MONACIII
3619 302 3777 360 127G

509 433 634 473 nem
706 419 1398 490 sortiuntur:siquidem,
1454 435 1578 475 cum
1635 422 2078 476 instrumentales

2196 420 2371 480 nxoi’;.
2421 416 2515 469 Ἐκ
2548 415 2655 486 γὰρ
2678 414 2787 468 τῶν
2814 414 3160 486 ὁμοιομερῶν
3192 415 3531 485 συγκείμενα
3567 416 3640 467 τὰ
3679 418 3777 487 όρο

509 515 691 577 partes
712 525 777 564 ex
802 509 1133 563 similaribus
1167 510 1480 579 compositae
1517 510 1646 573 sint,
1669 527 1857 568 eorum
1898 523 1951 568 et
1983 513 2079 567 mi-

2196 508 2380 577 (ανικὰ
2433 506 2540 561 ὑπὸ
2591 507 2797 561 τούτων
2836 509 3214 579 ὑπηρετεϊται.
3261 503 3422 571 Οἷον,
3472 509 3505 577 ἡ
3565 508 3776 579 καρδία

510 599 791 654 nisterium
853 600 1113 653 sentiunt.
1158 598 1317 654 Verbi
1363 602 1536 672 gratia
1570 644 1586 667 ,
1646 619 1743 657 cor
1775 644 1791 669 ,
1820 620 1944 658 cum
1994 604 2077 658 in-

2196 599 2321 668 ὶρχή
2359 599 2475 650 ἐστι
2507 597 2602 650 τοῦ
2633 597 2909 667 σώματος,
2949 602 3045 651 καὶ
3081 598 3406 668 όργανικόν·
3456 599 3777 668 ὑπηρετοῦ-

510 690 885 746 strumentalis
914 706 1039 760 pars
1059 729 1074 751 ,
1119 691 1285 746 totius
1317 693 1564 761 corporis
1604 694 1759 763 origo
1784 705 1839 749 et
1876 694 2079 764 princi-

2196 704 2265 740 τιν
2289 687 2382 740 οὖν
2412 688 2549 758 αὐτῇ
2588 688 2853 759 ἀρτηρίαι
2898 688 2994 740 καὶ
3044 687 3249 757 θώραξ.
3320 688 3614 757 Ἀρτηρίαι
3665 686 3776 757 μὲν

508 781 655 850 pium
680 780 770 845 sit,
795 783 1011 836 arteria:
1034 798 1099 837 ac
1139 783 1331 836 thorax
1368 783 1444 837 illi
1486 783 1813 850 inserviunt,
1850 800 1976 839 nam
2007 785 2078 840 ab

2196 777 2512 849 ίορηγοῦσαι
2538 778 2617 849 τῷ
2657 780 2823 833 παντὶ
2847 779 3064 850 σώματι
3092 774 3256 852 αἷμα,
3307 782 3400 833 καὶ
3438 780 3664 851 πνεῦμα
3707 780 3776 830 τὸ

508 868 725 923 arteriis
753 878 925 925 totum
952 886 1155 942 corpus
1179 872 1499 942 sanguinem
1537 873 1670 938 sibi,
1702 889 1766 929 ac
1800 874 2075 945 spiritum,

2196 870 2238 937 ιξ
2266 870 2437 939 αὐτῆς
2466 886 2480 901 ’
2514 870 2697 941 θώραξ
2724 869 2801 934 δὲ,
2826 871 2915 924 διά
2943 872 3043 942 τῆς
3062 872 3329 942 συστολῆς
3358 873 3451 925 καὶ
3472 871 3777 940 διαστολῆς

507 975 626 1027 qua:
649 975 680 1013 a
714 959 879 1014 corde
902 970 1227 1031 suggerunt,
1260 962 1500 1017 vindicat
1530 981 1544 1018 :
1577 964 1772 1019 thorax
1808 981 1957 1031 vero,
1991 966 2077 1021 sui

2196 962 2487 1029 επεισάγων
2533 963 2673 1033 αὐτῇ
2696 963 2742 994 ⁸⁵
2775 962 2913 1033 ἀέρα
2967 964 3229 1034 καθαρόν.
3275 965 3573 1035 Ὑπηρετεί
3621 965 3687 1017 δὲ
3724 963 3774 995 ⁵⁸

506 1051 931 1119 compressione,
949 1052 1390 1122 dilatationeque,
1406 1070 1601 1123 purum
1614 1070 1793 1110 aerem
1812 1056 1879 1111 ad
1897 1056 2077 1126 ipsum

2196 1051 2486 1120 ἐγκεφάλου
2522 1051 2589 1105 τὰ
2623 1052 2812 1123 νεῦρα,
2854 1052 2950 1105 καὶ
2983 1054 3011 1104 6
3043 1056 3298 1116 νωτιαίος
3323 1070 3337 1084 ·
3371 1054 3547 1123 ἥπατι
3590 1055 3675 1117 δὲ,
3715 1057 3777 1109 αἱ

507 1155 603 1194 cor
655 1142 909 1198 demittit.
956 1143 1192 1198 Cerebro
1248 1144 1436 1214 utique
1484 1146 1633 1200 nervi
1683 1156 1735 1201 et
1773 1147 1923 1202 dorsi
1964 1162 2079 1202 me-

2196 1140 2373 1209 ρλέόες
2389 1157 2403 1172 ο
2423 1144 2539 1205 τοῖς
2562 1142 2618 1195 δὲ
2647 1142 2889 1213 ὄρχεσιν,
2910 1144 2959 1195 οἱ
2985 1146 3356 1214 σπερματικοὶ
3377 1145 3556 1215 πόροι.
3577 1144 3777 1198 Ταῦτα

507 1231 677 1296 dulla,
729 1232 961 1302 jecinori
1012 1251 1202 1300 venre,
1246 1236 1477 1291 testibus
1534 1237 1825 1292 seminales
1864 1247 2078 1293 meatus

2196 1232 2289 1301 (ἀρ
2314 1233 2480 1303 ἀρχαί⁸
2521 1232 2615 1286 τοῦ
2652 1233 2910 1304 σώματος
2955 1236 3052 1288 καὶ
3101 1235 3149 1267 ⁸⁸
3177 1235 3459 1304 λέγονται,·
3488 1239 3587 1290 καὶ
3633 1239 3774 1299 εἰσὶ,

509 1320 865 1379 famulantur.
896 1323 1019 1381 Haec
1048 1327 1191 1380 enim
1220 1328 1464 1397 corporis
1499 1328 1781 1395 principia,
1806 1338 1860 1383 et
1887 1329 2079 1383 dicun-

2196 1320 2362 1383 ιαθὼς
2392 1321 2677 1391 ἐδείξαμεν
2717 1322 2945 1376 ὄπισθεν
2971 1324 3016 1355 ⁵⁷
3038 1340 3052 1354 °
3085 1325 3133 1377 οί
3157 1324 3213 1377 δὲ
3247 1326 3391 1378 κατὰ
3421 1326 3627 1388 παντὸς
3668 1326 3776 1378 τοῦ

509 1423 627 1477 tur,
680 1426 734 1469 et
787 1426 945 1480 sunt,
998 1428 1056 1472 ut
1098 1420 1247 1489 prius
1306 1419 1646 1475 ostendimus
1690 1422 2079 1492 :cartilagines

2196 1414 2432 1483 πώματος
2471 1414 2707 1485 χόνδροι,
2749 1413 2979 1486 σώματα
3027 1416 3157 1483 εἰσὶ,
3191 1416 3284 1470 τοῦ
3321 1418 3422 1487 μὲν
3451 1418 3613 1470 ὀστοῦ
3664 1436 3777 1486 μα-

509 1516 713 1573 autem,
738 1523 857 1578 qua:
882 1526 976 1579 per
1001 1517 1172 1564 totum
1207 1526 1405 1582 corpus
1428 1522 1576 1576 sunt,
1596 1528 1825 1582 corpora
1858 1514 2080 1569 ossibus

2196 1504 2486 1576 ιακώτερα,
2523 1505 2625 1575 τῆς
2651 1505 2709 1557 δὲ
2745 1507 2948 1577 σαρκὸς
2970 1506 3341 1577 διαφερόντως
3374 1506 3671 1577 ξηρότερα.
3711 1510 3776 1561 0!

491 1598 757 1653 .molliora
783 1639 797 1663 ,
837 1601 1095 1657 carnibus
1147 1618 1274 1657 vero
1327 1603 1483 1673 longe
1517 1604 1745 1658 sicciora
1786 1604 2075 1658 habentur.

2196 1596 2234 1647 Ξὲ
2258 1595 2461 1661 ἀδένες,
2500 1596 2732 1667 σώματα
2760 1597 3052 1668 σπογγὼδη
3100 1598 3232 1663 εἰσὶ,
3282 1598 3379 1651 τοῦ
3413 1599 3512 1666 μὲν
3537 1599 3777 1668 χόνδρου

508 1688 579 1743 At
607 1690 789 1743 carnis
821 1692 1211 1757 revolutiones,
1247 1708 1341 1749 seu
1374 1695 1605 1749 tonsillae
1640 1697 1930 1765 spongiosa
1959 1712 2081 1750 cor-

2196 1685 2573 1758 ιαλακὼτερα,
2629 1687 2973 1759 σκληρότερα
3024 1688 3079 1741 δὲ
3104 1691 3206 1758 τῆς
3241 1689 3465 1760 σαρκός.
3498 1690 3779 1757 Διάφορος

509 1795 640 1847 pora
670 1790 830 1845 sunt,
867 1799 990 1853 qua:
1019 1785 1337 1856 cartilagine
1371 1786 1588 1856 quidem
1631 1788 1747 1856 ipsa
1805 1788 2073 1853 molliora,

2196 1777 2246 1829 δὲ
2278 1775 2483 1830 τούτων
2514 1777 2547 1848 ἡ
2582 1777 2763 1846 χρεία.
2793 1778 2855 1830 Οί
2887 1778 2986 1848 μὲν
3021 1778 3129 1849 γὰρ
3157 1778 3279 1831 ἀντὶ
3310 1778 3533 1847 στοιϐἧς
3568 1778 3781 1849 ὲτάγηε-

507 1873 755 1926 carnium
804 1890 931 1929 vero
979 1884 1171 1931 natura
1220 1878 1383 1945 paulo
1428 1878 1651 1932 duriora
1694 1890 1841 1942 sunt,
1882 1879 2077 1932 harum

507 1964 709 2033 quippe
766 1982 899 2021 usus
952 1968 1200 2023 diversus
1248 1970 1496 2024 habetur.
1552 1969 1688 2024 Nam
1723 1972 1970 2041 quaedam
2011 1988 2079 2026 ex

510 2063 660 2131 ipsis,
686 2065 896 2129 mediae,
925 2065 1063 2119 inter
1111 2068 1332 2122 vascula
1376 2084 1498 2136 quae
1530 2083 1700 2123 venas
1739 2071 2080 2137 arteriasque

513 2155 879 2223 appellamus,
916 2158 1257 2222 consistunt,
1305 2160 1551 2229 quaedam
1579 2174 1731 2221 vero,
1767 2175 1863 2215 ceu
1903 2162 2083 2216 cubile

511 2242 645 2311 ipsis
679 2244 984 2313 subjacent.
1008 2246 1158 2301 Alias
1189 2248 1339 2315 item,
1373 2248 1638 2302 obeunda:
1664 2249 1895 2318 alicujus
1916 2251 2084 2305 actio-

509 2334 594 2389 nis
628 2351 793 2391 causa
837 2346 1031 2392 natura
1074 2340 1319 2408 protulit,
1354 2348 1413 2393 ut
1442 2357 1561 2408 quae
1593 2341 1643 2394 in
1675 2342 1886 2410 papillis
1920 2351 2085 2410 sunt,

507 2441 744 2495 quarum
775 2426 951 2483 ollicio
1004 2431 1229 2500 sanguis
1252 2431 1303 2486 in
1338 2432 1421 2485 lac
1447 2443 1837 2487 commutatur.
1863 2434 1933 2488 At
1962 2435 2084 2490 alia:

510 2520 564 2571 in
612 2520 842 2575 testibus
890 2529 1046 2585 sunt,
1099 2538 1221 2592 quae
1264 2522 1499 2594 genitale
1542 2539 1724 2579 semen
1770 2525 2079 2595 perﬁciunt.

513 2609 651 2665 Sunt
685 2619 739 2665 et
764 2611 818 2665 in
865 2612 980 2667 oris
1022 2614 1290 2683 angustiis
1336 2615 1565 2673 tonsillae
1613 2616 1765 2683 alias,
1807 2632 1837 2671 a
1883 2617 2083 2685 quibus

510 2699 680 2754 saliva
721 2703 1035 2757 necessario
1062 2705 1435 2758 constituitur.
1472 2703 1536 2759 Et
1582 2706 1840 2775 quoniam
1876 2708 2082 2761 vocali»

510 2790 612 2845 bus
661 2791 1071 2860 instrumentis,
1115 2810 1181 2848 ex
1206 2795 1426 2850 assiduo
1458 2805 1602 2848 motu
1629 2796 2081 2860 siccescentibus,

509 2892 614 2930 vox
635 2877 903 2951 intercipi,
923 2891 978 2935 et
1002 2898 1135 2938 usus
1154 2883 1440 2938 verborum
1471 2884 1700 2940 deiicere
1732 2886 1894 2953 solet,
1920 2886 2084 2957 hujus

512 2971 707 3039 gratia,
747 2973 979 3028 musculi
1013 2975 1107 3044 qui
1134 2975 1396 3031 salivares
1416 2976 1673 3031 dicuntur
1698 2993 1822 3032 cum
1852 2979 2085 3034 tonsillis

513 3062 567 3115 in
616 3077 711 3118 ore
753 3066 1100 3129 consistunt,
1134 3077 1193 3119 ut
1225 3075 1341 3120 toto
1368 3082 1464 3122 ore
1494 3067 1562 3121 ab
1591 3067 1727 3138 ipsis
1753 3069 2081 3134 humectato,

512 3170 703 3223 aspera
726 3158 927 3210 arteria
948 3159 1011 3212 ad
1034 3158 1278 3212 eamdem
1298 3175 1507 3218 vocem.
1540 3175 1604 3212 ac
1636 3162 1903 3214 sermonis
1926 3176 2085 3214 usum

514 3244 752 3312 vegetior
817 3247 1202 3315 actuosiorque
1249 3247 1527 3301 reddatur.
1592 3247 1707 3303 Nisi
1753 3250 1897 3303 enim
1960 3250 2090 3303 huic

2192 1885 2291 1921 σαν
2319 1864 2458 1922 εἶναι
2494 1867 2698 1937 μεταξῦ
2730 1869 2839 1921 τῶν
2873 1869 3141 1937 ἀγγείων·
3172 1870 3221 1922 οἱ
3252 1870 3307 1922 δὲ
3338 1869 3779 1939 ὑπεστριωησαν

2188 1962 2301 2024 τοῖς
2332 1958 2592 2028 ἀγγείοις,
2624 1957 2737 2014 οἷον
2764 1960 2927 2030 φλεψὶ¹
2953 1961 3050 2014 καὶ
3076 1962 3370 2032 ἀρτηρίαις
3390 1978 3405 1991 °
3429 1962 3582 2016 ἄλλοι
3603 1962 3659 2014 δὲ
3680 1963 3779 2013 καὶ

2189 2052 2353 2123 χάριν
2433 2053 2718 2123 ἐνεργείας
2790 2053 3078 2121 ἐγένοντο,
3135 2053 3325 2123 ὥσπερ
3387 2056 3437 2105 οἱ
3516 2057 3574 2107 ὲν
3655 2058 3775 2113 τοίς

2188 2145 2391 2209 τιτθοῖς
2412 2146 2456 2176 ⁸⁸
2484 2145 2532 2198 οἳ
2565 2145 2626 2197 τὸ
2655 2139 2793 2215 αἷμα
2825 2146 2907 2207 είς
2944 2144 3005 2197 τὸ
3036 2146 3079 2176 ⁵⁸
3110 2145 3256 2213 γάλα
3287 2145 3731 2215 μεταϐάλλουσιν
3760 2163 3769 2173 ·

2188 2238 2283 2290 καὶ
2316 2238 2363 2289 οἱ
2397 2238 2454 2289 ὲν
2483 2239 2595 2300 τοῖς
2626 2237 2865 2307 ὄρχεσιν,
2899 2237 2948 2289 οἳ
2980 2236 3196 2290 ποιοῦσι
3220 2238 3279 2289 τὸ
3309 2237 3533 2308 σπέρμα
3554 2255 3568 2268 ⁸
3602 2238 3691 2290 καὶ
3719 2239 3774 2291 οἱ

2188 2330 2246 2381 ὲν
2272 2331 2385 2389 τοῖς
2416 2329 2791 2397 παρισθμίοις.
2818 2329 2866 2382 οἳ
2900 2329 2991 2383 τὸν
3026 2329 3201 2382 σίελον
3234 2331 3551 2396 ἀναγκαίως
3583 2328 3776 2382 ποιοῦ-

2191 2437 2294 2477 σιν,
2336 2419 2552 2491 Ἐπειδὴ
2588 2420 2697 2489 γὰρ
2726 2424 2789 2473 ὲκ
2821 2423 2922 2490 τῆς
2955 2419 3215 2489 συνεχοῦς
3264 2421 3532 2490 κινήσεως
3554 2422 3623 2473 τά
3655 2440 3780 2487 φωο

2189 2509 2387 2578 νητικά
2412 2510 2620 2580 ὄργανα
2644 2510 3011 2580 ξηραινόμενα
3038 2511 3159 2580 ἱστᾷ
3184 2511 3285 2575 τὴν
3311 2511 3507 2580 φωνὴν,
3536 2512 3631 2564 καὶ
3660 2511 3777 2582 τὴν

2188 2601 2407 2671 ὁμιλίαν
2431 2603 2733 2673 διακρατεῖ,
2764 2602 2957 2655 τούτου
2975 2602 3136 2672 χάριν
3169 2604 3218 2653 οἱ
3242 2602 3467 2654 σιελίται
3500 2602 3635 2670 μῦες
3666 2604 3782 2655 σὺν

2189 2692 2371 2745 ἁδέσιν
2426 2691 2577 2754 ἐντὸς
2607 2692 2701 2744 τοῦ
2746 2692 3015 2762 στόματος
3048 2693 3092 2723 ⁸⁸
3136 2695 3348 2745 κεῖνται
3377 2694 3443 2754 ⁶¹,
3469 2692 3557 2744 ἵνα
3597 2693 3781 2747 καθυ-

2190 2784 2503 2854 γραίνουσιν
2530 2785 2573 2815 ⁸⁸
2603 2784 2726 2837 ὅλον
2761 2784 2823 2836 τὸ
2852 2787 3027 2852 στόμα
3061 2784 3156 2838 καὶ
3188 2784 3288 2853 τὴν
3310 2785 3601 2854 ἀρτηρίαν,
3639 2786 3781 2855 πρὸς

2191 2878 2530 2946 ἐκφωνήσεις
2559 2876 2656 2928 καὶ
2686 2874 2926 2946 ὁμιλίας,
2967 2874 3063 2928 καὶ
3102 2875 3446 2946 παρέκτασιν
3476 2875 3677 2942 λόγων.
3716 2877 3782 2928 ΕΞ

2196 2966 2270 3038 μὴ
2325 2967 2432 3038 γάρ
2473 2966 2517 2996 ⁵³
2547 2964 2705 3019 τοῦτο
2758 2965 2910 3037 παρὰ
2941 2965 3038 3018 τοῦ
3090 2966 3351 3035 Τεχνίτου
3395 2967 3499 3035 τῆς
3556 2966 3783 3033 φύσεως

2194 3061 2485 3131 ἐπενοήθη,
2512 3060 2570 3126 ἐξ
2596 3059 2815 3130 ὁμιλίας
2852 3061 3079 3130 μικρᾶς,
3123 3060 3157 3131 ἢ
3199 3060 3458 3130 ῥημάτων
3481 3059 3704 3127 ὀλίγων,
3743 3060 3780 3129 ἢ

2198 3152 2465 3223 μελῳδίας
2501 3152 2599 3221 οὐχ
2643 3151 2856 3221 ἱκανῆς,
2904 3151 3123 3220 ἄφωνος
3155 3153 3183 3204 6
3242 3149 3532 3222 ἄνθρωπος
3573 3150 3785 3212 εὐθέως

2196 3245 2432 3313 ἐγένετο.

512 3334 609 3400 rei,
644 3343 851 3390 natura:
897 3337 1110 3406 Opiﬁcis
1155 3353 1287 3391 cura
1323 3337 1484 3409 136
1554 3340 1659 3394 hoc
1713 3349 1873 3411 pacto
1946 3338 2333 3404 consuluisset,
2369 3337 2535 3392 homo
2596 3334 2908 3391 exmodieo
2934 3333 3130 3405 quovis
3198 3332 3469 3389 sermonis
3517 3347 3649 3397 usu,
3681 3345 3784 3386 nec

511 3426 682 3480 multo
715 3428 863 3483 vocis
890 3430 1281 3497 modulamine,
1313 3432 1366 3485 in
1393 3449 1521 3488 voce
1550 3434 1664 3503 ipsa
1692 3435 1965 3505 jacturam
1990 3443 2285 3505 pateretur.

584 3517 689 3573 Sed
728 3535 853 3574 cum
892 3521 1008 3576 hzec
1077 3523 1390 3594 hujusmodi
1439 3526 1705 3598 disposita
1757 3529 2085 3596 habeantur,

512 3610 578 3665 ad
602 3626 797 3666 sonum
825 3612 1122 3679 edendum,
1150 3630 1415 3687 quanlum
1443 3619 1661 3688 expedit
1690 3636 1792 3675 vox
1814 3619 2089 3675 suﬂiciens

512 3703 779 3772 redditur,
802 3722 967 3776 quam
1000 3723 1103 3764 nos
1136 3718 1191 3763 et
1234 3710 1398 3765 altius
1433 3711 1702 3775 attollere,
1734 3721 1788 3767 et
1814 3712 1931 3783 ejus
1958 3729 2091 3767 con-

513 3804 698 3863 centu,
727 3798 1067 3854 audientium
1098 3799 1325 3856 auribus
1353 3801 1606 3868 blandiri,
1640 3803 1869 3874 illaque,
1897 3805 2091 3872 volup-

515 3897 681 3942 tatem
744 3889 948 3945 ’ali‘erre
1000 3907 1108 3946 non
1163 3893 1430 3948 modicam
1465 3910 1778 3964 possumus.
1828 3894 2090 3961 Quamvis

513 3979 659 4033 enim
688 3979 926 4045 cicadas,
962 3991 1017 4037 ct
1049 3983 1395 4053 philomelas,
1429 3999 1528 4038 nec
1558 3999 1667 4038 non
1707 3985 1966 4054 pleraque
1987 3984 2094 4039 alia

514 4085 581 4122 ex
635 4071 818 4125 avium
866 4087 1065 4142 genere
1090 4117 1104 4140 ,
1143 4075 1425 4129 hominum
1461 4074 1688 4131 auribus
1712 4116 1731 4144 ,
1773 4076 1923 4131 vocis
1957 4092 2094 4132 con-

2277 3524 2439 3579 Ἀλλά
2494 3524 2699 3576 τούτων
2745 3521 2919 3587 οὕτως
2969 3522 3265 3593 κειμένων,
3307 3522 3404 3575 καὶ
3450 3520 3541 3588 ἐφ’
3596 3520 3785 3572 ἱκανὸν

2197 3619 2522 3689 φθέγγεται,
2550 3617 2645 3668 καὶ⁴
2669 3617 2726 3677 ἐς
2761 3614 2893 3684 ὕψος
2917 3614 3063 3684 αἴρει
3094 3613 3301 3683 φωνὴν,
3334 3612 3428 3665 καὶ
3460 3613 3521 3663 ἐν
3551 3611 3786 3681 ῆδὺτητι

2191 3712 2376 3782 φωνῆς
2404 3710 2637 3781 διαρκεῖ’
2672 3708 2768 3762 καὶ
2793 3709 2921 3771 τοὺς
2951 3706 3257 3769 ἀκούοντας
3281 3705 3497 3776 τέρπει,
3534 3704 3632 3755 καὶ
3664 3702 3783 3771 ἠδο-

2195 3804 2293 3875 νὴν
2329 3801 2638 3871 ὲναφίησιν.
2670 3802 2735 3853 Εἰ
2765 3800 2875 3869 γάρ
2914 3800 3007 3852 καὶ
3041 3798 3297 3869 ἡδύνουσι
3327 3798 3570 3863 τέττιγες
3601 3796 3647 3825 ⁸⁸
3687 3794 3784 3846 καὶ

2194 3894 2441 3964 ἀηδόνες,
2471 3893 2565 3946 καὶ
2586 3893 2752 3962 ἕτερα
2777 3891 2893 3956 ζῶα
2918 3893 2962 3923 ⁸⁸
2984 3891 3075 3943 τὸν
3103 3890 3200 3944 ἄνθ
3212 3907 3415 3961 ρωπον,
3449 3888 3587 3941 ἀλλά
3620 3886 3720 3939 καὶ
3738 3885 3785 3916 ⁸⁸

2192 3983 2559 4055 διαφερόντως
2587 3984 2614 4035 6
2642 3981 2931 4054 ἄνθρωπος
2958 3980 3117 4035 τοῦτο
3149 3982 3316 4045 ποιεῖ,
3348 3980 3375 4032 ὃ
3406 3980 3501 4032 mi.
3528 3980 3783 4048 Ὄμηρος

2196 4075 2398 4129 ὲπιστά
2405 4092 2566 4145 μενος
2597 4074 2752 4141 ἔλεγε
2766 4090 2781 4104 ο

516 4166 678 4210 centu
706 4198 721 4221 ,
771 4162 1095 4216 suavitatem
1151 4164 1444 4233 quamdam
1499 4166 1745 4236 ingerere
1784 4166 2091 4229 cernimus,
2146 4174 2388 4220 attamen
2440 4165 2601 4236 longe
2625 4165 2783 4218 aliter
2834 4164 3000 4218 homo
3029 4164 3136 4218 tale
3176 4178 3413 4228 munus,
3451 4175 3619 4230 quam
3665 4160 3786 4230 ipsa

518 4248 779 4303 animalia
816 4253 1155 4321 exsequitur,
1186 4255 1647 4325 quemadmodum
1676 4255 1945 4312 Homerus
1992 4256 2223 4327 hujusce
2252 4256 2330 4311 rei
2366 4256 2575 4326 peritus
2609 4256 2867 4315 asseruit.
2893 4270 3015 4309 cum
3048 4254 3259 4325 inquit:

698 4364 761 4434 4t
788 4380 895 4430 vos,
920 4383 948 4418 ο
956 4366 1192 4434 juvenes,
1220 4370 1454 4423 divinum
1493 4371 1740 4424 accersite
1763 4383 1953 4434 vatem,

696 4430 796 4506 Qui
833 4430 970 4487 deus
985 4447 1039 4490 ut
1073 4430 1231 4491 contu
1262 4450 1569 4492 cunctorum
1596 4441 1819 4493 mulceat
1844 4430 2024 4506 aures,

697 4503 985 4570 Prwstitit,
1020 4518 1077 4561 ut
1108 4519 1328 4562 mentem
1357 4510 1520 4578 ﬂectit
1545 4521 1762 4563 cantare
1787 4503 2024 4581 rogatus.

522 4616 685 4671 Solus
738 4620 884 4672 enim
937 4621 1100 4675 homo
1148 4621 1298 4677 vocis
1354 4621 1698 4677 dulcedinem
1760 4622 2099 4693 distinguere

523 4725 589 4763 ac
619 4709 897 4779 percipere
923 4721 1119 4781 potest.
1159 4712 1263 4769 Sed
1298 4723 1354 4769 et
1398 4715 1500 4770 soli
1543 4715 1750 4768 homini
1788 4725 1995 4770 tantum
2030 4715 2097 4769 ad

524 4810 722 4855 cantus
747 4801 1139 4868 modulamina,
1173 4806 1462 4861 omnifaria
1495 4807 1705 4861 musica
1732 4806 2098 4861 instrumenta

527 4899 582 4944 et
611 4892 790 4945 varios
835 4892 1331 4951 blandimentorum
1384 4913 1519 4952 usus
1550 4899 1882 4953 constituere
1910 4898 2098 4952 datum

524 4991 626 5037 est.
669 4982 783 5037 Soli
820 4985 923 5054 ipsi
957 4986 1164 5041 homini
1202 5005 1297 5057 per
1329 4989 1537 5045 litteras
1566 4990 1884 5046 absentibus
1907 4991 2100 5046 amicis

528 5075 755 5128 salutem
802 5076 1004 5130 dicere.
1054 5076 1236 5142 Solus,
1262 5080 1504 5148 inquam,
1540 5083 1722 5147 homo,
1768 5081 2104 5136 animadver-

533 5165 675 5218 tendi
708 5180 772 5220 ac
798 5167 1009 5221 consilii
1037 5169 1285 5238 capiendi
1319 5170 1371 5224 vi
1401 5170 1661 5240 praeditus
1687 5181 1790 5237 est;
1822 5180 1877 5225 et
1921 5171 2099 5226 risihi-

531 5256 600 5325 Iis
636 5256 889 5313 animalis
910 5258 1084 5324 solus,
1122 5261 1337 5315 tametsi
1366 5261 1525 5317 simia
1549 5262 1733 5316 nescio
1765 5276 1929 5330 quam
1958 5262 2102 5316 risus

601 5395 650 5427 “
668 5393 815 5463 αὐτῷ
835 5394 895 5447 Β.
972 5398 1017 5429 ⁸⁸
1033 5396 1091 5450 δὲ
1110 5398 1203 5452 καὶ
1228 5398 1289 5452 Β.
1361 5401 1406 5431 ⁸⁸
1430 5401 1526 5452 καὶ
1552 5416 1663 5454 om.
1689 5400 1748 5453 B.
1825 5400 1873 5430 ⁵⁷
1895 5398 2008 5465 ἐμπ

533 5466 577 5536 ἐξ
630 5467 863 5536 κινεῖται
906 5466 966 5520 C.
1080 5468 1124 5499 “
1156 5468 1591 5536 καθυγραίνωσιν
1626 5468 1800 5523 BCP.

2016 5399 2207 5468 ροσθεν
2229 5399 2287 5454 Ρ.

1916 5470 1960 5501 ⁸³
1989 5470 2097 5537 γὰρ
2124 5485 2235 5522 om.
2271 5470 2327 5523 Β.

2446 4411 2460 4425 .
2499 4411 2514 4425 .
2559 4408 2576 4424 .
2611 4371 2923 4425 Καλέσατε
2953 4370 3117 4425 θεῖον
3138 4370 3366 4426 datadar-

2308 4439 2385 4503 τῷ
2414 4441 2457 4471 ⁸⁷
2498 4443 2549 4506 γ’
2581 4441 2696 4509 ἄρα
2730 4443 2864 4506 θεὸς
2894 4440 3028 4506 πέρι
3059 4439 3253 4493 δῶκεν
3284 4441 3328 4471 ⁸⁸
3357 4439 3567 4505 ἀοιδὴν

2208 4508 2474 4578 Τρέπειν,
2501 4508 2637 4563 ὅποι
2667 4511 2711 4542 ⁶⁹
2740 4509 2927 4580 θυμὸς
2955 4512 3364 4577 ἐποτρύνῃσιν
3394 4511 3618 4565 ἀείδειν
3643 4510 3750 4580 (ιιι.

2202 4623 2384 4686 Μόνος
2419 4623 2530 4694 γὰρ
2574 4626 2602 4677 6
2647 4623 2940 4694 ἄνθρωπος
2978 4624 3226 4695 ὴδύτητα
3275 4624 3461 4692 φωνῆς
3514 4623 3788 4694 διακρίνει

2204 4718 2299 4769 καὶ
2349 4715 2697 4787 ἀποδέχεται.
2753 4716 2929 4778 Μόνος
2977 4717 3187 4787 ὄργανα
3239 4716 3377 4784 πρὸς
3415 4714 3557 4785 ᾠδὰς
3606 4732 3786 4767 κατα⁹

2207 4806 2499 4871 σκευάζειν
2518 4804 2764 4869 δύναται,
2787 4807 2883 4859 καὶ
2906 4806 3201 4876 θελκτήρια
3225 4804 3359 4876 μέλη
3384 4807 3580 4857 ποιεῖν.
3611 4806 3789 4866 Μόνος

2203 4898 2231 4950 ὀ
2262 4896 2309 4927 ⁷⁸
2348 4895 2638 4967 ἄνθρωπος
2672 4896 2760 4949 διά
2800 4896 3151 4966 γραμμάτων
3190 4894 3287 4947 καὶ
3336 4894 3626 4965 πόρρωθεν
3660 4895 3788 4955 τοὺς

2208 4986 2397 5055 φίλους
2426 4987 2753 5051 ἀσπάζεται.
2788 4987 2966 5049 Μόνος
2996 4987 3025 5038 6
3053 4987 3099 5019 ’⁷⁸
3124 4985 3409 5055 ἄνθρωπος
3442 4984 3788 5052 διανοητικόν

2210 5079 2303 5131 καὶ
2332 5078 2760 5148 βουλευματικόν
2796 5081 2838 5110 ⁷²
2867 5080 2987 5132 ἐστι
3018 5078 3179 5144 ζῶον.
3222 5078 3400 5140 Μόνος
3436 5080 3464 5129 ὀ
3497 5076 3791 5145 ἄνθρωπος

2209 5168 2349 5233 ζῶον
2395 5170 2719 5238 γελαστικόν
2766 5172 2934 5224 ἐστιν·
2988 5171 3037 5223 εί
3081 5169 3177 5223 καὶ
3217 5172 3315 5239 τὴν
3358 5168 3510 5238 μιμὼ
3565 5169 3789 5235 λέγουσι

2211 5261 2645 5331 σχηματίζεσθαι
2683 5262 2865 5317 τοῦτο.
2914 5264 3091 5327 Μόνος
3132 5265 3161 5315 ό
3216 5261 3505 5332 ἄνθρωπος
3540 5260 3630 5314 διά
3682 5261 3790 5314 τῶν

2389 5401 2435 5433 ⁸⁸
2456 5401 2623 5463 τιθοῖς
2643 5400 2708 5453 Α.
2807 5400 2853 5432 ⁸⁵
2884 5399 2946 5452 τδ
2968 5416 3077 5454 om.
3105 5399 3144 5453 Β
3164 5399 3222 5452 Ρ.
3298 5400 3343 5430 ⁸⁸
3375 5398 3633 5467 σώματος
3654 5399 3704 5467 ,Α
3730 5396 3786 5451 Ρ.

2440 5472 2483 5501 ⁸⁸
2518 5472 2612 5523 καὶ
2640 5472 2883 5534 τέττιγες
2906 5471 2949 5522 Δ
2974 5470 3031 5522 Ρ.
3150 5469 3196 5500 ⁶⁸
3217 5470 3295 5523 ὲτ.
3327 5469 3436 5522 τῶν
3463 5467 3622 5530 ζώων
3646 5466 3689 5519 Β
3729 5467 3785 5521 P.

594 5533 688 5610 x_a.i.
712 5548 821 5588 om.
851 5534 908 5589 Β.
986 5538 1030 5569 ⁸⁷
1049 5537 1108 5590 τὸ
1131 5539 1193 5593 Λ.
1269 5539 1312 5569 ⁸⁸
1339 5533 1715 5610 περιδῶκενεὶ.
1758 5541 1800 5571 '9
1822 5542 1928 5610 ὅπη
1949 5533 2080 5593 ΑΡ(

2211 5542 2238 5592 ὁ
2269 5557 2374 5593 υιιι.
2403 5539 2464 5595 Β.
2537 5542 2578 5573 ⁷¹
2604 5543 2629 5594 ὁ
2661 5557 2769 5595 om.
2792 5539 2830 5594 Β
2854 5540 2911 5605 l’,
2941 5550 2993 5595 et
3017 5540 3093 5594 sic
3120 5539 3174 5595 in
3203 5540 3300 5595 rel.
3375 5540 3421 5570 ⁷³
3442 5536 3792 5607 βουλευτικὸν

540 5600 583 5653 ιι
613 5601 672 5656 P.

611 5712 688 5784 (ρ)
718 5712 816 5770 0d.
849 5717 911 5783 θ,
945 5719 1027 5772 is.
