4070 6216
335 426 471 482 ηπ

1584 422 1671 476 DE
1713 422 1995 481 NATURA
2040 426 2342 485 HOMINIS.

3456 436 3596 491 1278

328 538 652 612 φωνητικῶν
688 538 941 609 ὀργάνων
987 541 1154 593 τυποῖ
1186 540 1257 593 τὰ
1304 540 1578 612 λεγόμενα
1618 544 1651 614 ἢ
1698 545 1898 613 φωνού-

2021 548 2442 604 similitudinem
2483 548 2791 620 exprimere
2828 549 3079 604 videatur
3104 590 3119 617 ,
3173 549 3593 621 appellationem

328 647 490 701 μενα,
529 631 626 683 καὶ
651 628 921 699 διαρθροῖ’
954 630 1065 682 τῶν
1086 630 1263 684 ἄλλων
1295 630 1449 694 ζώων
1479 632 1770 704 ἀνάρθρως
1805 652 1916 703 φω-

324 721 580 776 νούντων.
614 722 677 773 El
706 720 762 773 δὲ
791 723 886 773 καὶ
920 723 1048 785 τοὺς
1076 722 1346 790 ἀγγέλους
1375 724 1471 776 καὶ⁴
1500 722 1760 795 δαίμονας
1788 728 1913 796 ὁμι-

323 816 438 868 λεῖν
468 815 687 881 λέγεται
726 812 985 882 λογικῶς,
1016 813 1133 866 ἀλλ’
1167 813 1227 867 οὐ
1257 814 1352 867 διὰ
1390 816 1716 887 φωνητικῶν
1743 819 1913 888 ὀργά-

326 925 450 972 νων,
485 906 612 959 οὐδὲ
670 906 759 959 διὰ
795 906 967 976 πνοῆς
997 906 1189 977 ὥσπερ
1218 909 1402 978 ἡμεῖς.
1436 909 1611 972 Μόνος
1645 911 1673 962 ὁ
1705 911 1914 983 ἄνθρω..

326 1016 426 1062 πος
458 1000 599 1069 μετά
636 998 871 1053 θάνατον
898 998 1213 1052 ἀνίσταται*
1247 999 1342 1052 καὶ
1369 1000 1565 1071 θνητὸς
1597 1000 1673 1055 ὢν
1699 1003 1913 1058 ἀπαθα-

325 1090 604 1155 νατίζεται
633 1090 697 1144 ⁷⁸.
730 1091 909 1153 Μόνος
947 1090 975 1142 6
1010 1090 1298 1162 ἄνθρωπος
1328 1092 1469 1156 ζῶόν
1496 1095 1645 1148 ἐστιν
1677 1095 1911 1150 ἐνταῦθα

2018 639 2278 695 vindicat.
2323 641 2519 705 Solus,
2564 641 2846 696 vocalibus
2880 640 3296 706 instrumentis,
3346 657 3467 713 qua:
3514 644 3597 697 di-

2016 736 2212 803 cenda,
2244 735 2714 806 exprimendaquc
2743 741 2891 801 sunt,
2910 735 3197 789 articulata
3221 750 3351 790 voce
3375 734 3593 797 format,

2014 842 2137 881 cum
2171 838 2364 882 czctera
2394 827 2648 882 animalia
2676 827 3021 881 inarticulata
3051 842 3183 881 voce
3216 836 3457 909 utantur.
3486 827 3593 881 Sed

2011 928 2067 974 et
2093 918 2477 989 intelligentias
2504 919 2670 989 ipsas,
2700 934 2762 972 ac
2801 916 3114 982 daemones,
3163 919 3424 972 rationali
3478 934 3595 972 ser-

2014 1024 2199 1077 mone,
2239 1024 2348 1065 nou
2377 1018 2561 1065 autem
2588 1009 3050 1079 quemadmodum
3081 1018 3135 1063 et
3166 1026 3284 1075 nos,
3313 1010 3592 1065 vocalibus

2012 1100 2414 1166 instrumentis,
2464 1118 2528 1156 ac
2572 1103 2797 1171 spiritus
2843 1101 3273 1171 reciprocatione
3312 1102 3424 1167 uti,
3451 1116 3593 1154 non-

289 1183 802 1254 τοίκονομούμενον,
836 1182 931 1235 καὶ
955 1182 1189 1253 ἀλλαχοῦ
1221 1185 1646 1255 μεθιστάμενον.
1678 1187 1855 1253 Μόνος
1882 1192 1910 1243 6

322 1275 611 1347 ἄνθρωπος
655 1277 715 1329 ὲν
766 1276 920 1345 μέσῳ
960 1275 1053 1328 δύο
1094 1275 1249 1340 ζώων
1295 1277 1647 1345 γινώσκεται’
1685 1281 1909 1351 καὶτῆς

276 1392 299 1421 ι
327 1368 426 1437 μὲν
453 1365 739 1438 παρούσης
768 1367 1139 1437 φροντίζεται,
1172 1368 1267 1420 καὶ
1302 1372 1619 1439 προνοεῖται
1658 1370 1776 1435 πῶς
1808 1371 1898 1442 ζή-

2009 1376 2418 1431 immortalitate
2454 1376 2670 1440 donari,
2729 1375 2917 1430 datum
2973 1382 3074 1428 est.
3142 1371 3329 1426 Solum
3396 1371 3591 1425 homi-

326 1472 501 1511 σεται·
533 1460 631 1529 τῆς
662 1459 717 1512 δὲ
767 1458 1072 1530 μελλούσης
1118 1460 1465 1529 ἐπιμελεῖται
1511 1463 1587 1534 μὴ
1624 1463 1898 1517 ἐκπεσεῖν·

2006 1484 2155 1533 nem,
2188 1484 2371 1523 rerum
2403 1468 2493 1522 ille
2523 1466 2727 1537 opifex,
2772 1468 2861 1521 hic
2910 1477 3153 1522 creatum
3177 1473 3231 1518 et
3267 1463 3374 1517 alio
3408 1471 3589 1517 trans-

324 1551 421 1603 καὶ
444 1550 543 1621 τὴν
573 1551 671 1621 μὲν
701 1551 1038 1621 πρόσκαιρον
1060 1546 1193 1618 οἶδε,
1225 1555 1325 1621 τὴν
1355 1552 1413 1605 δὲ
1449 1554 1671 1608 αἰώνιον
1699 1556 1764 1610 ⁷⁸.
1794 1556 1898 1610 Kal

2006 1560 2330 1614 mutandum
2404 1559 2551 1615 fecit.
2618 1557 2781 1613 Solus
2848 1557 3034 1620 homo,
3092 1556 3233 1609 inter
3297 1564 3589 1622 utramque

322 1643 423 1713 τὴν
471 1643 535 1712 μὲ
550 1661 590 1707 ν,
629 1642 949 1712 πολυπαθῆ,
983 1643 1077 1696 καὶ
1122 1643 1485 1711 πολυὼδυνον,
1532 1647 1627 1701 καὶ
1666 1648 1898 1702 πολύδα-

2003 1651 2196 1716 vitam,
2245 1650 2726 1722 providentissima
2786 1665 2917 1704 cura
2968 1664 3089 1717 quae
3148 1648 3213 1700 ad
3264 1640 3597 1714 praesentem"

2010 1192 2141 1246 nulli
2193 1192 2507 1262 opinantur.
2553 1194 2668 1247 Soli
2727 1194 2889 1248 etiam
2942 1192 3171 1257 homini,
3220 1190 3324 1245 etsi
3373 1193 3591 1244 mortali

2008 1285 2320 1339 conditione
2368 1293 2530 1338 natus
2584 1284 2691 1350 sit,
2748 1299 2781 1338 a
2845 1282 3079 1337 mortuis
3137 1296 3464 1350 resurgere,
3524 1295 3590 1333 ac

324 1752 476 1802 κρυν·
507 1734 604 1804 τὴν
620 1733 697 1799 δὲ,
722 1734 928 1805 ἀπαθῆ,
949 1736 1044 1788 καὶ
1066 1734 1356 1804 ἀνώδυνον,
1390 1739 1486 1791 καὶ
1512 1739 1792 1812 πολυχαρῆ
1816 1742 1862 1774 ⁷³
1883 1756 1899 1772 ο

320 1823 417 1894 χώς
448 1824 542 1876 καὶ
568 1824 940 1897 Καλλίμαχος⁴

2004 1746 2238 1801 attinent
2311 1745 2527 1815 satagit,
2562 1754 2615 1799 et
2665 1759 2732 1797 ne
2790 1758 2821 1797 a
2869 1742 3055 1795 futura
3110 1740 3381 1795 dilabatur
3436 1753 3590 1792 sum-

2003 1852 2228 1906 mopere
2295 1837 2561 1906 invigilat,
2612 1836 2757 1889 hanc
2812 1841 3135 1901 praesentem
3187 1839 3431 1898 tempore
3471 1844 3588 1881 mu-

323 1918 577 1981 labilem,
645 1919 791 1972 illam
840 1934 971 1973 vero
1032 1929 1291 1976 aeternam
1347 1924 1518 1979 novit.
1579 1924 1684 1979 Sed
1744 1936 1795 1982 et
1844 1928 2151 1986 innumeris
2223 1935 2363 1987 hanc
2411 1931 2568 2000 137
2631 1928 3004 2000 passionibus,
3038 1942 3101 1981 ac
3141 1924 3461 1987 doloribus,
3510 1925 3591 1977 la-

322 2013 637 2083 crymisque
682 2015 1003 2079 obnoxiam,
1031 2016 1179 2071 illam
1226 2032 1357 2071 vero
1404 2021 1722 2088 passionum
1773 2034 2074 2094 expertem,
2105 2028 2365 2096 omnique
2419 2026 2608 2080 dolore
2675 2032 2996 2085 vacantem,
3035 2038 3101 2076 ac
3159 2018 3381 2091 plurimi
3452 2034 3589 2089 gau-

321 2104 393 2157 dii
436 2104 668 2173 plenam,
717 2106 1123 2161 animadvertit.
1187 2105 1260 2162 Ut
1295 2107 1664 2167 Callimachus
1706 2128 1721 2143 '

326 2219 427 2271 Ἴθι
451 2217 661 2287 πραεῖα
691 2220 993 2291 γυναικῶν
1015 2221 1130 2291 τὴν
1152 2222 1297 2277 ὁδὸν
1328 2223 1408 2292 ἣν
1436 2227 1595 2299 (irim
1619 2228 1898 2299 θυμοφθᾴ

2024 2227 2166 2283 Vade
2198 2237 2475 2282 mansueta
2508 2226 2784 2281 mulierum
2810 2225 2972 2291 viam,
2991 2240 3148 2294 quam
3180 2225 3440 2293 angustia:
3465 2226 3587 2279 ani-

326 2357 575 2427 Ὅμοιον
605 2360 684 2426 τῷ
716 2361 859 2417 ἔνθα
902 2362 1135 2432 ἀπέδρα
1181 2296 1897 2434 πᾶσᾶοῗύῖῖηπσῗξῗ

1393 2437 1492 2490 καὶ
1514 2437 1898 2509 ater-antch

394 2518 571 2582 Μόνος
612 2521 642 2572 6
690 2520 979 2591 ἄνθρωπος
1028 2522 1244 2577 πταίων
1276 2525 1513 2580 ἐνταῦθα
1545 2528 1897 2594 παιδεύεται,

322 2612 414 2666 καὶ
446 2612 723 2683 μετανοῶν
756 2617 1121 2685 συγχωρεῖται
1154 2615 1307 2686 παρά
1334 2618 1429 2670 τοῦ
1456 2620 1790 2683 Κτίσαντος.

1999 2379 2144 2417 mum
2184 2370 2575 2432 corrumpentes
2636 2376 2741 2413 non
2795 2366 3091 2428 penetrant.

2079 2522 2269 2576 Simile
2318 2521 2448 2575 huic
2499 2528 2553 2574 et
2590 2518 2725 2573 illud
2755 2527 2865 2580 est.
2925 2515 3071 2572 unde
3118 2516 3345 2572 recessit
3400 2517 3586 2572 omnis

2002 2616 2271 2678 molestia,
2298 2621 2351 2669 et
2378 2613 2555 2675 dolor,
2584 2620 2637 2667 et
2664 2611 2917 2681 gemitus.
2941 2606 3102 2662 Solus
3129 2609 3397 2678 siquidem
3419 2610 3586 2665 homo

319 2705 375 2761 in
425 2708 708 2775 praesentis
767 2709 891 2764 vitte
926 2711 1161 2776 lubrico,
1212 2713 1266 2765 in
1308 2712 1543 2770 crimina
1594 2726 1931 2787 peceataque
1975 2710 2330 2783 prolabendo,
2380 2724 2504 2764 eum
2540 2707 2780 2777 seipsum
2848 2702 3094 2772 corrigit,
3147 2718 3178 2757 a
3226 2704 3580 2774 paenitentia,

316 2804 475 2858 venia
510 2804 707 2872 dignus
747 2819 775 2858 a
810 2803 1067 2871 Creatore
1089 2805 1344 2859 ellicitur.

388 2897 567 2958 Μόνος
598 2898 625 2949 6
668 2896 954 2968 ἄνθρωπος
999 2898 1153 2968 παρά
1200 2898 1295 2951 τοῦ
1329 2897 1677 2969 Δημιουργοῦ
1710 2898 1898 2964 διαφεο

2077 2889 2363 2959 Siquidem
2409 2925 2426 2949 ,
2510 2901 2638 2957 erga
2720 2886 2898 2941 solum
2980 2889 3311 2958 hominem,
3397 2907 3579 2950 rerum

318 2988 520 3059 ρόντως
548 2988 655 3040 τῶν
684 2988 862 3042 ἄλλων
903 2987 1059 3053 ζώων
1089 2992 1420 3060 προνοεῖται,
1453 2990 1547 3044 καὶ
1577 2987 1898 3059 ἐπιμελείας

2004 2982 2184 3051 opifex
2254 2987 2449 3050 prater
2497 2978 2601 3033 alia
2650 2979 2906 3034 animalia
2964 2982 3234 3052 pra'cipua
3295 2984 3584 3053 providen-

316 3082 568 3151 ἠξίωται.
604 3083 714 3135 Καὶ
744 3082 788 3112 ⁷³
820 3081 909 3134 ἵνα
936 3082 1100 3134 τοῦτο
1137 3081 1212 3153 μὴ
1251 3081 1462 3151 ἀγνοῶν
1502 3080 1679 3152 μάθῃς
1710 3078 1892 3143 πλέον,

2003 3073 2073 3127 tia
2104 3072 2308 3135 utitur,
2341 3084 2577 3139 eumque
2607 3069 2959 3125 exactissima
2990 3073 3161 3141 ipsius
3191 3089 3323 3129 cura
3353 3075 3579 3145 dignum

315 3174 413 3223 καὶ
448 3172 545 3241 τῆς
589 3171 849 3242 προνοίας
882 3170 1170 3246 θαυμάσῃς
1210 3172 1270 3225 τὸ
1312 3171 1577 3243 μέγεθος,
1629 3170 1822 3224 σκόπει
1850 3170 1892 3200 ⁷⁷

1999 3174 2205 3220 censet.
2267 3164 2363 3219 llis
2418 3163 2602 3232 itaque
2672 3160 2943 3232 cognitis,
2995 3172 3049 3220 et
3098 3165 3255 3235 plura
3310 3167 3579 3235 edoctus,

314 3265 416 3334 τὴν
468 3263 730 3333 διαμονὴν
772 3262 881 3315 τῶν
929 3264 1209 3329 ἁπάντων,
1258 3264 1353 3317 καὶ
1406 3264 1645 3333 μάλιστα
1681 3261 1789 3316 τῶν
1836 3261 1894 3313 ἐν

1999 3256 2092 3312 Dei
2122 3255 2479 3327 previdentia:
2508 3254 2941 3325 magnitudinem
2978 3257 3272 3315 mirabere.
3310 3259 3445 3326 Quis
3470 3277 3580 3317 non

317 3359 530 3426 γενέσει
578 3357 673 3409 καὶ
706 3355 883 3427 φθορᾷ
930 3356 1343 3427 φυλαττομένην
1364 3357 1406 3387 ⁷⁸
1437 3357 1524 3410 ἀεὶ
1565 3357 1654 3410 διά
1694 3372 1755 3409 σε
1798 3354 1896 3425 τὴν

1999 3352 2265 3405 attonitus
2285 3348 2559 3419 inspiciat,
2592 3347 2839 3402 omnium
2899 3363 3083 3404 rerum
3123 3354 3579 3422 permanentiam,

318 3449 468 3514 τάξιν
492 3450 600 3502 τῶν
627 3449 795 3502 ὄντων
823 3453 917 3502 καὶ
947 3448 1044 3520 τὴν
1073 3448 1311 3503 ⁷⁹λθέσιν.
1359 3450 1633 3513 Ὡσαύτως
1662 3448 1761 3518 τὴν
1788 3448 1894 3500 τῶν

1999 3458 2184 3497 earum
2209 3442 2533 3512 praascrtim,
2565 3456 2689 3511 qua:
2717 3441 3083 3512 generationis
3102 3444 3580 3514 corruptionisque

318 3543 536 3612 ἄστρων
585 3541 781 3612 φορὰν,
827 3540 996 3611 μηδὲν
1038 3541 1311 3611 μηδέποτε
1347 3540 1769 3595 διαλλάττουσαν
1802 3538 1893 3590 τὸν

320 3635 521 3687 κύκλον
548 3633 643 3686 τοῦ
675 3634 948 3687 ἐνιαυτοῦ·
982 3634 1091 3686 τῶν
1117 3634 1279 3703 ὡρῶν
1300 3635 1398 3705 τὴν
1424 3633 1892 3687 ἀποκατάστασιν*

319 3725 430 3779 τῶν
457 3726 665 3780 νυκτῶν
699 3727 793 3779 καὶ
818 3725 1042 3796 ἡμερῶν
1066 3725 1112 3756 ⁸ο
1134 3725 1233 3796 τὴν
1264 3725 1506 3796 ἰσότηταο
1543 3725 1692 3796 παρὰ
1727 3724 1894 3794 μέρος

319 3818 589 3887 ἑκατέρας
628 3817 1004 3887 αὐξανομένης
1034 3817 1066 3887 ἢ
1107 3816 1461 3887 μειουμένης·
1492 3816 1591 3887 τὴν
1633 3814 1822 3884 φυτῶν
1847 3815 1891 3845 ⁸(

319 3912 415 3963 καὶ
463 3910 797 3980 σπερμάτων
842 3908 1083 3979 πληθύν·
1140 3908 1240 3979 τὴν
1287 3907 1395 3961 τῶν
1425 3904 1581 3970 ζώων
1627 3906 1893 3976 διαφορὰν

320 4005 416 4056 καὶ
446 4004 812 4073 κατασκευήν
850 4004 950 4072 τῆς
990 4001 1220 4063 κτίσεως
1248 4000 1469 4071 ἀπάσης
1497 4000 1565 4053 τά
1593 3999 1729 4071 ἔργα
1751 4038 1766 4063 ,
1800 3998 1893 4052 καὶ

319 4095 417 4169 τὴν
443 4096 758 4165 ἀναλογίαν,
791 4094 883 4147 καὶ
913 4094 1203 4165 ἁρμονίαν,
1231 4094 1325 4147 καὶ
1353 4091 1657 4163 εὐρυθμίαν
1682 4092 1751 4145 θ’.
1782 4090 1893 4145 Καὶ

321 4190 410 4244 ἵνα
448 4189 624 4243 πάντα
654 4188 814 4258 παρῶ
846 4185 934 4239 διὰ
959 4185 1058 4256 τὴν
1088 4186 1185 4257 σὴν
1213 4186 1471 4255 πρόνοιαν
1498 4185 1544 4217 ⁸³
1574 4184 1668 4239 καὶ
1698 4183 1894 4254 συντή-

323 4298 479 4352 ρησιν
512 4282 798 4349 γεγονότα,
843 4280 973 4351 περὶ
1002 4280 1102 4349 τῆς
1139 4280 1357 4350 μορφῆς
1391 4278 1550 4349 ἡμῶν
1592 4278 1686 4331 καὶ
1717 4277 1889 4341 ἰδέας,

316 4376 419 4444 τὴν
461 4370 818 4444 παραλλαγὴν
863 4371 1120 4440 διάφορον
1172 4370 1406 4439 ἐχούσης
1452 4368 1518 4433 ⁸⁸,
1569 4367 1892 4436 διασαφήσω

316 4463 476 4532 ὀλίγα
496 4465 560 4498 ⁸⁸’
596 4464 681 4516 ἵνα
713 4462 1103 4532 προσκυνήσῃς
1135 4460 1181 4491 ⁸⁸
1205 4460 1305 4528 τὴν
1338 4459 1471 4528 περὶ
1500 4456 1559 4511 σὲ
1576 4457 1621 4489 ⁸⁷
1655 4453 1749 4510 τοῦ
1792 4460 1891 4509 Δε-

319 4554 518 4606 σπότου
561 4572 657 4606 σου
705 4554 988 4623 πρόνοιαν,
1039 4551 1099 4603 τὸ
1141 4550 1302 4621 ἔργον
1346 4549 1541 4604 τούτου
1580 4548 1907 4618 θαυμάσῃςον

317 4647 415 4708 Τίς
445 4649 552 4717 γὰρ
580 4644 721 4716 ὀρῶν
748 4644 846 4706 τὰς
876 4642 1091 4714 μορφὰς
1120 4642 1230 4695 τῶν
1266 4641 1572 4712 ἀνθρώπων
1611 4641 1669 4693 ὲν
1692 4639 1890 4693 τοσαύ-

315 4755 438 4801 ταις
472 4738 699 4810 μυριάσι
727 4737 773 4769 ⁸⁸
819 4734 1272 4799 διαλλαττούσας,
1326 4734 1420 4787 καὶ
1454 4732 1707 4804 μηδαμοῦ
1748 4731 1893 4788 κατά

1995 3535 2374 3592 vicissitudine
2419 3532 2579 3589 nobis
2627 3534 2954 3597 inserviunt,
3004 3534 3174 3588 nostri
3215 3549 3376 3590 causa
3422 3535 3576 3591 illum

1994 3626 2399 3700 procreasse,'si
2423 3640 2605 3680 rerum
2630 3625 2876 3679 omnium
2900 3625 3147 3679 ordinem
3167 3626 3395 3680 simulet
3408 3628 3575 3683 situm

1995 3728 2342 3798 inspexeris?
2367 3724 2483 3779 Non
2514 3724 2659 3779 enim
2703 3723 2946 3779 siderum
2984 3734 3170 3780 motus
3190 3765 3206 3790 ,
3244 3741 3357 3781 non
3392 3728 3579 3783 circu-

1993 3820 2125 3875 laris
2160 3818 2293 3874 anni
2338 3816 2611 3878 ambitus,
2642 3815 2724 3869 vel
2771 3824 3074 3885 temporum
3097 3858 3113 3883 ,
3147 3816 3223 3872 ab
3253 3816 3469 3887 incepto
3499 3829 3578 3875 te-

1994 3925 2149 3975 nore,
2190 3911 2250 3964 tit
2281 3906 2630 3979 permutatio.
2668 3905 2775 3961 Sed
2818 3915 2873 3961 et
2913 3907 3126 3961 dierum
3186 3922 3259 3963 ac
3326 3910 3573 3966 noctium

1994 4000 2355 4071 ira-qualitates,
2392 3997 2764 4060 incrementa,
2794 3997 3283 4067 decrementaqne,
3321 4000 3451 4056 dum
3492 4002 3577 4057 vi-

1994 4094 2180 4149 cissim
2207 4100 2316 4146 tam
2350 4090 2491 4144 miro
2514 4090 2708 4144 ordine
2733 4090 2932 4144 damna
2962 4090 3289 4159 rependunt,
3327 4105 3575 4149 contem—

1993 4184 2129 4256 plari
2157 4191 2389 4254 oportet.
2424 4181 2698 4247 Quidnam
2740 4181 2809 4235 de
2859 4180 3128 4236 seminum
3167 4191 3222 4236 et
3260 4183 3571 4253 plantarum

1991 4272 2372 4336 exuberantia,
2423 4281 2518 4326 aut
2549 4272 2679 4343 quid
2715 4272 2782 4327 de
2814 4282 2927 4329 tam
2971 4272 3186 4328 diversa
3219 4283 3272 4329 et
3299 4276 3572 4333 diﬂ'erenti

1996 4375 2320 4431 animalium
2353 4373 2558 4444 specie,
2588 4374 2764 4445 deque
2798 4381 2907 4429 tota
2955 4387 3140 4429 rerum
3190 4376 3440 4431 machina
3482 4376 3565 4432 di-

1991 4467 2223 4521 eendum
2250 4466 2373 4521 est?
2415 4467 2469 4521 in
2515 4466 2635 4536 ipsa
2683 4466 2827 4520 enim
2867 4466 3251 4536 proportione,
3285 4467 3569 4523 harmonia

1990 4568 2045 4614 et
2075 4567 2225 4613 recto
2268 4558 2464 4613 ordine
2501 4557 2805 4612 consistere
2847 4566 3043 4611 cuncta
3083 4557 3353 4611 visuntur.
3401 4557 3468 4612 Et
3509 4568 3570 4614 ut

1992 4651 2282 4716 universa,
2332 4665 2455 4719 qua:
2504 4664 2719 4703 summa
2772 4647 2866 4701 Dei
2904 4646 3244 4715 providentia
3297 4650 3567 4705 commodi

1990 4756 2060 4796 ac
2092 4741 2448 4796 emolumenti
2477 4739 2653 4794 nostri
2690 4738 2864 4807 gratia
2899 4747 3182 4807 procreata
3217 4746 3367 4807 sunt,
3398 4742 3564 4798 missa

317 4832 497 4882 πάντα
529 4808 952 4900 συμπιπτούσας
981 4827 1048 4892 ⁸⁸,
1082 4828 1141 4880 οὐ
1173 4826 1443 4897 θαυμάσει
1476 4827 1577 4897 μὲν
1607 4826 1667 4880 τὸ
1704 4826 1887 4899 ἐργον;

1999 4833 2284 4900 faciamus,
2319 4847 2491 4902 pauca
2525 4840 2705 4885 tamen
2745 4830 2813 4885 de
2845 4828 3021 4885 forma
3056 4831 3346 4901 specieque
3376 4843 3565 4889 nostra

330 4921 813 4993 Ἀναλογιζόμενος
854 4920 913 4974 δὲ
958 4920 1060 4991 τὴν
1106 4919 1310 4984 αἰτίαν,
1351 4920 1576 4991 εὑρήσει
1629 4920 1889 4991 προνοίας

314 5017 485 5069 ἓνεκα
522 5015 920 5086 διαφερούσης,
963 5013 1061 5085 τὴν
1085 5012 1348 5084 διαφορὰν
1376 5013 1474 5081 τῆς
1514 5012 1731 5083 μορφῆς
1782 5031 1892 5068 πα-

318 5106 706 5178 ρηλλαγμένην
739 5107 797 5159 ὲν
838 5107 954 5168 τοῖς
992 5104 1114 5158 καθ’
1139 5104 1372 5158 ἕκαστον
1404 5104 1472 5157 ³⁸.
1519 5103 1719 5158 Σκόπει
1756 5104 1889 5176 γὰρ,

314 5199 367 5252 εί
389 5198 483 5252 τὸν
499 5200 542 5231 ⁹¹
570 5198 735 5251 αὐτὸν
762 5197 1002 5260 ἅπαντες
1024 5194 1225 5259 ἔσωζον
1256 5194 1692 5266 ἀπαραλλάκτως
1721 5212 1894 5266 χαρα-

318 5288 521 5360 κτῆρα,
545 5290 687 5359 πόση
712 5288 970 5358 σύγχυσις
991 5286 1097 5340 τῶν
1119 5286 1458 5355 πραγμάτων
1481 5285 1711 5353 ἐγίνετο.
1741 5286 1890 5359 Πόση

388 5432 436 5464 ’³
469 5433 584 5485 haec
606 5446 714 5486 οη».
751 5432 808 5485 Β.
884 5431 929 5463 ⁷³⁵

1992 4939 2281 4980 recensere
2312 4923 2714 4994 aggrediamur,
2748 4930 2807 4977 ut
2834 4921 2961 4978 inde
2984 4920 3199 4977 Domini
3234 4924 3403 4978 nostri
3428 4938 3565 4994 opus

1992 5016 2205 5080 mirari,
2235 5015 2463 5086 ejusque
2504 5014 2734 5070 adorare
2773 5013 3169 5085 providentiam
3191 5015 3567 5086 unusquisque

1992 5109 2194 5164 merito
2226 5107 2417 5178 possit.
2446 5107 2601 5175 Quis,
2634 5108 2878 5179 inquam,
2915 5106 3196 5163 hominum
3231 5107 3437 5164 formas
3462 5150 3479 5175 ,
3512 5110 3565 5163 in

1995 5208 2073 5255 tot
2102 5200 2343 5256 millibus
2370 5200 2765 5271 discrepantes.
2793 5210 2845 5257 et
2870 5200 3058 5255 nullibi
3085 5215 3312 5266 prorsus
3347 5201 3402 5259 in
3439 5202 3566 5255 uni-

1996 5291 2170 5347 versis
2200 5293 2612 5356 convenientes,
2643 5308 2751 5347 non
2786 5292 3150 5348 admiratione
3181 5304 3567 5363 prosequatur,

967 5430 1263 5503 μέλλουσαν
1426 5428 1471 5458 ⁷⁸
1498 5439 1619 5503 post
1648 5431 1761 5503 haec
1787 5431 1898 5487 Lat.

1999 5450 2086 5488 :rs.
2114 5435 2185 5488 ita
2219 5451 2276 5489 se
2295 5434 2493 5489 habet:
2533 5454 2551 5487 ι
2589 5434 2656 5489 Ut
2688 5433 3067 5489 Callimachus.
3115 5432 3217 5486 Ἶθι
3249 5432 3434 5503 πρηύα
3468 5450 3566 5499 γυ-

319 5502 527 5560 ναικῶν
556 5504 656 5572 τὴν
676 5504 793 5555 ὁδὸν
829 5502 895 5572 ἣν
926 5496 1072 5573 ἀνίαι
1100 5496 1439 5573 θυμοφθόροι
1470 5499 1541 5573 ού
1563 5501 1835 5573 περόωσιν
1877 5521 1896 5553 ι

1999 5543 2000 5552 χ
2051 5505 2174 5558 157.
2226 5506 2330 5559 hoc
2401 5520 2528 5558 vero
2566 5504 2700 5570 frag.
2750 5515 2937 5558 carent
2968 5517 3157 5557 omnes
3206 5496 3372 5573 nostri
3408 5496 3568 5559 codd.

331 5575 420 5646 ξΩς
451 5572 546 5646 καὶ
585 5567 886 5646 καλλαηεξ.
920 5572 1230 5646 περόωσιν-⁸
1269 5567 1552 5646 ὅμοιον-τῷ
1584 5567 1711 5646 ἔνθα
1738 5567 1962 5646 ἀπέδρα
1995 5576 2146 5646 πᾶσα
2175 5574 2319 5646 λύπῃ
2342 5574 2438 5627 καὶ
2460 5567 2741 5646 όδύνηλκαὶ
2792 5573 3133 5646 στεναγμός.Δ
3145 5572 3321 5646 Μόνος
3362 5576 3390 5627 ὁ
3408 5573 3567 5646 ἀνθρ.

426 5643 505 5715 *⁷⁸
530 5644 624 5715 καὶ
645 5658 753 5715 oni.
789 5644 878 5715 B._
924 5643 970 5673 ⁷⁷
993 5638 1087 5693 καὶ
1109 5638 1383 5715 oar/insul}.
1459 5639 1504 5671 "‘
1526 5638 2047 5715 φυλαττομένων-Α.
2126 5645 2168 5715 ’ξ
2193 5638 2419 5715 τὴνύῐη.
2480 5644 2537 5697 Β.
2611 5638 2659 5675 ⁸⁸
2715 5638 3041 5715 καιρῶνςΒ.
3077 5642 3157 5715 ’⁸⁸
3194 5642 3321 5715 Δτὴν
3366 5643 3474 5696 τῶν

318 5685 385 5764 it'
425 5712 485 5767 P.
532 5685 759 5767 "87325.
791 5685 948 5780 "€59.
996 5685 1225 5780 ὂῦἱξίίἓζ

323 5799 462 5853 παρ.
538 5784 705 5853 "om
757 5779 917 5853 ὀλίγα
958 5781 1016 5835 Β.
1120 5779 1179 5853 εξ
1213 5781 1401 5853 θαυμη
1420 5779 1480 5832 τὸ
1519 5780 1581 5853 έρ

326 5848 565 5917 πτούσας
591 5852 651 5907 Β.
725 5854 773 5885 ⁸⁸
804 5848 1117 5905 καθέκαστα
1149 5848 1187 5901 Β
1210 5849 1271 5906 Ρ.
1332 5848 1406 5884 ’³⁸
1453 5850 1548 5904 καὶ
1571 5850 1661 5905 τὸν
1692 5850 1729 5903 Β
1760 5850 1821 5909 Ρ.

1302 5709 1350 5740 ⁸³
1408 5726 1566 5785 προν.
1617 5713 1712 5764 καὶ⁸
1771 5709 2110 5785 προμήθειαν
2140 5714 2199 5770 Β.

1585 5784 1801 5855 γονβκαλ
1821 5782 1982 5855 προσ.
2020 5782 2060 5836 Β
2082 5784 2141 5839 Ρ.
2217 5784 2261 5817 ⁸⁷
2295 5782 2391 5838 σοῦ
2427 5784 2487 5840 Β.

2301 5713 2532 5784 ⁸⁸,διαφ.
2561 5717 2645 5784 ἐχ.
2688 5712 2893 5778 οιη.’Β,
2927 5713 2966 5767 Ρ
2999 5712 3089 5780 qui
3134 5712 3297 5768 etiam
3328 5728 3440 5768 out.
3470 5714 3572 5784 τὴν

2589 5785 2634 5817 ⁸⁸
2664 5784 2891 5857 μυριάσι
2930 5798 3040 5840 om.
3068 5783 3134 5839 Α.
3239 5784 3284 5818 ⁸⁹
3315 5783 3571 5839 συνεκπι-
