4066 6224
544 392 682 448 1279

1780 387 2061 442 MIZLETII
2104 385 2411 442 MONACIII

3656 381 3792 436 i280

539 520 703 574 atque
740 504 1089 574 obtupescat?
1125 502 1357 565 Verum,
1405 503 1450 555 si
1503 517 1726 556 causam
1761 503 2106 566 consideres,

2218 500 2266 551 δὲ
2305 500 2498 567 ἄγνοια
2542 498 2637 551 κοιλ⁸
2682 496 2872 561 σκότος
2916 498 3137 565 κατεῖχε
3184 495 3275 548 τὸν
3317 493 3628 565 ἄνθρωπονο
3667 496 3790 547 οὗτε

540 613 767 651 summae
800 596 1150 667 providentiae
1182 610 1341 664 opus,
1376 594 1427 647 in
1466 596 1558 648 tali
1595 595 1953 662 singular-ium
1993 595 2106 649 dis-

541 688 915 749 similitudine,
952 686 1253 741 consistere
1286 686 1673 754 deprehendes.
1709 685 1766 739 Si
1801 686 1946 740 enim
1980 688 2107 740 uni-

540 777 678 832 versi
704 775 980 841 mortales,
1007 776 1155 830 omni
1176 788 1383 830 remeto
1399 775 1731 842 discrimine,
1762 775 1921 847 138
1943 792 2108 830 unam

537 868 892 935 eamdemque
932 867 1161 936 ﬁguram
1200 868 1566 931 sortirentur,
1609 868 1844 921 maxima
1887 868 2107 936 quidem

539 975 721 1014 rerum
770 957 1022 1013 confusio
1070 958 1323 1013 oriretur.
1377 959 1434 1012 In
1483 968 1685 1028 quanta
1739 959 1881 1012 enim
1926 974 2107 1013 rerum

539 1050 782 1103 omnium
828 1050 1201 1120 ignoratione,
1248 1065 1312 1103 ac
1359 1049 1596 1103 tenebris
1638 1063 2003 1114 versaremur,
2038 1051 2108 1114 si,

539 1140 902 1211 distinguendi
934 1148 1122 1194 notqu
1152 1141 1424 1195 hominem
1455 1141 1523 1194 ah
1542 1140 1722 1209 ignoto
1745 1179 1759 1202 ,
1794 1139 2003 1194 hostem
2040 1143 2109 1193 ab

540 1234 734 1295 amico,
765 1233 993 1300 probum
1028 1232 1095 1284 ab
1125 1231 1375 1299 improbo
1400 1246 1465 1284 ac
1498 1230 1748 1292 scelesto,
1784 1229 1929 1282 nulla
1955 1229 2110 1284 nobis

542 1324 771 1378 facultas
810 1324 1029 1376 daretur
1062 1341 1075 1375 :
1112 1338 1260 1388 nam,
1290 1322 1335 1375 si
1370 1322 1483 1376 haec
1515 1320 1825 1390 huiusmodi
1854 1336 1913 1375 se
1950 1320 2111 1374 habe-

541 1422 682 1469 rent.
716 1412 849 1465 nihil
880 1411 1162 1479 impediret
1196 1411 1328 1481 quin
1374 1425 1497 1464 cum
1543 1410 1859 1480 parentibus
1907 1412 2112 1464 sorori-

541 1518 751 1587 busquc
777 1516 1067 1569 coiremus.
1096 1515 1152 1567 Si
1177 1513 1262 1567 fur
1284 1514 1335 1567 in
1365 1513 1508 1568 furto
1526 1515 1898 1583 deprehensus
1921 1515 2111 1584 paulu-

541 1608 649 1660 lum
691 1607 986 1661 declinaret
1014 1620 1078 1659 ac
1102 1620 1222 1659 sese
1250 1605 1578 1659 immisceret
1603 1606 1765 1659 ρωιυί
1788 1644 1803 1667 ,
1832 1622 2109 1675 nunquam

542 1698 776 1766 amplius
807 1696 1183 1767 agnoscendus
1206 1695 1476 1765 effugeret.
1511 1697 1617 1751 Sed
1648 1707 1699 1749 et
1737 1696 1877 1750 inter
1912 1697 2110 1752 liberos

542 1805 605 1842 ac
642 1798 891 1855 parentes
925 1787 1131 1839 nullum
1173 1786 1398 1839 omnino
1443 1786 1771 1855 cognitionis
1817 1786 2111 1841 discrimen

2215 590 2304 642 τὸν
2350 590 2651 656 ἀλλότριον,
2704 588 3053 661 ἢπολέμιον,
3109 589 3143 655 ἢ
3192 589 3451 657 χρηστὸν,
3502 587 3536 656 ἦ
3589 588 3795 656 φαῦλον

2214 683 2488 750 διακρῖναι
2521 684 2569 713 ³⁸
2615 682 2933 750 δυνάμενον·
2988 679 3179 731 τούτου
3236 678 3346 749 γὰρ
3390 678 3544 740 ὄντος
3586 678 3792 741 οὕτως,

2214 771 2366 826 οὐδὲν
2396 772 2634 825 ἐκώλυεν
2661 772 2922 841 ἀδελφαῖς
2948 771 3043 825 καὶ
3073 772 3315 840 μητράσι
3352 771 3792 840 συμμίγνυσθαι.

2216 864 2280 916 Τί
2310 865 2391 929 δὲ,
2428 866 2477 917 εἰ
2505 866 2755 919 κλέπτων
2782 882 2866 928 τις
2884 864 3181 934 κρατηθεὶς
3210 861 3425 933 ἀπέδρα
3455 864 3672 933 μικρὸν.
3705 864 3794 916 καὶ

2218 958 2489 1029 συνεμίγη
2533 960 2592 1011 ὲν
2636 960 2752 1020 τοῖς
2783 957 3092 1028 παροῦσιν;
3123 952 3234 1026 ἆρα
3274 955 3340 1008 ἂν
3378 954 3791 1024 ἀνεγνωρίσθης

2216 1049 2490 1120 οὐδαμῶς.
2539 1050 2683 1103 Ἀλλ’
2713 1049 2839 1102 οὐδὲ
2880 1049 3120 1119 πατέρες
3164 1048 3259 1101 καὶ
3290 1047 3479 1108 παῖδες
3527 1046 3796 1116 ἀλλήλους

2216 1142 2533 1214 ἐγνώριζον.
2582 1142 2724 1196 Ἀλλ’
2769 1142 2891 1195 οὐδὲ
2937 1142 3065 1196 ἄλλο
3119 1159 3169 1194 τι
3216 1140 3447 1209 συνέστη
3494 1141 3602 1192 τῶν
3654 1140 3793 1193 κατὰ

2219 1234 2333 1305 βίον
2364 1235 2410 1267 ⁸³
2438 1238 2494 1289 ὲν
2526 1234 2834 1305 ἀνθρώποις
2880 1234 3118 1304 χρηστόν
3143 1249 3157 1263 ·
3207 1231 3406 1299 τυφλὸς
3463 1232 3572 1302 γὰρ
3627 1231 3695 1284 ἂν
3726 1228 3793 1299 ἦν

2218 1326 2383 1380 ἕνεκα
2424 1327 2535 1380 τῶν
2567 1327 2871 1398 ἀνθρώπων
2903 1329 2930 1380 ὁ
2966 1326 3253 1397 ἄνθρωπος
3275 1366 3290 1390 ,
3345 1324 3517 1395 μικρά
3545 1323 3638 1375 τοῦ
3672 1322 3795 1392 βλέ-

2219 1434 2342 1470 πειν
2370 1418 2519 1489 αὐτῷ
2546 1418 2994 1489 παρεσχομὲνων’
3021 1416 3164 1487 πλὴν
3187 1418 3298 1487 γὰρ
3330 1417 3547 1485 ἡλικίας
3580 1417 3674 1469 καὶ
3706 1433 3797 1484 tte-

2219 1510 2411 1577 γέθους
2457 1510 2608 1563 οὐδὲν
2664 1510 2792 1563 ἄλλο
2847 1509 3168 1578 διεγίνωσκε
3212 1509 3276 1561 ³⁵.
3328 1507 3612 1559 Τοσούτων
3663 1507 3792 1575 ἡμῖν

2219 1600 2438 1668 ἀγαθῶν
2466 1601 2614 1655 αἰτία
2645 1601 2869 1669 γέγονεν
2902 1601 2936 1670 ή
2971 1599 3203 1669 Πρόνοια
3236 1597 3591 1651 ποικίλλουσα
3618 1599 3665 1628 ⁸⁵
3697 1597 3791 1664 τὴν

2223 1692 2442 1763 μορφὴν
2489 1692 2597 1745 τῶν
2657 1689 2962 1762 ἀνθρώπων
3007 1690 3094 1742 διὰ
3150 1690 3386 1752 παντὸς,
3443 1690 3535 1740 καὶ
3592 1687 3792 1757 μηδένα

2220 1785 2410 1853 χρόνον
2428 1783 2646 1837 τοῦτο⁹⁶
2670 1781 3111 1853 παραλείπουσαο
3134 1785 3228 1834 καὶ
3248 1781 3309 1833 οὐ
3335 1780 3495 1849 μόνον
3516 1781 3574 1832 ὲν
3593 1782 3790 1849 μορςξῇ,

543 1890 708 1933 esset.
750 1879 1015 1934 Prmterea
1059 1881 1206 1934 aliud
1255 1879 1389 1932 nihil
1435 1879 1487 1932 in
1532 1880 1632 1933 hac
1659 1879 1972 1933 mortalium
2005 1880 2114 1935 vita

2218 1876 2353 1928 ἀλλά
2386 1876 2480 1928 καὶ
2518 1877 2575 1928 ὲν
2610 1877 2837 1944 φωναῖς,
2877 1874 2971 1928 καὶ
3003 1876 3061 1927 ὲν
3096 1878 3161 1945 τῇ
3196 1873 3304 1926 τῶν
3336 1873 3649 1944 χρωμάτων
3681 1872 3791 1923 δια-

542 1972 655 2027 ti'eri
687 1973 955 2027 laudabile
983 1984 1165 2042 posset
1203 1990 1215 2026 :
1252 1988 1375 2026 nam
1412 1972 1609 2035 homo,
1643 1972 1881 2027 hominis
1918 1987 2107 2036 causa,

542 2080 719 2118 caecus
773 2064 1175 2133 quodammodo
1220 2074 1398 2129 esset,
1443 2079 1565 2118 cum
1597 2064 1739 2118 visui
1772 2062 1944 2132 ipsius
1977 2062 2111 2117 nihil

542 2155 688 2208 aliud
721 2155 1201 2224 comprehendere,
1227 2170 1390 2224 quam
1425 2163 1634 2208 aetatem
1670 2162 1832 2221 atque
1868 2152 2114 2221 corporis

546 2244 971 2311 magnitudinem
1012 2243 1253 2297 daretur.
1305 2243 1476 2297 Tanta
1520 2244 1682 2313 igitur
1731 2243 1872 2297 bona
1911 2241 2113 2297 summi

543 2334 819 2388 Creatoris
848 2336 1185 2403 providentia
1221 2350 1287 2390 ex
1333 2334 1518 2389 forma:
1559 2334 1611 2387 in
1642 2333 1900 2388 omnibus
1936 2332 2116 2387 varia-

2215 1969 2379 2037 φορᾷ,
2409 1967 2502 2020 καὶ
2534 1969 2591 2019 ἐν
2618 1966 2877 2036 ἡλικίαις·
2909 1967 2994 2020 ἵνα
3024 1965 3379 2035 πολυτρόπως
3411 1964 3673 2034 βοηθῆται
3696 1964 3788 2032 τῆς

2215 2061 2564 2132 ἀνθρωπίνης
2599 2060 2818 2129 φύσεως
2874 2062 2907 2130 ἡ
2957 2060 3248 2124 ἀσθένεια,
3289 2058 3386 2112 καὶ
3431 2056 3791 2126 γινώσκοντες

2215 2154 2296 2216 ὡς
2332 2152 2584 2221 λογικοὶ,
2617 2152 2731 2216 οἵας
2779 2154 3034 2224 προνοίας
3080 2149 3378 2222 ἀξιούμεθα
3419 2151 3514 2204 καὶ
3541 2151 3704 2220 τιμῆς
3727 2152 3792 2211 ’⁷.

2222 2244 2297 2314 μὴ
2331 2241 2788 2313 καταισχύνωμεν
2819 2244 2915 2313 τὴν
2960 2242 3149 2310 φύσιν,
3206 2240 3342 2312 μηδὲ
3384 2238 3494 2294 τῶν
3527 2244 3619 2293 τοῦ
3658 2238 3793 2291 Θεοῦ

2217 2331 2436 2403 δωρεῶν
2466 2332 2873 2402 ἀποφανθῶμεν
2900 2332 2944 2365 ⁸³
2972 2332 3206 2398 ἀνάξιοι.

542 2431 691 2483 tione
716 2431 1190 2501 discrepantiaque
1223 2432 1382 2486 nobis
1438 2432 1634 2501 largita
1693 2437 1796 2495 est,
1842 2440 1896 2485 et
1954 2430 2059 2485 hoc
2100 2428 2320 2500 quidem
2352 2444 2449 2499 per
2504 2428 2759 2483 universa
2786 2438 3027 2499 tempora
3059 2428 3267 2484 efficere
3304 2444 3406 2485 non
3434 2427 3650 2482 desinit.
3690 2424 3797 2479 Std

506 2560 510 2565 λ
541 2539 652 2579 non
679 2524 849 2594 ﬁgura
884 2535 1120 2592 tantum,
1146 2541 1334 2580 verum
1372 2526 1536 2580 etiam
1571 2526 1626 2579 in
1658 2526 1919 2591 vocibus,
1975 2525 2364 2594 coloribusque
2393 2533 2558 2594 atque
2598 2526 2851 2581 aetatibus
2927 2526 3220 2581 discrimen
3292 2526 3495 2589 visitur,
3535 2537 3648 2592 quo
3686 2521 3797 2576 bu-

542 2637 717 2675 mana:
748 2631 957 2676 natura:
1023 2622 1369 2677 imbecillitas
1421 2621 1798 2677 multimodam
1829 2637 1985 2693 opem
2053 2622 2298 2678 sentiret.
2330 2620 2467 2677 Cum
2492 2623 2638 2677 enim
2666 2622 2825 2677 nobis
2846 2661 2860 2687 ,
2904 2638 3004 2692 pro
3074 2623 3122 2676 vi
3166 2621 3415 2676 rationali
3451 2633 3556 2690 qua
3582 2616 3794 2688 praediti

542 2727 772 2782 sumus,‘
795 2719 1019 2788 planum
1054 2725 1266 2772 constet
1290 2727 1496 2786 quanto
1524 2732 1622 2772 nos
1657 2716 1857 2772 summi
1918 2714 2051 2783 Dei,
2095 2725 2149 2771 et
2184 2714 2447 2770 creatoris
2480 2714 2821 2785 providentia
2864 2714 3071 2769 honore
3139 2714 3448 2782 insignivit,
3480 2709 3791 2766 enitendum

542 2828 757 2867 summa
782 2827 883 2880 ope
923 2819 1031 2876 est,
1057 2824 1125 2865 ne
1174 2820 1428 2865 naturam
1485 2810 1659 2879 ipsam
1724 2808 2056 2879 turpitudine
2097 2806 2399 2863 adiciamus
2425 2848 2439 2874 ,
2481 2823 2546 2864 ac
2607 2816 2718 2862 tam
2761 2806 3006 2877 praeclari
3040 2808 3283 2861 muneris
3324 2804 3529 2876 indigni
3582 2803 3793 2873 penitus

538 2904 838 2959 videamur.

614 2995 739 3050 IL'ec
769 3004 949 3049 autem
976 2994 1110 3050 mihi
1133 2995 1200 3050 de
1222 3003 1408 3051 nostro
1429 3010 1679 3067 corpore,
1701 2995 1931 3065 ejusque
1965 3001 2115 3049 stru-

538 3099 695 3143 ctura
718 3090 1239 3158 eonstitutienequc,
1264 3104 1328 3142 ac
1360 3088 1682 3142 formatione
1707 3102 1806 3143 nec
1833 3102 1938 3141 non
1970 3099 2117 3140 eum-

2284 2988 2537 3042 Τοσαῦτά
2567 3005 2658 3058 μοι
2691 3005 2820 3059 περι
2845 2990 2939 3041 τοῦ
2970 2987 3223 3057 σώματος
3252 2988 3409 3059 ἡμῶν
3434 2990 3527 3042 καὶ
3552 2991 3650 3058 τῆς
3680 2992 3791 3045 τούς

2210 3096 2304 3131 του
2336 3078 2718 3149 κατασκευῆς,
2776 3080 2871 3132 κα)⁸
2915 3079 3260 3142 διαπλάσεως
3290 3119 3304 3143 ,
3351 3082 3449 3133 καὶ
3496 3080 3790 3147 συνθέσεω;

516 3181 815 3249 προείιὶοηο
867 3180 1177 3249 collegisse,
1223 3180 1639 3248 composuisse,
1686 3194 1751 3233 ac
1794 3178 1949 3246 quasi
1977 3191 2114 3231 con-

2219 3172 2527 3242 συνήνωται
2558 3171 2627 3237 θ’,
2660 3170 2754 3224 καὶ
2783 3171 3130 3224 συλλέλεκται
3154 3209 3170 3235 ,
3201 3173 3294 3224 καὶ
3323 3173 3665 3228 συντέθειται
3704 3178 3791 3228 καὶ

542 3272 780 3325 texuisse
812 3280 865 3324 et
893 3270 1236 3325 conseruisse
1257 3272 1434 3324 visum
1459 3280 1560 3324 est.
1585 3269 1768 3339 Neque
1788 3271 1931 3323 enim
1958 3268 2114 3322 nobis

544 3361 679 3416 satis
711 3368 961 3424 constat,
990 3361 1035 3414 si
1071 3361 1122 3415 id
1147 3402 1161 3427 ,
1199 3370 1257 3414 ut
1292 3361 1613 3430 praeclarum
1647 3360 1907 3415 artiﬁcem
1938 3360 2114 3425 decet,

543 3461 695 3517 arte,
752 3468 955 3515 necne,
1007 3453 1091 3506 vel
1144 3453 1439 3521 prudenter
1470 3450 1811 3507 effecerimus
1836 3492 1850 3517 ,
1888 3461 1947 3505 ut
1979 3467 2117 3520 opus

542 3554 809 3607 nostrum,
835 3559 865 3598 a
895 3543 1142 3614 pluribus
1173 3543 1515 3613 probaretur.
1546 3543 1680 3610 Quis
1705 3544 1850 3599 enim
1877 3544 2028 3606 satis,
2054 3558 2119 3597 ac

543 3654 645 3709 pro
677 3639 893 3702 merito,
938 3636 1150 3691 Domini
1184 3636 1481 3705 potentiam
1528 3651 1771 3700 narrare,
1808 3650 1872 3691 ac
1908 3636 2121 3690 auditas

545 3732 725 3785 facere
771 3730 954 3785 Iaudes
999 3730 1121 3798 ejus
1174 3738 1337 3799 atque
1380 3728 1956 3798 incomprehensibiles
2004 3730 2121 3783 vias

543 3824 663 3892 ejus
683 3822 1085 3892 deprehendere
1125 3830 1305 3892 queat,
1335 3821 1438 3875 nisi
1473 3830 1734 3890 quantum
1778 3821 1948 3889 ipsius
1996 3834 2119 3874 mu-

547 3929 677 3969 nere
706 3912 914 3967 homini
944 3912 1130 3967 datum
1159 3920 1262 3966 est.
1300 3909 1429 3974 Sed,
1467 3926 1588 3965 cum
1623 3911 1678 3964 in
1705 3910 1829 3973 hoc,
1854 3910 2119 3979 judicium

548 4013 797 4059 nostrum
820 4002 1247 4068 ostenderimus,
1279 4001 1703 4071 haudquaquam
1730 4001 2119 4066 inliciabimur,

545 4114 576 4151 a
607 4112 935 4165 quocunque
970 4097 1083 4150 haec
1110 4095 1424 4149 accuratius
1458 4093 1719 4163 explicari
1756 4108 1938 4162 posse.
1989 4092 2122 4146 Etsi

550 4188 823 4257 quispiam
856 4202 1040 4241 secum
1079 4186 1238 4256 139
1255 4186 1361 4240 hoc
1378 4201 1513 4254 opus
1533 4185 1945 4247 animadvertet,
1969 4184 2125 4253 plura

549 4276 738 4338 etiam,
774 4289 935 4343 quam
968 4291 1088 4343 quae
1118 4291 1146 4328 a
1180 4276 1341 4328 nobis
1384 4275 1776 4343 comprehensa
1814 4281 1975 4338 sunt,
2032 4288 2125 4341 pe-

550 4366 751 4420 nitiora
770 4366 1026 4434 indagare
1059 4365 1287 4434 poterit;
1317 4375 1554 4419 attamen
1576 4379 1961 4434 quamcunque
1986 4379 2123 4429 rem,

546 4458 613 4512 ad
655 4456 942 4526 praasentis
985 4455 1167 4524 Oper-is
1198 4456 1395 4509 seriem
1433 4456 1731 4509 addendam
1778 4470 1900 4510 esse
1937 4470 2124 4510 cense-

2218 3258 2329 3318 οἷον
2361 3264 2674 3335 συνυφάνθη
2719 3265 2814 3317 καὶ
2857 3264 3330 3335 συνηρμολογήθη.
3376 3264 3494 3319 Οὐκ
3534 3262 3654 3320 οἶδα
3700 3268 3791 3339 μὲν

2217 3358 2267 3408 εί
2294 3358 2560 3426 ἐντέχνως
2591 3356 2624 3426 ἢ
2667 3356 2934 3419 συνετῶς,
2978 3356 3011 3425 ἢ
3044 3355 3359 3419 ἀποδεκτῶς
3406 3360 3519 3420 τοῖς
3556 3359 3789 3423 πολλοῖς.

2218 3447 2315 3509 Τίς
2346 3447 2454 3518 γὰρ
2488 3448 2671 3510 ἱκανὸς
2700 3447 2929 3515 λαλῆσαι
2966 3447 3063 3511 τὰς
3093 3449 3413 3512 δυναστείας
3437 3449 3534 3503 τοῦ
3566 3452 3795 3522 Κυρίου,

2218 3538 2252 3607 ἢ
2306 3538 2577 3602 ἀκουστὰς
2618 3540 2843 3608 ποιῆσαι
2888 3540 3068 3603 πάσας
3108 3543 3207 3605 τὰς
3253 3544 3491 3606 αίνέσεις
3537 3545 3794 3615 αὐτοῦοῆ

2220 3631 2330 3682 τῶν
2361 3630 2497 3683 όδῶν
2532 3630 2699 3683 αὑτοῦ
2732 3631 2790 3683 τὸ
2831 3632 3239 3702 ἀνεξιχνίαστον
3277 3635 3369 3687 καὶ
3411 3635 3799 3702 ἀκατάληπτον

2224 3721 2589 3789 κατα).α6εῖν;
2620 3722 2757 3793 πλὴν
2791 3723 2927 3777 ἀλλὰ
2965 3725 3059 3777 καὶ
3088 3724 3207 3794 Θεῷ
3242 3725 3394 3793 φίλον
3437 3727 3498 3779 τὸ
3537 3730 3682 3781 κατὰ
3714 3730 3801 3782 δύο

2222 3831 2407 3884 ναμιν.
2450 3814 2559 3867 Καὶ
2604 3814 2667 3866 σὺ
2710 3813 2754 3866 δ’
2804 3814 2871 3868 ἂν
2924 3815 3065 3869 κατά
3127 3816 3354 3868 σεαυτὸν
3403 3818 3799 3885 ἀναλεγόμενος

2223 3905 2453 3967 πολλοὺς
2480 3905 2736 3974 εὑρήσεις
2768 3905 2783 3934 ί
2821 3904 3058 3967 σκοποὺς
3093 3904 3316 3973 ἔχοντάς
3349 3922 3399 3959 τι
3429 3907 3538 3959 τῶν
3568 3909 3801 3979 εἰρημέ-

2222 4015 2328 4053 νων
2358 4000 2377 4028 ²
2413 3996 2729 4066 βαθύτερον·
2773 3996 2866 4049 καλ⁸
2896 3997 2924 4049 ὅ
2946 4014 2999 4049 τι
3042 3997 3108 4049 ἂν
3141 3999 3502 4071 συνεισφὲρῃς
3536 4000 3558 4031 ³
3593 4002 3676 4061 είς
3703 4000 3802 4069 τὴν

2223 4088 2507 4159 παροῦσαν
2538 4087 2816 4152 ὑπόθεσιν,
2846 4089 2943 4140 καὶ
2971 4090 3106 4157 ἡμῖν
3130 4088 3288 4141 τοῦτο
3309 4090 3407 4161 ἔσῃ
3437 4091 3799 4162 συνειληχὼς·

2224 4174 2335 4231 οἷον
2383 4179 2499 4242 πῶς
2526 4179 2587 4231 τὸ
2625 4179 3100 4251 ἡγεμονικώτατον
3125 4180 3147 4213 ⁸
3173 4181 3267 4234 τοῦ
3303 4182 3445 4246 ζώου
3481 4184 3800 4255 πρόσωπον,

2226 4272 2479 4342 ἐπταχῆ⁸
2517 4271 2922 4342 κατατέτρηται
2950 4286 2963 4299 ⁸
3005 4272 3157 4324 δυσὶν
3207 4272 3508 4342 ὀφθαλμοῖς
3555 4276 3648 4327 καὶ
3695 4276 3802 4329 ὠσὶ

2223 4360 2338 4423 δύο,
2374 4361 2508 4424 ἴσοις
2545 4361 2871 4431 μυκτῆρσιν,
2902 4360 3117 4432 ὲὸδόμῳ
3151 4363 3408 4431 στόματι;
3439 4364 3559 4426 Πῶς
3580 4367 3608 4416 ὀ
3634 4366 3801 4432 ὲγκέ-

2227 4453 2412 4520 φαλος,
2436 4453 2464 4503 ό
2489 4454 2587 4513 τὰς
2626 4452 2904 4522 αἰσθήσεις
2936 4451 3229 4522 δεχόμενος
3251 4493 3265 4517 ,
3314 4452 3521 4522 ψυχρός
3558 4456 3677 4507 ἐστι
3708 4458 3803 4507 καὶ

545 4550 643 4614 bit,
679 4550 795 4603 haec
821 4549 1005 4611 etiam,
1040 4548 1094 4601 in
1132 4546 1370 4600 medium
1397 4561 1521 4601 cum
1577 4546 1684 4601 illis
1715 4562 1836 4615 qua:
1881 4561 1981 4600 nos
2022 4562 2115 4600 ex-

2226 4543 2411 4612 ὑγρὸς,
2440 4544 2579 4612 ὑπὲρ
2614 4543 2792 4596 πάντα
2820 4542 2887 4596 τὰ
2922 4540 3037 4605 ζῶα
3062 4543 3103 4574 ⁸·
3156 4544 3248 4595 καὶ
3288 4545 3403 4605 πῶς
3444 4543 3707 4598 τυποῦται
3740 4548 3801 4597 τὸ

544 4639 891 4709 plicavimus,
921 4654 1028 4693 una
1059 4637 1359 4695 nobiscum.
1379 4636 1571 4692 afferre
1592 4638 1839 4693 studeat:
1871 4638 2120 4691 videlicet

544 4746 782 4801 quonam
806 4741 963 4800 pacto
980 4730 1146 4785 facies
1168 4730 1306 4801 ipsa,
1332 4729 1643 4799 principalis
1662 4729 1896 4783 hominis
1921 4730 2117 4798 portio,

545 4822 783 4891 septenis
811 4821 1172 4879 foraminibus
1195 4860 1209 4883 ,
1244 4818 1457 4876 duobus
1482 4821 1735 4875 videlicet
1772 4821 1945 4876 oculis
1970 4860 1985 4885 ,
2027 4836 2119 4891 ge-

546 4914 713 4970 minis
748 4914 998 4975 auribus,
1029 4928 1092 4968 ac
1127 4913 1349 4967 totidem
1375 4914 1619 4975 naribus.
1643 4921 1698 4967 et
1725 4913 1838 4967 oris
1858 4922 2119 4983 praeterea

545 5007 717 5071 hiatu,
752 5005 1020 5059 terebrata
1053 5005 1143 5059 sit.
1171 5005 1308 5059 Tum
1337 5020 1446 5074 quo
1469 5015 1625 5075 pacto
1645 5006 1949 5069 cerebrum,
1973 5003 2119 5074 quod

543 5116 740 5154 sensus
802 5099 1206 5167 receptaculum
1258 5107 1383 5163 est,
1439 5107 1634 5167 pra-ter
1686 5099 1822 5153 alias
1868 5097 2119 5153 animalis

539 5203 721 5263 partes
758 5191 1016 5261 frigidum
1047 5201 1100 5245 et
1146 5190 1428 5244 humidum
1465 5190 1738 5244 habetur:
1769 5190 1863 5245 sed
1900 5199 1954 5244 et
1980 5206 2117 5260 quo-

544 5285 705 5339 Iuodo
750 5283 1106 5353 cogitationes
1156 5280 1492 5348 formentur,
1550 5296 1726 5351 neque
1777 5281 2115 5337 lmmiditatis

541 5392 729 5442 causa,
768 5375 1095 5431 dilabantur.
1132 5374 1213 5429 Ad
1240 5374 1355 5429 haec
1379 5374 1653 5444 quomodo
1681 5373 1951 5427 nonnulla:
1995 5388 2119 5427 (τοτε

611 5603 655 5672 ξ²
689 5602 962 5672 διακρίναι
1018 5601 1075 5654 Β.
1175 5603 1221 5633 9³
1249 5602 1354 5672 τὸν
1387 5601 1499 5671 βίον
1530 5601 1569 5655 Β
1619 5603 1679 5657 Ρ.

1782 5603 1827 5634 ’⁵
1857 5601 1971 5655 hzt‘c
2025 5620 2053 5656 a
2088 5601 2283 5669 τυερλδς
2335 5616 2505 5666 usque
2552 5616 2661 5653 om.
2702 5599 2741 5651 Β
2786 5599 2845 5653 C.

2227 4635 2406 4702 νόημα
2430 4673 2444 4696 ,
2490 4633 2585 4684 καὶ
2638 4633 2737 4685 οὐκ
2780 4632 3076 4685 ὀλισθαίνει
3125 4632 3211 4685 διὰ
3245 4634 3542 4703 ὑγρότητας
3579 4635 3706 4697 Πῶς
3732 4636 3802 4688 τὰ

2233 4726 2333 4796 μὲν
2365 4726 2527 4795 μόρια
2557 4727 2576 4757 ⁷
2602 4725 2782 4794 θερμά
2808 4727 2933 4789 εἰσι,
2983 4724 3051 4776 τὰ
3092 4724 3147 4775 δὲ
3184 4724 3368 4794 ψυχρὰ
3392 4725 3431 4787 ⁸,
3472 4725 3544 4777 τὰ
3577 4725 3634 4779 δὲ
3676 4727 3800 4780 κατ’

2226 4818 2548 4887 ἀμφότερα;
2581 4816 2703 4878 Πῶς
2729 4816 2795 4868 τά
2825 4816 2924 4884 μὲν
2951 4814 3174 4882 ἀσθενῆ,
3200 4817 3267 4868 τὰ
3293 4816 3349 4869 δὲ
3382 4818 3607 4888 ίσχυρόι;
3642 4819 3757 4881 πῶς
3777 4820 3800 4850 ⁸

2227 4909 2295 4961 τὰ
2327 4908 2424 4978 μὲν
2445 4909 2613 4970 ἁπλᾶ,
2651 4906 2717 4959 τὰ
2746 4906 2803 4958 δὲ
2826 4905 3078 4958 σύνθετα⁶
3112 4908 3228 4969 πῶς
3250 4906 3317 4959 τά
3345 4906 3446 4974 μὲν
3480 4910 3800 4977 συμφύτους

2225 5000 2341 5069 ἔχει
2366 5001 2407 5031 ¹⁰
2437 5000 2716 5068 δυνάμεις,
2748 4997 2818 5050 τὰ
2843 4997 2898 5049 δὲ
2929 4998 3279 5069 ὲπιρῤύτουςο
3309 4999 3378 5052 τὰ
3401 4999 3461 5051 δὲ
3486 5001 3799 5069 συμφύτους

2228 5094 2346 5164 ἃμα
2384 5092 2475 5145 καὶ
2506 5089 2832 5163 ἐπιρρύτους
2864 5091 2927 5150 ”;
2963 5090 3090 5153 Πῶς
3121 5089 3349 5143 ἕκαστον
3384 5092 3565 5144 αὐτῶν
3598 5093 3799 5145 τέσσα-

2229 5202 2329 5253 ρας
2369 5184 2628 5253 δυνάμεις
2678 5182 2792 5253 ἔχει
2846 5182 2905 5233 ἐν
2954 5183 3133 5252 ἐαυτῷ
3188 5183 3459 5247 ζωτικάςς
3515 5184 3640 5246 Πῶς
3694 5185 3801 5236 τῶν

2225 5277 2463 5345 ἀγγείων
2492 5275 2560 5328 τὰ
2598 5274 2694 5345 μὲν
2724 5274 2955 5343 πέμπει,
2987 5274 3057 5327 τὰ
3088 5274 3145 5327 δὲ
3177 5274 3427 5344 δέχεται,
3450 5274 3520 5327 τὰ
3550 5275 3607 5327 δὲ
3634 5276 3803 5329 κατέ-

2224 5391 2329 5443 χει,
2364 5372 2431 5425 τά
2458 5371 2514 5425 δὲ
2543 5370 2865 5442 ἀποκρίνεις
2898 5371 3020 5435 Πῶς
3051 5374 3245 5442 τροφαὶ
3276 5372 3337 5423 τὸ
3381 5371 3540 5442 σῶμα
3571 5373 3803 5443 διακραο

2923 5602 2967 5633 ⁹⁵
3035 5601 3354 5654 ποικίλουσα
3407 5604 3466 5655 Β.
3544 5605 3589 5634 ⁹⁶
3619 5608 3797 5659 ποιεῖν

543 5671 701 5721 τοῦτο
756 5671 910 5724 ιιι).
1022 5672 1068 5703 ³⁷
1094 5674 1279 5739 τιμαῖς
1332 5671 1396 5724 Α.
1502 5672 1547 5703 9⁸
1585 5671 1950 5740 ἀναφανῶμεν
2002 5672 2061 5726 Π.

546 5742 561 5772 ¹
596 5739 848 5810 εὑρήσοις
882 5739 938 5792 Β.
1038 5744 1055 5771 ²
1093 5744 1413 5810 εὑρημένων
1450 5743 1511 5794 A.
1618 5745 1637 5771 ³
1670 5742 1956 5807 συνφέροις
1991 5742 2049 5797 Β.

547 5809 701 5873 ζώων
736 5810 793 5861 Β.
872 5810 888 5837 ⁷
923 5809 1028 5861 τῶν
1059 5812 1262 5880 μορίων
1302 5812 1340 5864 Β
1374 5812 1430 5863 Ρ.
1507 5813 1527 5842 ⁸
1560 5811 1625 5864 τὰ
1677 5812 1731 5863 δὲ
1771 5813 1968 5881 ἰσχυρὰ
2015 5813 2071 5864 Β.

2165 5673 2211 5703 '9
2248 5672 2590 5723 συνείλεκται
2645 5674 2739 5722 καὶ
2785 5671 3090 5739 συνήνωται
3138 5671 3199 5731 Β,
3249 5672 3345 5725 καὶ
3385 5674 3536 5727 συλλ.
3571 5694 3684 5730 υιιι.
3739 5676 3795 5729 Ρ.

2155 5743 2176 5773 ⁸
2207 5742 2710 5811 ἠγεμονιγέῖιτερονγ
2746 5741 2806 5794 Β.
2914 5741 2934 5771 ⁵
2982 5742 3178 5811 ὲπταχὶ
3214 5742 3273 5797 Β.
3379 5745 3398 5773 ⁶
3426 5747 3645 5796 πάντων
3687 5747 3799 5798 τῶν

2149 5815 2169 5843 ⁸
2196 5810 2290 5865 καὶ
2320 5813 2434 5873 πῶς
2468 5812 2525 5864 Β.
2609 5812 2651 5841 ¹⁰
2688 5810 2799 5880 ἔχει
2830 5826 2936 5864 om.
2973 5810 3028 5864 Β.
3111 5810 3151 5843 ¹¹
3178 5814 3273 5871 ult.
3315 5814 3427 5869 hmo
3457 5831 3567 5870 om.
3591 5815 3650 5869 Β.
