4070 6216
330 373 463 431 ίὶει

1574 372 1660 425 DF.
1698 371 1984 428 NATURA
2031 374 2334 431 llOMlNlS.

3469 393 3606 450 ηεξ

325 493 502 554 τοῦσι,
544 490 639 545 καὶ
673 490 790 553 πῶς
823 490 1223 544 ὲπιλειπουσῶν
1255 491 1295 522 ¹²
1325 491 1740 563 διαφθείρεται;
1784 494 1901 557 Πῶς

2015 496 2163 563 poris
2193 498 2365 551 nostri
2396 509 2598 568 partes,
2642 502 2864 570 calidae,
2908 504 3028 560 alia:
3066 506 3275 577 frigida:
3299 547 3314 573 ,
3362 511 3607 581 quaedam

325 590 358 658 ἡ
390 585 589 654 καρδία
626 586 728 655 τὴν
759 583 1006 655 ἔμφυτον
1052 585 1367 657 χορηγοῦσα
1414 584 1494 657 τῷ
1536 584 1748 655 σώματι
1788 587 1915 655 θερ-

328 677 587 749 μανσίαν,
637 677 737 744 τῆς
804 678 1091 747 ἐνεργείας
1142 678 1241 746 οὐχ
1296 677 1513 729 ἵσταται
1571 678 1775 748 ἔχουσα
1823 678 1916 730 αὑ-

326 772 421 842 τὴν
458 771 500 801 ’³
545 770 690 823 κατὰ
742 768 941 848 ᾳύσινς
997 770 1120 833 Πῶς
1163 768 1429 839 χυλοῦται
1474 769 1543 822 τὰ
1586 770 1771 833 σιτία,
1820 772 1915 823 καὶ

324 864 650 933 καθαίρεται
683 863 771 937 ,τὸ
829 857 1006 931 αἷμα,
1068 862 1163 914 καὶ
1220 861 1571 931 διατρέφεται
1616 862 1676 914 τὸ
1722 862 1910 932 σῶμα,

323 959 413 1010 καὶ
447 957 517 1008 τὰ
562 953 812 1008 σκύϐαλα
863 953 1242 1025 διακρίνεται,
1294 955 1389 1007 καὶ
1440 954 1502 1007 τὸ
1559 949 1721 1024 οὖρον
1789 970 1915 1006 συν-

322 1047 728 1110 αποϐάλλεταις
780 1044 902 1108 Πῶς
956 1044 1014 1097 δὲ
1064 1045 1449 1099 συνδέδεταιίδ
1501 1045 1570 1098 τὰ
1606 1046 1766 1116 μέλη,
1821 1046 1916 1098 καὶ

325 1140 711 1210 συνήρθρωται
748 1137 818 1189 τὰ
864 1135 1041 1206 μέρη,
1072 1136 1169 1189 καὶ
1221 1137 1559 1206 διήρθρωται
1592 1135 1661 1189 τὰ
1700 1137 1911 1207 ἄρθρα,

325 1233 419 1284 καὶ
456 1230 763 1283 συντίθεται
796 1229 836 1261 ⁸⁸
860 1228 926 1281 τὰ
957 1229 1125 1293 ὀστᾶ;
1160 1229 1269 1281 Καὶ
1297 1229 1339 1259 ⁸³
1368 1230 1485 1291 πῶς
1513 1227 1619 1281 τῶν
1645 1228 1816 1281 ὀστῶν
1846 1228 1915 1281 τὰ

328 1324 426 1393 μὲν
458 1322 706 1393 σκληρὰ,
741 1321 812 1374 τὰ
856 1322 912 1374 δὲ
947 1320 1191 1391 μαλακά’
1241 1320 1310 1373 τὰ
1349 1321 1406 1374 δὲ
1443 1322 1485 1353 ¹⁷
1520 1321 1706 1383 κοῖλα,
1756 1320 1824 1374 τὰ
1858 1321 1915 1373 δὲ

325 1415 540 1469 ἄκοιλα·
573 1416 641 1467 τὰ
668 1414 726 1467 δὲ
761 1413 899 1483 μετὰ
932 1412 1166 1481 μυελῶν,
1194 1412 1340 1466 τὰδὲ
1372 1413 1621 1482 ἀμύελα;
1656 1412 1780 1476 Πῶς
1806 1411 1915 1465 τῶν

326 1507 534 1576 νεύρων
567 1506 636 1557 τὰ
667 1504 766 1573 μὲν
798 1504 941 1556 κατὰ
985 1501 1270 1570 συζυγίαν,
1303 1501 1374 1555 τὰ
1416 1504 1473 1556 δὲ
1507 1503 1599 1556 καλ⁸
1649 1501 1915 1571 μοναδικὰ

327 1600 506 1652 διόλου
550 1598 643 1651 τοῦ
682 1597 935 1667 σώματος
984 1597 1465 1667 ὲγκατέσπαρταις
1507 1598 1710 1666 ὁμοίως
1753 1598 1914 1649 ml"

326 1691 521 1760 φλέϐες
552 1690 646 1743 καὶ
674 1690 936 1761 ἀρτηρίαι
962 1706 976 1754 ;
1010 1689 1136 1751 Πῶς
1166 1689 1276 1741 τῶν
1311 1690 1518 1759 μορίων
1548 1691 1580 1759 ἢ
1630 1690 1914 1758 στοιχείων

321 1784 414 1837 τοῦ
471 1782 726 1851 σώματος
769 1782 835 1833 τὰ
871 1784 968 1851 μὲν
996 1780 1065 1833 δι’
1099 1781 1271 1834 ἑαυτὰ
1307 1784 1348 1813 ¹⁹
1382 1782 1600 1850 γέγονε,
1645 1781 1716 1834 τὰ
1752 1783 1809 1835 δὲ
1847 1782 1912 1834 δι’

2021 587 2307 657 utriusque
2343 596 2752 659 temperamenti
2781 596 2911 649 sint.
2948 598 3011 651 Et
3042 613 3150 668 qua
3179 601 3394 655 ratione
3416 639 3431 662 ,
3462 616 3601 654 non»

2019 680 2183 734 nulla:
2213 681 2402 736 validae
2427 682 2723 753 fortesque,
2754 688 2874 741 alia:
2904 689 3224 749 imbecilles.
3250 703 3303 746 et
3327 693 3444 748 alite
3461 710 3610 748 com-
3702 760 3705 763 γ

2020 772 2234 840 positae,
2272 773 2393 828 alia:
2422 775 2699 844 simplices
2728 779 3049 834 habeantur.
3083 781 3220 837 Tum
3256 786 3608 853 quamobrem

2021 865 2270 934 quaedam
2305 867 2549 921 membra
2593 869 2809 937 insitas,
2850 874 3112 927 nonnulla
3147 875 3472 931 adventitias
3532 876 3610 931 fa-

2023 955 2259 1009 cultates
2300 957 2494 1009 sortita
2532 958 2663 1011 sint.
2706 957 2976 1014 Praeterea
3005 1001 3020 1024 ,
3054 964 3331 1029 quomodo
3372 965 3606 1033 partium

2018 1048 2297 1116 quaelibet,
2331 1059 2567 1119 quatuor
2596 1051 2650 1104 in
2678 1067 2736 1107 se
2767 1052 2963 1108 vitales
2993 1052 3281 1110 facultates
3310 1056 3606 1110 contineat.

2016 1139 2098 1194 Ad
2145 1141 2292 1204 haac,
2339 1143 2618 1209 quomodo
2660 1143 2764 1197 alia
2798 1144 2850 1197 in
2878 1160 3106 1214 corpore
3130 1156 3323 1199 nostro
3361 1150 3606 1211 vascula,

2020 1232 2309 1301 delegandi
2336 1242 2625 1302 potestate,
2653 1236 2902 1304 quaedam
2928 1237 3223 1306 recipiendi
3246 1278 3261 1300 ,
3296 1239 3398 1293 alia
3431 1241 3609 1295 conti-

2018 1324 2221 1388 nendi,
2274 1325 2379 1379 alia
2425 1326 2756 1380 excernendi
2811 1327 3040 1396 praedita
3090 1328 3220 1382 sint.
3265 1329 3369 1383 Sed
3404 1341 3457 1384 et
3496 1348 3608 1400 quo

2016 1425 2176 1485 pacto
2207 1416 2276 1470 ab
2305 1418 2579 1471 alimentis
2610 1435 2810 1488 corpus
2841 1431 3211 1486 sustentetur,
3244 1433 3295 1477 et
3329 1427 3608 1492 quomodo

2017 1509 2153 1577 ipsis
2192 1509 2571 1565 delicieutihus
2612 1512 2947 1567 destruatur.
2981 1514 3062 1568 Ad
3097 1515 3213 1570 haec
3240 1516 3428 1580 etiam,
3462 1533 3606 1587 quo-

2016 1600 2180 1653 modo
2204 1615 2323 1664 cor,
2350 1616 2475 1655 cum
2512 1601 2732 1656 insitum
2781 1604 2883 1657 sibi
2920 1620 2949 1657 a
2984 1615 3175 1659 natura
3214 1607 3453 1661 calorem
3505 1610 3603 1663 toti

2016 1695 2236 1764 corpori
2264 1696 2627 1765 impertiatur,
2654 1697 2723 1750 ab
2758 1697 3076 1766 hujusmodi
3113 1699 3272 1754 officii
3324 1700 3603 1755 functio‘he

2018 1802 2306 1855 nunquam
2340 1797 2539 1842 cessat.
2568 1787 2858 1851 Prmterea,
2910 1791 3112 1859 quibus
3138 1792 3316 1846 modis
3366 1794 3521 1847 ribus
3548 1794 3600 1846 in

320 1877 457 1930 ἄλλα
478 1878 560 1940 ¹⁰;
594 1876 703 1928 Καὶ
729 1874 847 1937 πῶς
878 1875 977 1944 οὐχ
1006 1873 1214 1944 ἡλικίαι
1251 1876 1419 1927 πᾶσιν
1447 1875 1503 1927 al
1534 1874 1695 1928 αὐταὶ
1712 1874 1778 1935 ",
1815 1874 1901 1925 οὑ-

2019 1894 2242 1932 sucrum
2280 1890 2544 1943 vertatur,
2582 1896 2646 1935 ac
2690 1883 2917 1950 sanguis
2942 1881 3259 1950 depuretur,
3292 1900 3603 1953 corpusque

321 1968 379 2021 δὲ
410 1966 719 2038 προσώπων
750 1965 1127 2037 χαρακτῆρες,
1159 1966 1281 2021 οὑδὲ
1313 1968 1631 2038 ὁμοιότητες
1688 1966 1903 2035 φωνῶν.

320 2059 442 2112 οὐδὲ
473 2059 781 2129 χρωμάτων
814 2058 1140 2130 ἐμφέρειαι;

2015 1967 2333 2021 alimentum
2368 1970 2594 2033 nutriat,
2620 1979 2673 2023 et
2702 1980 2915 2025 stercus
2937 1982 3261 2026 excernatur
3284 1973 3603 2027 humidum-

2014 2075 2123 2129 que
2148 2071 2554 2114 excrementum
2583 2062 2913 2131 emingatur.
2947 2061 3235 2128 Quomodo
3265 2065 3394 2119 item
3428 2081 3602 2120 mem-

321 2156 417 2210 bra
452 2156 801 2228 colligentur,
829 2164 884 2211 et
912 2155 1348 2211 coarticuleutur
1376 2162 1584 2226 partes,
1647 2170 1711 2210 ac
1730 2154 1945 2209 articuli
2002 2155 2236 2210 invicem
2296 2157 2763 2224 dearticulentur,
2819 2170 2872 2214 et
2920 2175 3045 2214 ossa
3124 2161 3419 2230 composita
3468 2162 3596 2217 sint.

322 2248 476 2315 ltem,
508 2264 607 2303 cur
632 2262 760 2304 ossa
801 2247 1052 2319 quaedam
1092 2248 1252 2314 dura,
1282 2248 1530 2318 quaedam
1561 2249 1765 2313 mollia,
1797 2248 1901 2301 alia
1940 2264 2203 2316 concava,
2238 2250 2500 2304 nonnulla
2558 2251 2965 2306 concavitatum
3014 2254 3257 2323 expertia
3283 2295 3298 2319 ,
3346 2254 3598 2324 quaedam

322 2346 615 2401 medullam
644 2346 924 2411 habentia,
958 2346 1063 2401 alia
1097 2347 1302 2416 absque
1341 2346 1578 2401 medulla
1624 2345 1897 2400 visuntur.
1965 2342 2070 2399 Sed
2139 2345 2418 2415 quomodo
2481 2354 2535 2401 et
2584 2362 2875 2402 nervorum
2929 2348 3148 2417 quidam
3196 2348 3599 2418 conjugationis

320 2438 518 2506 gratia,
573 2438 663 2493 alii
692 2439 943 2502 solitarii,
980 2439 1093 2493 sive
1125 2439 1433 2508 singulares
1454 2479 1468 2503 ,
1498 2439 1690 2493 eodem
1739 2437 1903 2492 modo
1936 2446 1990 2491 et
2020 2454 2189 2497 venue.
2235 2448 2289 2493 et
2353 2441 2590 2504 arteriae,
2624 2440 3027 2495 diﬂ‘unduntur.
3083 2440 3220 2495 Tum
3254 2457 3358 2512 qua
3386 2441 3599 2496 ratione

313 2528 558 2596 partium
599 2529 683 2583 vel
718 2529 965 2599 corporis
1005 2529 1423 2593 elementorum,
1471 2530 1575 2583 alia
1620 2530 1727 2592 sui,
1794 2530 2057 2583 nonnulla
2113 2531 2343 2585 aliorum
2414 2548 2613 2598 causa,
2680 2541 2969 2600 procreata
3045 2531 3204 2603 140
3250 2542 3399 2588 sunt.
3451 2532 3596 2585 Prat-

321 2637 470 2679 terea
504 2643 517 2679 :
546 2641 653 2694 qua
683 2625 751 2680 de
780 2642 946 2681 causa
971 2641 1161 2682 omnes
1186 2636 1394 2695 aetates,
1417 2642 1525 2682 non
1552 2628 1780 2691 eaedem,
1828 2641 1927 2681 nec
1966 2625 2229 2683 facierum
2300 2635 2558 2698 aspectus
2580 2669 2594 2695 ,
2662 2643 2840 2697 neque
2877 2643 3071 2682 vocum
3121 2628 3421 2684 similitudo
3444 2670 3459 2696 ,
3502 2630 3594 2684 sed

319 2737 419 2775 nec
447 2723 690 2777 colorum
715 2724 1001 2793 aequalitas
1024 2725 1348 2781 habeantur.

391 2818 501 2872 Kal
530 2818 621 2872 ἴνα
647 2822 728 2882 εἰς
760 2820 922 2873 πλέον
947 2823 991 2851 ²¹
1042 2821 1264 2875 πλείονα
1296 2821 1458 2886 δόξαν
1489 2821 1588 2892 τὴν
1636 2822 1913 2892 ἐπανάλη-

316 2911 409 2980 ᾧιν
449 2911 733 2982 πλέξωμεν
762 2914 827 2965 ὲκ
876 2912 986 2965 τῶν
1032 2911 1209 2980 λόγων
1243 2912 1339 2965 τοῦ
1366 2912 1632 2983 Θεολόγου
1664 2914 1711 2945 ’³
1745 2930 1901 2966 συνε-

318 3004 538 3073 ξυφανῶ
562 2986 907 3076 σοιῆρήματαδ
942 3025 960 3057 ι
994 3006 1596 3075 Θαυμασον,λέγοντος,
1620 3006 1896 3076 ἄνθρωπε,

2089 2811 2316 2877 Verum,
2349 2827 2417 2867 ne
2453 2810 2630 2865 oratio
2660 2818 2849 2865 nostra
2886 2808 3136 2880 pluribus
3166 2812 3377 2877 verbis,
3402 2816 3591 2872 eadem

2007 2903 2189 2957 denuo
2242 2902 2501 2971 repetita,
2557 2909 2851 2955 contexere
2899 2899 3187 2964 videatur,
3235 2915 3301 2954 ex
3344 2902 3590 2975 Gregorii

2008 2992 2187 3045 verbis
2220 2990 2543 3045 sententiam
2584 2992 2941 3055 adducemus,
2975 3005 3098 3043 cum
3144 2993 3240 3046 ait.
3281 2992 3589 3060 Admirare,

317 3094 434 3157 πῶς
482 3094 801 3165 ἑπλὰσθης;
847 3097 943 3147 καὶ
975 3096 1021 3126 ³⁸
1070 3096 1187 3158 πῶς
1228 3096 1557 3165 συνετέθης;
1609 3099 1703 3150 καὶ
1738 3098 1823 3161 τίς
1873 3101 1901 3169 ή

2010 3086 2203 3154 inquit,
2238 3100 2270 3137 ο
2297 3086 2480 3147 homo,
2507 3099 2747 3153 quonam
2794 3093 2952 3152 pacto
2991 3085 3284 3152 formatus,
3317 3089 3591 3157 composi-

316 3187 445 3254 περὶ
475 3185 533 3237 σὲ
581 3186 778 3252 ampla;
818 3185 913 3238 καὶ
959 3186 1012 3238 τί
1054 3186 1155 3255 τῆς
1191 3186 1409 3254 φύσεως
1457 3188 1518 3239 τὸ
1570 3188 1898 3259 μυστήριον;

318 3280 442 3340 Πῶς
474 3279 650 3349 μετρῆ
694 3279 847 3348 τόπῳ
889 3280 984 3331 καὶ
1017 3279 1144 3342 νοῦς
1185 3281 1282 3350 οὐχ
1312 3280 1556 3351 ὁρίζεται
1584 3282 1650 3345 ³⁵,
1687 3281 1803 3333 ἀλλ’
1846 3283 1902 3333 ἐν

312 3372 488 3441 τούτῳ
521 3371 699 3439 μένων
724 3372 908 3424 πάντα
936 3372 1267 3442 ἐπέρχεται;
1314 3373 1439 3436 ΙΙῶς
1466 3374 1587 3444 ὄψις
1622 3374 1778 3445 ὀλίγη
1806 3374 1902 3428 καὶ

314 3464 409 3515 ἐπὶ
439 3463 693 3516 πλεῖστον
726 3462 1042 3531 φθάνουσας
1084 3463 1193 3516 Kal
1234 3463 1466 3529 πότερον
1500 3464 1781 3534 παραδοχή
1818 3464 1903 3528 τίς

315 3566 465 3615 ἐστιν
494 3562 588 3615 τοῦ
619 3562 901 3629 ὀφθέντος,
934 3562 966 3632 ἢ
999 3564 1133 3633 ττρδς
1163 3565 1340 3615 ἐκεῖνο
1366 3561 1650 3626 διάϐασις;
1684 3561 1807 3622 Πῶς
1840 3558 1902 3612 τὸ

314 3656 449 3708 αὐτὸ
490 3659 632 3708 κινεῖ
658 3657 752 3709 καὶ
784 3658 1018 3707 κινεῖται
1054 3653 1141 3706 διὰ
1192 3652 1504 3723 βουλήσεως
1546 3649 1900 3720 κυϐερνώμε-

314 3765 407 3801 νον
432 3749 513 3812 ²⁸;
550 3748 644 3811 Τίς
672 3747 726 3801 δὲ
762 3746 942 3800 παῦλα
971 3746 1239 3816 κινήσεως
1263 3762 1277 3811 ;
1319 3747 1427 3798 Καὶ
1460 3744 1576 3808 πῶς
1606 3746 1634 3797 ὀ
1663 3743 1785 3805 νοῦς
1813 3742 1900 3795 διὰ

310 3842 518 3894 τούτων
544 3841 727 3912 ὁμιλεῖ
754 3842 866 3903 τοῖς
902 3839 1027 3905 ἔξω,
1059 3838 1154 3891 καὶ
1197 3836 1266 3890 τὰ
1288 3836 1333 3868 ³⁷
1356 3834 1557 3902 ἔξωθεν
1590 3833 1897 3905 παραδέχε-

309 3951 437 4000 ται;
480 3934 606 3996 Πῶς
635 3932 1014 4003 ἀναλαμϐάνει
1048 3931 1116 3983 τὰ
1150 3930 1301 4001 είδη;
1353 3928 1448 3982 καὶ
1476 3928 1619 3999 τίςὴ
1665 3930 1899 3998 τήρησις

309 4024 408 4077 τοῦ
433 4022 655 4090 ἀναλειφ
673 4021 920 4098 θέντος,ἦ
942 4021 1133 4091 μνήμη
1148 4038 1164 4087 ;
1204 4020 1315 4072 Kal
1340 4018 1425 4081 τίς
1454 4019 1488 4089 ἡ
1519 4017 1613 4071 τοῦ
1640 4016 1901 4070 ἀπελθόν-

308 4134 401 4179 τος
447 4116 715 4187 ἀνάληψις
745 4117 777 4186 ἥ
811 4116 1148 4184 ἀνάμνησις;
1194 4114 1320 4176 Πῶς
1355 4115 1389 4185 ἡ
1420 4112 1673 4184 αἴσθησις
1718 4113 1776 4167 ἐν
1819 4110 1896 4182 τῷ

309 4209 459 4278 αὑτῴ
509 4209 695 4277 μένει,
752 4207 845 4259 καὶ
884 4207 943 4259 τὸ
976 4206 1133 4269 ἐκτὸς
1164 4206 1467 4259 ἐπισπᾶται
1503 4204 1582 4267 ²⁸;
1616 4204 1742 4267 Πῶς
1780 4205 1808 4256 ὀ
1850 4205 1894 4236 ²⁹

307 4300 465 4365 λόγος
495 4299 587 4352 νοῦ
632 4300 882 4369 γέννημα
910 4340 923 4359 ,
963 4300 1057 4351 καὶ
1090 4300 1253 4369 γεννᾷ
1301 4299 1460 4366 λόγον
1495 4299 1552 4349 ἐν
1595 4296 1742 4367 ἄλλῳ
1771 4296 1892 4360 νοῖς

306 4398 420 4447 Καὶ
457 4394 572 4457 πῶς
615 4394 763 4464 λόγῳ
793 4394 974 4463 νόημα
1016 4392 1349 4459 διαδίδοται,
1383 4391 1499 4453 πῶς
1530 4390 1825 4461 στρέφεται
1848 4389 1892 4421 ³⁹

2005 3196 2207 3256 tusque
2239 3185 2336 3247 sis,
2371 3193 2424 3238 ct
2458 3193 2661 3254 quanta
2694 3182 2789 3238 Dei
2823 3184 2876 3237 in
2919 3194 2970 3238 te
3003 3186 3345 3254 procreando
3371 3188 3589 3256 sapien-

2004 3282 2077 3333 tia
2107 3281 2197 3339 sit,
2232 3288 2281 3332 et
2318 3277 2596 3347 quodnam
2631 3278 2683 3330 in
2716 3279 2820 3331 hoc
2874 3286 3083 3331 naturae
3116 3278 3434 3343 mysterium
3484 3289 3588 3335 est.

2004 3371 2309 3426 Considera
2350 3370 2477 3423 item
2511 3385 2621 3439 quo
2661 3378 2821 3438 pacto
2867 3384 3022 3424 mens
3068 3370 3187 3424 loco
3236 3372 3588 3426 mensurabili

2007 3479 2115 3516 non
2150 3462 2434 3527 dividitur,
2464 3463 2556 3517 sed
2583 3461 2634 3514 in
2665 3462 2855 3515 eodem
2887 3463 3211 3530 persistens,
3240 3474 3435 3517 cuncta
3467 3479 3589 3531 per-

1999 3563 2165 3608 errat.
2211 3553 2349 3606 Tum
2393 3568 2500 3622 qua
2545 3552 2783 3615 ratione,
2816 3553 2967 3607 visus
2997 3566 3202 3615 noster,
3240 3570 3362 3608 cum
3413 3556 3585 3608 modi-

1999 3659 2099 3698 cus
2134 3643 2425 3712 brevisque
2454 3641 2545 3703 sit,
2582 3640 2647 3693 ad
2695 3650 2803 3693 tam
2838 3649 3048 3695 remota
3077 3657 3141 3696 ac
3167 3642 3423 3695 distantia
3472 3644 3587 3697 suf-

2001 3737 2148 3791 liciat
2184 3756 2195 3791 :
2234 3745 2288 3789 et
2321 3734 2567 3803 nunquid
2600 3732 2834 3787 visibilis
2864 3735 2941 3787 rei
2980 3733 3045 3786 ad
3079 3734 3254 3787 visum
3289 3750 3586 3804 reprazseu-

1998 3828 2155 3891 tatio,
2170 3842 2237 3880 an
2258 3826 2408 3880 visus
2425 3825 2490 3877 ad
2506 3840 2624 3879 eam
2641 3823 2907 3878 transitus
2923 3823 3035 3877 ﬁat.
3058 3822 3163 3878 Sed
3198 3832 3252 3877 et
3284 3824 3583 3894 quomodo,

1998 3920 2129 3974 illud
2157 3919 2299 3974 idem
2331 3926 2513 3972 movet
2551 3926 2605 3971 et
2635 3925 2886 3970 movetur
2928 3914 3076 3985 quod
3125 3930 3219 3986 per
3250 3915 3581 3969 voluntatem

1998 4030 2244 4076 nostram
2278 4021 2637 4091 gubernatur,
2668 4026 2782 4071 tum
2807 4032 2931 4086 quae
2962 4025 3141 4071 motus
3168 4016 3325 4085 quies
3353 4016 3443 4070 sit.
3464 4014 3584 4081 Quo

1998 4116 2126 4171 item
2189 4124 2348 4184 pacto
2390 4130 2545 4168 mens
2594 4128 2689 4183 per
2724 4127 2946 4175 sensus,
2987 4110 3075 4165 his
3118 4127 3238 4181 qua:
3266 4120 3418 4165 extra
3454 4119 3583 4164 sunt

1997 4208 2406 4272 communicat,
2443 4218 2606 4275 atque
2653 4203 2927 4259 exteriora
2968 4203 3228 4258 desumit.
3285 4203 3577 4267 Przeterea,

1994 4317 2104 4372 quo
2131 4309 2289 4371 pacto
2325 4301 2439 4368 ipsa
2470 4298 2680 4366 species
2713 4297 2962 4366 recipiat,
3000 4305 3053 4350 et
3081 4312 3203 4366 quae
3244 4311 3433 4352 eorum
3459 4310 3582 4367 qua:

1992 4403 2209 4463 recepta
2263 4404 2392 4446 sunt
2445 4389 2821 4453 conservatio,
2855 4390 2939 4444 vel
2980 4389 3244 4443 memoria
3295 4390 3386 4444 sit.
3437 4387 3579 4443 Tum

304 4486 396 4539 διὰ
424 4486 603 4555 ψυχῆς
654 4486 715 4537 τὸ
758 4486 954 4554 σῶμα;
1002 4484 1115 4537 Kal
1158 4483 1275 4546 πῶς
1319 4482 1464 4553 ψυχὴ
1509 4482 1598 4535 διὰ
1638 4480 1890 4553 σώματος

2006 4513 2104 4566 quo
2136 4504 2314 4565 pacto,
2341 4492 2625 4562 praeterita:
2657 4492 2731 4545 rei
2766 4490 3088 4559 resumptio,
3112 4491 3194 4543 vel
3220 4489 3577 4543 reminiscen~

305 4581 555 4630 κοινωνεί
584 4576 823 4642 πάθους;
853 4577 971 4638 πῶς
997 4576 1237 4646 πήγνυσι
1269 4574 1460 4643 φόϐος,
1496 4574 1589 4626 καὶ
1612 4573 1729 4626 λύει
1755 4573 1887 4644 θάρ-

307 4687 436 4734 σοςς
467 4672 562 4723 καὶ
592 4669 870 4723 συστέλλει
894 4668 1063 4738 λύπη.
1091 4668 1185 4720 καὶ
1208 4668 1385 4737 διαχεῖ
1408 4666 1586 4737 ἡδονή,
1616 4667 1709 4719 καί
1731 4667 1890 4736 τήκει

306 4763 525 4829 φθόνος,
561 4762 658 4815 καὶ
688 4761 1015 4832 μετεωρίζει
1042 4761 1231 4828 τῦφος,
1278 4760 1372 4812 καὶ
1403 4759 1655 4827 κουφίζει
1699 4759 1889 4822 ὲλπίς;

308 4855 435 4917 Πῶς
466 4854 719 4926 ὲκμαίνει
764 4855 969 4923 θυμὸς,
1000 4852 1096 4906 καὶ
1124 4852 1402 4923 ὲρυθαίνει
1433 4850 1500 4902 δι’
1542 4852 1772 4918 αἵματος
1801 4850 1890 4901 al-

304 4947 411 5012 δὼς
436 4948 479 4979 ³⁸
536 4949 565 5000 ὀ
595 4949 640 4979 ³⁸
667 4947 768 5017 μὲν
806 4946 1084 5011 ζέσαντος,
1109 4946 1176 5010 ⁸⁸,
1209 4947 1242 5013 ἠ
1294 4944 1351 4997 δὲ
1391 4943 1849 5013 ἀναχωρήσαντος
1868 4957 1883 5006 ;

304 5043 417 5095 Kal
447 5041 564 5104 πῶς
582 5043 630 5093 οί
660 5041 1010 5111 χαρακτῆρες
1034 5040 1145 5093 τῶν
1186 5037 1376 5091 παθῶν
1399 5038 1456 5089 έν
1489 5038 1603 5098 τοῖς
1630 5033 1883 5104 σώμασι;

300 5136 384 5199 τίς
418 5136 463 5167 ³⁸
504 5138 537 5207 ἡ
585 5136 678 5189 τοῦ
721 5135 984 5206 λογισμοῦ
1034 5133 1394 5206 προεδρία³⁸;
1439 5131 1552 5184 Καὶ
1590 5130 1709 5193 πῶς
1749 5133 1885 5183 πᾶσι

299 5227 519 5290 τούτοις
553 5231 876 5294 ἐπιστατεῖ,
921 5226 1015 5281 καὶ
1047 5228 1245 5296 ήμεροῖ
1276 5225 1344 5278 τὰ
1372 5223 1480 5277 τῶν
1514 5222 1704 5276 παθῶν
1732 5222 1887 5292 κινή-

303 5337 451 5386 ματα
473 5338 487 5386 ;
521 5321 646 5385 Πῶς
677 5320 870 5390 αἵματι
896 5322 1177 5391 κρατεῖται
1196 5319 1289 5372 καὶ
1313 5319 1448 5388 πνοῇ
1472 5317 1533 5369 τὸ
1554 5314 1845 5388 ἀσώματον
1866 5333 1883 5385 ;

380 5502 425 5531 ¹²
453 5499 833 5552 ὲπιλειποῦσαι
865 5498 923 5552 Β.

310 5570 446 5623 ”τὰ
499 5571 599 5637 μὲν
654 5568 714 5622 Β.
795 5570 836 5600 ³⁸
873 5568 967 5621 καὶ
1005 5585 1114 5624 om.
1161 5568 1201 5620 Β
1237 5566 1298 5620 P.

311 5637 453 5709 θεολ.
491 5636 731 5709 ἐκλόγων
762 5640 800 5692 Β
834 5638 891 5693 Ρ.
968 5639 1013 5669 ²’⁵
1042 5638 1136 5692 καὶ⁷
1163 5653 1272 5690 mu.
1306 5637 1366 5691 Β.
1446 5636 1490 5667 ’⁵
1517 5640 1798 5707 μετρεῖται
1821 5641 1975 5709 τόπῳ
2006 5642 2151 5709 ψυχὴ
2177 5642 2269 5692 καὶ
2294 5637 2417 5701 νοῦς
2442 5643 2502 5691 οὑ
2535 5638 2830 5708 χωρίζεται
2853 5638 2913 5692 C.

311 5707 500 5778 fleor;
531 5712 594 5763 Α,
633 5707 638 5709 ’
674 5711 717 5740 ³⁸
751 5709 865 5770 πῶς
903 5725 1071 5778 usque
1108 5710 1174 5762 ad
1215 5708 1515 5760 ἐπισπᾶται
1546 5722 1662 5778 pom.
1706 5714 1769 5763 A.

307 5772 376 5828 δι’
409 5772 530 5849 alii.
557 5781 595 5833 Β
616 5781 676 5834 Ρ.
757 5780 800 5810 ³⁸
829 5780 862 5849 ἡ
888 5779 952 5832 Α.

1029 5779 1074 5811 ³³
1097 5778 1373 5843 ζώσαντος
1398 5780 1461 5831 Α.

1041 5498 1084 5531 “
1119 5493 1324 5567 ταύτην
1350 5495 1412 5557 Β,
1440 5509 1552 5548 οιη.
1598 5493 1661 5549 Ρ.
1702 5566 1721 5567 7
1773 5498 1817 5529 “
1839 5500 1956 5562 πῶς
1986 5500 2199 5554 δέδεται
2251 5500 2313 5553 Β.
2428 5498 2471 5529 ³⁵
2508 5496 2836 5563 συντέθηται
2886 5496 2945 5550 Β.

1378 5567 1419 5597 ¹⁹
1452 5567 1662 5617 ἑαυτῶν
1698 5566 1757 5621 Β.
1836 5570 1881 5600 ³⁸
1923 5570 1992 5622 δι’
2021 5572 2199 5623 ἄλλων
2232 5572 2290 5623 Β.
2368 5568 2410 5600 ²¹
2445 5568 2639 5620 έαυταὶ
2670 5572 2732 5620 Λ.

1996 4589 2067 4643 tia
2102 4588 2213 4640 liat.
2246 4585 2323 4638 Ad
2360 4586 2494 4648 haec,
2525 4583 2805 4652 quomodo
2850 4597 3048 4635 sensus
3090 4580 3143 4632 in
3190 4580 3306 4649 ipsa
3356 4595 3578 4649 perma-

1996 4689 2151 4739 neat.
2186 4686 2240 4731 et
2293 4675 2423 4727 illud
2453 4675 2598 4744 quod
2631 4683 2784 4726 extra
2808 4683 2908 4733 est,
2945 4671 3202 4724 attrahat.
3241 4672 3403 4734 Item,
3439 4687 3577 4739 quo-

1995 4770 2161 4823 modo
2179 4766 2357 4820 oratio
2387 4782 2416 4819 a
2444 4765 2755 4832 menteipsa
2772 4770 3183 4831 progeneratur,
3201 4761 3575 4830 orationisque

1994 4858 2319 4928 generandae
2343 4857 2395 4909 in
2429 4856 2532 4909 alia
2561 4862 2739 4908 mente
2768 4868 2931 4907 causa
2962 4852 3212 4905 exsistat.
3249 4851 3314 4905 Et
3334 4866 3571 4923 quonam

1996 4958 2155 5019 pacto
2185 4948 2497 5001 orationum
2533 4944 2886 5015 intelligentia
2918 4944 3314 5009 distribuatur;
3344 4952 3398 4998 et
3430 4959 3572 5014 quo-

1993 5040 2160 5096 modo
2185 5054 2382 5108 corpus
2418 5044 2487 5091 ob
2515 5038 2752 5091 animam
2787 5036 3079 5090 nutriatur.
3111 5036 3231 5101 Quo
3258 5044 3415 5106 pacto
3446 5036 3570 5090 item

1993 5132 2197 5196 anima,
2235 5130 2305 5184 ob
2334 5130 2581 5199 corporis
2615 5128 3193 5189 communicationem,
3227 5127 3574 5196 passiouihus

1994 5224 2230 5277 obnoxia
2265 5221 2358 5286 sit,
2397 5232 2449 5275 et
2479 5237 2600 5291 qu;e
2634 5236 2800 5275 causa
2834 5230 2948 5285 est,
3001 5220 3077 5274 uti
3119 5220 3188 5272 ob
3226 5220 3571 5274 formidinem

1994 5312 2157 5368 homo
2193 5313 2393 5384 frigore
2424 5321 2774 5376 concrescat,
2816 5320 2870 5365 et
2900 5310 3129 5365 audacia
3163 5311 3431 5375 solvatur,
3474 5309 3573 5365 do-

3047 5497 3089 5528 ¹⁶
3125 5496 3218 5548 καὶ
3277 5512 3386 5549 oin.
3439 5493 3568 5549 ΒΡ.

2832 5568 2876 5598 ²¹
2926 5566 3090 5619 πλέον
3117 5585 3225 5619 um.
3254 5566 3309 5621 Β.
3389 5568 3433 5597 ³³
3473 5566 3569 5618 τοῦ

2991 5640 3037 5670 ³⁸
3059 5637 3470 5707 κυϐερνώμενος
3505 5636 3567 5691 Β.

1848 5711 1891 5742 ²⁹
1926 5708 1955 5763 ὁ
1992 5708 2167 5763 "una
2200 5710 2256 5764 Ι).
2298 5746 2305 5780 ί
2334 5710 2378 5740 ³ο
2407 5710 2666 5779 τρέφεται
2707 5709 2744 5760 Β
2774 5709 2831 5761 l’.
2913 5710 2953 5740 ³¹
2987 5710 3077 5762 καὶ
3113 5709 3220 5763 ait}.
3256 5708 3570 5780 ἐρυθραίνει

1540 5776 1583 5809 ³⁸
1614 5780 1707 5832 καὶ
1736 5782 1815 5843 τίς
1844 5781 1901 5831 Β.
1980 5782 2023 5812 ³⁵
2052 5779 2344 5851 προεδρεία
2379 5781 2441 5832 Α.
