4070 6216
507 317 649 417 9233
1740 355 2024 411 MELETII
2058 357 2101 410 M

2208 354 2366 409 AClll
3622 358 3751 415 128!

509 479 627 530 lore
671 473 1047 537 contrahatur,
1092 469 1367 540 voluptate
1414 466 1771 535 diffundatur,
1824 469 2077 538 idemque

2204 469 2292 521 (ai.
2338 467 2453 530 πῶς
2486 469 2519 538 ἡ
2564 466 2772 522 τούτων
2799 468 3042 539 ἔκλειψις
3075 470 3120 502 ³³⁸
3147 469 3325 540 ψυχῆς
3362 472 3508 525 ἐστιν
3543 472 3758 542 ἀναχώ-

510 567 714 622 invidia
741 566 999 634 liquetur,
1026 562 1172 616 inani
1201 561 1369 631 gloria
1402 560 1678 625 efferatur,
1712 570 1874 629 atque
1902 562 1957 613 in
1986 575 2081 628 spe

2204 577 2340 628 mou;
2366 577 2380 625 ;
2406 558 2533 622 Πῶς
2561 561 2590 612 ὁ
2621 559 2746 624 νοῦς
2771 560 2867 613 καὶ
2894 564 3271 631 περιγραπτὸς
3300 564 3397 616 καὶ
3426 563 3679 635 ἀόριστος
3705 566 3763 618 ἐν

511 660 646 715 levis
677 656 959 710 efﬁciatur.
991 652 1095 707 Sed
1118 661 1177 706 et
1204 668 1313 721 quo
1362 660 1548 721 pacto,
1584 650 1865 705 iracundia
1912 651 1966 704 in
1997 651 2081 704 in-

2204 652 2314 720 ιμῖν
2344 651 2543 721 μένων,
2580 653 2679 705 καὶ
2730 653 2909 706 πάντα
2937 654 3232 723 ἐφοδεύων,
3271 655 3426 725 τάχει
3460 656 3637 726 φορᾶς
3670 658 3765 709 καὶ

509 752 721 807 saniam
770 747 1069 812 hominem,
1104 744 1433 800 verecundia
1482 744 1536 798 in
1572 744 1828 798 ruborem
1884 751 2079 808 vertat,

2204 742 2457 809 5εύσεως;
2480 743 2577 807 Τίς
2600 746 2635 813 ἡ
2657 746 2756 815 τῆς
2778 743 2996 815 φύσεως
3020 746 3065 777 ³⁷
3082 746 3239 817 ὁλκὴ·
3271 748 3367 800 καὶ
3393 748 3532 817 πρὸς
3557 746 3766 816 ἄλληλα

509 839 679 893 altera
702 837 772 890 ob
803 835 1088 905 sanguinis
1122 833 1417 900 fervorem,
1450 833 1619 888 altera
1644 848 1793 899 vero,
1838 834 1908 887 ob
1936 832 2085 901 ejus-

2204 833 2372 903 πχέσις
2395 836 2510 898 τοῖς
2528 835 2765 904 γεννῶσι
2796 838 2892 890 καὶ
2920 838 3305 908 γεννωμένοις,
3331 838 3422 891 ἵνα
3442 839 3522 909 τῷ
3550 838 3767 908 φίλτρῳ

508 929 629 983 deni
662 927 1023 982 secessionem
1061 923 1114 977 id
1160 922 1443 978 efﬁciente.
1486 921 1567 975 Ad
1617 922 1731 977 haec
1755 963 1770 987 ,
1808 923 2084 990 quomodo
2186 927 2519 998 συνέχηταις

510 1019 828 1089 passionum
898 1016 1055 1085 signa
1120 1014 1174 1067 in
1205 1013 1527 1084 corporibus
1600 1023 2014 1082 agnoscantur:
2057 1030 2295 1083 quonam
2344 1019 2398 1074 in
2447 1020 2567 1075 loco
2614 1020 3071 1076 considerationis
3119 1020 3276 1077 sedes
3340 1029 3443 1077 est.
3476 1020 3624 1076 Tum
3666 1036 3771 1091 quo

510 1119 670 1178 pacto
703 1107 815 1175 ipsa
837 1104 1093 1158 omnibus
1124 1102 1209 1156 his
1231 1103 1435 1171 praesit,
1455 1100 1885 1170 passionumque
1940 1111 2121 1159 motus
2159 1106 2404 1162 mitiores
2454 1109 2667 1163 reddat.
2712 1109 2873 1172 Tum,
2935 1112 3213 1180 quomodo
3256 1112 3576 1181 incorporea
3620 1127 3769 1182 pars.

516 1200 669 1273 ιιι
701 1199 882 1254 anima
917 1196 1198 1262 videlicet,
1232 1211 1264 1249 a
1309 1196 1576 1262 sanguine
1614 1195 1990 1261 contineatur,
2027 1212 2093 1253 ac
2133 1199 2250 1269 ipsa
2281 1204 2468 1257 eadem
2497 1219 2620 1273 qua:
2684 1220 2915 1275 corpore
2975 1215 3149 1264 vacat.
3185 1221 3295 1275 quo
3329 1216 3487 1275 pacto
3516 1206 3769 1275 spiritum

509 1300 657 1353 edat.
692 1292 797 1348 Sed
825 1299 881 1345 et
942 1289 1219 1359 quomodo
1242 1287 1619 1344 deficientibus
1646 1288 1751 1354 his,
1794 1290 1990 1343 animae
2040 1294 2279 1348 secessio
2309 1296 2418 1351 fiat.
2445 1294 2602 1361 Item,
2628 1313 2735 1367 qua
2800 1299 3013 1354 ratione
3078 1315 3235 1354 mens
3300 1303 3355 1355 in
3392 1302 3555 1356 nobis
3600 1302 3774 1357 incir-

511 1384 841 1452 cumscripta
878 1396 943 1436 ac
992 1379 1343 1435 interminata
1414 1379 1721 1445 exsistens,
1800 1396 1962 1449 quam
2007 1382 2270 1439 ocissimo
2314 1402 2480 1443 cursu
2560 1388 2824 1459 ﬂuxoque
2902 1401 3097 1446 cuncta
3140 1402 3401 1461 pererret.
3440 1392 3543 1446 Sed
3574 1402 3639 1447 et
3681 1393 3773 1463 qui

512 1483 784 1537 universa:
833 1484 1047 1531 naturae
1096 1486 1321 1530 mutuus
1374 1485 1690 1545 respectus,
1744 1475 1800 1530 in
1840 1476 1925 1531 his
1966 1492 2089 1547 quae
2128 1480 2468 1551 oriuntur,et
2524 1498 2646 1554 qua:
2677 1486 3051 1550 oriturasunt,
3085 1486 3162 1540 uti
3185 1502 3305 1542 sese
3363 1487 3596 1542 invicem
3616 1486 3773 1557 quasi

512 1576 664 1632 (nstri
691 1573 974 1643 cujusdam
1006 1571 1240 1641 impulsu
1268 1569 1599 1633 contineant,
1625 1568 1946 1625 innascitur.

585 1666 858 1736 Amplius,
915 1664 1058 1733 idem
1124 1662 1217 1732 qui
1270 1660 1586 1729 huiusmodi
1644 1660 1957 1714 facultatem
1997 1676 2091 1730 ag-

2266 1658 2445 1713 nam
2482 1659 2527 1711 δ’
2573 1660 2640 1713 ἂν
2683 1660 2763 1713 ἔτι
2808 1660 3179 1734 φιλοσοφήσῃς
3203 1662 3247 1693 ³⁸
3296 1661 3426 1733 περὶ
3458 1664 3650 1734 μερῶν
3687 1669 3777 1721 καὶ

517 1761 813 1831 gredietur,
844 1767 1039 1827 praeter
1094 1756 1242 1819 haec,
1287 1752 1692 1823 quamplurima
1735 1752 1803 1807 de
1848 1753 2087 1823 partium

2204 1748 2392 1818 μελῶν,
2440 1750 2539 1804 καὶ
2591 1751 2693 1820 τῆς
2744 1753 2826 1815 είς
2872 1751 3082 1821 ἄλληλα
3114 1753 3324 1805 τούτων
3364 1753 3775 1823 εὐαρμοστίαςο

518 1849 1001 1915 membrorumque
1029 1843 1422 1900 constitutione
1447 1882 1462 1907 ,
1503 1857 1667 1911 quam
1714 1851 1922 1897 naturae
1972 1844 2087 1913 lege

516 1942 838 2010 rationeque
877 1938 1070 1993 sortita
1099 1944 1247 2000 sunt,
1276 1934 1652 2005 philosophari
1684 1935 1914 2003 poterit;
1946 1950 2089 2004 pra:—

516 2034 726 2097 sertim,
761 2046 871 2099 quo
900 2039 1056 2101 pacto
1083 2027 1274 2084 ordine
1300 2040 1544 2096 congruo
1593 2026 1824 2080 invicem
1861 2026 1927 2079 ad
1958 2042 2091 2081 usus

515 2122 1087 2195 pulchritudinemque
1107 2118 1610 2174 accommodentur.
1640 2115 1803 2182 Tum,
1830 2131 1951 2186 quae
1978 2116 2095 2187 lege

512 2228 570 2271 et
601 2223 808 2269 natura:
834 2213 1044 2268 ratione
1073 2210 1470 2280 conjuncta,ac
1484 2206 1743 2264 distantia
1775 2206 1919 2270 sint;
1946 2221 2097 2277 qua:-

513 2321 625 2376 qae
657 2306 946 2367 excedant,
969 2318 1034 2358 ac
1064 2302 1421 2366 excedautur,
1457 2308 1511 2355 et
1539 2314 1661 2369 qua:
1692 2299 1847 2353 unita
1873 2297 2014 2365 sint,
2041 2305 2095 2353 et

508 2414 637 2469 qua:
666 2397 975 2461 lindantur;
1014 2407 1243 2463 qumque
1262 2391 1743 2461 comprehendant,
1763 2405 1826 2444 ac
1847 2403 2095 2460 compre-

518 2488 828 2543 hendantur
872 2485 1145 2555 explicare
1189 2482 1408 2553 poterit.
1442 2480 1523 2535 Ad
1567 2480 1717 2545 haec,
1758 2480 1990 2552 plurima
2027 2479 2096 2534 de

519 2579 748 2633 vocibus
794 2586 849 2632 et
889 2576 1077 2631 auditu
1108 2576 1384 2645 disputare
1417 2573 1653 2644 poterit,
1691 2574 1968 2642 quomodo
2005 2573 2094 2626 illa

517 2682 618 2737 per
652 2665 865 2721 vocalia
905 2664 1269 2719 instrumenta
1308 2660 1516 2717 feratur
1548 2680 1561 2717 :
1595 2662 1814 2717 auditus
1854 2678 1983 2718 vero
2028 2679 2095 2717 ex

520 2759 684 2813 medii
713 2757 861 2812 aeris
895 2754 1250 2827 percussione
1292 2754 1729 2824 formationeque
1761 2753 2092 2824 perﬁciatur.

517 2849 759 2904 Plurima
809 2854 1068 2917 praeterea
1140 2846 1207 2899 de
1256 2844 1469 2915 quiete,
1534 2859 1656 2914 quae
1699 2859 1796 2913 per
1843 2859 2093 2899 somnum

522 2941 729 2997 homini
762 2938 1037 3010 provenit,
1070 2951 1135 2991 ac
1165 2936 1232 2991 de
1265 2936 1351 2992 his
1382 2949 1505 3006 quae
1530 2950 1626 3005 per
1664 2934 1935 2990 insomnia
1982 2938 2095 2991 for-

520 3043 762 3100 mantur,
796 3039 851 3086 et
899 3047 1020 3102 qua!
1066 3028 1549 3092 considerationis,
1604 3026 1905 3082 iracundia:
1948 3026 2094 3082 desi-

521 3124 767 3193 deriique
792 3131 939 3176 sunt.
978 3121 1155 3190 thue
1184 3120 1436 3174 universa
1469 3118 1524 3173 in
1555 3132 1821 3173 summam
1850 3118 2098 3173 dicamus

521 3228 884 3284 quaecunque,
924 3212 977 3264 in
1009 3210 1174 3279 hujus
1206 3208 1492 3264 rationalis
1536 3209 1791 3264 animalis
1829 3210 2099 3264 constitu-

525 3305 695 3369 tione,
728 3303 820 3357 Dei
843 3301 1023 3356 Patris
1060 3300 1323 3367 potentia,
1353 3299 1561 3366 omnia,
1594 3314 1808 3353 summa
1834 3313 1955 3354 cum
2005 3315 2097 3354 sa-

526 3394 750 3465 pientia,
786 3410 850 3448 ac
874 3404 1018 3447 recto
1052 3392 1245 3447 ordine
1279 3392 1599 3461 disponens,
1629 3392 1915 3463 peregerit,
1950 3408 2101 3447 com-

525 3484 794 3555 plecteudi
818 3482 1103 3537 materiam
1131 3481 1234 3537 sibi
1268 3482 1587 3551 neutiquam
1629 3482 1819 3536 deesse
1846 3482 2099 3536 animad-

524 3584 718 3630 vertet.
782 3574 1115 3638 Enimvero,
1172 3580 1369 3627 cuncta
1417 3572 1473 3626 in
1526 3573 1632 3627 hoc
1679 3573 1906 3627 animali
1967 3574 2102 3628 adeo

526 3668 893 3737 pulcherrime
922 3664 1160 3736 perfecta
1194 3665 1472 3732 visuntur,
1518 3672 1577 3718 ut
1625 3664 1782 3718 aliter
1826 3666 2100 3736 procreari

528 3760 610 3813 vel
640 3759 898 3813 constitui
923 3760 1099 3827 ipsum
1131 3756 1281 3811 nullo
1307 3739 1466 3825 pacto
1499 3769 1661 3825 posse
1683 3755 2101 3811 existimandum

528 3850 617 3907 sit.
646 3850 787 3918 Quid
822 3850 966 3906 enim
1002 3865 1155 3905 mens
1197 3856 1369 3916 tanta,
1408 3848 1554 3919 quod
1589 3864 1696 3903 non
1740 3864 1956 3903 summe
2005 3849 2103 3903 de-

2196 1839 2334 1909 πρὸς
2356 1837 2401 1869 ³⁸
2432 1840 2626 1910 χρείαν
2652 1857 2711 1893 τε
2734 1841 2872 1912 ὁμοῦ
2913 1843 3009 1895 καὶ
3064 1840 3259 1905 κάλλος
3313 1844 3679 1900 συνεστώτων
3719 1864 3776 1900 τε

2196 1930 2291 1983 καὶ
2342 1929 2648 1984 δεστιώτων
2704 1932 2800 1986 καὶ⁸
2846 1931 3183 2004 σχιζομένων
3223 1934 3289 1999 ⁸⁸,
3326 1937 3699 2007 περιεχόντων
3719 1954 3775 1991 τε

2198 2022 2294 2075 καὶ
2332 2023 2739 2094 περιεχομένων
2756 2023 2825 2088 ⁸⁸,
2863 2023 3013 2095 νόμῳ
3037 2025 3132 2077 καὶ
3152 2024 3297 2093 λόγῳ
3324 2025 3573 2095 φύσεωςο
3603 2028 3776 2083 Πολλὰ

2199 2116 2328 2185 περὶ
2369 2114 2564 2183 φωνῶν
2593 2113 2697 2166 καὶ
2732 2113 2947 2167 ἀκοῶν·
2999 2115 3117 2177 πῶς
3155 2118 3209 2168 αί
3240 2116 3342 2185 μὲν
3393 2117 3653 2188 φέρονται
3688 2119 3777 2174 διὰ

2196 2206 2305 2260 τῶν
2335 2205 2661 2276 φωνητικῶν
2698 2206 2950 2276 ὀργάνων
2976 2207 3044 2238 δι’
3070 2223 3086 2239 ⁸
3113 2208 3171 2261 αἱ
3202 2207 3260 2261 δὲ
3307 2208 3669 2278 ὑποδέχονται
3691 2210 3777 2263 διὰ

2197 2296 2300 2366 τῆς
2339 2297 2397 2349 ὲν
2422 2295 2574 2366 μέσῳ
2616 2294 2713 2348 τοῦ
2743 2295 2905 2367 ἀέρος
2936 2296 3152 2367 πληγῆς
3177 2296 3273 2350 καὶ
3303 2296 3693 2364 διατυπώσεως
3711 2300 3779 2354 δ’.

2198 2387 2377 2443 Πολλὰ
2423 2388 2555 2459 περὶ
2596 2388 2696 2459 τῆς
2728 2389 2786 2442 ὲν
2843 2386 3034 2452 ὕπνοις
3067 2388 3432 2454 ἀναπαύσεως
3468 2391 3499 2461 ἤ
3533 2392 3782 2447 ἀναπλά-

2200 2496 2373 2543 σεως,
2410 2477 2677 2548 λογισμοῦ
2726 2494 2788 2531 τε
2833 2480 2929 2532 καὶ
2980 2478 3178 2547 θυμοῦ,
3223 2481 3314 2534 καὶ
3358 2480 3616 2549 ἐφέσεως.
3658 2482 3781 2536 Καὶ

2202 2570 2481 2642 συντόμως
2514 2571 2711 2637 εἰπεῖν,
2740 2571 2840 2625 ὅσα
2880 2570 3010 2643 περὶ
3044 2571 3105 2624 τὸ
3125 2571 3265 2636 ζῶον
3292 2572 3444 2627 τοῦτο
3468 2572 3529 2624 τὸ
3551 2571 3783 2641 λογικὸν

2200 2664 2234 2732 ἡ
2260 2661 2330 2714 τὰ
2371 2660 2552 2715 πάντα
2586 2660 2826 2730 σοφῶς⁵³
2856 2650 3219 2733 οἰκονομοῦσα
3283 2661 3374 2716 τοῦ
3421 2661 3559 2716 θεοῦ
3612 2680 3785 2733 προσ-

2202 2750 2428 2822 εποίησε
2446 2750 2492 2782 δδ
2514 2750 2765 2822 δύναμις,
2814 2754 2909 2805 καὶ
2941 2753 3102 2821 σοφία
3131 2752 3315 2817 καλῶς
3354 2755 3745 2827 ἐτεχνήσατο⁶⁸
3765 2771 3779 2783 ”

2202 2846 2296 2897 καὶ
2325 2843 2470 2897 οὕτω
2494 2842 2696 2907 καλῶς,
2726 2842 2802 2906 ὡς
2820 2843 2922 2895 οὐκ
2953 2842 3230 2915 ἐνεδέχετο
3259 2842 3435 2908 ἄλλως
3463 2843 3723 2913 γενέσθαι
3747 2843 3780 2917 ἢ

2203 2932 2530 2986 συνεστάναι
2564 2931 2717 2985 τουτὶ
2741 2931 2800 2985 τὸ
2825 2930 2983 2997 ζῶον.
3016 2933 3081 2988 Τί
3097 2934 3205 3006 γὰρ
3232 2932 3358 2997 νοῦς
3385 2933 3644 2998 τοσοῦτος
3678 2935 3782 2988 τῶν

2204 3024 2281 3095 μὴ
2311 3023 2699 3096 προσηκόντων
2722 3025 3057 3096 είργάσατο;
3090 3028 3164 3080 Οὐ
3190 3027 3352 3097 μόνον
3378 3026 3435 3079 δὲ
3479 3026 3781 3098 φιλοσοφή-

2204 3133 2317 3181 σεις
2386 3117 2637 3183 τοιαῦτα,
2692 3117 2769 3180 ὼς
2821 3116 3059 3188 εἴρηται,
3128 3118 3221 3174 καὶ
3261 3118 3607 3189 θαυμάσειςο
3672 3120 3785 3182 πῶς

2207 3209 2372 3279 μέσον
2404 3209 2668 3280 μεγέθους
2698 3211 2793 3263 καὶ
2819 3209 3207 3281 ταπεινότητος
3247 3212 3481 3279 γέγονας
3504 3228 3519 3243 ·
3554 3211 3659 3266 καὶ
3689 3212 3782 3281 βα-

2207 3300 2439 3363 σιλεύεις
2472 3300 2580 3355 τῶν
2606 3301 2699 3354 ἐπὶ
2728 3303 2829 3372 γῆς
2863 3301 3284 3372 βασιλευόμενος
3313 3302 3524 3356 ἄνωθεν
3543 3320 3561 3336 ο
3595 3307 3696 3355 καὶ
3721 3305 3784 3373 τῇ

2206 3390 2344 3461 πρὸς
2376 3391 2511 3444 Θεὸν
2560 3392 2777 3445 νεύσει·
2824 3392 2885 3445 τὸ
2941 3392 3162 3463 μέτριον
3210 3392 3314 3462 τῆς
3356 3393 3626 3462 ἀληθείας
3677 3394 3785 3462 φῶς

2206 3481 2704 3553 ὲλλαμπόμενος⁸⁶,
2760 3484 2880 3544 ὅλος
2919 3483 3228 3547 θεοῦσαιδτ,
3281 3486 3376 3537 καὶ
3428 3485 3785 3555 μετατίθεσαι

2207 3574 2343 3643 πρὸς
2376 3574 2446 3627 τὰ
2484 3575 2617 3642 ἄνω,
2641 3576 2683 3608 ⁸⁸
2716 3577 2876 3643 ἀξίαν
2908 3576 3004 3630 τοῦ
3040 3578 3134 3631 καὶ
3165 3575 3526 3647 συνδήσαντος
3567 3578 3672 3635 καὶ
3696 3576 3787 3630 λύ-

2208 3682 2389 3726 σοντος
2407 3666 2451 3698 ⁸⁸
2500 3667 2596 3719 καὶ
2649 3663 2806 3730 αὖθις
2853 3666 3227 3737 συνδήσοντος,
3276 3667 3628 3739 ὑψηλοτέραν
3694 3669 3789 3739 τὴν

2206 3755 2484 3810 πολιτείαν
2509 3757 2857 3828 ποιούμενος.
2902 3758 3065 3814 Ἀλλὰ
3111 3759 3211 3814 καὶ
3245 3759 3387 3830 μετά
3417 3758 3511 3813 τοῦ
3556 3760 3787 3831 Προφή-

2204 3863 2302 3899 του
2328 3847 2653 3917 ὲκπλήκτως
2682 3851 2728 3881 ⁸⁸
2780 3850 3100 3921 ἀναϐοήσεις
3120 3866 3134 3881 ·
3176 3850 3273 3917 Ὠς
3303 3851 3693 3920 ἐμεγαλύνθη
3722 3848 3789 3901 τὰ

529 3953 669 4007 ceat,
703 3944 914 3997 efﬁcere
949 3941 1178 4013 posset?
1213 3940 1321 3996 Sed
1347 3950 1401 3995 et
1435 3940 1483 3995 is
1523 3948 1783 4010 praeterea
1809 3980 1825 4005 ,
1870 3940 2101 4010 quicun-

2209 3941 2354 4011 ἔργα
2378 3958 2519 4008 σου.
2541 3944 2718 4013 Κύριε
2741 3962 2756 3976 ·
2790 3945 2989 4001 πάντα
3014 3947 3083 4000 ἐν
3102 3948 3291 4018 σοφίᾳ
3321 3947 3649 4014 ἐποίησας.

528 4055 634 4109 que
662 4038 881 4093 futurus
904 4047 1010 4104 est,
1034 4035 1559 4103 cumadmiratione,
1620 4044 1680 4089 ut
1700 4035 1853 4106 prius
1911 4035 2173 4101 diximus,
2212 4037 2586 4109 philosophari
2634 4040 2866 4110 poterit,
2918 4056 3159 4111 quonam
3220 4048 3380 4110 pacto
3430 4040 3599 4093 homo
3652 4039 3791 4091 inter

528 4134 766 4196 excelsa,
801 4133 1163 4203 humiliaque,
1206 4132 1419 4188 medius
1448 4133 1781 4188 constitutus
1806 4173 1821 4198 ,
1894 4132 1981 4188 his
2029 4149 2151 4202 quae
2189 4133 2244 4189 in
2290 4142 2436 4191 terra
2481 4147 2608 4192 sunt
2632 4175 2649 4202 ,
2694 4138 3032 4204 dominatur,
3062 4139 3132 4195 ab
3193 4139 3280 4193 his
3306 4152 3437 4194 vero
3468 4150 3592 4206 qua:
3623 4151 3793 4205 supra

531 4233 684 4287 sunt,
716 4225 834 4293 ipse
855 4225 1083 4292 regitur.
1110 4223 1299 4296 Neque
1318 4239 1446 4280 vero
1478 4225 1531 4280 id
1564 4226 1761 4280 tacitus
1789 4227 2109 4294 prateribit,
2147 4229 2293 4298 quod
2365 4229 2412 4285 si
2451 4229 2597 4299 quis,
2633 4229 2729 4286 Dei
2788 4244 2947 4298 nutu,
2973 4233 3218 4289 veritatis
3253 4230 3478 4287 luminis
3509 4231 3563 4284 in
3596 4245 3661 4285 se
3687 4232 3790 4285 alie

531 4330 696 4386 quem
729 4314 1069 4384 splendorem
1103 4316 1259 4389 152
1324 4317 1574 4380 ediderit,
1618 4317 1833 4372 divinus
1920 4317 2171 4387 fortasse,
2216 4330 2362 4378 totus
2391 4363 2407 4389 ,
2459 4331 2623 4393 atque
2666 4340 2963 4394 supernum
3019 4326 3075 4381 in
3123 4325 3408 4380 altissimis
3458 4322 3555 4377 Dei
3584 4330 3795 4377 cuncta

533 4406 848 4473 vtucientis,
876 4406 1262 4476 solveittisqne,
1292 4423 1356 4462 ac
1387 4408 1568 4462 denuo
1633 4409 1984 4465 revincientis
2027 4426 2253 4482 regnum
2284 4416 2592 4485 migrando,
2633 4417 2953 4474 excelsioris
3016 4416 3168 4472 urbis
3200 4416 3333 4472 civis
3400 4413 3691 4471 efﬁcietur.
3732 4410 3799 4466 Ει

532 4500 750 4569 quidem
774 4498 821 4554 is
847 4514 971 4553 cum
1001 4499 1260 4568 propheta
1279 4499 1582 4556 admiratus
1604 4501 1899 4556 clamabit:
1929 4501 2102 4567 Quam
2176 4507 2518 4577 magniﬁcam
2556 4520 2677 4565 sunt
2730 4526 2887 4579 opera
2932 4520 3057 4576 tuo,
3093 4508 3350 4564 Domine!
3383 4514 3570 4560 cuncta
3598 4506 3665 4567 in,
3702 4521 3795 4557 sa-

532 4596 734 4665 pientia
766 4595 937 4663 fecisti
967 4591 1067 4665 (a).

1120 4709 1198 4765 De
1229 4710 1517 4766 elementis.

2220 4712 2290 4765 Τὸ
2342 4711 2666 4781 ὑστεραῖω·
2734 4713 3048 4781 σύνταγμα
3101 4710 3231 4778 περὶ
3282 4709 3399 4764 τῶν
3461 4710 3792 4779 τεσσάρων

2832 4781 3169 4850 στοιχείων.

607 4890 682 4945 De
711 4889 997 4945 elementis
1032 4897 1213 4943 autem
1247 4888 1531 4959 disputare
1554 4890 1621 4945 ad
1646 4890 1948 4946 naturalem
1999 4892 2111 4960 phi-

537 4980 826 5051 losophum
858 4980 1113 5049 pertinet.
1148 4979 1514 5049 Antiquorum
1541 4983 1723 5051 itaque
1756 4983 2111 5053 philosopho-

538 5088 663 5126 rum
698 5071 1007 5141 opiniones,
1036 5085 1174 5139 quas
1204 5069 1270 5125 de
1293 5072 1577 5128 elementis
1608 5075 1711 5143 ipsi
1744 5074 2109 5142 adduxerunt,

537 5159 737 5213 missas
771 5157 949 5213 facere
981 5166 1225 5228 oportet;
1260 5176 1422 5215 unam
1454 5164 1830 5219 tantummodo
1873 5179 1940 5218 cx
1993 5180 2112 5220 om-

2288 4896 2362 4950 Τδ
2412 4896 2542 4967 περὶ
2601 4895 2881 4965 στοιχείων
2943 4893 3291 4962 διαλέγεσθαι
3347 4894 3583 4962 φυσικῆς
3642 4894 3794 4945 ἐστιν

2217 4987 2349 5041 ίδιον
2381 4984 2790 5057 πραγματείας.
2818 4984 2940 5057 Χρὴ
2968 4984 3149 5038 τοίνυν
3186 4983 3298 5048 ,τὰς
3326 4985 3429 5055 μὲν
3464 4983 3623 5048 δόξας
3675 4981 3789 5034 τῶν

2219 5074 2468 5131 παλαιῶν
2494 5072 2799 5145 φιλοσόφων
2820 5074 2919 5134 τὰς
2950 5074 3077 5144 περὶ
3101 5073 3283 5127 αὐτῶν
3303 5073 3605 5145 γενομένας
3628 5087 3800 5124 κατα·

2220 5166 2513 5235 λιμπάνειν
2567 5168 2624 5232 ἐς
2678 5165 2946 5221 νεώτατον
2976 5181 2991 5197 ·
3041 5165 3171 5237 μίαν
3230 5166 3287 5218 δὲ
3351 5164 3448 5236 τὴν
3500 5163 3799 5236 κρείττονα

611 5318 687 5390 (α)
712 5318 859 5374 Psal.
898 5333 1019 5384 cur,
1060 5316 1148 5372 ει.

612 5483 657 5513 ³⁵
688 5480 963 5557 ἐκκλειψις
994 5480 1055 5536 Β.
1169 5480 1211 5511 ³⁷
1240 5479 1379 5557 φῦσε
1405 5475 1471 5531 Λ.
1493 5549 1507 5557 _
1583 5479 1628 5511 ³⁸
1657 5479 2041 5557 φιλοσοφῄσοις
2059 5481 2134 5557 ῌΒ.
2172 5549 2183 5557 _
2248 5481 2291 5515 "
2316 5482 2454 5553 πρὸς
2481 5497 2590 5538 om.
2626 5484 2666 5538 Β
2698 5485 2760 5540 P.
2835 5486 2884 5518 ⁸⁸
2912 5487 3007 5541 καὶ
3032 5488 3175 5557 σχιζ,
3196 5501 3304 5540 om.
3340 5484 3466 5557 B_P,
3512 5484 3597 5557 Ἡδίᾲ
3620 5498 3801 5557 τερα-

540 5553 742 5627 χόντιιῃι
787 5553 971 5627 τεᾷκαὶ
1019 5549 1798 5627 προεχομένωνη,ἑνουμένων
1821 5552 1912 5627 καςι
1960 5549 2334 5627 σχιζομένων·
2361 5549 2801 5627 περιεχπεγκαὶ
2855 5549 3265 5627 περιεχομένων
3300 5557 3338 5609 Β
3370 5555 3431 5627 ΡΣ
3509 5549 3804 5627 δι’ῢᾼίέάς-

542 5618 755 5697 enim.
832 5618 1360 5697 ξ’ςυπώέεωςυεσ
1424 5618 1484 5697 ,ξ’
1515 5618 2208 5697 φφ-ξαιέξτέχνωςβιξι
2270 5618 2585 5697 necs;
2653 5626 2699 5697 ιγ
2729 5618 3130 5697 ετεχνάετααέδυ
3160 5626 3224 5681 ρ.
3298 5624 3803 5697 "causam;

544 5688 815 5761 ἀληθείαςΔ
838 5689 1253 5761 ἐκλαμπόμενος
1282 5687 1371 5761 C._
1393 5687 1465 5761 "‘l
1492 5688 1791 5761 τέως-ὅλως
1819 5690 1999 5761 θεοῦσ.
2028 5691 2101 5761 C._

2204 5692 2209 5719 '
2247 5693 2373 5758 τοὺς
2393 5687 2517 5747 ’ἅνω
2544 5693 2606 5749 C.
2682 5695 2728 5729 “
2756 5687 3018 5761 λύσαντος
3042 5697 3082 5753 C
3105 5698 3163 5751 P.

614 5693 818 5771 ῃθείαςη
838 5693 1253 5771 ἐξιλαμπρξξενος
1282 5693 1371 5771 (3-0
1390 5693 1465 5771 ﬂ"
1492 5693 1791 5771 Τέως-ὄλξυς
1819 5693 1999 5771 θερῐίσἶ
2028 5693 2115 5771 (2.,
2152 5693 2209 5771 :9
2247 5693 2373 5758 τοὺς
2405 5693 2517 5747 ἄνω
2544 5693 2606 5749 C.
2682 5695 2728 5729 ”
2756 5693 3018 5761 λύσαντος
3042 5697 3082 5753 C
3105 5698 3163 5751 P.
3239 5697 3284 5729 '°
3299 5693 3621 5767 ἐμπλήκτως
3642 5693 3797 5762 μετὰ

542 5755 639 5807 τοῦ
664 5772 757 5823 πρ.
792 5755 1027 5825 βοήσεις·
1060 5755 1455 5826 ἐθαυμαστώθη
1485 5758 1517 5825 ἡ
1555 5758 1756 5824 γνῶσίς
1775 5775 1867 5811 σου
1895 5758 1954 5822 ἐξ
1983 5758 2117 5830 ἐμοῦ
2148 5759 2210 5815 C.
