4070 6216
330 267 353 320 1
364 264 471 321 285

1567 264 1654 319 DE
1695 260 1975 318 NATURA
2018 262 2181 316 HOMI
2194 260 2320 316 NIS.

3439 266 3573 322 1986

328 379 535 436 τοῦτων
564 373 909 440 ἐκλέγεσθαι,
943 372 1009 444 ἣν
1055 374 1426 445 Ἐμπεδοκλῆς
1474 378 1692 448 πρῶτος
1741 376 1894 444 ἐφεύ-

2006 376 2189 440 nibus,
2217 375 2495 432 meliorcm
2532 374 2842 445 seligentcs,
2871 389 3033 444 quam
3064 371 3404 444 Empedoclis
3429 391 3570 441 esse,

333 486 493 542 ρατο,
544 466 620 529 ὡς
660 464 715 517 δέ
750 481 883 535 φησι
932 465 1192 535 Γαληνὸς,
1235 466 1604 537 Ἱπποκράτης
1646 468 1673 518 ὁ
1720 465 1898 535 Κῷος.

329 557 585 625 Τέσσαρα
623 554 804 606 τοίνυν
837 555 905 607 τὰ
942 553 1035 606 τοῦ
1074 554 1276 618 παντὸς
1312 558 1553 624 στοιχεῖα
1600 558 1903 624 τυγχάνου-

332 665 439 711 σιν,
471 646 507 701 ἃ
533 645 598 715 δὴ
630 650 726 697 καὶ
758 643 1005 712 κοσμικά
1034 644 1326 697 καλοῦνται
1347 660 1360 674 ·
1404 644 1543 713 πῦρ,
1576 645 1751 713 ὕδωρ,
1789 644 1903 713 ἀνὴρ

330 741 425 794 καὶ¹
581 738 735 790 Ἐστι
785 736 842 789 δὲ
885 736 947 789 τὸ
988 736 1087 806 μὲν
1137 736 1247 807 πῦρ
1295 736 1500 807 θερμὸν
1554 738 1650 792 καὶ
1701 738 1898 809 ξηρόνο

327 832 389 887 τὸ
418 832 475 884 δὲ
505 830 669 901 ὕδωρ,
699 828 906 897 ψυχρὸν
931 828 1024 880 καὶ
1054 827 1219 898 ὑγρόν
1240 842 1253 857 ο
1286 827 1384 880 όδὲ
1415 828 1545 898 ἀὴρ,
1576 828 1777 901 θερμὸς
1810 831 1903 883 καὶ

328 922 527 993 ὑγρός
566 921 599 989 ἡ
631 918 687 971 δὲ
722 919 793 987 γῆ
816 916 1002 987 ψυχρά
1042 916 1136 969 καὶ
1165 916 1329 987 ξηρά.
1382 917 1544 971 Ἀλλὰ
1574 918 1679 989 μὴν
1713 920 1803 971 καὶ
1833 917 1902 971 τά

328 1011 575 1085 προσεχῆ
596 1010 831 1078 στοιχεῖα
849 1008 958 1060 τῶν
987 1006 1140 1071 ζώων
1170 1008 1426 1061 ἁπάντων
1453 1009 1547 1061 καὶ
1574 1008 1638 1078 δὴ
1674 1009 1767 1062 καὶ
1792 1010 1901 1064 τῶν

327 1101 681 1172 ἀνθρωπείων
738 1099 1027 1166 σωμάτων,
1077 1099 1316 1171 τέσσαρα
1349 1102 1444 1153 καὶ
1508 1100 1647 1153 αὐτά
1697 1103 1901 1171 τυγχά-

327 1210 529 1257 νουσιν,
557 1193 605 1244 oi
634 1190 895 1260 τέσσαρες
932 1189 1174 1259 δηλονότι
1211 1192 1375 1261 χυμοί
1399 1208 1411 1221 ο
1440 1189 1603 1259 αἷμα,
1635 1190 1897 1259 φλέγμα,

326 1284 482 1354 χολὴ
515 1281 731 1349 ξανθὴ,
768 1283 864 1335 ,καὶ
891 1282 1045 1350 χολὴ
1078 1282 1354 1350 μέλαινα.
1415 1282 1694 1350 Ἀναλογεῖ
1722 1278 1812 1336 οῦν
1838 1284 1899 1337 τὸ

324 1371 466 1445 αἷμα
506 1373 585 1444 τῷ
614 1373 737 1443 ἀέρι
762 1389 778 1405 ο
806 1372 1007 1443 θερμὸν
1034 1372 1095 1425 ὃν
1120 1374 1214 1426 καὶ
1261 1373 1446 1443 ὑγρὸν,
1475 1371 1666 1445 ὥσπερ
1702 1373 1767 1444 δὴ
1803 1375 1899 1427 κὰ-

322 1469 522 1529 κεῖνος.
540 1466 615 1518 Τὸ
635 1464 693 1517 δὲ
720 1464 938 1534 φλέγμα
958 1465 1032 1535 τῷ
1052 1463 1204 1517 ὕδατι
1227 1481 1240 1497 ·
1274 1464 1482 1535 ψυχρὸν
1502 1464 1562 1518 ὃν
1590 1465 1682 1518 καὶ
1709 1466 1894 1537 ὑγρόν.

334 1557 401 1612 Ἥ
453 1558 511 1611 δὲ
550 1557 715 1627 ξανθὴ
759 1556 912 1627 χολὴ,
948 1555 1026 1627 τῷ
1076 1557 1247 1628 πυρίο
1280 1556 1458 1629 θερμὴ
1506 1558 1616 1630 γάρ
1651 1560 1768 1611 ἐστι
1803 1560 1898 1613 καὶ

325 1650 487 1722 ξηρά.
529 1648 593 1701 Ἦ
625 1648 684 1701 δὲ
722 1646 952 1719 μέλαινα
975 1646 1107 1718 χολὴ
1144 1650 1212 1719 τῇ
1243 1649 1313 1719 γῇ
1336 1664 1351 1678 ·
1413 1648 1599 1719 ψυχρά
1643 1649 1752 1720 γάρ
1780 1649 1893 1701 ἐστι

2006 466 2244 522 Galenus
2278 476 2331 520 et
2359 466 2504 520 Cous
2536 463 2889 534 Hippocrates
2920 462 3183 517 referunt.
3217 460 3358 517 Sunt
3410 464 3575 533 igitur

2005 556 2248 609 omnium
2306 571 2487 610 rerum
2535 555 2799 609 elementa
2847 554 3002 624 143
3046 564 3306 625 quatuor,
3353 570 3474 624 qua:
3522 564 3574 609 et

2006 646 2192 699 mundi
2245 645 2509 700 elementa
2548 645 2905 713 appellantur,
2951 647 3085 715 ignis
3147 646 3418 707 videlicet,
3459 660 3571 701 uera

2005 751 2141 799 aqua
2175 742 2229 789 et
2256 745 2417 789 terra.
2465 732 2529 787 Et
2558 734 2699 802 ignis
2745 734 2962 803 quidem
3021 736 3229 792 calidus
3265 738 3567 807 siccusque.

2004 840 2146 894 aqua
2185 825 2407 878 humida
2455 839 2518 878 ac
2542 824 2757 894 frigida,
2802 841 2896 879 aer
2925 827 3136 880 calidus
3188 837 3241 881 et
3292 828 3569 884 humidus.

2004 924 2147 970 terra
2176 930 2304 970 vero
2332 914 2521 985 frigida
2553 926 2606 970 et
2636 917 2779 971 sicca
2807 916 3055 972 habetur.
3110 916 3214 971 Sed
3243 926 3296 972 et
3328 920 3569 972 omnium

2001 1008 2361 1071 animalium,
2437 1017 2599 1077 atque
2655 1008 3016 1060 humanorum
3090 1021 3425 1076 corporum,
3489 1009 3575 1063 his

2000 1099 2245 1170 proxima
2276 1099 2496 1153 totidem
2530 1100 2814 1161 elementa,
2848 1108 3083 1169 quatuor
3112 1100 3358 1153 videlicet
3384 1100 3575 1153 humo-

2004 1208 2111 1255 res,
2160 1192 2397 1261 sanguis,
2430 1192 2647 1259 pituita,
2688 1192 2852 1259 ﬂava,
2887 1199 2940 1244 ct
2987 1201 3109 1243 atra
3161 1189 3299 1243 bilis.
3338 1189 3573 1262 Sanguis

2002 1282 2188 1352 itaque
2221 1296 2347 1340 cum
2377 1283 2570 1337 calidae
2600 1298 2665 1338 ac
2709 1281 2945 1336 humida:
2968 1282 3245 1352 qualitatis
3299 1282 3410 1346 sit,
3460 1282 3574 1336 aeri

2002 1375 2352 1445 proportione
2377 1374 2705 1445 respondet;
2742 1374 2937 1443 pituita
2977 1390 3127 1439 vero,
3164 1371 3356 1441 frigida
3390 1372 3575 1426 humi-

1998 1465 2180 1535 daque
2211 1465 2503 1529 exsistens,
2537 1465 2886 1535 aquae;ilava
2901 1463 3121 1534 quidem
3150 1464 3296 1529 bilis,
3322 1479 3443 1518 cum
3478 1478 3572 1518 ca—

1998 1555 2106 1611 lida
2148 1563 2202 1611 et
2244 1556 2388 1611 sicca
2431 1557 2719 1625 habeatur,
2754 1556 2896 1629 igni;
2939 1567 3058 1613 atra
3084 1573 3235 1625 vero,
3267 1559 3336 1613 ob
3367 1548 3591 1629 frigidi?

1998 1658 2162 1704 tatem
2218 1648 2665 1718 siccitatemque,
2717 1656 2874 1704 terrae
2914 1651 3382 1721 proportionatur.
3434 1649 3573 1703 Sunt

319 1740 416 1795 καὶ
447 1740 607 1809 ξηρά.
644 1739 797 1791 Εἰσὶν
826 1734 921 1792 οῦν
946 1739 1004 1791 ὲν
1024 1740 1154 1808 ἡμῖν
1187 1737 1257 1792 τὰ
1308 1742 1546 1810 στοιχεῖα
1584 1739 1778 1806 ταῦτα,
1807 1741 1894 1794 καὶ

1998 1741 2162 1795 etiam
2194 1748 2249 1794 et
2282 1755 2402 1810 quae
2435 1755 2466 1794 a
2500 1740 2723 1795 musicis
2758 1741 3049 1796 traduntur
3098 1742 3361 1795 elementa
3389 1780 3401 1804 ,
3448 1756 3571 1807 quae

319 1831 462 1885 κατὰ
491 1830 787 1901 μουσικοὺς
816 1828 1009 1897 λόγους
1038 1828 1430 1896 διπλασίους,
1459 1831 1771 1899 ἡμιολίους
1800 1831 1893 1885 καὶ

318 1923 690 1991 ἐπιτρίτουςο
752 1923 880 1992 περὶ
932 1913 1006 1974 ὧν
1053 1920 1352 1984 τυποειδῶς
1400 1920 1642 1986 λεκτέον,
1697 1923 1774 1986 ὡς
1828 1924 1895 1977 ἂν

318 2012 521 2082 ἐφικτὰ
554 2013 765 2081 γένοιτο
792 2014 905 2075 τοῖς
945 2010 1233 2080 ἀγνοοῦσιν
1267 2012 1426 2067 αὐτὰ.
1462 2013 1753 2077 Διπλάσιος
1791 2013 1893 2084 μὲν

318 2103 414 2158 οῦν
452 2105 603 2157 ἐστιν
636 2103 893 2173 ἀριθμὸς,
934 2104 962 2156 ό
989 2101 1128 2172 ἔχων
1158 2103 1216 2157 ὲν
1254 2103 1432 2175 ἐαυτῷ
1473 2104 1897 2176 συγκρινόμενον

318 2194 577 2266 ἀριθμὸν,
605 2196 916 2262 πλεονάκις,
953 2195 987 2267 ἢ
1021 2194 1202 2262 ἅπαξ·
1238 2196 1315 2259 ὡς
1343 2198 1370 2249 ό
1415 2196 1560 2249 ὀκτὼ
1614 2197 1751 2268 πρὸς
1803 2198 1895 2251 τὸν

320 2286 569 2356 τέσσαρα
592 2301 608 2317 ο
641 2286 721 2349 δὶς
754 2286 861 2357 γὰρ
883 2287 941 2339 ὲν
974 2286 1124 2357 αὑτῷ
1170 2286 1262 2340 τὸν
1314 2287 1558 2358 τέσσαρα
1604 2288 1891 2359 κέκτηται.

334 2376 614 2446 Ἦμιόλιος
640 2377 698 2429 δέ
736 2379 879 2430 ἐστιν
907 2378 1170 2450 ἀριθμὸς,
1205 2378 1234 2431 δ
1262 2378 1401 2448 ἔχων
1434 2378 1554 2432 ὅλον
1602 2381 1660 2432 ὲν
1716 2380 1895 2451 ἑαυτῷ

321 2468 416 2522 τὸν
456 2468 882 2538 συγκρινόμενον
916 2468 1153 2539 ἀριθμὸν
1188 2469 1371 2522 καὶτὸ
1420 2470 1511 2523 ἐπὶ
1560 2470 1754 2535 τούτου
1777 2486 1791 2501 ο
1821 2471 1897 2534 ὡς

322 2560 352 2611 ὁ
382 2558 442 2623 ἓξ
468 2559 604 2627 πρὸς
630 2559 722 2612 τὸν
756 2560 1029 2631 τέσσαρα·
1073 2559 1185 2631 ἔχει
1213 2561 1322 2630 γὰρ
1349 2562 1405 2614 ὲν
1438 2561 1615 2633 ἑαυτῷ
1651 2561 1772 2616 ὅλον
1804 2562 1897 2616 τὸν

322 2649 582 2719 τέσσαρα,
620 2649 714 2701 καὶ
742 2649 802 2701 τὸ
839 2650 1010 2719 ἥμισυ
1042 2650 1258 2705 τούτου.
1304 2650 1613 2723 Ἐπίτριτος
1656 2652 1715 2706 δέ
1748 2654 1898 2708 ἐστιν

320 2739 603 2811 ἀριθμδςό
639 2740 777 2810 ἔχων
811 2742 870 2794 ὲν
917 2741 1099 2812 ἐαυτῷ
1156 2742 1250 2796 τὸν
1291 2743 1723 2814 συγκρινόμενον
1769 2746 1894 2814 ἀρι-

320 2831 458 2902 θμὸν
486 2832 580 2884 καὶ
611 2831 670 2884 τὸ
708 2832 887 2900 τρίτον
912 2832 1104 2886 τούτου
1146 2836 1208 2887 τὸ
1258 2834 1339 2889 ἓν.
1390 2834 1463 2887 Τὸ
1499 2834 1595 2904 μὲν
1623 2830 1718 2888 οῦν
1754 2830 1896 2906 αἷμα

322 2921 498 2991 φίλιον
527 2920 587 2974 ὃν
624 2922 716 2975 καὶ
769 2922 1070 2991 ζωογόνον,
1127 2924 1223 2977 καὶ
1258 2925 1459 2978 οἰκεῖον
1516 2927 1581 2996 τῇ
1632 2925 1792 2994 φύσει
1825 2926 1894 2997 τῇ

318 3012 567 3084 ἡμετέρᾳ
593 3013 872 3068 διπλάσιον
901 3014 1059 3083 λόγον
1088 3014 1199 3086 ἔχει
1236 3014 1357 3070 καθ’
1380 3016 1641 3069 ὑπόθεσιν
1666 3016 1803 3086 πρὸς
1828 3015 1897 3069 τὰ

1998 1833 2072 1888 ita
2101 1842 2486 1903 nuncupantur
2508 1857 2519 1889 ;
2540 1832 2837 1896 διπλάσιος,
2859 1832 3122 1903 ἡμιόλιος,
3148 1833 3243 1885 καὶ
3273 1834 3565 1904 ἐπιτρίτος,

1997 1923 2103 1978 hoc
2127 1931 2231 1986 est,
2261 1922 2446 1993 dupla,
2474 1923 2852 1992 sexquialtera,
2882 1931 2937 1978 et
2961 1922 3329 1991 sexquitertia.
3356 1922 3421 1977 de
3445 1923 3571 1991 qui-

1998 2014 2100 2067 bus
2135 2013 2238 2068 sub
2272 2012 2507 2067 formula
2533 2013 2768 2082 quadam
2794 2011 3177 2082 explicandum
3213 2019 3295 2067 est
3322 2054 3335 2077 ,
3364 2010 3452 2066 uti
3502 2012 3572 2066 ab

1997 2118 2188 2157 eorum
2216 2102 2424 2173 ignaris
2451 2103 2781 2171 deprehendi
2825 2102 2984 2157 facile
3023 2112 3242 2172 queant.
3300 2101 3571 2172 Diplasius
3619 2108 3624 2114 '

1997 2193 2181 2263 itaque
2213 2209 2474 2247 numerus
2501 2192 2546 2248 is
2577 2194 2787 2262 cst,qui
2824 2202 3198 2263 comparatum
3232 2193 3284 2246 in
3308 2208 3365 2247 se
3402 2193 3574 2262 pluri-

1998 2283 2191 2338 fariam
2243 2286 2329 2340 vel
2383 2284 2551 2340 semel
2594 2300 2881 2340 numerum
2931 2284 3199 2347 continet,
3228 2297 3287 2338 ut
3341 2294 3464 2338 octo
3504 2285 3573 2338 ad

1999 2386 2258 2445 quatuor,
2293 2392 2415 2431 nam
2440 2392 2502 2432 ex
2522 2375 2607 2431 bis
2623 2385 2858 2447 quatuor
2883 2385 3008 2429 octo
3035 2375 3320 2430 resultant.
3352 2373 3595 2430 llemioA

1998 2469 2105 2524 lius
2128 2484 2255 2524 vero
2287 2478 2390 2535 est,
2431 2469 2523 2540 qui
2559 2470 2829 2540 integrum
2869 2468 2921 2522 in
2968 2484 3026 2523 se
3055 2477 3428 2538 comparatum
3467 2485 3573 2522 nu-

1999 2576 2210 2616 merum
2271 2577 2395 2615 cum
2449 2560 2676 2615 dimidio
2719 2555 2916 2626 habet,
2957 2568 3016 2615 ut
3054 2576 3147 2615 sex
3189 2560 3256 2614 ad
3314 2571 3570 2629 quatuor,

2000 2665 2127 2703 nam
2166 2648 2403 2719 perfecte
2430 2649 2484 2705 in
2525 2650 2642 2721 ipso
2672 2660 2907 2720 quatuor
2940 2665 3241 2720 eorumque
3286 2650 3572 2705 dimidium

1998 2740 2269 2794 visuntur.
2306 2738 2572 2810 Epitritus
2609 2749 2789 2794 autem
2819 2749 2932 2807 est,
2983 2742 3074 2811 qui
3115 2757 3238 2795 cum
3285 2756 3569 2811 compara.

1998 2840 2113 2885 tum
2146 2831 2197 2884 in
2224 2846 2283 2885 se
2319 2847 2605 2885 numerum
2633 2831 2871 2885 obtineat
2898 2871 2915 2898 ,
2946 2832 3173 2903 ejusque
3204 2832 3416 2886 tertiam
3446 2848 3575 2901 por«

2000 2922 2201 2976 tionem
2233 2920 2419 2987 habet,
2460 2930 2519 2977 ut
2547 2934 2785 2992 quatuor
2817 2922 2884 2977 ad
2922 2924 3060 2989 tria;
3096 2938 3221 2976 nam
3254 2938 3377 2977 cum
3431 2922 3578 2977 inte;

2001 3029 2158 3083 grum
2213 3012 2503 3067 ternarium
2557 3013 2869 3083 possideat,
2909 3025 2962 3067 et
3003 3014 3125 3084 ejus
3161 3013 3315 3067 tertia
3350 3024 3478 3084 pars
3518 3012 3574 3068 in

319 3100 503 3157 λοιπά.
532 3103 605 3155 Τὸ
622 3103 676 3157 δὲ
708 3104 926 3174 φλέγμα
946 3106 1197 3177 ἡμιόλιον
1219 3124 1231 3136 ·
1265 3108 1301 3177 ἡ
1322 3107 1379 3161 δὲ
1403 3106 1573 3178 ξανθὴ
1602 3107 1734 3178 χολὴ
1771 3108 1893 3161 ἐπί-

1998 3120 2063 3159 eo
2096 3121 2217 3175 quae
2249 3106 2430 3161 unitas
2458 3114 2540 3160 est
2582 3105 2906 3160 ostenditur.
2949 3103 3086 3160 Cum
3141 3105 3306 3175 igitur
3353 3106 3576 3177 sanguis

319 3208 524 3263 τριτον.
585 3193 652 3247 Ἦ
693 3195 752 3249 δὲ
804 3196 1030 3267 μέλαινα
1075 3197 1230 3269 χολὴ,
1292 3197 1550 3269 ὲλαχίστη
1613 3197 1893 3261 παντελῶς

322 3286 491 3341 ἐστιν.
547 3286 751 3357 Ἐχρῆν
799 3287 908 3358 γὰρ
941 3287 1136 3352 οὕτως.
1175 3289 1455 3360 Φθαρτικὴ
1498 3290 1608 3361 γάρ
1659 3291 1775 3344 ὲστι
1800 3288 1893 3343 τοῦ

322 3375 465 3441 {diem
495 3378 591 3431 καὶ
621 3377 690 3430 τά
743 3378 995 3449 χείριστα
1028 3380 1137 3433 τῶν
1182 3384 1510 3452 νοσημάτων
1570 3382 1637 3434 ἐκ
1691 3380 1895 3452 ταύτης

324 3467 539 3535 φύεται.
573 3469 1021 3543 Πλημμυρούσης
1063 3470 1175 3543 γὰρ
1210 3474 1267 3525 ἐν
1294 3472 1371 3543 τῷ
1425 3473 1639 3545 σώματι
1664 3473 1739 3545 τῷ
1758 3475 1894 3545 ήμεο

322 3558 487 3629 τέρῳ,
516 3559 925 3628 ὲλεεραντιάσεις
972 3563 1066 3616 καὶ
1114 3561 1339 3633 λέπραι,
1404 3564 1498 3617 καὶ
1537 3563 1740 3635 ψῶραι,
1801 3563 1896 3617 καὶ

320 3648 503 3716 ἀλφοὶ,
540 3652 634 3704 καὶ
664 3652 897 3724 σκίῤῥοι,
942 3654 1037 3706 καὶ
1069 3656 1322 3724 καρκῖνοι
1352 3657 1447 3709 καὶ
1499 3654 1654 3724 όγκοι
1699 3671 1896 3723 καρκι-

320 3740 509 3803 νὼδεις
541 3742 799 3810 γίνονται.

1998 3199 2284 3254 amicabile
2318 3199 2632 3268 quoddam,
2676 3206 2730 3252 et
2768 3199 2912 3268 quod
2961 3199 3138 3267 ipsum
3195 3197 3396 3251 animal
3444 3213 3575 3267 pro-

1998 3299 2169 3353 creat,
2197 3292 2554 3360 quaadamque
2603 3289 2896 3359 peculiaris
2928 3298 3137 3344 natura;
3170 3296 3368 3342 uestrae
3398 3290 3577 3357 portio

1998 3382 2109 3445 sit,
2162 3382 2397 3453 diplasio
2453 3397 2682 3436 numero
2717 3382 2782 3437 ad
2830 3382 3074 3452 reliqua,
3104 3395 3226 3451 qua:
3266 3382 3319 3435 in
3348 3394 3578 3452 corpore

2000 3484 2188 3529 nostro
2234 3482 2383 3539 sunt,
2420 3474 2826 3542 quodammodo
2862 3476 3171 3545 respondet.
3217 3475 3420 3530 Pituita
3450 3462 3591 3527 vero

2005 3563 2262 3621 Hemiolii
2298 3585 2310 3621 :
2342 3565 2484 3622 ﬂava
2510 3575 2691 3620 autem
2730 3566 2874 3631 bilis,
2911 3567 3127 3637 Epitriti
3159 3568 3424 3621 rationem
3447 3568 3593 3618 con-'

2006 3658 2160 3711 tinet.
2193 3658 2323 3711 Atra
2356 3656 2573 3726 quidem
2606 3656 2732 3711 bilis
2785 3657 3011 3711 omnino
3052 3657 3278 3712 inferior
3320 3656 3574 3710 habetur.

2006 3746 2151 3809 Sive.
2188 3756 2248 3801 ut
2280 3748 2354 3801 ita
2380 3747 2633 3812 dixerim,
2661 3748 2775 3815 ipsa
2806 3749 2949 3802 enim
2976 3757 3080 3813 est,
3110 3763 3230 3819 qua:
3255 3762 3378 3802 cum
3403 3745 3577 3800 mali-.3

320 3833 543 3889 morbos
577 3833 822 3901 inducat,
851 3852 1051 3909 corpus
1086 3847 1335 3894 nostrum
1367 3839 1423 3894 in
1475 3837 1772 3909 perniciem
1830 3847 2041 3894 vertere
2074 3839 2234 3895 solet.
2271 3837 2406 3893 Nam
2435 3878 2450 3903 ,
2488 3840 2556 3893 ob
2614 3840 2733 3908 ejus
2800 3842 2852 3893 in
2894 3856 3124 3911 corpore
3160 3851 3348 3896 nostro
3374 3841 3575 3895 exule-

319 3927 579 3994 rantiam,
617 3929 890 3992 homines,
962 3928 1308 3999 elephantize,
1361 3930 1553 4000 leprm,
1616 3927 1846 3989 scabiei,
1895 3927 2242 3998 impetigini,
2290 3929 2552 3984 callorum
2622 3929 3027 3997 asperitatibus,
3073 3931 3589 4003 cancris,carhun-'

316 4021 478 4087 culis,
516 4019 747 4089 aliisque
771 4020 1076 4074 tumoribus
1104 4020 1328 4077 obnoxii
1355 4020 1679 4077 redduntur.

388 4112 571 4175 υῦτως
601 4107 692 4164 οὖν
726 4111 945 4183 νοητέον
985 4111 1080 4166 καὶ
1106 4112 1199 4165 ἐπὶ
1228 4112 1339 4166 τῶν
1376 4112 1471 4165 τοῦ
1510 4114 1720 4183 κόσμου
1750 4131 1893 4166 στοι⁴

314 4201 500 4272 χείων.
544 4202 604 4254 ’0
634 4201 745 4272 γὰρ
775 4202 905 4273 ἀὴρ,
937 4200 1012 4265 ὼς
1036 4202 1273 4272 εἴρηται,
1307 4202 1663 4274 ἀναλογεῖτῷ
1699 4204 1891 4272 αἵματι

2076 4108 2274 4163 Eadem
2323 4108 2488 4177 igitur
2508 4109 2646 4163 ratio
2669 4117 2723 4163 et
2748 4111 2814 4163 de
2837 4107 2985 4163 orbis
3015 4109 3297 4165 elementis
3325 4111 3573 4171 habenda

1998 4211 2102 4256 est.
2141 4199 2273 4255 Nam
2308 4216 2419 4265 aer,
2452 4210 2507 4255 ut
2542 4200 2693 4271 prius
2743 4200 3101 4266 asseruimus,
3148 4218 3271 4257 cum
3316 4208 3571 4275 sanguini

312 4293 520 4347 πλείων
548 4294 665 4365 (sic)
688 4294 797 4347 τῶν
820 4293 996 4347 ἀλλων
1032 4296 1125 4348 καὶ
1158 4295 1441 4349 διπλάσιον
1463 4294 1621 4363 λόγον
1635 4294 1746 4365 ἔχει
1769 4296 1891 4348 καθ’

1999 4293 2351 4363 proportione
2398 4291 2557 4364 1M
2586 4294 2929 4363 respondeat,
2954 4296 3098 4363 quod
3126 4296 3369 4349 omnium
3398 4292 3592 4367 major'

313 4387 572 4442 ὑπόθεσιν
608 4388 743 4458 πρὸς
777 4388 844 4441 τὰ
872 4388 1036 4441 λοιπά
1056 4406 1069 4419 ·
1112 4390 1169 4442 ὲν
1206 4387 1381 4458 τούτῳ
1410 4386 1517 4459 γὰρ
1546 4389 1694 4439 πᾶσα
1726 4386 1887 4440 δύνα-

310 4498 411 4552 μις
438 4480 645 4551 ψυχικὴ
677 4480 771 4533 καὶ
798 4479 1024 4551 ζωτικὴ,
1061 4480 1136 4543 ὣς
1167 4497 1332 4550 φησιν
1391 4479 1790 4551 Ἀριστοτέλης.
1819 4479 1893 4531 Τὸ

305 4571 368 4623 δὲ
391 4570 536 4638 ὕδωρ
570 4569 869 4639 ἀναλογοῦν
891 4571 963 4639 τῷ
988 4571 1261 4641 φλέγματι
1286 4571 1534 4642 ἡμιόλιον
1579 4572 1738 4641 λόγον
1780 4572 1892 4642 ἔχει

308 4660 452 4731 πρὸς
474 4660 545 4713 τὰ
573 4660 738 4714 λοιπά
756 4678 768 4691 ·
797 4660 1065 4728 ζωογόνον
1082 4663 1191 4733 γάρ
1222 4663 1338 4715 ἐστι
1361 4662 1629 4716 πλείστων
1648 4662 1892 4733 ἐνύγρων

308 4751 491 4816 ζώων.
542 4752 615 4805 Τὸ
644 4753 701 4806 δὲ
730 4753 840 4823 πῦρ
867 4752 988 4806 οὐδὲ
1028 4754 1157 4821 μίαν
1201 4753 1365 4825 ἕδραν
1395 4753 1529 4824 ἔχει,
1561 4752 1637 4816 ὥς
1676 4771 1838 4824 φησιν
1864 4755 1893 4807 ό

306 4842 696 4914 Σταγειρίτης,
728 4843 865 4897 ἀλλά
910 4845 1193 4915 πανταχοῦ
1244 4846 1531 4915 πάρεστιν,
1581 4846 1656 4909 ὡς
1716 4847 1744 4897 ό
1787 4848 1891 4915 Δη-

309 4936 598 5006 μιουργός.
639 4936 728 4989 Ἐν
765 4937 900 4989 πᾶσι
941 4936 1050 5007 γὰρ
1085 4936 1118 5007 ἢ
1147 4936 1404 5007 πλείωνῆ
1444 4936 1691 4988 ἐλάσσων
1724 4938 1889 5007 μοῖρα

305 5024 408 5079 τοῦ
437 5026 610 5095 πυρὸς
642 5027 1108 5098 ὲγκατέσπαρται.
1165 5028 1226 5081 Ἦ
1253 5028 1309 5082 δὲ
1343 5030 1412 5099 γῆ
1461 5027 1721 5099 ἐλαχίστη
1754 5024 1911 5081 οῦσα

304 5113 535 5185 κέντρον
565 5116 776 5186 πέφυκε
804 5116 898 5169 τοῦ
931 5118 1151 5180 παντός.
1198 5117 1358 5172 Ἀλλὰ
1379 5117 1436 5171 δὲ
1469 5119 1525 5172 αἱ
1550 5119 1658 5171 τῶν
1681 5117 1889 5189 ἀνθρώ-

301 5224 428 5260 πων
462 5207 671 5278 ἡλικίαι
727 5209 1007 5278 ἀναλόγως
1048 5210 1232 5282 ἔχουσι
1276 5213 1388 5274 τοῖς
1428 5228 1489 5264 τε
1535 5210 1628 5264 τοῦ
1676 5211 1885 5280 κόσμου

304 5299 596 5370 στοιχείοις
648 5303 743 5356 καὶ
798 5304 911 5366 τοῖς
955 5303 1248 5373 προσεχέσι
1288 5303 1399 5356 τῶν
1437 5301 1592 5367 ζώων
1640 5304 1734 5356 καὶ
1779 5304 1888 5355 τῶν

301 5390 593 5461 ἡμετέρων
625 5393 914 5463 σωμάτων.
960 5393 1022 5447 Ἦ
1056 5394 1154 5466 μὲν
1180 5394 1288 5466 γὰρ
1313 5393 1421 5447 τῶν
1457 5394 1665 5448 παίδων
1699 5395 1887 5465 ἡλικία

306 5478 489 5551 θερμὴ
524 5476 659 5534 οὖσα
686 5482 782 5535 καὶ
808 5481 951 5553 ὑγρά
995 5484 1249 5551 ἀναλογεῖ
1284 5484 1480 5553 αἵματί
1526 5500 1584 5536 τε
1616 5485 1707 5536 καὶ
1740 5484 1884 5554 ἀέρι.

322 5569 387 5621 Ἥ
410 5570 465 5623 δέ
492 5588 551 5624 τε
568 5571 677 5625 τῶν
705 5572 1068 5642 ἀκμαζόντων
1097 5572 1274 5643 θερμὴ
1296 5569 1431 5625 οῦσα
1463 5573 1555 5626 κοιλ⁵
1578 5572 1717 5641 ξηρὰ
1753 5575 1885 5628 ἀνα-

302 5658 456 5727 λογεῖ
471 5664 536 5734 τῇ
560 5662 727 5733 ξανθῇ
741 5662 871 5733 χολῇ
890 5662 984 5714 καὶ
996 5660 1071 5731 τῷ
1088 5664 1239 5731 πυρί.
1295 5662 1358 5715 Ἥ
1375 5664 1429 5716 δὲ
1449 5681 1520 5717 πα
1532 5665 1883 5735 ρακμαστικὴ

600 5757 875 5817 ΡΑτιιοι.
918 5755 1035 5816 Gn.
1078 5757 1277 5817 LXIV.

1998 4395 2089 4458 sit,
2118 4393 2333 4464 diplasii
2369 4395 2436 4451 ad
2466 4395 2695 4464 reliqua,
2728 4403 2789 4449 ut
2819 4395 2891 4450 ita
2920 4394 3174 4462 dixerim,
3200 4396 3410 4449 ratione
3444 4394 3570 4449 fun-

1995 4486 2181 4556 gitur;
2218 4487 2269 4541 in
2300 4486 2406 4542 hoc
2431 4487 2600 4552 enim,
2633 4496 2694 4540 ut
2737 4487 3058 4542 Aristoteles
3088 4487 3281 4554 inquit,
3313 4487 3568 4541 animalis

1995 4578 2282 4648 vitalisque
2322 4577 2553 4633 facultas
2583 4586 2693 4632 tota
2722 4576 2995 4632 consistit.
3022 4575 3178 4642 Aqua
3211 4583 3412 4639 autem,
3443 4591 3567 4629 cum

1995 4668 2203 4736 pituitae
2234 4671 2703 4740 proportionetur,
2738 4667 2992 4721 Hemiolii
3021 4666 3234 4720 ratione
3261 4668 3325 4720 ad
3359 4668 3566 4737 reliqua

1991 4760 2326 4829 respondere
2365 4761 2640 4824 creditur;
2694 4759 2749 4813 in
2807 4760 2923 4829 ipsa
2972 4757 3153 4823 enim,
3206 4759 3565 4828 plurimorum

1994 4865 2116 4918 qua:
2140 4849 2364 4904 humida
2396 4859 2522 4905 sunt
2545 4848 2861 4905 animalium
2905 4849 3310 4920 generationem
3338 4850 3449 4904 ﬁeri
3484 4852 3567 4904 in-

1994 4941 2275 5009 Spicimus.
2325 4941 2558 5006 Verum,
2596 4941 2744 5012 igni,
2792 4944 3251 5012 quemadmodum
3296 4942 3566 5012 Stagiritaa

1996 5032 2191 5101 placet,
2232 5032 2378 5086 nulla
2411 5042 2560 5088 certa
2603 5034 2759 5088 sedes
2789 5033 3179 5102 praescribitur,
3212 5035 3326 5098 sed,
3370 5044 3429 5087 ut
3476 5050 3564 5087 re-

1993 5137 2115 5175 rum
2148 5121 2325 5193 Opifex
2361 5122 2561 5194 ubique
2609 5131 2663 5178 et
2698 5122 2749 5177 in
2797 5124 3054 5179 omnibus
3074 5133 3177 5180 est.
3204 5124 3260 5179 ln
3293 5125 3565 5180 universis

1991 5212 2136 5265 enim
2180 5213 2379 5278 rebus,
2418 5213 2559 5283 ignis
2595 5212 2837 5278 semina,
2873 5223 2967 5267 aut
3002 5230 3230 5284 magna,
3266 5225 3359 5267 aut
3401 5228 3563 5282 parva

1990 5304 2343 5372 proportione
2365 5303 2719 5359 disseminata
2736 5313 2882 5359 sunt.
2899 5303 3065 5361 Terra
3091 5315 3293 5375 autem,
3317 5303 3563 5358 omnium

1990 5395 2258 5462 minima,
2303 5411 2425 5450 cum
2464 5395 2651 5466 puncti
2720 5396 3073 5465 proportione
3124 5395 3191 5449 ad
3245 5395 3563 5450 universum

1990 5486 2269 5557 fungatur,
2288 5485 2502 5556 Epitriti
2523 5487 2787 5541 rationem
2816 5487 2997 5542 habet.
3049 5484 3560 5549 Vt-rumenimvero,

1987 5588 2041 5633 et
2073 5579 2353 5633 hominum
2380 5587 2588 5646 aetates,
2614 5579 2967 5650 proportione
3004 5579 3239 5649 quadam
3267 5620 3282 5644 ,
3327 5589 3440 5633 tum
3492 5580 3562 5635 ad

1992 5670 2141 5725 orbis
2175 5671 2461 5739 elementa,
2505 5681 2618 5728 tum
2650 5672 2715 5728 ad
2745 5687 2807 5731 ea
2838 5687 2959 5743 quae
2993 5672 3309 5728 animalium
3343 5682 3561 5729 nostro-

3044 5765 3120 5829 1ι3
