4066 6224
472 238 607 300 ηεῖ

1782 222 2060 280 ιιειιετιι
2103 210 2407 276 ιιοΝΑσιιι

3586 216 3734 275 1238

474 370 709 430 rumque
729 356 1025 426 corporum
1064 359 1295 419 cognata
1334 338 1614 400 habentur
1637 382 1651 407 ,
1698 324 2049 412 respondent.

2178 334 2342 430 ιλικῐα
2366 333 2508 405 ξηρά
2532 326 2675 387 οὖσα
2699 330 2794 387 καὶ
2810 330 2997 403 ψυχρά
3023 330 3281 401 ἀναλογεῖ
3311 330 3380 401 τῇ
3409 345 3470 383 τε
3493 327 3739 403 μελαίνῃ

476 428 713 508 Puerilis
742 446 887 502 enim
910 453 1064 506 tetas,
1095 453 1220 495 cum
1251 434 1427 490 calida
1462 433 1797 502 humidaque
1832 431 1941 494 sit,
1988 428 2055 483 ad

474 540 798 613 sanguinem
854 543 909 591 et
957 545 1139 588 aerem
1188 526 1599 600 proportionem
1656 523 1841 578 habet.
1898 516 2055 575 Etas

474 612 606 689 vero
639 644 761 701 quae
792 624 997 696 vigoris
1030 630 1135 685 est,
1166 635 1289 690 quae
1325 617 1502 673 calida
1530 626 1586 671 et
1625 615 1769 670 sicca
1802 612 2054 674 habetur,

478 733 608 780 atrae
641 720 769 776 bilis
792 726 846 772 et
880 714 1022 786 ignis
1053 710 1466 783 proportionem
1489 706 1720 763 obtinet.
1742 706 1812 761 At
1835 720 1959 776 qua:
1978 704 2058 757 vi-

476 826 662 885 gorem
695 806 956 869 excessit,
987 820 1113 861 curn
1150 802 1296 856 sicca
1327 814 1390 855 ac
1420 799 1617 870 frigida
1646 797 1931 859 habeatur,
1955 795 2058 849 sub

477 915 610 961 atrae
635 901 763 958 bilis
795 914 860 955 ac
915 907 1074 954 terrae
1116 893 1527 966 proportionem
1578 889 1746 946 cadit.
1792 886 2059 943 Senectus

477 1006 684 1055 autem,
715 1005 843 1046 cum
873 988 1096 1043 humida
1135 1000 1200 1041 ac
1234 982 1427 1053 frigida
1458 979 1707 1045 exsistat,
1735 992 1855 1033 eam
1886 976 1951 1031 ad
1978 977 2060 1045 pi-

477 1086 671 1142 tuitam
710 1090 764 1137 et
810 1094 1013 1151 aquam
1065 1086 1211 1133 recte
1252 1072 1591 1129 referendam
1620 1083 1933 1126 censemus.
1962 1066 2055 1120 At-

476 1178 592 1248 qui,
620 1182 675 1230 et
712 1171 842 1228 anni
879 1179 1124 1239 tempora
1160 1174 1397 1237 quatuor
1426 1181 1440 1217 :
1473 1178 1593 1227 uer,
1623 1172 1804 1227 restas,
1841 1167 2060 1211 autum-

478 1285 599 1330 nus,
638 1273 694 1321 et
726 1264 890 1317 hiems
955 1258 1243 1315 hominum
1283 1253 1535 1309 aatatibus
1574 1249 1928 1323 proportione
1970 1262 2060 1303 re-

478 1358 764 1428 spondent.
794 1351 930 1406 Nam
961 1364 1075 1413 ver,
1102 1346 1338 1401 calidum
1368 1353 1424 1399 et
1454 1341 1738 1398 humidum
1765 1338 2059 1401 exsistens,

479 1451 546 1505 ad
584 1447 851 1519 puerilem
882 1451 1117 1505 aetatem,
1150 1447 1205 1493 et
1237 1448 1417 1492 aerem
1449 1450 1515 1489 ac
1540 1432 1866 1502 sanguinem
1895 1428 2063 1483 refer-

480 1553 589 1596 tur.
650 1537 859 1601 ;Eslas,
900 1532 1075 1588 calida
1098 1537 1151 1584 et
1184 1528 1351 1591 sicca,
1381 1524 1447 1579 ad
1477 1520 1924 1585 adolescentiam,
1962 1520 2061 1572 fla-

479 1646 603 1685 vam
674 1627 839 1683 bilem
899 1638 965 1678 ac
1018 1622 1198 1693 ignem
1245 1614 1655 1687 proportionem
1699 1609 1887 1665 habet.
1951 1609 2059 1661 Au-

2156 426 2286 498 χολῇ
2308 426 2405 480 καὶ
2429 427 2497 494 τῇ
2528 425 2619 494 γῇ.
2667 422 2743 475 Τὸ
2774 423 2832 475 δὲ
2858 422 3037 495 γῆρας
3071 422 3240 492 ὑγρὸν
3282 420 3342 473 δν
3376 420 3471 474 καὶ
3521 420 3742 490 ψυχρίν

2156 519 2415 586 ἀναλογεῖ
2471 515 2751 587 φλέγματι
2804 531 2864 568 τε
2918 516 3017 569 καὶ
3076 513 3252 569 ὕδατι.
3312 511 3479 565 Ἀλλὰ
3528 511 3628 566 καὶ
3679 512 3741 564 αἱ

2155 610 2425 681 τέσσαρες
2446 603 2587 680 ὧραι
2604 606 2699 661 τοῦ
2733 605 2984 661 ἐνιαυτοῦ
3026 606 3306 675 ἀναλόγως
3332 605 3545 668 τούτοις
3582 606 3746 675 ἐχου-

2160 715 2277 752 σινο
2315 698 2445 767 ἔαρ,
2472 697 2664 767 θέρος,
2702 699 3075 768 μετόπωρον,
3110 697 3205 750 καὶ
3238 695 3478 765 χειμών.
3519 695 3594 748 Τδ
3639 696 3745 765 μὲν

2158 792 2265 861 γὰρ
2298 791 2399 861 εαρ
2425 789 2629 861 θερμὸν
2661 788 2722 843 ὃν
2755 791 2851 843 καὶ
2881 788 3049 859 ὑγρὸν
3082 787 3340 857 ἀναλογεί
3360 790 3426 858 τῇ
3462 785 3573 839 τῶν
3608 785 3747 839 παί-

2156 881 2263 935 δων
2285 880 2492 951 ἡλικίᾳ,
2527 878 2721 949 αἵματι
2739 894 2799 931 τε
2823 878 2918 932 καὶ
2936 877 3081 948 ἀέρι.
3127 877 3201 931 Τὸ
3245 878 3305 931 δὲ
3336 877 3497 947 θέρος
3536 875 3749 947 Θερμὸν

2158 970 2219 1025 ὃν
2250 973 2344 1025 καὶ
2376 970 2539 1043 ξηρὸν
2566 970 2824 1039 ἀναλογεῖ
2846 972 2913 1042 τῇ
2944 970 3263 1041 ἀκμαστικῇ
3313 968 3522 1039 ἡλικίᾳ,
3562 970 3634 1039 τῇ
3683 984 3746 1020 τι

2161 1061 2331 1133 ξανθῇ
2353 1061 2487 1134 χολῇ
2522 1062 2617 1115 καὶ
2643 1060 2720 1131 τῷ
2763 1060 2921 1133 πυρί.
2949 1059 3024 1113 Τὸ
3049 1060 3107 1113 δὲ
3158 1059 3480 1130 μετόπωρον
3526 1058 3748 1129 ψυχρὸν

2158 1152 2219 1207 ὃν
2248 1154 2341 1206 καὶ
2368 1153 2532 1223 ξηρὸν
2561 1151 2817 1220 ἀναλογεῖ
2845 1153 2912 1222 τῇ
2941 1151 3377 1223 παρακμαστικῇ
3410 1149 3616 1221 ἡλικίᾳ,
3646 1151 3747 1203 καὶ

2159 1247 2226 1317 τῇ
2261 1243 2491 1315 μελαίνῃ
2514 1244 2646 1315 χολῇ
2679 1244 2774 1297 καὶ
2802 1244 2869 1315 τῇ
2902 1244 2996 1315 γῇ.
3051 1242 3109 1296 ’0
3138 1242 3196 1295 δὲ
3234 1241 3442 1311 χειμὼν
3475 1242 3641 1312 ὑγρὸς
3667 1242 3748 1293 ὢν

2160 1338 2256 1391 καὶ
2277 1336 2486 1409 ψυχρὸς
2522 1336 2780 1405 ἀναλογεῖ
2802 1337 2870 1406 τῇ
2905 1336 3014 1388 τῶν
3040 1333 3314 1405 γερόντων
3354 1333 3541 1404 ἡλικίᾳ
3572 1335 3747 1402 φλέγ-

2165 1427 2299 1497 ματι
2324 1444 2383 1479 τε
2419 1426 2515 1481 καὶ
2542 1425 2720 1482 ὕδατι.
2758 1426 2923 1482 Ἀλλά
2952 1428 3055 1481 κάν
3085 1428 3200 1490 τοῖς
3238 1426 3543 1494 νοσήμασιν
3581 1428 3750 1496 εὑρε-

2163 1518 2394 1589 θήσεται
2425 1536 2511 1583 τις
2532 1518 2795 1588 ἀναλογία
2828 1517 3154 1583 ἑξισάζουσά
3180 1534 3298 1579 πως
3322 1519 3435 1580 τοῖς
3482 1532 3751 1586 προειρη-

2167 1608 2374 1679 μένοις.
2414 1608 2694 1679 Τέσσαρες
2734 1608 2835 1679 μὲν
2882 1603 2977 1660 οὖν
3027 1606 3167 1659 εἰσιν
3214 1605 3267 1657 οῖ
3315 1603 3516 1674 χυμοί·
3578 1597 3752 1674 αἷμα,

481 1732 734 1787 tumnus,
767 1734 893 1773 cum
929 1689 1159 1786 frigidus
1189 1718 1245 1765 et
1281 1707 1465 1763 siccus
1496 1705 1597 1772 sit,
1628 1702 1772 1758 virili
1819 1700 1963 1756 aetati
2002 1710 2057 1752 et

2178 1702 2410 1774 ρλέγμα,
2436 1702 2568 1772 χολὴ
2597 1700 2790 1771 ξανθὴ,
2827 1701 2922 1756 καὶ
2946 1699 3076 1770 χολὴ
3105 1698 3335 1770 μέλαινα
3354 1712 3371 1728 ο
3409 1696 3517 1750 εἰσὶ
3547 1697 3606 1751 δὲ
3650 1699 3752 1751 καὶ

482 1824 614 1868 ται-ιε
655 1809 771 1875 bili,
820 1824 883 1862 ac
922 1818 1085 1861 terrae
1115 1801 1413 1858 similatur.
1443 1794 1633 1851 Hiems
1654 1807 1807 1858 vero,
1842 1790 2066 1847 humida

483 1920 547 1960 ac
593 1902 787 1972 frigida
834 1898 1140 1959 exsistens,
1185 1888 1489 1954 senectuti,
1544 1885 1756 1957 pituita:
1800 1898 1865 1939 ac
1915 1897 2070 1948 aqua:

483 2000 683 2054 merito
710 1994 1099 2066 aequiparatur.
1151 1986 1257 2043 Sed
1306 1993 1360 2042 et
1407 1985 1463 2039 in
1511 1980 1965 2052 aegritudinibus,
2017 1985 2071 2030 et

484 2090 777 2164 quamdam
809 2085 1244 2159 proportionem,
1270 2078 1356 2133 his
1382 2091 1507 2148 quae
1534 2074 1885 2136 adduximus,
1914 2087 2069 2126 com-

485 2200 669 2255 parem
697 2179 1181 2237 animadverteres.
1221 2172 1455 2241 Sapores
1499 2167 1644 2223 enim
1684 2174 1920 2237 quatuor
1972 2164 2069 2219 lla--

487 2254 684 2332 bentur
715 2292 729 2328 :
767 2270 1014 2342 sanguis,
1051 2265 1282 2338 pituita,
1312 2260 1482 2324 ﬂava,
1537 2268 1593 2313 et
1639 2266 1762 2311 atra
1800 2254 1926 2311 bilis
1952 2292 1967 2316 ,
2017 2262 2071 2308 et

486 2359 846 2433 :cgritudines
903 2370 1024 2426 qua:
1074 2369 1141 2409 ex
1193 2351 1278 2405 his
1320 2348 1605 2414 oriuntur,
1640 2344 1864 2400 totidem
1899 2352 2060 2406 sunt;

486 2468 612 2509 cum
653 2448 906 2505 videlicet
948 2458 1173 2516 sapores
1211 2442 1358 2510 ipsos
1391 2452 1423 2492 a
1459 2436 1544 2493 sui
1606 2447 1804 2492 natura
1842 2450 2067 2506 permu-

2161 1797 2403 1867 τέσσαρα
2418 1796 2705 1866 νοσήματα
2727 1793 2795 1846 τὰ
2816 1793 2885 1846 ὲκ
2901 1792 3110 1847 τούτων
3136 1790 3431 1861 γινόμενα,
3466 1806 3755 1861 μετατρα-

2171 1889 2385 1944 πέντων
2423 1886 2667 1958 δηλονότι
2696 1886 2805 1940 τῶν
2837 1885 3031 1957 χυμῶν
3078 1883 3190 1938 τῶν
3218 1883 3363 1938 κατὰ
3390 1882 3586 1951 φύσιν·
3636 1899 3752 1951 τρι-

2162 1981 2353 2046 ταῖος,
2386 1976 2728 2047 τεταρταῖος
2762 1974 3161 2047 ἀφημερινὸς·
3186 1973 3311 2046 (sic)
3346 1973 3443 2027 καὶ
3474 1962 3751 2042 σύνοχος

2165 2076 2199 2127 ό
2230 2070 2331 2125 ἐπὶ
2356 2068 2533 2131 ζέσει.
2575 2068 2634 2122 '0
2665 2067 2767 2139 μὲν
2795 2064 2891 2121 οὖν
2917 2069 3181 2140 τριταῖος,
3214 2064 3323 2119 ἀπὸ
3358 2063 3556 2134 ξανθῆς
3580 2065 3751 2135 χολῆς

2167 2163 2434 2233 σαπείσης
2464 2161 2771 2232 γινόμενος,
2812 2154 3017 2230 θερμόν
3051 2160 3170 2212 ἐστι
3202 2159 3299 2211 διαὶ
3346 2157 3506 2228 ξηρὸν
3526 2157 3750 2226 νόσημα

2165 2256 2263 2310 καὶ
2303 2253 2561 2321 ἀναλογεῖ
2585 2252 2663 2323 τῷ
2692 2250 2846 2322 πυρί.
2896 2251 2953 2304 '0
2999 2250 3043 2304 δ’
3077 2248 3416 2320 ἀφημερινὺς
3474 2248 3578 2301 ἀπὸ
3608 2246 3746 2316 φλέ-

2170 2362 2379 2417 γματος
2409 2344 2672 2406 σαπέντος
2699 2342 3019 2414 τικτόμενος
3050 2340 3260 2412 ψυχρόν
3299 2343 3415 2394 ἐστι
3440 2340 3537 2393 καὶ
3580 2338 3754 2410 ὑγρὸν

2169 2441 2389 2511 νόσημα
2423 2438 2520 2493 καὶ
2545 2436 2801 2506 ἀναλογεῖ
2833 2435 2912 2507 τῷ
2956 2435 3133 2489 ὕδατι.
3174 2436 3286 2489 Καὶ
3331 2436 3360 2488 ὁ
3408 2432 3638 2503 σύνοχος
3694 2431 3755 2485 δὲ

489 2545 591 2599 tari
630 2538 945 2610 contigerit,
981 2550 1046 2590 ex
1085 2533 1194 2597 his,
1233 2530 1488 2592 tertiana,
1544 2538 1833 2597 quartana,
1889 2527 2068 2597 quoti-

2178 2531 2267 2585 ὲπῖ
2290 2530 2438 2595 ζέσει
2470 2528 2866 2598 συνιστάμενος
2896 2527 3125 2598 αἵματος
3145 2525 3344 2597 θερμὸς
3360 2524 3435 2577 ὢν
3461 2525 3563 2577 καὶ
3581 2522 3757 2594 ὑγρὸς

487 2636 651 2688 diana
697 2641 752 2687 et
798 2629 1050 2686 continua
1086 2624 1267 2680 febres
1298 2621 1572 2677 oriuntur.
1614 2616 1772 2690 145
1798 2618 1932 2674 Cum
1975 2632 2074 2672 au-

2178 2619 2431 2687 ἀναλογεῖ
2478 2618 2557 2688 τῷ
2608 2618 2755 2689 ἀέρι.
2818 2616 2876 2671 '0
2921 2616 2980 2671 δὲ
3019 2618 3336 2687 τεταρταῖος
3381 2616 3445 2668 ὲκ
3488 2612 3757 2684 μελαίνης

493 2736 600 2781 tein
639 2723 869 2779 tertiana
930 2718 1099 2775 febris
1129 2732 1160 2772 a
1191 2714 1331 2771 ﬂava
1374 2712 1470 2768 bili
1508 2718 1855 2782 putrescente
1891 2718 2071 2764 ortum

2178 2712 2340 2783 χολῆς
2379 2710 2646 2783 σαπείσης
2687 2711 2957 2781 φυόμενος
3006 2696 3219 2781 ψυχρόν
3276 2708 3393 2762 ἑστι
3436 2707 3534 2760 καὶ
3588 2705 3760 2777 ξηρὸν

491 2826 693 2884 sumat,
724 2815 899 2872 calida
936 2808 1207 2883 aegritudo
1256 2807 1515 2875 siccaque
1547 2810 1629 2859 est
1649 2841 1665 2868 ,
1703 2815 1769 2856 ac
1797 2800 1863 2856 ad
1895 2800 2072 2872 ignem

2178 2803 2393 2874 νόσημα
2423 2803 2519 2857 καὶ
2545 2802 2803 2871 ἀναλογεῖ
2821 2804 2887 2874 τῇ
2916 2804 3012 2874 γῇ.

492 2915 846 2987 proportione
890 2908 1155 2979 fungitur.
1191 2905 1261 2958 At
1302 2901 1424 2973 ejus
1446 2913 1569 2971 quas
1598 2896 1915 2969 quotidiana
1938 2896 2159 2963 dicitur,
2190 2913 2315 2954 cum
2362 2898 2565 2970 pituita
2593 2897 2648 2952 in
2706 2896 3051 2967 putredinem
3120 2894 3374 2960 vertitur,
3429 2892 3764 2950 constitutio

492 2982 693 3075 fin—et
717 3007 763 3061 is
803 3001 1027 3059 morbus
1073 2996 1305 3067 frigidus
1351 2990 1721 3059 humidusqne
1774 3002 1897 3044 esse
1963 2987 2227 3054 creditur,
2285 2997 2450 3059 atque
2491 2990 2559 3043 ad
2635 3004 2791 3059 aqua:
2830 2985 3243 3058 proportionem
3297 2982 3620 3039 referendus
3649 2990 3761 3036 est.

493 3074 783 3158 continuae
810 3104 991 3150 autem
1023 3088 1191 3146 febris
1223 3082 1567 3149 constitutio,
1599 3080 1862 3153 quoniam
1887 3093 1915 3131 a
1942 3078 2225 3149 sanguinis
2255 3078 2470 3134 fervore
2522 3078 2792 3150 provenit,
2849 3076 3024 3133 calida
3056 3084 3111 3131 et
3178 3074 3403 3130 humida
3463 3074 3762 3133 exsistens,

496 3195 610 3251 aeri
638 3188 1110 3264 proportionatur.
1133 3177 1415 3245 Quartana
1472 3187 1623 3237 vero,
1681 3185 1808 3227 cum
1838 3169 1906 3223 ab
1958 3177 2076 3222 atra
2117 3168 2209 3222 bili
2239 3178 2587 3240 putrescente
2648 3169 2893 3231 oriatur,
2930 3164 3141 3236 frigida:
3168 3174 3224 3220 et
3287 3164 3449 3219 sicca:
3476 3162 3766 3233 qualitatis

499 3291 727 3345 habetur
771 3291 826 3338 et
854 3280 976 3349 ejus
1033 3274 1098 3330 ad
1134 3282 1332 3327 terram
1368 3265 1649 3339 proportio
1683 3270 1788 3318 est.

573 3378 867 3437 Sciendum
894 3374 1059 3429 etiam
1086 3376 1190 3432 est,
1221 3367 1367 3437 quod
1401 3376 1696 3418 nervorum
1738 3371 1938 3427 genera
1980 3357 2081 3410 tria
2110 3377 2152 3433 ε
2185 3354 2460 3424 rigidum;
2496 3352 2642 3425 quod
2672 3352 2907 3424 rigidum
2940 3353 3197 3423 quoniam
3226 3352 3433 3407 siccum
3467 3361 3570 3418 est,
3614 3352 3769 3409 lento

504 3481 652 3543 sunt,
684 3486 750 3524 ex
789 3466 992 3537 quibus
1032 3457 1396 3532 quorumdam
1437 3470 1467 3509 a
1503 3451 1728 3509 cerebro
1783 3459 1936 3504 ortus
1979 3457 2079 3510 est,

503 3540 558 3629 et
584 3566 639 3620 hi
669 3558 931 3634 peculiari
964 3572 1028 3611 ac
1067 3549 1289 3625 proprio
1324 3560 1615 3603 nervorum
1651 3541 1869 3598 nomine
1899 3538 2083 3609 appel-

506 3630 710 3716 lantur.
752 3652 858 3707 Alii
898 3650 968 3706 ab
1002 3647 1221 3703 ossibus
1253 3640 1323 3696 ad
1352 3640 1458 3695 alia
1486 3651 1611 3692 ossa
1656 3630 2084 3705 praetenduntur,

505 3761 559 3807 ct
586 3750 686 3804 hos
717 3745 1007 3817 ligamenta
1035 3737 1263 3793 dixeris.
1327 3730 1563 3798 Quidam
1604 3735 1787 3781 autem
1841 3738 1907 3777 ex
1965 3737 2085 3776 mu-

506 3844 699 3908 sculis,
722 3840 845 3896 ethi
874 3834 1021 3892 tendi
1044 3829 1492 3889 denominantur,
1526 3821 1583 3876 hi
1615 3832 1827 3889 nempe,
1860 3830 2085 3871 muscu-

506 3936 687 3991 lorum
724 3930 867 3993 linis,
910 3935 1155 3983 extrema
1184 3918 1439 3974 videlicet
1459 3919 1609 3970 sunt.
1636 3908 1905 3976 Quoniam
1934 3919 2084 3969 vero,

506 4027 783 4094 voluptas,
810 4016 1183 4084 dolentiaque,
1219 4008 1468 4065 omnium
1499 4018 1622 4075 quae
1657 4002 1712 4055 in
1762 3998 1920 4053 nobis
1962 4003 2088 4049 sunt

508 4115 827 4187 passionum
859 4114 1063 4163 matres
1095 4102 1385 4165 habentur,
1421 4111 1547 4152 nam
1580 4102 1801 4166 propter
1841 4093 2087 4160 voluptao

510 4183 646 4270 tem,
668 4204 848 4273 turpia
871 4201 1107 4271 agimus,
1134 4194 1361 4250 alterius
1389 4200 1571 4245 autem
1603 4201 1793 4249 causa,
1826 4199 1857 4239 a
1893 4183 2089 4238 talibus

513 4270 873 4355 abstinemus.
910 4270 1016 4354 Qui
1048 4287 1195 4340 enim
1232 4280 1597 4343 rnmehantnr,
1632 4284 1687 4330 et
1716 4276 1854 4345 gula:
1912 4270 2091 4326 indul-

514 4398 665 4462 gent,
700 4398 824 4439 cum
850 4375 1186 4436 continentia
1219 4373 1327 4438 uti,
1370 4380 1424 4426 cl.
1465 4371 1548 4424 his
1597 4367 1871 4422 abstinere
1917 4362 2093 4441 neuti-

515 4454 681 4554 quam
714 4469 1128 4548 proposuerint,
1158 4466 1265 4521 hoc
1298 4463 1577 4531 voluptate
1613 4459 1729 4529 ipsa
1760 4457 1825 4511 ad
1861 4455 1914 4509 id
1954 4454 2092 4508 exti-

516 4544 763 4629 mulante
793 4571 980 4637 agunt.
1009 4560 1054 4615 Α
1085 4558 1287 4615 talibus
1307 4568 1461 4620 vero,
1494 4550 1734 4607 dolentia
1758 4549 1894 4603 duce
1925 4544 2092 4600 decli-

515 4673 670 4728 nant,
693 4676 814 4733 quae
832 4672 935 4714 nos
949 4655 1089 4717 cibis
1107 4650 1386 4707 moderate
1412 4646 1513 4714 uti,
1550 4642 1722 4698 labori
1756 4638 2090 4702 incumbere,

2191 3443 2505 3515 opponitur,
2541 3442 2721 3512 qualia
2758 3440 2933 3495 farina
2965 3450 3019 3495 et
3052 3440 3230 3509 pulvis
3270 3446 3417 3494 sunt.

2261 3533 2471 3587 Anima:
2499 3540 2681 3585 autem
2713 3528 2997 3601 cognitivrc
3022 3525 3308 3581 facultates
3334 3523 3579 3594 quinque
3599 3533 3732 3577 sunt
3750 3542 3767 3577 :

2192 3640 2371 3691 mens,
2396 3624 2603 3693 opinio,
2638 3621 2979 3691 imaginatio,
3014 3617 3273 3688 cogitatio
3302 3624 3357 3670 et
3385 3628 3601 3670 sensus.
3659 3615 3771 3668 Sed

2193 3728 2248 3773 et
2285 3714 2571 3772 concoctio
2603 3722 2658 3768 et
2703 3709 3048 3766 inconcoctio
3099 3706 3331 3762 invicem
3381 3705 3770 3760 adversantur.

2195 3808 2328 3862 Nam
2360 3804 2641 3861 concoctio
2670 3799 2936 3856 trifariam
2970 3798 3138 3854 dividi
3173 3804 3350 3867 potest
3375 3812 3389 3847 :
3418 3795 3473 3848 in
3496 3802 3770 3856 assatum,

2193 3907 2410 3956 coctum
2443 3906 2496 3950 et
2530 3906 2807 3950 maturum
2841 3910 2855 3946 :
2889 3890 3179 3962 siquidem,
3214 3898 3478 3952 assatum,
3526 3900 3558 3940 a
3589 3885 3777 3941 calido

2193 3990 2339 4061 quod
2368 3986 2671 4043 condensat
2701 3984 2788 4051 fit;
2827 3994 3043 4038 coctum
3090 3995 3240 4045 vero,
3276 3995 3305 4033 a
3363 3978 3542 4033 calido
3572 3977 3777 4031 hume-

2194 4091 2401 4146 seente,
2419 4089 2695 4134 maturum
2712 4086 2914 4141 autem,
2943 4072 3103 4145 146
3126 4072 3336 4127 fructus
3357 4069 3642 4125 concoctio
3663 4079 3778 4133 est,

2195 4190 2318 4246 qua:
2352 4189 2383 4227 a
2418 4171 2600 4226 calido
2637 4170 2814 4239 ipsum
2869 4168 3143 4220 ambiente
3174 4163 3428 4218 efficitur.
3472 4159 3579 4215 Sed
3607 4170 3663 4214 et
3698 4161 3783 4213 in-

2196 4262 2477 4321 concoctio
2532 4262 2649 4331 ipsa
2682 4259 2734 4312 in
2767 4256 2991 4312 totidem
3050 4253 3219 4310 dividi
3250 4259 3463 4323 potest,
3506 4252 3561 4304 in
3623 4258 3783 4317 tepe—

2198 4354 2425 4418 factum,
2459 4352 2514 4406 in
2543 4349 2887 4421 inquinatum
2908 4347 3208 4403 etcrudum
3245 4362 3258 4398 :
3290 4342 3557 4413 siquidem
3577 4382 3594 4407 ,
3625 4349 3783 4409 tepe-

2197 4445 2403 4500 factum
2475 4448 2657 4496 assato
2731 4436 3063 4493 contrarium
3125 4434 3359 4499 dicitur,
3407 4427 3552 4500 quod
3606 4428 3781 4481 veluti

2199 4533 2544 4590 inconcoctio
2575 4531 2825 4601 quzedam
2852 4528 2942 4593 sit,
2974 4527 3104 4584 dum
3134 4523 3372 4581 calidum
3406 4520 3539 4577 illud
3568 4519 3780 4574 sicces-

2199 4640 2373 4697 cens,
2421 4624 2708 4678 humorem
2760 4620 2938 4691 ipsum
2994 4631 3253 4688 superare
3304 4614 3513 4684 nequit.
3563 4606 3673 4665 Sed
3725 4619 3786 4664 et

519 4763 616 4812 aut
648 4703 829 4807 l’a‘bdis
877 4743 1082 4817 aliquid
1139 4740 1394 4813 cupidine
1445 4750 1606 4808 agere
1659 4730 2096 4804 pauperibnsque
2128 4733 2171 4787 ι)
2201 4717 2544 4788 inquinatum
2618 4721 2778 4768 cocto
2844 4713 3184 4775 adversatur,
3222 4722 3344 4762 cum
3383 4717 3437 4759 et
3464 4704 3645 4775 ipsum
3695 4703 3786 4755 in-

2414 4806 2445 4817 Α.
2654 4805 2666 4817 ι
2792 4802 2803 4817 ι
2842 4801 2875 4817 ,I
2912 4809 2980 4817 ,_.
3034 4815 3049 4817 Α
3116 4814 3211 4817 μή-
3238 4797 3252 4817 ι
3289 4796 3340 4817 ε--
3374 4810 3431 4817 ,Α
3462 4792 3599 4817 ---ΑΔ
3643 4807 3745 4817 ΑΛ--

520 4848 589 4903 de
618 4843 780 4900 bonis
803 4835 1069 4910 impertiri
1097 4834 1301 4888 virtute
1324 4830 1472 4886 socia
1507 4824 1727 4896 subigit.
1770 4823 1970 4876 Rerum
2000 4834 2099 4872 au-

524 4950 630 4997 tem
661 4950 785 5007 quae
816 4909 918 4989 sub
947 4939 1152 4985 tactum
1186 4924 1388 4980 cadunt
1411 4961 1426 4986 ,
1459 4928 1583 4975 octo
1612 4914 1858 4987 quaedam
1907 4909 2100 4979 conju-

526 5005 775 5103 gationcs
833 5024 1104 5079 habentur
1138 5015 1413 5072 :calidum
1443 5052 1456 5076 ,
1491 5010 1793 5082 frigidum;
1850 5005 2056 5059 siccum
2082 5039 2098 5064 ,

526 5120 851 5183 humidum;
890 5127 1089 5185 grave,
1142 5110 1301 5173 leve;
1340 5120 1618 5174 asperum,
1648 5102 1798 5164 lene;
1850 5097 2102 5156 densum,

527 5226 713 5269 rarum
745 5225 758 5263 :
792 5205 954 5263 molle
982 5242 997 5268 ,
1051 5201 1289 5263 durum;
1338 5209 1584 5251 crassum
1606 5232 1621 5258 ,
1669 5190 1844 5257 exile;
1873 5188 2103 5247 lentum,

984 5332 1119 5403 Cap.
1142 5326 1336 5385 XXXI.
1371 5325 1444 5381 Dc
1468 5324 1670 5378 anima.

598 5473 735 5531 Cum
760 5490 829 5530 ex
860 5471 1043 5529 anima
1072 5477 1127 5522 et
1155 5474 1387 5532 corpore
1419 5464 1632 5513 constet
1653 5453 1835 5521 homo,
1875 5464 2109 5520 cumque

530 5566 637 5621 hoc
660 5566 861 5621 animal
912 5556 1178 5618 rationale
1226 5555 1298 5609 sit
1352 5549 1636 5620 utriusque
1679 5542 1989 5613 coniunctio
2044 5557 2109 5596 ac

534 5666 792 5727 perpetua
826 5652 1117 5726 copulatio,
1156 5660 1277 5717 age,
1303 5657 1473 5714 pauca
1511 5637 1758 5710 qumdam
1803 5635 1873 5691 de
1928 5633 2106 5689 anima

2198 4806 2487 4865 concoctio
2512 4805 2760 4874 quaedam
2792 4801 3076 4863 habeatur,
3108 4797 3255 4870 quod
3289 4796 3344 4850 in
3369 4810 3435 4849 eo
3457 4792 3602 4864 quod
3639 4807 3783 4845 con—

2200 4902 2456 4972 coquitur
2474 4898 2803 4953 humescens
2830 4895 3059 4950 calidam
3082 4896 3301 4948 vincere
3327 4888 3611 4944 materiam
3632 4885 3783 4939 nulla

2205 4996 2419 5050 ratione
2468 4997 2667 5059 potest.
2719 4987 3007 5043 Postremo
3061 4986 3224 5041 etiam
3278 4982 3509 5038 crudum
3562 4986 3789 5033 maturo

2206 5093 2491 5157 repugnat,
2531 5097 2656 5137 cum
2691 5080 2859 5136 calori
2897 5077 3180 5141 ambienti,
3217 5074 3455 5129 fructum
3486 5070 3555 5126 ad
3604 5079 3791 5124 matu-

2210 5178 2429 5233 ritatem
2460 5174 2778 5243 perducere,
2804 5169 3036 5225 facultas
3065 5166 3429 5235 intcrcipitur.

2709 5307 2834 5364 ΛΑ).
2877 5306 3015 5374 Περὶ
3046 5302 3275 5374 ψυχῆς.

2292 5445 2446 5500 Ἐπεὶ
2476 5445 2626 5513 δὲέκ
2644 5442 2823 5514 ψυχῆς
2852 5441 2945 5494 καὶ
2966 5438 3220 5509 σώματος
3250 5434 3485 5504 συνέστη
3509 5434 3539 5486 ὁ
3572 5432 3796 5502 ἀνορωο

2208 5556 2331 5605 πος,
2361 5538 2457 5592 καὶ
2498 5534 2657 5590 τοῦτό
2708 5536 2826 5587 ἐστι
2874 5532 3013 5596 ζῶον
3058 5529 3297 5599 λογικὸν,
3335 5529 3370 5599 ή
3432 5524 3650 5588 σύνοδος
3685 5521 3798 5575 τῶν

2214 5625 2665 5699 συναμφοτέρων,
2719 5624 2812 5678 καὶ
2839 5621 3091 5692 διαμονὴ,
3119 5621 3214 5673 καὶ
3259 5616 3598 5691 συνοικησις,
3658 5612 3796 5683 φέρι
