4066 6224
317 263 457 320 1289

1555 249 1643 306 DE
1680 248 1964 305 NATURA
2007 247 2311 307 llUMlNIS.

3431 259 3567 316 ΗΜ

321 384 418 434 καὶ
458 376 587 449 περὶ
639 374 815 450 ψυχῆς
850 371 1006 441 ὸλίγα
1056 369 1178 425 τινὰ
1232 369 1620 441 διειλιίὸωμεν⁸
1685 371 1773 422 ῐνα
1817 370 1892 439 μὴ

1999 371 2372 433 disseramus,
2427 383 2499 429 ne
2543 369 2857 428 alterutram
2929 371 3209 427 videamur
3273 375 3568 435 animantis

315 471 560 540 δόξωμεν
619 467 848 537 θάτερον
911 463 1077 535 μέρος
1128 461 1225 516 τοῦ
1271 463 1414 525 ζώου
1470 462 1819 516 καταλιπεῖν.

401 555 782 630 Ἀρχώμεθα⁸¹
835 555 893 607 δὲ
941 553 1215 609 ἐντεῦθεν.
1256 554 1328 607 Ἦ
1377 551 1524 623 ψυχὴ
1574 552 1742 624 νοητὴ
1797 554 1894 606 καὶ

315 650 480 719 νοερά
500 663 516 678 ·
544 644 712 716 νοητὴ
754 643 875 714 μὲν,
921 644 1058 699 καθὸ
1095 645 1301 701 νοεῖται
1334 642 1542 712 νοητῶς
1562 658 1576 672 ο
1622 642 1785 713 νοερὰ
1814 642 1894 708 δὲ,

314 739 390 801 ὡς
424 733 634 804 ἀμιγὴς
662 733 761 802 τῆς
791 731 924 800 ὕλης
950 731 1046 784 τοῦ
1088 731 1360 801 σώματος.
1398 730 1592 799 Ψυχῆς
1644 728 1702 782 δὲ
1744 727 1896 798 ὲνέρ-

314 843 462 895 γειαι
492 822 796 892 γνωστικαὶ
854 823 952 874 καὶ
986 819 1238 885 ζωτικαὶ,
1275 820 1358 873 ὅτι
1389 818 1673 890 σύμφυτος
1701 820 1735 890 ή
1781 816 1896 889 ζωὴ

314 919 380 986 τῇ
411 915 591 983 ψυχῇ·
619 911 698 981 τῷ
723 909 937 982 σώματι
963 911 1021 964 δὲ
1055 910 1198 965 κατὰ
1232 910 1483 980 μέθεξιν·
1530 910 1768 982 δργανον,
1784 908 1895 980 γὰρ

315 1012 381 1073 τῇ
408 1007 555 1074 ψυχῇ
598 1004 657 1056 τὸ
698 1004 887 1072 σῶμα’
920 1001 1288 1071 ὑποκείμενον
1329 1001 1388 1054 δὲ
1427 1001 1525 1055 τοῦ
1579 1000 1833 1070 σώματος
1862 1001 1895 1069 ἡ

317 1094 484 1164 ψυχή.
537 1094 800 1162 Κινήσεις
861 1091 1135 1162 ψυχικαί·
1187 1091 1460 1162 αἴσθησις,
1513 1090 1721 1161 νόησις,
1753 1089 1898 1159 ἐνέρ-

319 1200 465 1249 γεια.
497 1184 744 1237 Κινεῑται
773 1181 832 1236 δὲ
861 1184 894 1250 ἡ
931 1181 1081 1253 ψυχὴ
1110 1181 1410 1246 κυκλικῶς,
1441 1181 1774 1242 ὲλικοειδῶς,
1801 1181 1898 1232 καὶ

321 1276 440 1326 κατ’
478 1273 716 1328 εὐθεῖαν.
766 1273 912 1336 Νοῦς
948 1275 1066 1326 ἐστι
1115 1272 1260 1326 κατὰ
1312 1271 1540 1342 γνώμην
1577 1271 1896 1334 ἄπταιστος,

318 1364 545 1436 πρώτης
574 1365 886 1436 προσϐολῆς
915 1365 1024 1418 τῶν
1047 1365 1393 1437 πραγμάτων
1430 1363 1762 1434 ἁπτόμενος,
1803 1363 1899 1416 καὶ

317 1461 567 1528 κρεῖττον
607 1459 641 1528 ἢ
684 1456 830 1512 κατὰ
867 1457 1147 1522 ἀπόδειξιν
1172 1455 1639 1526 ἀπολαμὸάνων⁸²
1670 1454 1739 1508 τὰ
1763 1453 1899 1524 πρά-

317 1567 536 1620 γματα·
564 1549 632 1604 δι’
673 1541 750 1605 ὧν
799 1549 916 1601 ἐστι
962 1547 1192 1601 συνιδεῖν
1224 1547 1323 1619 πῆ,
1371 1545 1478 1604 ποῦ
1528 1543 1894 1616 πορευόμεθα,

317 1643 438 1698 ὁδὸν
467 1641 758 1714 ζητοῦντες
775 1642 874 1712 τῆς
898 1639 1251 1706 ἀποδείξεως.

399 1818 458 1872 '0
498 1817 556 1873 δὲ
600 1817 730 1888 περὶ
761 1795 942 1887 ψυχῆς
982 1815 1163 1885 λόγος,
1206 1816 1268 1869 οὐ
1303 1815 1365 1869 τὸ
1402 1815 1456 1869 τί
1489 1817 1638 1869 ἐστιν
1682 1816 1716 1884 ἡ
1748 1814 1895 1885 ψυχὴ

318 1910 440 1964 κατ’
475 1910 665 1964 οὐσίαν
701 1910 978 1965 διδάσκει·
1008 1909 1126 1963 ἀλλ’
1157 1910 1212 1962 εί
1239 1926 1294 1960 τι
1321 1909 1420 1962 οὐκ
1466 1907 1583 1962 ἔστι
1622 1908 1802 1979 δηλοῖ⁸
1835 1908 1898 1960 τὸ

317 2003 427 2071 γὰρ
480 2003 584 2070 τῆς
636 2000 828 2064 οὐσίας
883 2002 1052 2072 αὐτῆς
1100 2001 1234 2072 παρ’
1281 2003 1415 2072 ἡμῖν
1467 2001 1746 2070 ἄγνωστον
1799 2000 1898 2054 καὶ

318 2092 684 2164 ἀγνώριστον.
731 2091 858 2156 Πῶς
889 2090 1022 2156 οὖν,
1074 2093 1192 2164 ἐρεῖ
1233 2110 1320 2156 τις
1365 2093 1554 2163 τυχὸν,
1595 2096 1755 2164 εἴπερ
1796 2093 1898 2146 οὑκ,

319 2181 610 2237 ἐπίστασαί
654 2198 709 2233 τι
762 2181 891 2252 περὶ
941 2180 1158 2250 ψυχῆς,
1209 2181 1448 2251 γράφεις
1501 2181 1634 2252 περὶ
1683 2181 1894 2251 ψυχῆςς

318 2276 521 2329 ἄτοπον
541 2273 674 2345 γὰρ,
692 2277 783 2332 τὸν
800 2274 879 2342 μὴ
909 2271 1145 2343 βεϐαίως
1171 2271 1368 2344 ἔχοντα
1393 2272 1521 2344 περί
1551 2289 1626 2335 τι,
1660 2273 1896 2343 γράφειν

317 2365 351 2436 ἢ
397 2363 710 2435 ἐξηγεῖσθαι
747 2361 878 2432 περὶ
927 2360 1116 2416 αὑτοῦ.
1158 2362 1373 2415 Είδέναι
1416 2362 1526 2434 γὰρ
1566 2362 1650 2416 δεῖ
1679 2362 1898 2432 πρῶτον

317 2454 410 2506 τὸν
437 2451 766 2525 χαρακτῆρα
793 2450 888 2504 τοῦ
910 2453 976 2515 Δ,
1002 2447 1118 2504 εἶτα
1147 2451 1245 2522 τὴν
1271 2451 1367 2524 τοῦ
1394 2452 1665 2525 στοιχείου
1693 2451 1896 2520 γνῶσιν

319 2544 528 2614 ἑτέροις
549 2541 891 2597 ἀποτιθέναι.
923 2543 1066 2612 Πρὸς
1092 2543 1151 2594 ὃν
1172 2544 1311 2613 ρη...
1334 2544 1379 2576 ⁸³
1405 2543 1472 2596 τὰ
1496 2542 1625 2612 θεῖα,
1643 2543 1894 2615 ἀόριστα,

319 2635 456 2688 ἀλλὰ
484 2635 578 2687 καὶ
608 2634 864 2702 ἄγνωστα
899 2634 1022 2686 κατ’
1052 2633 1262 2686 οὐσίαν·
1300 2631 1383 2685 διὸ
1409 2633 1508 2686 καί⁵
1534 2633 1628 2687 τὸν
1657 2633 1790 2686 Θεὸν
1815 2635 1892 2686 εί-

317 2726 467 2779 δέναι
499 2725 751 2794 λέγομεν,
805 2722 882 2794 μὴ
917 2723 1136 2786 ἰδόντες·
1170 2721 1246 2786 ὡς
1278 2722 1360 2793 τό*
1389 2718 1573 2778 Εἶδον
1602 2722 1711 2776 τὸν
1749 2722 1897 2776 Θεὸν

317 2815 418 2870 ἐπὶ
446 2815 665 2884 θρόνου
688 2814 960 2883 ὑψηλοῦ·
991 2815 1086 2869 καί
1128 2833 1142 2846 ·
1173 2811 1357 2869 Εἶδον
1385 2816 1494 2870 τὸν
1519 2816 1669 2871 Θεὸν
1705 2819 1893 2886 πρόσ-

319 2922 486 2962 ωπον
512 2908 662 2975 πρὸς
695 2909 1024 2976 πρόσωπον
1043 2923 1056 2937 ·
1079 2907 1192 2961 ἀλλ’
1220 2908 1279 2960 οὐ
1321 2909 1444 2962 κατ’
1473 2909 1662 2963 οὐσίαν
1698 2909 1896 2972 ἰδόντες

1921 1706 1970 1766 Β

1996 471 2204 529 partem
2229 462 2664 532 praetermisisse.

2066 550 2186 606 Jam
2223 552 2352 608 hinc
2380 553 2705 623 incipiamus
2738 570 2752 606 :
2785 552 2976 612 Anima
3028 553 3335 623 intelligens
3366 565 3420 610 et
3454 560 3568 626 spi-

1997 641 2207 697 ritualis
2239 660 2252 697 :
2286 642 2614 711 intelligens,
2637 653 2908 711 quatenus
2955 643 3397 700 intellectualiter
3423 661 3567 716 engi-

2000 738 2112 796 tat;
2137 731 2458 801 spiritualis,
2487 744 2757 803 quatenus
2774 733 2841 788 ab
2863 735 3009 792 omni
3034 734 3284 794 mistione
3306 751 3428 791 cum
3459 752 3573 791 cor-

1997 821 2145 890 poris
2173 822 2399 878 materia
2430 821 2686 877 immunis
2715 829 2818 877 est.
2863 821 3072 876 Animae
3113 832 3293 877 autem
3325 823 3572 877 actiones

1997 911 2063 967 ad
2093 912 2529 980 cognoscendum
2556 922 2612 967 et
2651 913 2718 967 ad
2771 914 3060 968 vivendum
3113 923 3384 982 spectant,
3431 915 3558 982 quia

1998 1003 2177 1056 anima
2203 1003 2368 1057 vitam
2394 1003 2555 1058 habet
2575 1003 2840 1066 innatam.
2863 1019 3062 1074 corpus
3088 1016 3268 1058 autem
3292 1020 3385 1072 per
3421 1019 3570 1059 com-

1999 1092 2417 1148 municationem
2441 1111 2455 1159 ;
2481 1109 2716 1163 namque
2739 1109 2998 1164 organum
3017 1095 3211 1148 animae
3225 1103 3306 1148 est
3337 1108 3569 1163 corpus;

1997 1183 2245 1252 corporis
2273 1198 2404 1237 vero
2431 1185 2764 1238 substratum
2798 1185 2998 1238 anima.
3029 1183 3202 1238 Motus
3231 1183 3426 1248 anima:
3451 1198 3573 1240 sen-

1999 1273 2268 1339 sihilitas;
2306 1274 2587 1344 cogitatio,
2629 1275 2874 1344 energia.
2903 1273 3147 1330 Movetur
3171 1276 3352 1328 anima
3382 1275 3436 1328 in
3464 1275 3573 1328 cir-

1997 1363 2199 1427 culum,
2230 1363 2454 1434 spiram,
2490 1373 2718 1419 rectum.
2746 1363 2899 1420 Mens
2924 1365 2975 1418 in
3004 1364 3248 1419 consiliis
3275 1363 3388 1417 suis
3405 1362 3574 1418 oll‘en-

1997 1454 2234 1510 diculum
2263 1455 2496 1525 ignorat,
2543 1456 2607 1512 ad
2640 1457 2871 1526 primam
2908 1473 3090 1516 rerum
3145 1457 3570 1530 prepositionem

1999 1545 2285 1598 adhaerens
2336 1555 2392 1599 et
2419 1545 2794 1599 vehementius
2815 1559 2975 1614 quam
3002 1542 3237 1613 postulat
3263 1542 3575 1597 manifesta-

2003 1635 2077 1689 tio
2114 1649 2202 1690 res
2232 1634 2527 1706 abripiens.
2557 1634 2762 1689 Exinde
2813 1635 3162 1701 considerare
3190 1643 3273 1690 est
3307 1648 3434 1703 qua,
3467 1647 3574 1702 quo

1997 1739 2308 1796 pergamus,
2342 1727 2482 1780 viam
2517 1735 2822 1795 quaerentes
2854 1725 3332 1782 manilestationis.

2070 1816 2257 1886 Itaque
2290 1817 2356 1870 de
2391 1817 2566 1870 anima
2614 1817 2928 1886 disputatio.
2961 1831 3065 1871 non
3116 1816 3245 1887 quid
3297 1815 3368 1870 sit
3395 1816 3574 1870 anima

1997 1905 2170 1972 quoad
2199 1904 2493 1959 essentiam
2529 1905 2721 1970 docet;
2750 1905 2844 1958 sed
2881 1906 3007 1973 quid
3043 1921 3146 1960 non
3203 1905 3276 1960 sit
3307 1906 3571 1960 ostendit.

1997 1993 2241 2064 Namque
2270 1996 2387 2064 ejus
2432 1997 2670 2051 essentia
2703 1997 2830 2065 quid
2880 1997 2974 2063 sit,
3010 2011 3185 2067 neque
3211 1997 3356 2051 scire
3393 2010 3573 2064 neque

1996 2085 2210 2155 assequi
2241 2085 2396 2140 nobis
2420 2085 2566 2141 licet.
2596 2085 2877 2152 Quomodo
2911 2102 3062 2157 ergo,
3095 2087 3235 2141 dicet
3262 2087 3534 2157 quispiam
3554 2125 3570 2148 ,

1998 2177 2064 2232 de
2092 2178 2274 2234 anima
2305 2179 2441 2234 nihil
2477 2181 2676 2244 sciens,
2709 2181 2775 2235 de
2804 2180 2982 2233 anima
3017 2179 3570 2236 scribisiabsurdum

1999 2271 2164 2336 enim,
2198 2269 2272 2325 rei
2309 2270 2530 2324 notione
2581 2269 2733 2325 ﬁrma
2781 2281 3079 2336 carentem,
3104 2273 3169 2326 de
3223 2285 3286 2326 ea
3333 2270 3573 2326 scribere

1999 2372 2092 2414 aut
2113 2359 2402 2415 disserere.
2443 2357 2681 2415 Noscere
2708 2361 2852 2416 enim
2887 2371 3102 2432 oportet
3149 2363 3323 2432 primo
3378 2362 3572 2416 littera:

1996 2453 2040 2506 Δ
2077 2451 2328 2516 formam,
2351 2451 2591 2521 posthaec
2617 2460 2826 2507 tantum
2853 2444 3249 2508 elementorum
3276 2450 3566 2506 scientiam

2001 2545 2126 2599 aliis
2152 2557 2476 2613 prononere.
2512 2542 2610 2597 Cui
2649 2543 2985 2614 respondebo
3015 2560 3028 2596 :
3068 2543 3260 2598 Divina
3294 2543 3571 2598 indeﬂnitu

1995 2644 2052 2690 et
2089 2633 2241 2702 juxta
2291 2633 2585 2688 essentiam
2621 2632 3211 2702 incomprehensibilia.
3260 2632 3443 2688 Videri
3476 2640 3564 2687 ta-

1997 2741 2121 2781 men
2161 2727 2326 2780 Deum
2369 2740 2398 2778 a
2431 2724 2590 2780 nobis
2647 2725 2900 2789 dicimus,
2929 2740 3088 2794 quem
3140 2740 3249 2779 non
3302 2727 3566 2791 videmus,

1998 2829 2055 2872 nt
2089 2836 2103 2872 :
2145 2816 2263 2871 Vidi
2295 2815 2461 2871 Deum
2491 2833 2650 2885 super
2684 2819 2925 2870 thronum
2955 2818 3252 2871 excelsum‘
3275 2835 3291 2884 ;
3314 2829 3368 2874 et
3399 2836 3412 2872 :
3452 2817 3572 2872 Vidi

1995 2909 2164 2964 Deum
2202 2909 2337 2978 {acie
2370 2909 2439 2961 ad
2466 2909 2714 2977 facicm'.
2749 2910 2819 2963 At
2873 2924 2991 2978 non.
3023 2910 3322 2965 secundum
3374 2924 3568 2964 essen-

319 3003 474 3068 Θεὸν,
505 3003 680 3059 ταῦτα
722 3003 1011 3074 εἰρήκασιν
1049 3005 1099 3058 ol
1138 3003 1470 3074 ἑωρακότες,
1512 3004 1628 3058 ἀλλ’
1669 3007 1892 3075 ἐνεργη-

2000 3001 2135 3056 tiam
2167 3000 2335 3054 Deum
2372 3000 2620 3054 videntes
2661 2999 2788 3053 talia
2815 2999 3067 3055 dixerunt
3099 3001 3212 3066 isti,
3251 3003 3346 3057 sed
3403 3001 3570 3072 inspi-

321 3093 506 3156 θέντες
526 3093 750 3146 τοιῶσδε
767 3109 781 3124 ·
805 3092 930 3146 ἐπεὶ
957 3091 1105 3147 Θεὸν
1126 3091 1387 3160 ἑώρακεν
1408 3091 1609 3158 οὐδεὶς
1630 3092 1890 3146 πώποτεο

319 3186 442 3241 κατ’
474 3185 664 3240 οὐσίαν
692 3184 914 3256 δηλαδὴ,
942 3186 1043 3238 οὐκ
1078 3186 1142 3239 ὲκ
1171 3185 1279 3239 τῶν
1313 3186 1432 3239 κατ’
1457 3186 1646 3250 αὐτὸν,
1681 3185 1797 3238 ἀλλ’
1829 3187 1894 3239 ὲκ

320 3275 431 3329 τῶν
470 3276 600 3346 περὶ
641 3275 826 3332 αὐτόν.
871 3274 1010 3328 Ἀλλ’
1048 3276 1148 3344 οὐχ
1177 3277 1205 3328 ὁ
1237 3274 1334 3345 τὴν
1365 3275 1555 3329 οὐσίαν
1589 3275 1664 3346 μὴ
1690 3275 1893 3330 εἰδέναι

321 3366 490 3420 εἰπὼν
517 3367 611 3420 τοῦ
641 3365 800 3432 Θεοῦ,
837 3365 914 3436 μὴ
957 3363 1282 3418 ἐπίστασθαι
1311 3365 1403 3418 τὸν
1437 3363 1570 3417 Θεὸν
1607 3364 1893 3434 ὡμολόγη-

325 3475 455 3524 σεν;
510 3459 652 3511 Ἀλλ’
683 3455 792 3512 οἶδε
834 3459 934 3527 μὲν
978 3458 1142 3510 αὑτὸν
1174 3458 1237 3510 ὲκ
1268 3457 1377 3508 τῶν
1411 3457 1724 3527 ἐνεργειῶν·
1758 3454 1891 3522 οἷον,

323 3550 754 3617 παντοδύναμον,
788 3548 1205 3617 παντεπόπτην,
1233 3547 1436 3615 ἀγαθὸν
1470 3549 1561 3600 καὶ
1586 3548 1892 3618 φιλάνθρω-

323 3654 425 3690 πον
476 3636 809 3707 δημιουργὸν
861 3636 954 3687 καὶ
1001 3635 1312 3704 κηδεμόνα,
1365 3637 1458 3688 καὶ
1507 3637 1891 3707 προνοητικόν·

320 3730 511 3797 ἀγνοεῖ
543 3728 599 3780 δὲ
637 3728 734 3798 τὴν
769 3728 932 3796 φύσιν
969 3727 1151 3779 ὁποία.
1189 3727 1264 3780 Οὐ
1318 3727 1426 3796 μὴν
1453 3727 1541 3780 διὰ
1575 3729 1638 3783 τὸ
1677 3730 1894 3795 ἀγνοεῖν

319 3820 422 3889 τὴν
448 3819 636 3871 οὐσίαν
662 3819 818 3877 Θεοῦ,
868 3817 1005 3887 μηδὲ
1035 3818 1116 3870 ὅτι
1141 3818 1275 3880 Θεός
1303 3820 1416 3869 ἐστι
1443 3817 1670 3870 δύναται
1692 3818 1890 3886 λέγειν⁹

318 3911 477 3965 τοῦτο
505 3911 615 3982 γὰρ
644 3911 753 3964 τῶν
782 3909 1036 3981 ἀφρόνων
1058 3925 1071 3939 ⁸
1102 3906 1249 3963 Elaris
1275 3911 1383 3980 γὰρ
1411 3910 1616 3978 ἄφρων
1652 3911 1723 3963 ἐν
1755 3926 1895 3977 καρ-

319 4004 418 4070 δίᾳ
446 4002 634 4057 αὑτοῦ
668 4018 682 4032 °
717 4003 840 4058 Οὐκ
869 4001 1002 4076 ἐστι
1033 4003 1197 4066 Θεός.
1216 4000 1407 4071 Ἡμεῖς
1439 4001 1494 4054 δὲ
1520 4001 1892 4071 όμο)ογοῦμεν

319 4094 402 4145 ὅτι
441 4093 572 4155 Θεὸς
605 4091 744 4145 ἐστι’
775 4091 870 4145 καὶ
912 4093 975 4144 ὲκ
1003 4090 1112 4143 τῶν
1142 4095 1464 4161 ποιημάτων
1493 4092 1657 4144 αὑτοῦ
1688 4093 1888 4162 γνωρί-

320 4185 432 4246 ζειν
480 4185 644 4236 αὒτὸν
682 4183 935 4252 λέγομενο
985 4185 1051 4253 τῇ
1089 4183 1145 4236 δὲ
1187 4183 1346 4253 οὐσίᾳ
1381 4183 1546 4236 αὑτοῦ
1593 4185 1893 4254 προσεγγί-

319 4274 433 4336 ζειν
457 4276 555 4343 οὐχ
587 4274 1016 4344 ὑπισχνούμεθα.

1998 3093 2118 3148 rati.
2145 3092 2421 3162 Siquidem
2445 3090 2611 3146 Deum
2635 3107 2783 3145 nemo
2813 3093 2944 3147 vidit
2963 3109 3190 3163 unquam
3209 3093 3250 3159 ³,
3275 3095 3569 3149 secundum

1997 3185 2290 3240 essentiam
2323 3183 2601 3252 nimirum,
2635 3200 2810 3256 neque
2837 3200 2903 3240 ex
2933 3185 3000 3241 iis
3018 3186 3108 3255 qui
3147 3185 3213 3239 ad
3241 3184 3410 3254 ipsius
3436 3186 3566 3238 ima-

1997 3277 2176 3347 ginem
2211 3277 2336 3330 lacti
2366 3285 2511 3340 sunt,
2546 3291 2722 3347 neque
2750 3292 2817 3332 ex
2857 3277 2924 3331 iis
2957 3277 3047 3346 qui
3092 3276 3141 3330 ei
3179 3285 3378 3331 astant.
3427 3273 3568 3329 Num

1998 3369 2160 3439 igitur
2191 3369 2284 3438 qui
2343 3368 2436 3423 Dei
2491 3369 2785 3441 essentiam
2823 3370 3037 3424 nescire
3062 3383 3122 3423 se
3153 3367 3368 3430 fatetur,
3403 3366 3568 3420 Demn

1997 3462 2250 3532 ignorare
2277 3476 2336 3516 se
2365 3461 2647 3516 confessus
2669 3461 2790 3516 est?
2813 3460 2919 3516 Sed
2943 3475 3065 3515 eum
3088 3460 3303 3530 quidem
3340 3475 3406 3514 ex
3438 3474 3568 3528 ope-

1998 3557 2151 3608 ribus
2170 3554 2336 3619 novit,
2361 3553 2567 3608 scilicet
2585 3553 3039 3620 omnipotentem,
3065 3554 3246 3606 omnia
3273 3551 3565 3614 videntem,

1999 3645 2223 3709 bonum,
2251 3643 2565 3711 benignum,
2603 3644 2785 3697 mundi
2819 3650 3120 3697 creatorem
3148 3652 3202 3695 et
3240 3643 3568 3712 gubernato-

1999 3750 2114 3790 rem
2145 3745 2199 3790 et
2222 3741 2529 3788 curatorem
2569 3754 2581 3788 :
2615 3733 2792 3802 qualis
2823 3747 2954 3789 vero
2995 3734 3067 3788 sit
3105 3741 3300 3788 natura
3332 3733 3564 3802 ignorat.

1997 3823 2175 3888 Quare
2203 3823 2292 3888 qui
2331 3820 2427 3876 Dei
2479 3823 2840 3876 substantiam
2893 3822 3126 3890 ignorat,
3191 3822 3373 3876 dicere
3421 3822 3566 3890 quod

1998 3916 2137 3970 Deus
2158 3930 2262 3970 non
2292 3915 2520 3972 exsistat
2550 3917 2771 3985 nequit;
2798 3915 3165 3985 insipientium
3178 3914 3319 3970 enim
3340 3916 3441 3969 hoc
3460 3925 3565 3986 est.

1994 4005 2260 4076 Namque,
2283 4006 2429 4060 Dixit
2445 4007 2694 4076 insipiens
2710 4007 2764 4060 in
2784 4008 2939 4060 corde
2959 4022 3053 4060 suo
3076 4023 3096 4060 .'
3115 4005 3239 4060 Non
3259 4015 3336 4060 est
3363 4006 3500 4060 Deus
3524 4009 3562 4061 ⁵⁵.

1993 4095 2103 4150 Nos
2131 4104 2310 4150 autem
2336 4094 2504 4149 Deum
2534 4109 2656 4149 esse
2687 4095 3033 4160 conﬁtemur,
3063 4103 3118 4148 et
3147 4109 3210 4148 ex
3244 4096 3365 4164 ejus
3388 4096 3568 4165 operi-

1992 4187 2093 4243 bus
2119 4201 2216 4243 nos
2247 4202 2369 4241 eum
2398 4201 2730 4258 cognoscere
2757 4187 3010 4255 dicimus,
3042 4190 3110 4242 ad
3134 4189 3428 4244 essentiam
3466 4205 3566 4242 au-

1994 4288 2099 4335 tem
2129 4280 2245 4347 ejus
2279 4281 2541 4334 accedere
2577 4293 2686 4334 non
2716 4280 2977 4334 valemus.

401 4367 554 4419 Ἐπεὶ
577 4362 672 4418 οὗν
699 4368 795 4417 καὶ
819 4367 852 4434 ἡ
877 4365 1024 4436 ψυχὴ
1067 4366 1188 4419 κατ’
1220 4366 1404 4420 εἰκόνα
1431 4366 1567 4420 Θεοῦ
1603 4369 1738 4432 ἐστι,
1771 4367 1887 4420 δια-

2063 4373 2197 4427 Cum
2255 4371 2418 4440 igitur
2462 4370 2528 4424 ad
2589 4369 2682 4426 Dei
2745 4372 3031 4439 imaginem
3058 4372 3128 4427 sit
3163 4372 3366 4437 anima,
3402 4372 3563 4426 intel-

318 4454 557 4522 πέφευγε
588 4453 690 4523 τὴν
716 4453 995 4523 ἡμετέραν
1023 4453 1350 4525 κατάληψιν·
1381 4455 1474 4507 καὶ
1499 4455 1580 4508 ὄτι
1612 4456 1712 4526 μέν
1739 4458 1888 4510 ἐστιν

317 4545 376 4596 ἐν
395 4543 473 4614 τῷ
502 4542 774 4612 ἀνθρώπῳ
805 4542 973 4613 ψυχὴ,
993 4539 1114 4598 οῐδα
1143 4545 1354 4613 σαφῶς,
1378 4546 1471 4598 καὶ
1494 4547 1560 4599 ὲκ
1581 4547 1690 4600 τῶν
1716 4549 1887 4616 ἁγίων

315 4633 544 4703 Γραφῶν
575 4632 777 4701 ἔμαθον
805 4633 1014 4703 ταύτην
1044 4635 1314 4690 ἀθάνατον
1342 4631 1482 4691 εἶναι
1507 4676 1521 4702 ,
1550 4641 1671 4692 κατ’
1698 4642 1886 4693 είκόνα

311 4724 408 4777 τοῦ
437 4724 758 4786 κτίσαντοςο
786 4724 839 4776 τί
868 4724 926 4777 δὲ
951 4727 985 4795 ἡ
1014 4726 1170 4780 οὐσία
1200 4727 1370 4797 αὐτῆς
1407 4729 1579 4793 ἔστιν,
1605 4730 1744 4801 ὑπὲρ
1771 4732 1888 4784 διὰ-

313 4833 461 4870 νοιαν
493 4816 736 4886 τίθεμαι.
772 4817 883 4870 Καὶ
913 4813 1029 4870 οῖδα
1059 4813 1186 4884 οὖν,
1228 4820 1324 4873 καὶ
1356 4821 1457 4872 οὐκ
1489 4818 1606 4874 οῖδα
1630 4838 1643 4853 ·
1689 4824 1748 4875 οὐ
1779 4826 1889 4893 μὴν

312 4906 454 4959 κατὰ
489 4907 705 4969 ταύτὸν,
740 4906 875 4959 ἀλλὰ
903 4907 1023 4960 κατ’
1057 4907 1187 4960 ἄλλο
1220 4907 1320 4978 μὲν
1351 4904 1491 4975 οῖδα,
1525 4911 1644 4963 κατ’
1673 4910 1801 4965 ἄλλο
1829 4913 1884 4964 δὲ

311 4997 511 5064 ἀγνοῶ’
537 4999 632 5052 καὶ
662 4999 907 5061 εἰκότως.
932 4999 994 5052 Ei
1023 5001 1120 5069 μὲν
1147 5001 1258 5071 γὰρ
1284 5002 1609 5075 καταληπτὴ
1633 4999 1701 5075 ἦν
1721 5006 1755 5074 ἡ
1777 5005 1877 5075 τῆς

310 5091 520 5155 εἰκόνος
546 5092 724 5155 οὐσία,
762 5094 794 5161 ὴ
831 5092 885 5144 δὲ
913 5093 1006 5146 τοῦ
1041 5094 1176 5147 Θεοῦ
1203 5095 1618 5166 ἀκατάληπτος,
1657 5099 1688 5166 ὴ
1727 5098 1880 5150 ἐναν-

310 5178 494 5247 τιότης
534 5180 642 5233 τῶν
675 5180 1162 5253 ὲπιθεωρουμένων
1206 5184 1268 5238 τὸ
1304 5185 1752 5258 διημαρτημένον
1784 5186 1884 5257 τῆς

309 5267 520 5335 εἰκόνος
545 5270 820 5343 διήνεγκε.

370 5447 384 5478 ³
428 5446 528 5506 lsa.
561 5467 639 5518 γι,
681 5453 729 5506 l.
802 5455 824 5485 ¹
850 5453 986 5512 Gen.
1021 5470 1193 5523 xxxtl,
1221 5454 1311 5516 50.
1389 5455 1408 5486 ⁸
1446 5454 1603 5520 Joan.
1627 5473 1668 5523 ι,
1702 5458 1788 5513 18.

1995 4462 2270 4533 ligentiam
2303 4471 2547 4516 nostram
2569 4472 2858 4531 exsuperat
2881 4480 2895 4528 ;
2922 4472 3142 4539 etquod
3170 4463 3221 4517 in
3256 4463 3473 4518 homine
3495 4467 3562 4516 sit

1994 4557 2198 4620 anima,
2237 4554 2367 4609 illud
2401 4554 2645 4623 profecto
2677 4557 2823 4618 novi,
2855 4565 2908 4616 et
2957 4570 3018 4614 ex
3066 4555 3236 4610 sacris
3265 4554 3563 4624 Scripturis

1994 4645 2138 4700 illam
2180 4645 2538 4718 immortalem
2577 4660 2698 4700 esse
2725 4646 2917 4710 didici,
2955 4647 3022 4700 ad
3066 4645 3342 4700 Creatoris
3373 4647 3563 4715 imagi-

1993 4751 2152 4800 nem;
2181 4735 2310 4804 quid
2344 4749 2475 4789 vero
2504 4735 2574 4788 sit
2607 4735 2724 4803 ejus
2758 4734 3015 4800 essentia,
3052 4735 3101 4787 id
3147 4750 3307 4804 supra
3357 4735 3559 4789 intelli—

1991 4827 2227 4896 gentiam
2250 4825 2450 4882 faleor.
2477 4824 2544 4878 Et
2565 4839 2833 4894 cognosco
2851 4839 3001 4890 ergo,
3033 4832 3087 4880 et
3114 4840 3218 4878 non
3251 4841 3557 4896 cognosco;

1993 4931 2096 4984 non
2141 4916 2388 4984 equidem
2429 4914 2617 4969 eodem
2653 4902 2839 4978 modo,
2871 4918 2964 4972 sed
3014 4917 3171 4971 aliter
3206 4918 3349 4981 novi,
3406 4918 3563 4970 aliter

1989 5004 2175 5068 ignoro
2201 5019 2214 5053 :
2237 5011 2290 5055 et
2313 5002 2428 5063 iure
2453 5003 2773 5073 meritoque.
2812 5004 2866 5058 Si
2890 5006 3033 5059 enim
3056 5006 3563 5074 comprehensibilis

1986 5100 2132 5146 esset
2181 5090 2433 5169 imaginis
2455 5095 2715 5159 essentia,
2769 5096 2862 5150 Dei
2899 5111 3027 5152 vero
3083 5100 3316 5151 essentia
3367 5097 3565 5150 incom-

1995 5181 2398 5252 prehensibilis,
2437 5185 2550 5241 haec
2581 5185 2886 5260 diﬂ‘erentia
2921 5189 3172 5259 imaginis
3195 5187 3560 5259 imperlectio—

1993 5287 2115 5328 nem
2157 5285 2429 5341 argueret.

1867 5459 1888 5487 ⁸
1915 5454 2056 5512 Psal.
2093 5473 2212 5526 snt,
2235 5460 2289 5514 4.

381 5621 426 5654 ³⁸
452 5623 818 5696 ἀρχώμεθα...
842 5629 1098 5697 ἐδόξασαν
1129 5633 1263 5704 (col.
1300 5649 1414 5704 seq.
1447 5634 1485 5687 Β
1515 5635 1528 5687 l
1558 5634 1576 5703 )
1623 5648 1731 5688 om.
1758 5632 1816 5688 P.

1999 5633 2048 5685 ic
2071 5634 2133 5686 Α.
2211 5633 2259 5665 ³⁸
2287 5635 2479 5702 ῥητέον
2503 5635 2611 5690 vid.
2637 5635 2740 5707 leg.
