4070 6216
519 246 652 305 ΗΜ
1825 237 2113 295 MELETII

2167 238 2464 297 MONACIII
2781 229 2790 236 ’
3635 238 3774 297 ιιιθτ

587 366 724 421 Cum
761 371 939 418 autem
992 360 1405 433 intelligentiam
1457 369 1703 417 nostram
1753 360 1922 431 fugiat
1975 364 2093 431 ejus
2124 379 2167 434 Α

2164 425 2167 432 ι
2281 365 2433 419 Ἐπεὶ
2466 366 2521 417 δι
2554 363 2747 433 φεύγει
2774 362 2873 432 τὴν
2906 359 3108 430 γνῶσιν
3142 359 3298 431 ἡμῶν
3326 360 3425 431 τῆς
3447 360 3642 423 οὐσίας
3673 363 3771 415 αὖε

518 456 770 514 εεεειιιίιε
826 453 1277 522 comprehensio,
1334 452 1937 523 incomprehensibilem
1996 454 2085 507 Dei

2192 459 2290 527 τῆς
2329 460 2362 527 ὴ
2403 456 2730 525 κατάληψις,
2764 456 2864 525 τὴν
2893 454 3281 524 ἀκατάληπτον
3319 453 3479 522 φύσιν
3515 452 3657 506 Θεοῦ
3694 453 3775 526 τῷ

518 558 770 603 naturam
799 557 895 613 per
919 544 968 596 id
996 542 1138 611 quod
1164 544 1405 613 ignotum
1437 553 1523 597 est
1549 542 1605 596 in
1633 557 1697 597 ea
1730 544 2085 597 demonstrat.

2191 552 2312 602 κατ’
2363 549 2535 619 αὐτὴν
2588 545 2852 615 ἀγνώστῳ
2902 544 3318 617 χαρακτηρίζει.
3368 544 3478 597 Καὶ
3524 543 3774 615 ἀκριϐῶς

516 639 583 695 Ει
618 644 874 694 accurate
913 633 1196 703 archetypi
1232 633 1643 688 similitudinem
1678 634 1840 688 habet
1867 645 1923 686 nt
1962 648 2086 687 vera

2201 639 2328 711 πρὸς
2372 640 2441 692 τὰ
2488 640 2830 709 ὑποκείμενα
2880 636 2981 707 τὴν
3016 637 3310 707 ὁμοιότητα
3342 636 3458 706 ἔχει
3488 636 3564 698 ὡς
3604 635 3776 688 εἰκὼν

518 731 713 798 imago.
760 724 817 779 Si
848 737 981 778 vero
1007 738 1073 778 eo
1114 723 1257 791 quod
1292 724 1501 793 absque
1558 723 1717 777 initio
1752 734 1838 777 est
1867 724 2005 777 Deus
2037 733 2093 777 et

2192 730 2423 801 ἀληθής.
2458 730 2520 783 Εί
2546 730 2603 783 δὲ
2637 732 2719 782 ὅτι
2746 728 2984 799 ἁναρχός
3016 730 3165 781 ἐστιν
3192 730 3220 781 ὁ
3253 726 3386 791 Θεὸς
3417 727 3514 781 καὶ
3542 726 3771 781 ἀτελεύ-

517 820 781 883 inﬁnitus,
808 818 934 870 dum
964 816 1178 870 initium
1213 816 1405 893 habuit
1439 815 1642 880 anima,
1666 815 1878 869 etiamsi
1928 817 2087 869 linem

2187 838 2372 892 τητος,
2405 821 2608 892 ἤρξατο
2644 818 2699 873 δὲ
2730 820 2763 889 ἡ
2795 819 2965 891 ψυχὴ,
2996 821 3044 871 εί
3071 820 3165 873 καὶ
3189 819 3339 881 τέλος
3363 819 3461 887 οὐχ
3490 820 3625 884 ἕξει,
3655 819 3774 871 δια-

515 927 621 967 non
680 909 922 972 habebit,
980 908 1096 962 haec
1156 923 1262 962 non
1317 907 1546 977 amplius
1595 907 1772 977 imago
1801 921 1927 959 vera
1969 921 2089 961 esse

2191 915 2381 967 πίπτει
2416 911 2513 965 τοῦ
2551 908 2692 975 εῖναι
2726 910 2895 965 εἰκὼν
2924 910 3160 980 ἀληθής
3201 911 3262 963 οὐ
3291 910 3350 964 δὲ
3379 910 3537 964 τοῦτο
3562 909 3774 980 ἁπορον

513 1004 779 1066 videatur,
832 999 916 1054 vel
985 999 1219 1067 objectio
1287 997 1447 1053 facile
1493 998 1751 1054 solvetur.
1784 997 1934 1052 Cur?
1964 998 2089 1066 quia

2190 1005 2269 1068 είς
2299 1003 2621 1072 ἀπολογίαν.
2648 1002 2835 1066 Διατί;
2858 1002 2941 1054 ὅτι
2974 1002 3159 1055 εἰκόνα
3184 1000 3416 1072 λέγομεν
3444 1000 3506 1054 τδ
3538 1000 3634 1053 τοῦ
3673 1000 3772 1070 βα-

515 1094 803 1165 intagiuem
834 1091 1066 1146 dicimus
1102 1091 1243 1160 regis
1266 1090 1695 1154 similitudinem,
1720 1091 1814 1144 sed
1859 1105 1978 1157 quae
2020 1088 2089 1143 ab

2192 1096 2385 1159 σιλέως
2413 1094 2667 1165 ὁμοίωμα
2688 1133 2703 1158 ,
2745 1093 2882 1147 ἁλλὰ
2921 1092 3057 1145 πολὺ
3101 1093 3360 1163 διάφορον
3386 1092 3488 1162 τῆς
3513 1091 3774 1146 αἰσθανο-

514 1187 846 1256 intelligente
864 1184 1090 1238 multum
1116 1181 1315 1236 differt.
1345 1182 1501 1235 Etdii
1543 1181 1796 1246 dicimur,
1837 1180 1929 1235 sed
1981 1193 2086 1233 non

2193 1187 2384 1259 μένηςο
2416 1188 2512 1241 καὶ⁵
2538 1187 2651 1240 θεοὶ
2679 1184 2973 1255 λεγόμεθα,
3004 1183 3120 1237 ἁλλ’
3147 1184 3245 1254 οὐχ
3265 1185 3341 1246 ὡς
3368 1185 3395 1237 ὁ
3420 1183 3583 1253 φύσει
3612 1183 3768 1246 Θεόῖ

515 1280 654 1334 sicut
687 1276 780 1347 qui
826 1289 890 1329 ex
929 1284 1119 1328 natura
1150 1275 1324 1337 Deus;
1348 1283 1402 1328 et
1446 1272 1539 1328 filii
1573 1272 1783 1325 Excelsi
1805 1310 1819 1334 ,
1854 1272 1948 1326 sed
1978 1284 2086 1325 non

2191 1282 2284 1335 καὶ
2335 1282 2387 1334 oi
2431 1280 2539 1334 υίοὶ
2588 1279 2867 1349 Ὑψίστου,
2925 1278 3041 1331 ἁλλ’
3082 1278 3142 1330 οὐ
3177 1278 3322 1331 κατὰ
3367 1278 3458 1330 τὸν
3501 1274 3771 1347 μονογενῆ

518 1371 660 1425 sicut
712 1366 1021 1437 unigenitns
1056 1362 1259 1431 Filius;
1294 1373 1349 1418 et
1381 1364 1559 1431 imago
1591 1362 1708 1424 Dei,
1742 1361 1837 1417 sed
1887 1375 1993 1414 non
2029 1370 2089 1413 ut

2191 1374 2341 1427 Υίόν·
2381 1373 2477 1428 καὶ
2509 1372 2675 1427 εἰκὼν
2709 1372 2867 1435 Θεοῦ,
2904 1370 3021 1423 ἀλλ’
3047 1371 3145 1441 οὐχ
3173 1371 3250 1434 ὡς
3279 1370 3340 1423 τὸ
3376 1370 3768 1441 πρωτότυπον·

516 1464 893 1531 prototypnm;
960 1461 1184 1523 propter
1239 1466 1433 1508 causas
1471 1451 1697 1514 multas,
1731 1462 1868 1518 quas
1922 1462 2088 1503 nove-

2189 1467 2277 1521 διὰ
2311 1466 2513 1528 πολλὰς
2555 1465 2759 1532 αίτίας,
2801 1465 2868 1528 ἃς
2887 1465 2933 1497 ⁸³
2961 1462 3135 1518 οἴδασι
3186 1464 3337 1534 μόνοι
3374 1465 3426 1516 oi.
3473 1462 3684 1531 γνῶσιν
3716 1464 3772 1515 ἑν

515 1556 645 1601 runt
676 1545 847 1601 solum
875 1543 1072 1613 quibus
1105 1543 1348 1597 scientiae
1376 1543 1552 1596 lumen
1592 1540 1814 1595 aﬂ'ulsit.

1261 1545 1348 1597 ιῑω
1376 1543 1552 1596 lumen
1592 1540 1814 1595 affulsit.
2196 1558 2405 1611 συνέσει
2431 1556 2864 1628 κατορθωκότες,

588 1636 693 1689 Res
719 1648 850 1703 ergo
883 1647 1004 1687 cum
1034 1632 1107 1686 ita
1142 1646 1202 1687 se
1229 1631 1446 1696 habeat,
1480 1629 1725 1684 dicemus
1765 1627 1832 1682 de
1861 1641 1924 1681 ea
1968 1640 2089 1696 qum

2276 1649 2431 1702 Ἐπεὶ
2478 1643 2572 1703 οὖν
2598 1649 2746 1701 τοῦθ’
2776 1648 2949 1710 οὕτως
2983 1647 3118 1717 ἔχει,
3160 1647 3405 1716 εἴπωμεν
3438 1647 3568 1717 περὶ
3596 1647 3772 1716 αὐτῆς

514 1737 727 1781 veteres
752 1725 1026 1793 sapientes
1058 1722 1263 1792 opinati
1290 1731 1435 1775 sunt.
1469 1720 1714 1790 Namque
1739 1718 2088 1788 philosopho-

2161 1749 2162 1784 ἓ
2192 1744 2291 1797 ὅσα
2329 1742 2379 1795 οί
2410 1741 2577 1796 πάλαι
2606 1742 2760 1811 σοφοὶ
2788 1741 3066 1805 ἐδόξασαν.
3096 1742 3159 1793 Oi
3195 1740 3295 1809 μὲν
3326 1739 3435 1810 γὰρ
3468 1740 3577 1791 τῶν
3618 1737 3768 1805 φιλο-

517 1833 634 1874 rum
682 1817 771 1871 alii
824 1816 1069 1884 corporis
1098 1818 1305 1876 instar,
1358 1813 1605 1883 corporis
1663 1820 1942 1881 expertem
1995 1810 2086 1864 alii

2193 1833 2373 1904 σόφων
2400 1833 2562 1904 σῶμα
2593 1831 2692 1904 τὴν
2718 1833 2899 1904 ψυχὴν
2928 1832 3359 1900 ἀποφαίνονται,
3385 1833 3436 1882 oi.
3454 1830 3511 1883 δὲ
3542 1829 3769 1897 ἀσώμα-

514 1907 761 1963 arbitrati
787 1914 915 1961 sunt
944 1906 1205 1960 animam.
1251 1903 1369 1959 Uno
1402 1903 1571 1957 verbo
1619 1902 1685 1957 de
1715 1901 1969 1957 omnibus
1995 1901 2088 1969 qni

2188 1901 2301 1980 τον.
2331 1901 2502 1996 Κοινῆ
2530 1924 2629 1995 μὲν
2648 1901 2743 1977 οὖν
2932 1924 3142 1987 πάντας
3165 1923 3294 1985 τοὺς
3316 1922 3579 1989 λέγοντας
3606 1920 3769 1990 σῶμα

513 1996 760 2067 corporis
785 1997 960 2052 instar
994 1996 1235 2051 animam
1284 1995 1541 2048 dixerunt
1578 1993 1694 2047 sive
1730 2002 1988 2057 mentem,
2017 1992 2089 2045 sit

2189 2018 2289 2086 τὴν
2318 1992 2501 2088 ψυχὴν
2516 1992 2541 2080 ,ν
2567 2010 2680 2069 οἷον
2713 1992 2874 2081 νοῦν,
2922 2014 2954 2083 ἢ
3004 2014 3138 2084 πῦρ,
3171 2014 3205 2084 ἢ
3237 2011 3380 2081 ὕδωρ
3402 2052 3416 2075 ,
3448 2011 3482 2082 ἦ
3522 2005 3687 2080 αἷμα,
3733 2010 3764 2079 ἢ

513 2091 673 2161 ignis,
697 2098 789 2143 aut
815 2104 976 2159 aqua,
997 2095 1091 2142 aut
1118 2086 1363 2155 sanguis,
1387 2092 1474 2137 aut
1493 2099 1609 2152 aer,
1634 2094 1726 2137 aut
1744 2083 1888 2136 aliud
1920 2083 2086 2152 quod-

2190 2083 2348 2177 ἀέρα,
2455 2083 2514 2158 ἐί
2548 2124 2601 2159 τι
2633 2105 2784 2170 ἄλλο,
2824 2105 3051 2176 ἀρκέσει
3090 2083 3168 2158 τὰ
3196 2083 3375 2174 παρὰ
3423 2102 3693 2172 Ἀμωνίου
3720 2103 3764 2132 ⁸⁸

514 2183 665 2247 libet,
694 2178 887 2235 afferre
921 2177 1153 2234 suﬁlciat
1195 2175 1468 2230 Ammonii
1518 2173 1866 2245 Pythagorici
1902 2173 2086 2238 verba,

2189 2173 2282 2255 τοῢ
2329 2173 2714 2272 Πυθαγορικοῦ
2775 2173 3079 2269 εἰρημένα·
3119 2198 3227 2251 εἰσὶ
3271 2173 3329 2250 δὲ
3384 2195 3585 2249 ταῦτα’
3618 2215 3638 2247 ι
3675 2196 3757 2249 Τὰ

514 2286 706 2341 nempe
741 2289 753 2325 :
791 2290 807 2322 ι
848 2269 1090 2340 Corpora
1126 2269 1345 2337 prOpria
1373 2276 1563 2319 natura
1592 2265 1798 2319 caduca
1830 2279 1953 2318 cum
1982 2264 2089 2317 sint

2191 2292 2418 2363 σώματα
2470 2264 2770 2363 τῇόίκεία
3053 2288 3267 2361 τρεπτὰ
3316 2288 3447 2343 ὄντα
3494 2288 3591 2342 καὶ
3631 2305 3760 2341 σκε-

514 2374 567 2420 ει
584 2364 725 2418 Πυιιι
748 2371 799 2419 ει
821 2364 887 2416 ad
910 2360 1180 2416 infinitum
1198 2359 1417 2412 omnino
1437 2357 1679 2423 dividua,
1699 2371 1926 2426 quorum
1946 2354 2088 2409 nulla

2187 2354 2392 2449 δαδτὰ,
2425 2354 2852 2446 καίδιόλου-είς
2898 2354 3131 2453 ἄπειρον
3167 2380 3384 2452 τμητὰ,
3419 2381 3653 2452 μηδενὸς
3705 2381 3768 2432 ἐν

514 2470 642 2527 pars
678 2442 1036 2509 immutabilis
1064 2459 1339 2514 remanet;
1374 2450 1507 2519 ipsis
1529 2449 1844 2503 continente
1875 2456 1930 2502 et
1960 2463 2091 2501 eou-

2188 2442 2389 2538 αὐτοῖς,
2441 2442 2844 2544 αἰιμεταδλήτου⁷
2898 2442 3380 2543 ὑπολειπομένου,
3419 2442 3593 2524 δείται
3632 2442 3765 2522 τοῦ

514 2551 743 2604 ducente
772 2554 825 2600 et
847 2543 997 2613 quasi
1017 2540 1339 2611 coagulante
1361 2541 1788 2610 dominanthue
1816 2554 1955 2609 Opus
1974 2549 2085 2605 est;

2192 2540 2510 2633 συνέχοντος
2539 2564 2634 2617 καὶ
2656 2540 3002 2632 συνάγοντος,
3037 2563 3129 2616 καὶ
3151 2540 3337 2633 ὥσπερ
3365 2561 3762 2631 συσφίγγοντος

514 2642 657 2710 quod
673 2638 909 2690 animant
924 2635 1175 2699 dicimus;
1185 2635 1294 2701 jam
1307 2632 1353 2686 si
1373 2630 1553 2685 anima
1569 2642 1652 2686 est
1666 2645 1883 2700 corpus,
1902 2647 2091 2700 quam-

2190 2657 2285 2709 καὶ
2319 2630 2925 2728 συγκρατοὼτοςαῦτά·
2952 2655 3089 2724 ὅπερ
3114 2655 3292 2725 ψυχὴν
3311 2630 3564 2724 λέγομεν.
3593 2652 3661 2706 Εἴ
3679 2669 3770 2705 τοι

512 2730 594 2785 vis
611 2728 1049 2790 subtilissimum,
1068 2735 1149 2782 est
1179 2728 1344 2780 etiam
1364 2724 1588 2795 aliquid,
1608 2724 1747 2794 quod
1764 2724 1934 2795 ipsam
1959 2738 2089 2778 con-

2189 2744 2285 2800 νῦν
2318 2724 2478 2815 σῶμὰ
2506 2746 2652 2798 ἐστιν
2683 2745 2715 2815 ἡ
2744 2743 2892 2815 ψυχὴ
2911 2783 2928 2808 ,
2957 2741 3070 2797 οἷον
3101 2724 3323 2815 δήποτε,
3360 2745 3408 2797 εί
3442 2744 3537 2797 καὶ
3564 2744 3769 2797 λεπτο-

516 2823 723 2888 tineat;
756 2821 1156 2875 demontratum
1187 2825 1273 2872 est
1299 2817 1444 2871 enim
1478 2831 1677 2885 corpus
1718 2832 1879 2871 omne
1913 2816 2087 2870 conti-

2272 2810 2529 2907 ρέστατόν
2548 2852 2623 2898 τι,
2639 2810 2801 2889 πὰλιν
2823 2810 2941 2887 ἔςὲτι
2965 2834 3025 2887 τὸ
3047 2810 3270 2904 συνέχον
3294 2834 3531 2905 ἐκείνην·
3549 2832 3768 2904 ἐδείχθη
3870 2810 3879 2821 ’

514 2925 677 2969 nente
701 2912 933 2981 quodam
972 2910 1254 2977 indigere;
1282 2918 1337 2963 et
1367 2908 1445 2963 sic
1472 2908 1525 2962 in
1558 2909 1861 2962 infinitum:
1892 2909 2089 2964 absur-

2190 2924 2298 2994 γὰρ
2327 2926 2435 2977 πᾶν
2460 2923 2619 2994 σῶμα
2637 2923 2844 2977 δεῖσθαι
2871 2922 2969 2976 τοῦ
2998 2924 3332 2994 συνέχοντος·
3359 2925 3456 2978 καὶ
3478 2923 3659 2987 οὕτως
3690 2928 3770 2987 εἰς

515 3005 641 3060 dum
665 3013 841 3058 autem
868 3003 1088 3055 omnino
1107 3000 1372 3070 principia
1403 2999 1791 3070 principiorum
1813 3013 2088 3069 quaerere;

2191 3015 2439 3085 ἄπειρον.
2476 3014 2704 3083 ’Λλογον
2728 3015 2784 3068 δὲ
2813 3014 3193 3078 παντελῶς’τὸ
3225 3014 3411 3087 ζητεῖν
3436 3015 3613 3087 ἀρχὴν
3640 3015 3768 3068 κατ’

516 3112 647 3169 ergo
679 3097 861 3150 anima
899 3110 1003 3149 non
1036 3103 1120 3148 est
1154 3107 1370 3164 corpus.
2116 3079 2123 3121 ⁴

2116 3070 2157 3129 c
2191 3070 2399 3176 ἀρχὴν·
2433 3104 2573 3158 ὥστε
2604 3070 2665 3158 ἑο
2699 3104 2855 3176 σῶμα
2883 3106 2915 3177 ὴ
2943 3070 3114 3177 ψυχη.
3156 3126 3174 3159 ι

564 3187 765 3242 Contra
788 3198 883 3239 eos
902 3194 1081 3239 autem
1102 3185 1193 3253 qui
1217 3186 1591 3254 incorpoream
1616 3182 1802 3238 dicunt
1827 3182 2085 3250 animam,

2263 3195 2406 3266 Πρὸς
2430 3196 2487 3250 δὲ
2514 3196 2639 3260 τοὺς
2668 3196 2927 3265 λέγοντας
2948 3196 3121 3268 αὐτὴν
3144 3197 3455 3268 ἀσώματον,
3482 3198 3559 3269 μὴ
3587 3198 3786 3263 καλῶς-

514 3292 616 3334 ιιεε
645 3278 781 3333 bene
817 3278 1279 3341 demonstrarunt,
1304 3275 1527 3345 prodeat
1549 3274 1705 3330 Plato
1734 3293 1748 3329 :
1787 3294 1805 3327 ι
1842 3273 2087 3345 Oportet,

2192 3286 2630 3358 σκεπτομένους,
2699 3289 2728 3340 ὁ
2797 3287 3026 3341 Πλάτων
3086 3288 3498 3357 ἀπολογείσθω,
3564 3306 3585 3339 ι
3650 3291 3769 3349 Δεῖ.

515 3367 715 3438 inquit,
757 3380 879 3420 eum
927 3365 1020 3434 qui
1073 3373 1217 3419 recte
1254 3362 1618 3434 philosophari
1660 3364 1793 3428 vult,
1846 3364 2090 3433 apprime

2189 3377 2395 3446 λέγων,
2423 3377 2518 3430 τὸν
2576 3377 2838 3447 μέλλοντα
2894 3378 3246 3448 βουλεύεσθαι
3305 3378 3505 3444 καλῶς,
3565 3378 3769 3433 εἰδέναι

515 3458 658 3514 scire
684 3458 751 3511 de
781 3470 886 3526 qua
914 3469 974 3509 re
1001 3464 1274 3525 quaeratur
1307 3473 1322 3509 :
1353 3454 1491 3510 alias
1507 3454 1653 3510 enim
1685 3456 1908 3511 omnino
1933 3471 2089 3512 erra-

2190 3467 2372 3531 καλῶς
2415 3468 2548 3538 περὶ
2581 3469 2705 3521 ὅτου
2765 3469 3043 3540 ήσκὲψις,
3095 3469 3128 3540 ἢ
3177 3470 3271 3523 τοῦ
3325 3470 3525 3531 παντὸς
3584 3472 3767 3541 ἁμαρ-

516 3552 616 3607 bit.
668 3570 687 3604 ι
732 3549 839 3605 Vos
888 3558 1065 3605 autem
1123 3550 1475 3604 vehementer
1512 3551 1927 3618 contendentes,
1959 3552 2089 3621 quid

2188 3559 2370 3614 τὰνειν
2402 3560 2636 3630 ἀνάγκη.
2678 3579 2695 3611 ι
2743 3560 2930 3631 Ὑμεῖς
2991 3560 3047 3613 δὲ
3084 3559 3553 3630 προσκρούοντες,
3589 3562 3646 3613 τί
3691 3561 3771 3612 δι-

517 3641 789 3698 definitis?
818 3639 1104 3708 Quomodo
1134 3642 1280 3694 enim
1314 3654 1401 3694 res
1429 3639 1653 3711 singula:
1698 3642 1809 3695 sint
1842 3642 2089 3697 conside-

2189 3649 2460 3721 οριεϊσθε;
2495 3645 2539 3719 ᾧ
2564 3650 2676 3722 γὰρ
2705 3651 2773 3704 τὰ
2803 3650 2925 3704 καθ’
2959 3651 3168 3705 ἕκαστα
3193 3652 3387 3722 ὁρᾶται
3427 3651 3584 3720 ἔχετε
3605 3667 3620 3680 ·
3644 3646 3693 3718 ᾦ
3718 3652 3771 3704 δὲ

517 3735 698 3790 renda:
727 3732 932 3798 nostis;
964 3732 1233 3802 quomodo
1263 3740 1454 3797 totum,
1502 3747 1865 3803 nequaquam.
1901 3732 2008 3790 Sed
2037 3745 2094 3789 et

2190 3742 2257 3793 τὰ
2291 3741 2522 3796 καθόλου
2556 3740 2699 3810 οὐχί.
2741 3739 2906 3794 Ἀλλὰ
2941 3742 3038 3793 καὶ
3068 3741 3097 3792 ὁ
3134 3740 3398 3808 Θεολὸγος
3437 3741 3769 3811 Γρηγόριος.

516 3824 824 3894 Theologus
876 3822 1170 3893 Gregorius
1221 3824 1287 3878 ad
1339 3822 1481 3879 hanc
1517 3823 1647 3878 dicit
1671 3825 2024 3893 quaestionem
2070 3841 2085 3878 :

2191 3833 2326 3903 πρὸς
2357 3833 2546 3887 τοῦτόν
2580 3850 2715 3902 φησι
2744 3832 2835 3885 τὸν
2874 3832 3077 3885 σκοπόν
3098 3848 3111 3861 ·
3151 3850 3168 3882 t
3211 3832 3452 3901 Οὐδεμία
3481 3831 3652 3900 φύσις
3690 3834 3773 3885 ὅτι

522 3937 542 3970 ι
567 3917 719 3974 Nulla
752 3926 947 3971 natura
981 3924 1067 3973 est
1093 3916 1221 3986 quia
1253 3931 1358 3969 non
1390 3926 1474 3972 est
1503 3916 1629 3982 hoc,
1664 3918 1758 3972 sed
1789 3919 1913 3986 quia
1939 3917 2085 3986 hoc;

2194 3924 2269 3995 μὴ
2295 3924 2413 3977 τόδε
2449 3924 2619 3986 ἐστὶν,
2652 3923 2766 3976 ἀλλ’
2794 3924 2877 3977 ὅτι
2901 3923 3044 3989 τόδε,
3073 3924 3107 3994 ἡ
3136 3923 3231 3977 τοῦ
3269 3924 3420 3987 ὄντος
3455 3924 3637 3987 θέσις,
3674 3924 3772 3993 οὐχ

515 4010 633 4081 ejus
662 4010 806 4079 quod
839 4008 1159 4079 est,pOsitio
1195 4024 1300 4063 non
1334 4008 1453 4078 ejus
1476 4009 1620 4076 quod
1653 4024 1757 4063 non
1786 4019 1873 4063 est
1927 4024 2088 4077 nega-

2189 4016 2222 4084 ὴ
2257 4013 2350 4068 τοῦ
2392 4013 2468 4085 μὴ
2494 4014 2647 4076 ὄντος
2688 4014 2993 4085 ἀναίρεσις
3026 4014 3085 4067 τὸ
3116 4014 3227 4085 γὰρ
3255 4014 3438 4082 λέγειν
3472 4015 3773 4085 ἀσώματον

521 4107 618 4160 tio.
652 4103 905 4171 Namque
953 4103 1324 4170 incorporeatn
1361 4100 1405 4155 si
1441 4100 1640 4155 dixeris
1673 4100 1933 4164 animant,
1981 4114 2087 4156 non

2189 4105 2287 4176 τὴν
2311 4105 2505 4175 ψυχὴν,
2526 4105 2625 4175 οὐχ
2653 4106 2732 4158 ὃτι
2758 4106 2873 4159 ἐστι
2900 4106 3116 4177 δηλοῖ...
3142 4107 3245 4159 εἴτι
3268 4107 3315 4141 ⁸⁵
3337 4107 3436 4160 οὐκ
3460 4105 3576 4159 ἔστι
3606 4107 3774 4176 τυχὸν

518 4196 659 4266 quod
700 4202 805 4249 ‘est
856 4193 1176 4259 ostendisti,
1222 4192 1322 4247 nisi
1382 4191 1613 4246 fortasse
1676 4193 1816 4258 quod
1866 4199 2090 4246 nonest

1222 4192 1322 4247 nisi
1382 4191 1613 4246 fortasse
1676 4193 1816 4258 quod
1866 4204 1971 4245 non
2005 4199 2090 4246 est
2189 4197 2270 4253 ὅτι
2301 4195 2460 4267 σῶμα
2483 4196 2584 4250 οὐκ
2617 4195 2754 4249 ἔστι.
2790 4214 2806 4246 ι

520 4301 614 4343 COI'
655 4299 731 4340 us.
783 4304 801 4336 ι

591 4301 893 4427 Ιξέιιιιτειιιιε
922 4369 1260 4424 harmoniam
1289 4369 1525 4422 animam
1567 4382 1687 4423 esse
1736 4367 2002 4435 definivit,
2034 4379 2088 4425 et
2119 4408 2127 4462 1

2260 4372 2551 4444 Δείναρχος
2580 4373 2639 4426 δὲ
2670 4372 2934 4444 ἁρμονίαν
2967 4371 3207 4440 ὡρίσατο
3235 4371 3337 4439 τὴν
3374 4370 3555 4440 ψυχὴν
3601 4365 3771 4431 εἷναι.

519 4478 714 4535 corpus
740 4463 949 4533 lyram;
979 4460 1072 4533 sed
1093 4459 1213 4530 plus
1239 4469 1293 4515 et
1317 4459 1495 4515 minus
1524 4458 1802 4514 harmonia
1828 4460 2086 4525 admittit,
2119 4458 2126 4462 ’

2191 4464 2281 4518 καὶ
2324 4464 2493 4534 λύραν
2524 4466 2586 4517 τὺ
2621 4466 2800 4534 σῶμα·
2843 4462 2960 4515 ἀλλ’
3000 4464 3033 4530 ἡ
3075 4461 3310 4532 ἁρμονία
3346 4461 3665 4530 ἐπιδέχεται
3713 4462 3784 4513 τὸ

521 4558 767 4612 tensi0ne
803 4565 857 4611 et
882 4552 1217 4608 relaxatione
1250 4552 1468 4607 :anima
1499 4565 1629 4607 vero
1661 4566 1765 4607 non
1798 4561 1881 4607 est
1907 4555 2088 4607 anima

2194 4554 2394 4623 μᾶλλον
2445 4555 2543 4608 καὶ
2569 4550 2751 4625 ἧττον,
2790 4552 2868 4623 τῷ
2919 4554 3185 4624 χαλᾶσθαι
3218 4554 3313 4605 καὶ
3351 4552 3769 4606 ἐπιτείνεσθαι·

519 4649 639 4731 plus
683 4658 736 4702 et
783 4647 985 4710 minus,
1029 4643 1126 4701 sed
1176 4659 1276 4700 nec
1336 4644 1451 4715 ipsa
1495 4642 1678 4713 seipsa
1721 4645 1843 4713 plus
1878 4654 1938 4699 et
1989 4644 2090 4699 mi-

2188 4646 2332 4717 ψυχὴ
2355 4646 2410 4699 δὲ
2433 4646 2608 4717 ψυχῆς
2627 4647 2727 4699 οὐκ
2752 4646 2868 4699 εστι
2905 4645 3106 4715 μᾶλλον
3130 4644 3225 4697 καὶ
3259 4639 3425 4711 ἧττον
3452 4660 3466 4675 θ
3496 4643 3613 4697 ἁλλ’
3649 4644 3776 4698 οὐδὲ

522 4755 646 4806 nus,
693 4753 799 4794 non
848 4752 976 4809 ergo
1023 4736 1305 4791 harmonia
1352 4735 1554 4789 anima.
1604 4731 1875 4789 Praeterea
1908 4732 2087 4787 anima

2188 4738 2326 4809 αὑτὴ
2355 4737 2575 4805 ἑαυτῆς·
2605 4737 2706 4791 οὐκ
2735 4737 2845 4807 ἄρα
2878 4736 3114 4806 ἁρμονία
3141 4739 3173 4808 ἡ
3198 4736 3368 4807 ψυχή.
3408 4736 3527 4788 Ἔτι
3554 4737 3588 4806 ὴ
3618 4736 3776 4805 ψυχὴ

520 4833 774 4886 virtutem
824 4839 879 4884 et
936 4828 1195 4881 malitiam
1260 4826 1496 4882 admittit
1534 4834 1589 4881 et
1634 4824 1917 4879 harmonia
1956 4838 2085 4879 cono

2186 4831 2388 4899 ἀρετὴν
2420 4829 2516 4881 καὶ
2552 4829 2754 4882 κακίαν
2793 4829 3140 4898 ἐπιδέχεται,
3185 4829 3275 4880 καὶ
3318 4827 3556 4898 ἁρμονία
3605 4829 3776 4897 εὐαρ-

520 4921 825 4979 sonantiam
852 4908 906 4973 et
934 4919 1325 4974 dissonantiam
1377 4932 1482 4971 non
1539 4914 1799 4970 admittit.
1831 4914 1949 4969 Non
1985 4915 2086 4983 igi-

2194 4919 2421 4989 μοστίαν
2448 4920 2543 4973 καὶ
2571 4920 2948 4989 ἀναρμοστίαν
2970 4921 3069 4972 οὐκ
3093 4918 3435 4988 ἐπιδέχεται,
3463 4918 3566 4971 οὐκ
3595 4918 3709 4986 ἄρα
3737 4918 3772 4986 ἡ

522 5025 609 5068 tur
641 5012 819 5066 anima
855 5011 1160 5065 harmonia.
1190 5010 1432 5079 Denique
1463 5009 1640 5062 anima
1671 5008 1723 5061 in
1750 5008 2085 5062 admittendo

2190 5010 2335 5082 ψυχὴ
2368 5011 2625 5082 ἁρμονία.
2667 5012 2789 5064 Ἔτι
2810 5012 2843 5081 ἡ
2866 5010 3014 5081 ψυχὴ
3043 5010 3120 5080 τῷ
3143 5010 3487 5080 ἐπιδέχεσθαι
3515 5012 3583 5062 τὰ
3615 5011 3775 5061 ἐναν-

519 5104 792 5163 contraria
824 5103 1044 5172 partim,
1075 5102 1309 5156 essentia
1340 5109 1423 5156 est
1467 5110 1523 5154 et
1568 5097 1906 5167 subjectum;
1961 5099 2087 5151 har-

2190 5102 2284 5157 τία
2313 5103 2464 5173 παρὰ
2496 5102 2695 5173 μέρος,
2723 5102 2882 5155 οὐσία
2914 5103 3031 5155 ἐστὶ
3066 5102 3160 5154 καὶ
3202 5100 3566 5170 ὑποκείμενον
3586 5117 3599 5131 ο
3633 5103 3671 5168 ἡ
3716 5098 3779 5151 δὲ

520 5197 702 5255 monia
730 5203 906 5250 autem
930 5193 1165 5263 qualitas
1201 5201 1256 5247 et
1282 5194 1334 5246 in
1362 5190 1606 5260 subjecto
1631 5208 1644 5245 :
1673 5205 1776 5244 non
1805 5204 1936 5259 ergo
1959 5192 2084 5244 har-

2193 5193 2428 5264 ἁρμονία
2459 5195 2702 5265 ποιότης,
2734 5194 2826 5247 καὶ
2853 5196 2912 5247 ὲν
2936 5194 3299 5263 ὑποκειμένῳ·
3324 5192 3424 5245 οὐκ
3454 5193 3565 5262 ἄρα
3589 5192 3790 5260 ἁρμοέ

519 5301 699 5344 monia
737 5282 938 5339 anima.

911 5305 938 5337 ι.
2195 5285 2281 5337 vta.
2314 5286 2348 5355 ἡ
2374 5285 2518 5357 ψυχή

588 5376 829 5434 Galenus
861 5372 993 5428 nihil
1023 5372 1092 5428 de
1126 5372 1306 5426 anima
1366 5370 1712 5441 pronuntiat;
1764 5385 1831 5426 ex
1880 5371 2085 5442 Hippo-

2264 5376 2501 5446 Γαληνὸς
2530 5376 2589 5429 δὲ
2617 5375 2975 5445 ἀποφαίνεται
3009 5376 3108 5446 μὲν
3134 5375 3286 5429 οὐδὲν
3318 5374 3446 5446 περὶ
3472 5371 3680 5442 ψυχῆς·
3714 5373 3781 5424 ἐκ

518 5466 684 5523 eratis
721 5477 848 5519 vero
868 5462 1209 5518 sermonibus
1248 5460 1527 5515 misturam
1566 5459 1711 5515 illam
1736 5476 1857 5517 esse
1883 5462 2085 5517 consti-

2191 5466 2247 5518 δὲ
2286 5467 2396 5521 τῶν
2457 5468 2857 5539 Ἱπποκράτους
2899 5466 3077 5535 λόγων
3120 5464 3527 5531 κατασκευάζει
3571 5464 3782 5533 κρᾶσιν

585 5627 632 5661 ’δ
651 5628 708 5680 αί
737 5628 801 5682 Α.
880 5628 925 5661 ⁵⁸
954 5628 1031 5682 sic
1076 5632 1197 5685 cod.
1273 5630 1317 5663 "
1337 5627 1487 5702 δηλοί
1534 5628 1649 5683 ἁλλ’
1672 5628 1775 5681 δτι.
