4070 6216
319 347 475 405 1295⁷

1557 352 1648 410 ns
1683 349 1972 409 unum
2013 322 2318 407 nontm's.

3432 358 3453 411 Ι
3464 357 3568 417 294

317 462 462 521 εἷναι
490 462 693 535 αὐτήν.
724 462 788 517 Ei
814 461 872 515 δὲ
897 462 1077 530 τοῦτο,
1104 463 1347 537 δηλονότι
1379 456 1477 520 καὶ
1500 466 1701 541 θνητὴν
1726 468 1899 521 οἴεται

2013 469 2140 531 luit;
2170 468 2215 523 si
2243 482 2372 523 vero
2404 466 2476 522 ita
2500 474 2607 531 est,
2642 480 2773 523 sane
2800 464 3149 523 etmortalem
3170 466 3313 522 illam
3335 467 3571 522 arbitra-

316 556 511 627 αὐτὴν·
548 555 631 607 ὅτι
665 553 723 606 δὲ
751 553 813 606 οὗ
846 552 1069 608 δύναται
1100 556 1195 609 τοῦ
1229 556 1483 628 σώματος
1515 560 1548 629 ἡ
1590 561 1787 630 κρᾶσις
1821 554 1899 612 εἷ-

317 662 408 700 ναι
436 645 608 716 ψυχὴ,
629 645 791 715 δῆλον
813 646 1081 701 ἐντεῦθεν·
1109 649 1218 701 πᾶν
1239 649 1419 718 σῶμα,
1450 649 1693 719 ἔμψυχόν
1715 666 1773 703 τε
1804 650 1899 703 καὶ

319 738 550 807 ἄψυχον,
602 739 668 790 ὲκ
712 736 823 789 τῶν
868 739 1153 810 τεσσάρων
1204 740 1484 809 στοιχείων
1524 742 1790 812 κέκραται
1816 756 1830 769 ·
1865 741 1898 812 ὴ

323 828 432 900 γὰρ
460 828 669 881 τούτων
697 828 894 896 κρᾶσις
922 827 989 881 τὰ
1018 826 1248 898 σώματα
1276 829 1666 900 ἀπεργάζεται.
1698 831 1760 884 Εἰ
1790 830 1902 884 τοί-

322 938 420 974 νυν
450 922 484 991 ἡ
518 920 714 990 κρᾶσις
739 918 832 972 τοῦ
868 918 1118 988 σώματός
1144 920 1290 972 ἐστιν
1316 921 1350 990 ἠ
1378 919 1545 992 ψυχὴ,
1586 921 1736 974 οὐδὲν
1765 920 1901 989 ἄψυ-

325 1028 419 1083 χον
442 1011 617 1075 ἔσται,
638 1013 732 1062 καὶ
761 1009 1054 1077 συνάγεται
1083 1011 1111 1063 ὁ
1136 1008 1294 1078 λόγος
1316 1007 1511 1073 οὕτως.
1542 1011 1602 1063 Εἰ
1633 1011 1665 1080 ἡ
1699 1011 1899 1078 κρᾶσις

326 1101 422 1156 τοῦ
453 1100 702 1170 σώματος
737 1100 882 1171 ψυχή
913 1103 1047 1164 ἐστι,
1089 1102 1197 1154 πᾶν
1223 1100 1279 1154 δὲ
1320 1100 1479 1170 σῶμα
1524 1103 1722 1168 κρᾶσιν
1762 1100 1896 1171 ἔχει·

329 1194 425 1248 καί
457 1194 565 1247 πᾶν
601 1192 761 1262 σῶμα
790 1192 1034 1259 δηλονότι
1062 1192 1240 1263 ψυχὴν
1272 1194 1403 1263 ἕχει·
1433 1196 1480 1246 εἰ
1514 1192 1570 1245 δὲ
1601 1195 1708 1246 πᾶν
1740 1193 1901 1261 σῶμα

323 1284 507 1356 ψυχὴν
534 1282 667 1355 ἔχει,
708 1284 829 1338 οὐδὲ
856 1285 912 1336 ἒν
950 1283 1114 1355 σῶμά
1147 1286 1293 1337 ἐστιν
1328 1284 1553 1353 ἄψυχον,
1587 1282 1713 1336 οὔτε
1756 1283 1903 1347 λίθος

325 1372 456 1442 ἄρα,
493 1370 616 1424 οὔτε
645 1372 821 1437 ξύλον,
856 1370 982 1424 οὔτε
1015 1372 1255 1443 σίδηρος,
1292 1371 1417 1425 οὔτε
1443 1372 1572 1427 ἄλλο
1604 1390 1659 1425 τι
1697 1372 1903 1442 ἄψυχον

327 1465 503 1520 ἔσται.
539 1465 660 1519 Ἔτι
688 1467 738 1519 εί
775 1467 807 1535 ἡ
850 1465 996 1538 ψυχὴ
1032 1466 1228 1537 κρᾶσίς
1256 1468 1439 1530 ἐστιν,
1476 1468 1532 1519 al
1573 1466 1630 1519 δὲ
1675 1468 1904 1537 κράσεις

328 1558 774 1623 ἑναλλάσσονται,
814 1558 955 1612 κατά
989 1575 1050 1611 τε
1082 1558 1180 1622 τὰς
1212 1557 1450 1630 ἡλικίας,
1483 1558 1578 1611 καὶ
1610 1557 1708 1621 τὰς
1733 1557 1902 1629 ὥρας,

330 1650 424 1703 καὶ
449 1649 545 1711 τὰς
566 1648 797 1714 διαίτας,
815 1652 848 1719 ἡ
878 1649 1023 1721 ψυχὴ
1043 1650 1151 1720 ἄρα
1172 1649 1576 1704 ὲναλλάσσεται·
1599 1650 1648 1702 εί
1669 1649 1725 1702 δὲ
1746 1649 1905 1703 ἐναλ-

328 1742 611 1807 λάσσεται,
630 1742 693 1795 ού
721 1742 819 1812 τὴν
845 1743 1015 1813 αὐτὴν
1042 1742 1236 1813 ἔχομεν
1266 1743 1463 1814 ψυχήν·
1490 1742 1625 1796 ἀλλὰ
1647 1741 1904 1811 ποτὲμὲν

2005 568 2121 624 tur;
2146 559 2291 628 quod
2316 574 2443 614 vero
2465 573 2569 613 non
2592 558 2767 628 possit
2783 558 3029 627 corporis
3048 559 3272 614 mismra
3301 573 3423 614 esse
3456 559 3575 611 ani-

2002 663 2110 715 ma,
2143 650 2266 704 inde
2290 658 2472 719 patet:
2498 663 2659 705 omne
2674 664 2872 719 corpus
2897 657 2952 703 et
2978 650 3277 705 animalum
3296 661 3350 705 et
3391 650 3571 704 anima

2002 752 2193 792 carens
2228 752 2260 791 e
2302 748 2534 806 quatuor
2567 738 2850 793 elementis
2894 748 3342 809 coagmentetur;
3379 737 3572 793 borum

2001 829 2144 883 enim
2201 828 2444 884 mistura:
2501 844 2730 897 corpora
2756 830 2995 885 coniicit.
3058 828 3117 885 Si
3161 845 3290 899 ergo
3328 829 3575 899 corporis

2003 921 2228 976 mistura
2247 920 2550 986 estanima,
2584 920 2720 975 nihil
2748 921 2865 975 sine
2893 920 3074 974 anima
3100 921 3226 983 erit,
3259 929 3312 974 et
3341 921 3419 975 sic
3440 935 3571 975 con-

2005 1012 2241 1067 cluditur
2275 1027 2455 1067 sermo
2483 1031 2498 1069 :
2550 1014 2595 1068 si
2624 1013 2874 1084 corporis
2906 1014 3134 1067 mistura
3168 1021 3254 1069 est
3287 1015 3488 1078 anima,
3520 1022 3576 1069 et

2002 1119 2161 1159 omne
2175 1119 2371 1173 corpus
2394 1105 2676 1159 misturam
2699 1105 2881 1169 habet,
2901 1113 2955 1159 et
2976 1119 3139 1158 omne
3159 1120 3356 1173 corpus
3380 1105 3576 1159 exinde

2004 1196 2239 1250 animam
2266 1196 2456 1249 habet.
2491 1196 2547 1250 Si
2572 1211 2699 1249 vero
2730 1209 2891 1249 omne
2916 1210 3111 1263 corpus
3148 1195 3385 1249 animam
3413 1195 3577 1249 habet

2005 1304 2103 1343 nec
2144 1302 2308 1342 unum
2346 1302 2542 1355 corpus
2572 1296 2653 1342 est
2682 1288 2889 1356 absque
2913 1287 3116 1352 anima,
3135 1300 3237 1342 nec
3268 1301 3396 1357 ergo
3417 1286 3574 1355 lapis.

2004 1380 2341 1448 neelignum,
2364 1394 2462 1434 nec
2480 1378 2707 1444 ferrum,
2732 1394 2829 1433 nec
2847 1379 2991 1433 aliud
3022 1378 3149 1448 quid
3170 1380 3373 1447 absque
3393 1378 3572 1430 anima

2004 1478 2116 1534 est;
2149 1484 2311 1539 porro
2339 1469 2383 1525 si
2405 1471 2585 1524 anima
2616 1471 2841 1525 mistura
2865 1480 2970 1535 est,
3005 1481 3058 1525 et
3087 1470 3325 1524 mistura:
3357 1478 3575 1523 mutan-

2008 1569 2096 1614 tur
2130 1559 2430 1614 secundum
2464 1566 2673 1622 anates,
2714 1569 2768 1614 et
2796 1559 2959 1613 horas
2986 1568 3039 1611 et
3070 1557 3244 1612 victus
3284 1557 3577 1619 rationem,

2004 1652 2187 1705 anima
2208 1666 2339 1719 ergo
2368 1651 2779 1718 immutabitur;
2803 1651 2850 1705 si
2872 1659 3054 1705 autem
3088 1650 3431 1712 immutatur,
3467 1664 3575 1701 non

2006 1743 2252 1798 eamdem
2305 1743 2565 1798 habemus
2594 1744 2852 1808 animam,
2911 1743 3006 1797 sed
3038 1756 3182 1795 nunc
3209 1738 3405 1806 leonis,
3436 1753 3581 1794 nunc

328 1832 578 1896 λέοντος,
609 1832 741 1886 ποτε
773 1832 831 1885 δὲ
862 1833 1166 1904 προϐάτου,
1197 1833 1229 1904 ἢ
1262 1834 1424 1887 ἄλλου
1465 1836 1608 1897 τινὸς
1639 1833 1780 1898 ζὼου
1823 1833 1905 1887 ἔτι

2013 1835 2145 1897 nvis,
2171 1850 2313 1889 nunc
2336 1835 2471 1890 alius
2493 1834 2769 1901 cujusdam
2806 1836 2993 1890 bestia:
3026 1854 3040 1889 :
3070 1846 3181 1887 tum
3216 1834 3438 1886 mistura
3471 1847 3579 1886 non

327 1920 364 1989 ἡ
398 1920 598 1989 κρᾶσις
620 1921 720 1973 οὐκ
742 1920 1079 1974 ἐναντιοῦται
1099 1924 1217 1985 ταῖς
1241 1921 1559 1993 ἐπιθυμίαις
1586 1922 1683 1976 τοῦ
1714 1922 1905 1993 σῶμα·
1948 1916 1959 1924 ’

327 2028 442 2075 τος,
475 2011 614 2065 ἀλλὰ
641 2012 733 2066 καὶ
770 2015 1042 2082 συνεργεῖ·
1076 2011 1214 2082 αὕτη
1244 2012 1351 2084 γάρ
1388 2014 1536 2067 ἐστιν
1569 2015 1603 2083 ἠ
1650 2012 1902 2067 κινοῦσα·

328 2102 362 2171 ἡ
398 2101 456 2154 δὲ
502 2101 647 2171 ψυχὴ
692 2103 816 2164 ταῖς
864 2101 1184 2172 ἐπιθυμίαις
1229 2103 1594 2157 ἐναντιοῦται.
1646 2104 1761 2156 Ούκ
1797 2103 1908 2173 ἄρα

330 2193 584 2263 κρᾶσιςὴ
619 2192 787 2263 ψυχή.
825 2193 946 2246 Ἔτι
982 2196 1031 2247 εἰ
1064 2194 1259 2266 κρᾶσίς
1301 2195 1513 2265 ἐστινὴ
1553 2195 1724 2265 ψυχὴ,
1770 2196 1804 2264 ἡ
1849 2194 1908 2246 δὲ

331 2286 530 2353 κρᾶσις
568 2285 821 2355 ποιότης·
872 2286 1094 2357 ποιότης
1144 2286 1202 2339 δὲ
1236 2287 1329 2340 καὶ
1366 2286 1608 2355 γίνεται,
1639 2286 1732 2338 καὶ
1771 2286 1907 2339 ἀπο-

332 2379 569 2448 γίνεται,
600 2380 771 2449 χωρὶς
800 2380 901 2449 τῆς
939 2379 1034 2433 τοῦ
1068 2380 1435 2451 ὑποκειμένου
1479 2379 1712 2450 φθορᾶς,
1751 2379 1844 2433 καὶ
1874 2382 1907 2451 ἡ

330 2471 479 2541 ψυχὴ
500 2471 609 2540 ἄρα
637 2472 1057 2543 χωρισθήσεται,
1078 2473 1243 2526 καὶσὺ
1270 2472 1616 2543 φθαρήσεται
1637 2471 1699 2523 τὸ
1722 2471 1905 2541 σῶμα·

330 2563 492 2616 τοῦτο
519 2564 577 2616 δὲ
609 2562 710 2617 οὐκ
740 2564 939 2634 ἀληθές
958 2581 972 2595 ·
1001 2565 1101 2618 οὐκ
1134 2565 1242 2637 ἄρα
1272 2566 1492 2634 κρᾶσις,
1528 2564 1652 2617 οὐδὲ
1685 2563 1909 2633 ποιότης

333 2655 367 2725 η
396 2653 565 2724 ψυχή.
593 2655 717 2708 Ἔτι
743 2655 945 2719 παντὸς
971 2655 1223 2726 σώματος
1254 2658 1309 2709 αἱ
1343 2655 1629 2726 ποιότητες
1656 2653 1910 2724 αἰσθηταί

334 2748 492 2813 εἰσιν,
521 2749 554 2817 ἡ
584 2747 641 2799 δὲ
668 2747 814 2819 ψυχὴ
848 2748 948 2801 οὐκ
980 2749 1238 2818 αἰσθητὴ,
1270 2748 1406 2803 ἀλλᾶ
1441 2748 1630 2819 νοητή·
1662 2748 1765 2801 οὐκ
1804 2748 1912 2818 ἀρα

338 2839 558 2908 ποιότης
588 2837 884 2911 ἀσώματος
914 2842 946 2911 ἡ
975 2839 1144 2912 ψυχή.

406 2951 551 3021 Πρὸς
580 2952 637 3005 δὲ
673 2953 803 3015 τοὺς
837 2952 1121 3021 λέγοντας,
1153 2953 1420 3023 ἁρμονίαν
1450 2953 1549 3019 τῆς
1576 2951 1784 3021 ὑγείας.
1816 2953 1913 3005 καὶ

332 3044 436 3115 τῆς
458 3045 661 3116 ἰσχύος,
705 3045 803 3099 καὶ
838 3045 930 3099 τοῦ
962 3046 1195 3110 κάλλους
1231 3043 1371 3099 εἶναι
1404 3047 1502 3115 τὴν
1534 3046 1733 3115 ψυχὴν,
1770 3042 1913 3097 οὕτω

2010 1926 2293 1981 desideriis
2320 1926 2565 1996 corporis
2591 1927 2932 1987 adversatur,
2990 1925 3100 1979 imo
3145 1924 3441 1987 concurrit,
3495 1932 3581 1977 ut-

2011 2029 2133 2088 pote
2163 2034 2283 2087 quae
2310 2033 2372 2073 ea
2410 2026 2788 2084 commoveat;
2830 2019 2923 2071 sed
2957 2017 3140 2071 anima
3172 2016 3459 2071 desideriis
3486 2016 3583 2070 ad-

2008 2121 2276 2165 versatur.
2316 2107 2428 2163 Non
2458 2123 2589 2179 ergo
2623 2109 2849 2162 mistura
2884 2108 3087 2161 anima.
3118 2108 3321 2162 Deinde
3348 2108 3394 2161 si
3434 2106 3583 2161 mis-

2011 2209 2128 2253 tura
2154 2208 2237 2253 est
2260 2202 2465 2263 anima,
2489 2208 2543 2253 et
2561 2199 2789 2253 mistura
2816 2198 3051 2267 qualitas
3076 2215 3090 2265 ;
3116 2198 3352 2268 qualitas
3382 2212 3509 2252 vero
3529 2204 3585 2250 et

2011 2292 2068 2344 lit
2100 2301 2153 2344 et
2178 2290 2349 2355 abest,
2378 2290 2584 2358 absque
2608 2290 2838 2360 subjecti
2874 2289 3264 2353 destructione,
3294 2298 3348 2343 et
3404 2289 3583 2342 anima

2011 2398 2142 2451 ergo
2179 2382 2468 2445 dividetur,
2503 2391 2557 2435 et
2588 2395 2689 2435 non
2719 2390 3098 2450 corrumpetur
3120 2395 3339 2449 corpus,
3369 2382 3469 2435 hoc
3504 2389 3584 2433 ta-

2012 2489 2135 2527 men
2164 2489 2270 2528 non
2297 2483 2380 2528 est
2410 2488 2621 2528 verum.
2653 2469 2772 2527 Non
2808 2485 2937 2541 ergo
2969 2471 3219 2535 mistura,
3269 2485 3371 2525 nec
3400 2469 3582 2539 quali-

2014 2575 2094 2620 tas
2120 2566 2323 2618 anima.
2358 2564 2598 2633 Denique
2636 2562 2881 2631 corporis
2911 2577 3101 2617 omnes
3129 2558 3423 2630 qualitates
3455 2574 3586 2614 sen-

2010 2657 2137 2713 siles
2156 2665 2303 2721 sunt,
2330 2658 2511 2709 anima
2536 2664 2717 2709 autem
2756 2669 2863 2708 non
2884 2653 3103 2707 sensilis
3127 2654 3221 2707 sed
3251 2650 3586 2706 intellectua-

2010 2749 2109 2816 lis;
2143 2763 2247 2802 non
2274 2762 2405 2819 ergo
2435 2746 2680 2815 corporis
2711 2744 2946 2815 qualitas
2973 2744 3176 2797 anima.

2083 2949 2284 3006 Contra
2326 2949 2570 3005 dicentes
2624 2959 2753 3001 vero
2794 2945 3029 3000 animam
3085 2956 3208 2998 esse
3241 2942 3585 2997 harmoniam

2016 3042 2284 3108 sanitatis,
2315 3050 2371 3097 et
2404 3040 2602 3095 virium
2628 3049 2681 3094 et
2712 3035 3152 3108 pulchritudinis,
3179 3035 3259 3090 sic
3293 3049 3585 3105 argumen-

336 3134 790 3206 συλλογιζόμεθα·
827 3135 891 3188 Εί
931 3137 963 3205 ὴ
1010 3135 1247 3207 ἁρμονία
1287 3136 1387 3206 τῆς
1426 3134 1630 3206 ἰσχύος,
1670 3133 1764 3187 καὶ
1811 3134 1912 3202 τῆς

2018 3134 2255 3187 labimur
2292 3152 2305 3187 :
2335 3131 2393 3188 Si
2425 3132 2605 3186 anima
2639 3139 2726 3185 est
2779 3128 3001 3195 virium,
3040 3127 3317 3189 sanitatis,
3350 3126 3588 3197 pulchri-

336 3227 549 3296 ὑγείας,
591 3228 686 3281 καὶ
714 3226 808 3281 τοῦ
832 3227 1066 3291 κάλλους
1098 3227 1243 3297 ψυχή
1276 3229 1445 3289 ἐστιν,
1477 3227 1693 3295 ἀνάγκη
1724 3221 1792 3296 ἦν
1812 3224 1907 3277 τὸν
1940 3247 1952 3258 ο

335 3320 626 3391 ἄνθρωπον
649 3320 788 3390 μήτε
813 3322 1010 3383 νοσεῖν,
1046 3320 1183 3390 μήτε
1206 3317 1472 3381 ἀσθενεῖν,
1502 3318 1637 3388 μήτε
1663 3316 1909 3386 ἄμορφον

337 3407 510 3464 εἶναι·
554 3409 841 3479 συμϐαίνει
873 3411 929 3464 δὲ
968 3410 1262 3474 πολλάκις,
1289 3410 1351 3462 ού
1406 3409 1535 3479 μίαν
1573 3409 1759 3478 μόνην,
1794 3405 1909 3459 ἀλλ’

337 3501 473 3573 ὁμοῦ
504 3501 604 3565 τὰς
632 3504 783 3572 τρεῖς
816 3501 1020 3565 ταύτας
1066 3501 1367 3571 εὐκρασίας
1412 3498 1778 3561 ἀπόλλυσθαι,
1816 3497 1912 3551 καὶ

338 3594 440 3664 ζῇν
483 3593 576 3646 τὸν
605 3592 925 3664 ἄνθρωπον·
964 3593 1253 3663 συμϐαίνει
1295 3592 1405 3661 γὰρ
1448 3592 1538 3644 τδν
1580 3591 1740 3644 αὐτον
1773 3588 1909 3659 ὁμοῦ

342 3685 439 3738 καὶ
465 3684 709 3755 ἄμορφον
728 3680 890 3750 εἶναι,
914 3685 1009 3738 καὶ
1035 3683 1304 3746 ἀσθενεῖν,
1337 3683 1432 3735 καὶ
1453 3684 1647 3736 νοσεῖν·
1674 3682 1776 3736 οὐκ
1804 3680 1912 3751 ἄρα

342 3775 612 3846 εὐκρασία
638 3775 733 3830 τοῦ
766 3774 1015 3848 σώματος
1041 3773 1189 3828 ἔστιν
1218 3776 1252 3846 ἡ
1284 3772 1451 3845 ψυχή.

413 3970 539 4035 Πῶς
567 3971 689 4038 οῦν,
721 3973 875 4041 φασὶ,
913 3974 1141 4042 φυσικαί
1180 3991 1324 4038 τινες
1358 3974 1548 4028 κακίαι
1593 3972 1688 4028 καὶ
1723 3974 1915 4045 ἀρεταὶ

341 4065 455 4127 τοῖς
491 4064 798 4134 ἀνθρώποις
823 4067 1076 4134 ἒπενταις
1115 4068 1285 4122 Τοῦτο
1313 4070 1377 4122 ὲκ
1403 4068 1505 4138 τῆς
1533 4068 1627 4120 τοῦ
1664 4066 1915 4137 σώματος

342 4156 714 4229 ἀληθεστέρας
774 4158 1023 4229 κράσεως
1084 4160 1329 4228 γίνεται·
1378 4157 1455 4223 ὡς
1508 4159 1618 4229 γὰρ
1673 4158 1919 4227 φυσικῶς

343 4251 573 4315 ὑγιεινοὶ⁵
599 4252 693 4305 καὶ
722 4251 975 4315 νοσώδεις
999 4253 1106 4305 είσί
1129 4269 1274 4316 τινες
1306 4254 1372 4307 ὲκ
1396 4252 1498 4320 τῆς
1527 4252 1799 4323 κράσεως,
1828 4249 1917 4304 οῦ-

342 4359 452 4406 τως
483 4344 630 4406 τινὲς
673 4344 921 4413 φυσικῶς
953 4344 1276 4416 πικρόχυλοι
1300 4345 1344 4378 ⁸⁷
1392 4343 1546 4406 ὅντες
1584 4343 1795 4413 ὀργίλοι
1840 4346 1921 4397 εί-

349 4436 453 4499 σὶν,
488 4436 637 4489 ἄλλοι
682 4437 739 4489 δὲ
789 4436 978 4503 δειλοὶ,
1029 4435 1179 4491 ἄλλοι
1222 4438 1571 4505 καταφερεῖς·
1625 4435 1740 4489 ἀλλ’
1788 4434 1919 4489 ἔνιοι

347 4529 610 4597 κρατοῦσι
636 4529 731 4582 καὶ
754 4529 1144 4599 περιγίνονται·
1172 4529 1329 4601 δῆλον
1347 4528 1403 4581 δὲ
1424 4528 1509 4582 ὅτι
1536 4530 1635 4599 τῆς
1668 4527 1920 4598 κράσεως

345 4620 666 4688 κρατοῦσιν·
708 4621 838 4675 ἄλλο
884 4621 941 4675 δέ
973 4624 1089 4675 ἐστι
1138 4621 1199 4674 τὸ
1229 4620 1502 4691 κρατοῦν,
1543 4618 1638 4673 καὶ
1685 4618 1814 4673 ἄλλο
1857 4618 1918 4671 τὸ

345 4712 720 4782 κρατούμενον
738 4729 751 4743 ·
781 4712 908 4767 ἄλλο
932 4713 1042 4783 ἄρα
1063 4713 1281 4782 κρᾶσις,
1305 4712 1398 4765 καὶ
1425 4710 1554 4765 ἄλλο
1586 4709 1754 4780 ψυχή.
1785 4710 1918 4779 Ὀρ·

235 4824 238 4827 ·
345 4817 512 4867 γανον
539 4802 647 4871 γὰρ
674 4801 733 4854 ὃν
765 4801 829 4854 τὸ
861 4800 1023 4870 σῶμα
1060 4803 1161 4870 τῆς
1202 4800 1412 4870 ψυχῆς,
1440 4799 1541 4851 ἐὰν
1582 4798 1682 4867 μὲν
1723 4798 1920 4865 ἐπιτη-

345 4889 503 4952 δείως
530 4890 991 4961 κατασκευασθῇ,
1022 4890 1366 4959 συνεργεῖτῇ
1402 4888 1548 4959 ψυχῇ
1571 4902 1584 4915 ·
1614 4886 1680 4941 ἂν
1732 4885 1788 4938 δὲ
1822 4886 1919 4939 ἀνα

348 4980 688 5049 επιτηδείως,
707 4980 1019 5051 ἐμποδίζει·
1048 4981 1142 5034 καὶ
1169 4980 1290 5033 τότε
1317 4980 1477 5051 χρεία
1505 4981 1571 5050 τῇ
1601 4978 1745 5049 ψυχῇ
1778 4994 1921 5049 πρα-

347 5072 575 5142 γμάτων
601 5073 1003 5145 ἀπομαχομένῃ
1026 5073 1163 5144 πρὸς
1191 5074 1287 5145 τὴν
1311 5073 1797 5144 ἀνεπιτηδειότητα
1825 5072 1922 5127 τοῦ

346 5162 602 5231 ὀργάνου,
637 5165 732 5217 καὶ
760 5164 853 5217 ἐὰν
902 5163 977 5234 μὴ
1013 5163 1220 5234 σφόδρα
1253 5163 1403 5234 νήφῃ
1443 5163 1539 5214 καὶ
1573 5161 1922 5234 συνδιαστρέ-

344 5269 515 5323 φηται
545 5253 728 5326 αὐτῷ,
765 5254 1020 5325 καθάπερ
1064 5254 1316 5324 μουσικὸς
1352 5252 1821 5325 συνεξαμαρτάνει
1856 5257 1920 5323 τῇ

342 5347 447 5416 τῆς
472 5344 642 5413 λύρας
671 5346 993 5417 διαστροφῇ.
1023 5347 1120 5399 ἐὰν
1156 5346 1231 5417 μὴ
1267 5346 1533 5417 πρότερον
1560 5346 1731 5417 αὐτὴν
1758 5362 1923 5399 κατα-

349 5437 522 5507 στήσῃ
548 5438 750 5500 καλῶς.
780 5438 871 5490 Διὸ
900 5440 992 5492 καὶ
1020 5439 1179 5509 χρεία
1206 5440 1272 5509 τῇ
1301 5439 1444 5508 ψυχῇ
1475 5438 1572 5507 τῆς
1601 5435 1923 5507 ἐπιμελείας

345 5524 444 5582 τοῦ
480 5527 765 5599 σώματος,
805 5529 895 5584 ἵνα
925 5530 1233 5604 καταρτίσῃ
1278 5528 1410 5584 αὐτὸ
1454 5528 1686 5600 ὄργανον
1733 5527 1923 5599 ἐπιτή-

421 5726 468 5760 "
496 5727 819 5799 πικρόχυλοι
842 5727 989 5785 ABG.

2014 3227 2216 3282 tudinis
2254 3224 2540 3279 harmonia
2564 3262 2578 3288 ,
2611 3236 2837 3278 necesse
2867 3229 2950 3276 est
3000 3219 3269 3274 hominem
3292 3234 3390 3273 nec
3414 3234 3591 3285 aegro-

2014 3328 2150 3383 tare,
2186 3331 2285 3371 nec
2311 3316 2619 3379 debilitare,
2656 3328 2755 3369 nec
2788 3312 2962 3367 forma
2998 3311 3270 3365 immutari
3297 3328 3311 3377 ;
3342 3321 3397 3365 at
3450 3325 3591 3377 sa‘pe

2013 3407 2211 3463 accidit
2244 3416 2302 3461 ut
2334 3420 2437 3459 non
2471 3418 2579 3459 una
2609 3410 2839 3465 tantum,
2874 3401 2968 3455 sed
3000 3410 3110 3454 tres
3147 3399 3251 3454 illa:
3303 3399 3592 3467 qualitates

2012 3498 2171 3555 simul
2198 3499 2518 3552 amittantur
2535 3506 2588 3548 et
2619 3495 2781 3550 homo
2799 3494 2986 3552 vivat;
3016 3505 3400 3557 nonnunquam
3445 3491 3591 3543 enim

2012 3589 2260 3646 eumdem
2285 3588 2444 3643 simul
2463 3585 2783 3647 deformem,
2812 3590 2867 3638 et
2889 3581 3141 3645 debilem,
3162 3589 3215 3634 et
3240 3587 3591 3649 aegrotantem

2014 3697 2134 3742 esse
2151 3681 2425 3745 videmus;
2450 3692 2553 3731 non
2577 3675 2741 3749 igitur
2759 3672 3005 3743 corporis
3020 3670 3270 3727 valetudo
3288 3669 3469 3725 anima
3488 3680 3590 3724 est.

2087 3977 2367 4047 Quomodo
2399 3990 2550 4045 ergo,
2576 3975 2750 4039 aiunt,
2781 3971 3055 4029 naturales
3101 3971 3345 4040 quadam
3378 3964 3598 4021 malitia!

2016 4078 2072 4124 et
2097 4069 2324 4123 virtutes
2374 4066 2426 4120 in
2458 4064 2769 4120 hominibus
2825 4059 3221 4117 inveniuntur?
3259 4056 3392 4112 lllud
3420 4070 3453 4111 ε
3497 4069 3593 4108 ve-

2018 4160 2147 4215 riori
2174 4158 2419 4228 corporis
2451 4155 2678 4211 mistura
2715 4154 2777 4208 ﬁt
2820 4172 2835 4209 :
2869 4167 3060 4222 nempe
3090 4151 3228 4208 sicut
3278 4148 3597 4207 naturaliter

2019 4253 2138 4308 sani
2164 4259 2218 4306 et
2238 4248 2425 4320 aegroti
2455 4255 2582 4303 sunt
2603 4246 2823 4316 quidam
2855 4243 3154 4301 secundum
3187 4241 3495 4307 misturam,
3515 4242 3595 4297 sic

2021 4343 2241 4414 quidam
2293 4340 2471 4396 biliosi
2516 4339 2570 4394 in
2620 4339 2757 4394 iram
2819 4336 3127 4409 prmeipites
3172 4341 3319 4399 sunt,
3345 4333 3436 4386 alii
3469 4348 3597 4388 vero

2025 4434 2239 4497 timidi,
2274 4432 2365 4487 alii
2400 4431 2671 4487 libidinosi
2701 4448 2717 4498 ;
2745 4444 2934 4485 rursus
2977 4428 3067 4483 alii
3115 4432 3371 4495 superant
3396 4431 3449 4477 et
3479 4422 3596 4475 vitt-

2025 4536 2177 4581 cunt.
2222 4523 2479 4580 Videlicet
2528 4523 2809 4578 misturam
2858 4522 3076 4574 vincunt
3105 4532 3121 4583 ;
3154 4515 3246 4570 sed
3290 4514 3434 4567 aliud
3512 4518 3598 4566 est

2025 4618 2168 4685 quod
2194 4617 2381 4679 vincit,
2406 4616 2552 4670 aliud
2571 4615 2713 4684 quod
2728 4611 2962 4666 vincitur
2986 4627 3001 4662 :
3030 4607 3173 4662 aliud
3192 4619 3322 4675 ergo
3343 4604 3592 4666 mistura,

2022 4719 2075 4764 et
2111 4708 2254 4761 aliud
2288 4707 2487 4760 anima.
2521 4706 2655 4760 Cum
2686 4702 2831 4758 enim
2860 4713 3058 4769 corpus
3089 4697 3162 4752 sit
3213 4696 3411 4750 anima:
3446 4707 3599 4763 orga-

2023 4815 2173 4864 num,
2199 4799 2244 4853 si
2289 4799 2427 4852 bene
2466 4796 2816 4851 constitutum
2852 4802 2955 4859 est,
2988 4791 3221 4845 animam
3252 4787 3513 4856 adjuvat;
3545 4785 3592 4841 si

2021 4892 2201 4947 minus
2237 4891 2395 4954 bene,
2429 4887 2673 4957 impedit,
2705 4893 2762 4940 et
2799 4896 2927 4939 tunc
2977 4884 3171 4937 anima:
3222 4895 3359 4950 opus
3414 4888 3496 4934 est
3540 4880 3593 4932 in

2022 4981 2279 5051 operibus
2324 4977 2464 5032 bello
2522 4983 2711 5031 contra
2746 4974 2936 5044 organi
2992 4971 3375 5040 incongruum,
3401 4976 3456 5022 et
3489 4966 3594 5021 nisi

2024 5081 2280 5127 accurate
2307 5068 2515 5140 vigilet,
2548 5067 2655 5121 imo
2682 5080 2804 5121 cum
2834 5079 2895 5119 ea
2926 5071 3335 5130 corrumpatur,
3366 5059 3591 5115 errabit.

2024 5163 2179 5218 Sicut
2232 5162 2474 5215 musicus
2532 5173 2653 5213 cum
2699 5156 2831 5228 lyra:
2887 5152 3221 5209 dissonantia
3280 5145 3599 5210 errat,nisi

2024 5255 2173 5325 prius
2208 5252 2337 5323 lyra:
2385 5250 2518 5306 ﬁdes
2555 5257 2702 5303 recte
2735 5244 3048 5302 contendat.
3083 5240 3376 5309 Propterea
3414 5235 3596 5289 anima

2023 5346 2183 5402 debet
2229 5359 2425 5413 corpus
2466 5354 2666 5396 curare
2713 5346 2772 5392 ut
2814 5336 2914 5392 sibi
2953 5331 3284 5390 conveniens
3332 5339 3595 5413 organum

2026 5444 2264 5505 coaptat.
2310 5412 2465 5498 Quod
2511 5440 2565 5486 et
2619 5442 2715 5499 per
2752 5426 2916 5481 verba
2967 5433 3022 5478 et
3067 5436 3165 5493 per
3218 5433 3398 5474 mores
3436 5412 3599 5469 ellicit

2027 5529 2168 5585 sicut
2202 5527 2252 5581 in
2276 5522 2559 5581 harmonia
2586 5539 2601 5573 :
2635 5534 2780 5576 nunc
2799 5518 3070 5578 relaxans.
3102 5527 3244 5569 nunc
3266 5507 3600 5566 contendens
