4066 6224
489 307 630 365 1295

1797 302 2078 359 ωειετιι
2120 303 2432 362 MONACHI

3624 300 3777 358 {2‘36

485 433 541 479 ut
575 423 826 478 Idoneum
859 422 960 492 ipsi
1000 421 1130 477 illud
1168 420 1416 496 perficiat
1448 420 1907 490 wnvenienthue
1946 430 2068 476 uta-

2172 421 2310 476 δειον
2342 422 2549 494 ἑαυτῇ·
2586 419 2745 474 τοῦτο
2814 418 2873 474 δὲ
2896 418 3043 472 ποιεῖ
3073 415 3166 472 διά
3203 432 3266 469 τε
3312 415 3422 469 τῶν
3460 414 3641 482 λόγων
3673 420 3779 471 καὶ

486 524 579 569 ιιιι·
609 530 836 585 organo.

566 775 889 832 Aristoteles
923 789 1049 831 vero
1071 774 1444 831 endelecliiam
1475 773 1754 845 appellans
1802 772 2063 839 animam,

499 882 604 943 non
641 870 818 924 minus
842 884 965 923 cum
988 869 1067 923 eis
1096 868 1184 938 qui
1212 882 1332 923 eam
1358 867 1565 935 dicunt,
1587 867 1901 938 qualitatem
1939 880 2069 920 con-

493 963 660 1017 venit.
711 958 1067 1032 Pythagoras,
1122 974 1406 1016 numerum
1439 960 1677 1030 seipsum
1714 967 2063 1024 moventem;

491 1046 849 1119 Xenocrates,
883 1061 939 1107 et
978 1067 1264 1107 numerum
1288 1051 1603 1108 continuum
1628 1061 1684 1106 et
1710 1048 1948 1106 universi
1977 1064 2070 1104 ex-

491 1144 843 1208 halationem.
891 1143 1172 1199 Maniclraai
1200 1144 1561 1199 immortalem
1600 1141 1744 1196 illam
1774 1151 1830 1198 et
1878 1143 2063 1197 incor-

489 1252 710 1308 poream
752 1238 963 1302 dicunt,
1002 1252 1161 1290 unam
1214 1244 1393 1291 autem
1430 1234 1601 1292 solam
1634 1247 1755 1289 esse
1819 1231 2062 1287 universi

491 1322 751 1394 animam,
796 1328 1100 1383 minutatim
1131 1326 1406 1383 redactam
1431 1334 1486 1379 et
1516 1324 1745 1379 divisam
1770 1323 1823 1377 in
1850 1322 2062 1392 singula

490 1436 721 1491 corpora
766 1420 1003 1476 animata
1036 1430 1093 1476 et
1134 1435 1240 1476 non
1300 1420 1565 1474 animata.
1611 1416 1765 1471 Plato
1801 1427 1857 1472 et
1902 1430 2064 1470 unam

490 1527 611 1567 esse
647 1520 700 1567 et
731 1512 930 1569 multas
955 1511 1167 1568 animas
1206 1511 1507 1577 contendit,
1540 1508 1813 1566 Chronius
1854 1518 1906 1562 et
1937 1506 2069 1562 Por-

491 1604 717 1676 phyrius
749 1619 937 1660 omnes
986 1605 1191 1660 formas
1247 1603 1406 1659 unius
1447 1602 1640 1657 anima:
1688 1616 1810 1656 esse
1857 1601 2065 1655 dicunt.

490 1694 824 1750 Jatnblicltus
861 1696 1076 1750 tandem
1116 1694 1182 1749 ad
1209 1693 1513 1764 oppositam
1541 1691 1865 1747 sententiam
1911 1689 2067 1745 incli-

2168 516 2276 568 τῶν
2296 514 2465 585 ἠθῶν,
2497 512 2574 577 ὡς
2602 515 2661 568 ὲν
2681 510 2939 583 ἀρμονία·
2964 509 3033 563 τά
3058 509 3157 580 μὲν
3195 506 3441 579 χαλῶσα,
3470 507 3540 562 τὰ
3557 508 3616 562 δὲ
3648 509 3778 561 ἔπι-

2170 606 2437 669 τείνουσα,
2459 606 2548 659 ἶνα
2568 604 2831 677 ἁρμόδιον
2857 602 2990 657 αὐτὸ
3018 601 3188 672 ἑαυτῇ
3215 600 3641 673 κατασκευάσῃ,
3669 598 3777 653 καὶ

2172 695 2441 768 χρήσηται
2472 692 2762 765 ἐπιτηδείῳ
2792 690 3013 763 ὀργάνῳ
3040 690 3108 747 ³⁸.

2251 784 2631 857 Ἀριστοτέλης
2659 784 2716 838 δὲ
2745 782 3079 853 ἐνδελέχειαν
3100 781 3277 851 λέγων
3296 780 3399 853 τὴν
3420 779 3628 852 ψυχὴν,
3665 778 3772 832 οὐ·

2167 874 2258 931 δὲν
2278 870 2440 947 ἦττον
2469 874 2812 946 συμφέρεται
2838 874 2952 937 τοῖς
2986 872 3246 944 ποιότητα
3270 872 3527 941 λέγουσιν
3555 870 3767 941 αὐτήν·

2169 964 2499 1036 Πυθαγόρας
2518 964 2600 1030 δὲ,
2622 963 2856 1036 ἀριθμὸν
2878 962 3071 1017 ἑαυτὸν
3099 961 3377 1017 κινοῦντα·
3408 963 3772 1035 Ξενοκράτης

2165 1058 2259 1123 δὲ,
2289 1058 2385 1111 καὶ
2416 1056 2649 1128 ἀριθμὸν
2679 1058 2912 1127 συνεχῆ,
2946 1056 3039 1110 καὶ
3071 1053 3445 1126 ἀναθυμίασιν
3479 1055 3579 1108 τοῦ
3615 1074 3768 1111 παν-

2168 1148 2289 1212 τός·
2322 1149 2372 1201 οί
2395 1149 2453 1201 δὲ
2492 1147 2783 1218 Μανιχαῖοι
2831 1146 3101 1200 ἀθάνατον
3133 1146 3306 1217 αὐτὴν
3338 1146 3435 1199 καὶ
3463 1147 3767 1218 ἀσώματον

2168 1238 2408 1307 λέγουσι·
2437 1238 2566 1309 μίαν
2593 1237 2651 1291 δὲ
2677 1236 2847 1308 μόνην
2871 1231 3014 1289 είναι
3049 1233 3150 1306 τὴν
3181 1233 3291 1289 τῶν
3321 1233 3545 1290 πάντων
3573 1236 3764 1309 ψυχὴν

2170 1329 2791 1402 κατακερματιζομένην
2813 1330 2910 1382 καὶ
2926 1344 3127 1382 κατατε
3136 1327 3416 1399 μνομένην
3438 1328 3521 1392 εἱς
3541 1330 3613 1383 τά
3633 1329 3765 1384 καθ’

2168 1419 2376 1474 ἕκαστα
2407 1417 2640 1489 σώματα
2666 1416 2889 1489 ἔμψυχα
2912 1418 3009 1472 καὶ
3035 1415 3240 1487 ἀψυχα·
3269 1416 3299 1468 ὁ
3326 1415 3384 1469 δὲ
3409 1416 3642 1471 Πλάτων
3663 1417 3765 1472 καὶ

2171 1510 2304 1580 μίαν
2337 1506 2600 1563 εἶναικαὶ
2636 1508 2841 1573 πολλάς
2878 1506 3061 1579 ψυχὰς
3092 1506 3458 1577 ἀποφαίνεται
3479 1522 3493 1537 ·
3529 1508 3763 1580 Κρόνιος

2168 1602 2225 1656 δὲ
2261 1603 2355 1657 καὶ
2388 1601 2700 1673 Πορφῦριος
2722 1602 2901 1654 πάντα
2925 1599 2992 1654 τὰ
3025 1598 3140 1670 είδη
3166 1598 3389 1667 λέγουσι
3415 1599 3552 1671 μιᾶς
3575 1598 3762 1670 ψυχῆς

2171 1695 2377 1749 πέλειν·
2415 1692 2722 1765 Ἰἀμσλιχος
2754 1692 2813 1747 δὲ
2844 1691 2944 1764 τὴν
2970 1688 3223 1745 ἐναντίαν
3250 1689 3470 1754 τούτοις
3508 1689 3761 1762 δραμὼν,

493 1801 631 1843 naus
660 1786 891 1857 singulis
930 1786 1287 1841 animantium
1344 1784 1628 1856 speciebus
1672 1786 1868 1838 animae
1937 1797 2063 1851 spe-

2172 1786 2293 1842 καθ’
2311 1786 2370 1839 ἓν
2391 1780 2530 1849 εἶδος
2554 1783 2696 1849 ζὼου
2725 1782 2904 1855 ψυχῆς
2928 1777 3069 1846 εἶδος
3099 1776 3241 1836 εἶναι
3267 1779 3443 1849 λέγει.

490 1875 629 1930 ciem
656 1876 836 1930 inesse
861 1876 1019 1931 dicit.

565 1958 670 2016 Sed
700 1961 856 2016 nobis
891 1961 1026 2018 istos
1063 1963 1154 2032 qui
1197 1963 1407 2033 seipsos
1457 1961 1711 2019 refellunt
1735 1961 2072 2034 'praetermit-
2124 1942 2150 1989 δ

494 2052 751 2117 teutibus,
772 2052 1239 2109 immortalitatem
1265 2053 1383 2124 ejus
1415 2068 1445 2109 e
1478 2052 1761 2122 Scriptura
1790 2066 1949 2107 sacra
1972 2051 2069 2106 de-

491 2154 798 2198 monstrare
828 2143 1083 2210 sulliciat,
1115 2158 1235 2214 qua?
1254 2152 1459 2200 certam
1497 2159 1562 2200 ex
1594 2158 1654 2199 se
1687 2142 1845 2197 (idem
1880 2140 2066 2205 habet,

490 2235 748 2305 quoniam
787 2235 990 2293 Christi
1025 2237 1251 2306 ejusque
1289 2235 1685 2306 discipulorum
1711 2232 1870 2289 eﬂata
1892 2232 2068 2288 conti-

492 2336 607 2382 net.
640 2325 696 2380 Si
716 2326 859 2381 enim
891 2342 997 2381 non
1021 2336 1157 2382 este
1183 2327 1345 2382 rebus
1370 2341 1489 2393 qum
1530 2332 1782 2394 pereunt,
1823 2322 2070 2377 incorru-

491 2415 696 2485 ptibilis
723 2425 778 2471 et
812 2415 1145 2479 immortalis
1172 2424 1277 2470 est.
1308 2414 1505 2468 Dicunt
1535 2422 1713 2467 autem
1748 2410 1965 2481 quidam
2002 2411 2068 2463 de

491 2506 608 2576 ejus
635 2507 1029 2563 unioneomnia
1059 2509 1205 2562 unita
1247 2507 1298 2561 in
1343 2506 1503 2560 unius
1558 2503 1877 2560 substantiae
1924 2503 2070 2557 exsi-

492 2598 746 2655 stentiam
765 2599 981 2669 penitus
1006 2599 1146 2653 uniri
1175 2605 1405 2652 :cuncta
1437 2611 1564 2650 vero
1586 2596 1735 2649 unita
1768 2593 2069 2660 immutari,

493 2706 595 2748 nec
618 2703 840 2747 timuere
861 2706 981 2761 qua:
1011 2689 1159 2759 prius
1187 2687 1415 2753 fuerint,
1445 2689 1589 2743 sicut
1612 2689 1663 2742 in
1698 2702 1835 2758 aqua
1867 2695 1921 2743 et
1943 2687 2071 2741 vino

494 2785 574 2837 tit.
606 2779 726 2838 1am
758 2780 1034 2852 quomodo
1067 2779 1183 2835 sive
1219 2794 1417 2849 corpus
1445 2779 1639 2833 animre
1681 2777 1918 2844 unitum,
1949 2792 2072 2832 cor-

493 2889 593 2944 pus
620 2873 799 2928 adhuc
848 2880 1051 2934 manet,
1100 2871 1217 2927 sive
1260 2872 1439 2926 anima
1476 2886 1595 2940 quas
1623 2869 1943 2939 incorporea
1987 2875 2071 2922 est

493 2975 550 3019 et
590 2965 642 3019 in
696 2977 756 3020 se
800 2962 917 3034 ipsa
972 2960 1650 3031 substantiata,quomodo
1678 2959 1895 3030 corpori
1942 2958 2067 3013 uni-

498 3065 586 3112 tur
625 3064 682 3112 et
718 3055 1021 3110 animantis
1061 3053 1122 3108 lit
1150 3068 1296 3123 pars,
1351 3052 1499 3108 salva
1563 3051 1779 3121 propria
1833 3049 2069 3106 essentia

2252 1966 2393 2022 Ἀλλ’
2424 1967 2589 2038 ἡμεῖς
2630 1963 2855 2027 τούτους
2902 1961 3165 2025 ἐάσαντες
3208 1960 3301 2014 ὑπ’
3351 1958 3600 2030 ἀλλήλων
3624 1959 3761 2011 ἁνα-

2168 2057 2492 2130 τρέπεσθαι,
2533 2055 2897 2127 ἀρκεσθῶμεν
2929 2053 3066 2126 πρὸς
3098 2048 3375 2117 ἀπόδειξιν
3406 2050 3509 2121 τῆς
3548 2049 3760 2104 ἀθανα-

2170 2147 2293 2210 σίας
2318 2147 2491 2217 αὐτῆς
2522 2147 2589 2200 ὲκ
2615 2147 2715 2217 τῆς
2760 2143 3125 2201 θεοπνεύστου
3178 2142 3405 2213 Γραφῆς
3429 2157 3444 2172 ·
3467 2140 3526 2193 τὸ
3556 2140 3760 2193 πιστὸν

2170 2238 2264 2293 καὶ
2287 2237 2505 2309 βέϐαιον
2524 2237 2583 2302 ἐξ
2603 2237 2803 2307 ἑαυτῆς
2831 2235 3085 2307 ἐχούσης,
3112 2233 3203 2288 διὰ
3222 2234 3286 2286 τὸ
3316 2230 3561 2303 είρῆσθαι
3590 2230 3753 2300 παρᾶ

2169 2326 2408 2402 Χριστοῦ
2466 2329 2562 2382 καὶ
2608 2328 2718 2381 τῶν
2772 2326 2940 2381 αὐτοῦ
3003 2324 3287 2397 μαθητῶν.
3340 2324 3403 2377 El
3442 2322 3549 2392 γὰρ
3580 2320 3756 2393 μηδὲν

2170 2424 2290 2476 ἐστι
2318 2420 2430 2475 τῶν
2460 2420 2859 2492 φθειρομένων,
2919 2417 3036 2472 ἔστι
3071 2416 3128 2470 δὲ
3162 2414 3467 2487 ἄφθαρτος,
3516 2413 3634 2467 ἔστι
3662 2412 3761 2466 καὶ

2170 2512 2459 2576 ἀθάνατος.
2494 2511 2728 2581 Λέγουσι
2747 2510 2803 2565 δέ
2819 2527 2962 2573 τινες
2993 2509 3125 2580 περὶ
3152 2508 3250 2580 τῆς
3279 2506 3532 2571 ὲνώσεως
3556 2505 3758 2575 αὐτῆς,

2169 2607 2252 2661 ὅτι
2285 2605 2461 2660 πάντα
2489 2601 2560 2657 τὰ
2612 2602 2863 2656 συνιόντα
2894 2602 2975 2662 είς
3015 2602 3144 2671 μιᾶς
3198 2600 3387 2663 οὐσίας
3430 2599 3760 2665 ὑπόστασιν,

2169 2695 2465 2759 διαπαντὸς
2493 2693 2708 2748 ἑνοῦται
2738 2708 2753 2723 ·
2787 2694 2966 2747 πάντα
2996 2692 3052 2746 δὲ
3093 2690 3164 2745 τὰ
3207 2689 3480 2760 ἑνοῦμενα
3508 2689 3764 2743 ἀλλοιοῖ-

2170 2806 2285 2854 ται,
2318 2788 2414 2841 καὶ
2442 2787 2503 2841 οὐ
2537 2784 2689 2857 μένει
2715 2783 2752 2838 ἀ
2796 2783 3071 2856 πρότερον
3091 2778 3180 2855 ἦν,
3215 2782 3292 2846 ὡς
3323 2781 3415 2834 ἐπὶ
3469 2781 3619 2833 οἴνου
3662 2780 3764 2834 καὶ

2172 2877 2389 2942 ὓδατος.
2415 2875 2540 2939 Πῶς
2564 2873 2598 2945 ἢ
2622 2873 2684 2927 τδ
2707 2873 2865 2944 σῶμα
2896 2871 3176 2944 ἡνωμένον
3204 2873 3271 2942 τῇ
3296 2869 3468 2940 ψυχῇ,
3493 2869 3576 2922 ἔτι
3604 2869 3763 2938 μένει

2175 2968 2399 3042 σῶμα,ἢ
2420 2968 2623 3039 πάλινή
2644 2966 2791 3037 ψυχὴ
2814 2965 3105 3035 ἀσώματος
3126 2959 3261 3017 οὖσα
3288 2962 3384 3015 καὶ
3414 2958 3691 3031 οὓσιώδης
3713 2961 3761 2992 ⁸³

2150 3050 2297 3115 καθ’
2331 3059 2551 3131 ἑαυτὴν,
2581 3058 2698 3122 πῶς
2731 3055 2947 3111 ἑνοῦται
2980 3054 3218 3125 σώματι,
3261 3053 3358 3107 καὶ
3392 3050 3564 3122 μέρος
3606 3049 3763 3119 γίνε-

503 3146 773 3203 mistionis
797 3154 1022 3215 experte
1048 3155 1103 3200 et
1119 3144 1525 3214 corruptionis?
1553 3141 1788 3199 Necesse
1811 3151 1895 3198 est
1921 3142 2065 3196 enim

2172 3170 2263 3206 ται
2291 3152 2457 3218 ζὼου,
2515 3150 2764 3216 σώζουσα
2791 3148 2892 3219 τὴν
2926 3146 3064 3201 ίδίαν
3100 3144 3290 3198 οὐσίαν
3319 3142 3635 3211 ἀσῦγχυτον
3661 3141 3764 3194 καὶ

503 3248 597 3293 aut
621 3238 769 3294 uniri
817 3237 1055 3292 animam
1108 3245 1163 3290 et
1212 3250 1430 3304 corpus,
1450 3243 1507 3288 et
1531 3234 1690 3289 simul
1721 3232 2070 3298 commutari,

498 3339 591 3383 aut
620 3343 828 3391 coesse,
860 3326 999 3383 sicut
1038 3326 1400 3382 insaltatione
1432 3325 1738 3392 saltatores,
1762 3324 1846 3380 vel
1884 3325 1939 3378 in
1969 3323 2077 3379 sur-

497 3419 689 3492 {regiis
717 3416 1059 3487 sun'ragium.
1086 3418 1194 3471 Aut
1237 3419 1283 3472 si
1313 3416 1630 3485 incorporea
1662 3425 1771 3480 est,
1804 3415 2075 3485 quomodo

499 3527 529 3565 a
559 3524 793 3581 corpore
847 3508 1167 3578 separatur?
1203 3506 1349 3562 Nihil
1402 3507 1547 3562 enim
1592 3505 1974 3577 incorporeum
2042 3519 2074 3559 a

499 3616 727 3673 corpore
757 3610 1044 3672 separatur
1080 3617 1094 3655 :
1128 3614 1234 3654 non
1262 3600 1501 3655 cohzeret
1536 3598 1684 3654 enim
1729 3597 1949 3668 corpori
1990 3597 2076 3652 in-

502 3707 822 3765 corporeum
853 3710 866 3747 :
901 3691 1081 3747 anima
1112 3703 1293 3746 autem
1341 3690 1580 3746 cohaeret
1604 3690 1815 3761 corpori
1839 3699 1893 3745 et
1916 3690 1984 3745 ab
2010 3705 2074 3747 eo

499 3795 803 3857 separatur.

573 3878 812 3934 Dicimus
842 3890 972 3946 ergo
993 3876 1136 3947 quod
1174 3890 1204 3931 a
1240 3889 1466 3945 corpore
1489 3874 1542 3929 in
1598 3882 1771 3929 morte
1797 3882 2074 3942 separetur

500 3971 702 4037 anima,
729 3969 964 4038 illudque
988 3982 1176 4023 verum
1216 3968 1290 4023 sit
1313 3966 1488 4038 ;quod
1521 3982 1647 4022 vero
1677 3980 1784 4021 non
1807 3966 2081 4021 adbmreat

504 4063 879 4129 incorporeum
908 4060 1146 4129 corpori,
1183 4058 1374 4114 falsum
1396 4058 1615 4129 quidem
1646 4066 1731 4113 est
1754 4056 2082 4127 generaliter

505 4152 730 4213 dictum,
758 4151 824 4204 de
854 4149 1033 4203 anima
1067 4160 1250 4203 autem
1284 4163 1469 4204 verum
1503 4165 1517 4201 :
1550 4163 1655 4203 non
1680 4147 1827 4203 enim
1861 4145 2078 4217 corpori

507 4240 791 4309 colligatur
825 4239 1025 4294 anima.
1053 4239 1274 4296 Falsum
1305 4239 1573 4310 siquidem
1634 4239 1775 4294 linea
1822 4252 1944 4307 quas
1996 4244 2079 4293 est

507 4333 824 4399 incorporea
856 4328 1067 4397 corpori
1097 4328 1337 4384 adhmret
1362 4337 1419 4383 et
1455 4328 1797 4393 secernitur;
1829 4325 2083 4380 similiter

2180 3244 2546 3316 ἀδιάφθορονς
2595 3242 2835 3312 Ἀνάγκη
2894 3239 3026 3310 γὰρ,
3065 3237 3100 3307 ἢ
3147 3234 3388 3308 ἡνῶσθαι
3436 3234 3540 3305 τὴν
3577 3231 3765 3304 ψυχὴν

2178 3337 2273 3393 καὶ
2312 3336 2373 3391 τὸ
2404 3336 2586 3407 σῶμα,
2618 3335 2711 3388 καὶ
2756 3330 3190 3405 συνηλλοιῶσθαι
3222 3329 3531 3401 ἀμφότερα,
3578 3327 3612 3397 ἢ
3650 3344 3765 3380 πα-

2180 3423 2493 3497 ρακεῖσθαι,
2528 3424 2605 3488 ὼς
2627 3423 2897 3496 χορευτὰς
2928 3423 2989 3475 ἐν
3011 3419 3179 3493 χορῷ,
3201 3420 3235 3491 ἢ
3266 3420 3448 3491 ψῆφον
3474 3419 3533 3472 ὲν
3553 3418 3728 3489 ψήφῳ
3746 3434 3764 3448 ⁶

2178 3513 2212 3585 ἢ
2244 3516 2292 3567 εί
2323 3512 2615 3584 άσώματός
2642 3515 2783 3581 ἐστι,
2820 3513 2938 3576 πῶς
2972 3510 3271 3583 χωρίζεται
3304 3510 3411 3565 ἀπὸ
3438 3509 3536 3563 τοῦ
3571 3509 3768 3578 σώμα-

2179 3619 2304 3668 τοςς
2334 3601 2501 3655 Οὐδὲν
2528 3602 2638 3671 7&9
2669 3601 2966 3673 ἀσώματον
2999 3600 3108 3655 ἀπὸ
3145 3599 3396 3667 σώματος
3419 3600 3727 3673 χωρίζεται
3749 3612 3767 3629 ·

2178 3693 2299 3747 οὐδὲ
2333 3693 2442 3765 γάρ
2468 3693 2772 3762 ἐφάπτεται
2806 3691 3059 3763 σώματος
3098 3691 3392 3762 ἀσώματον
3418 3709 3434 3724 ·
3466 3694 3502 3763 ἡ
3528 3690 3590 3745 δὲ
3612 3689 3770 3761 ψυχὴ

2177 3785 2275 3839 καὶ
2305 3785 2608 3854 ἐφάπτεται
2646 3785 2740 3838 καὶ
2766 3783 3061 3855 χωρίζεται
3082 3782 3175 3837 τοῦ
3201 3782 3501 3855 σῶματος.·

2251 3875 2499 3945 Λέγομεν
2532 3875 2648 3942 οὖν,
2700 3876 2785 3929 ὃτι
2834 3874 2896 3928 τὸ
2945 3874 3046 3943 μὲν
3090 3873 3424 3944 χωρίζεσθαι
3447 3872 3550 3944 τὴν
3579 3873 3769 3943 ψυχὴν

2180 3966 2291 4020 ἀπὸ
2323 3966 2419 4021 τοῦ
2445 3965 2699 4037 σώματος
2722 3967 2783 4020 ὲν
2814 3965 2892 4037 τῷ
2926 3964 3166 4037 θανάτῳ,
3193 3965 3395 4036 ἀληθές
3423 3968 3540 4019 ἔστι
3576 3982 3594 3997 ·
3616 3965 3679 4019 τὸ
3708 3967 3768 4020 δὲ

2184 4058 2261 4127 μὴ
2295 4057 2639 4127 ἐφάπτεσθαι
2663 4056 2955 4129 ἀσώματον
2987 4057 3257 4129 σώματος,
3288 4056 3486 4128 ψεῦδος
3512 4057 3615 4128 μέν
3643 4058 3771 4113 ἐστι

2182 4148 2413 4209 καθόλου
2446 4149 2762 4221 λεγόμενον,
2797 4150 2891 4203 ἐπὶ
2923 4150 2980 4204 δὲ
3009 4150 3112 4220 τῆς
3134 4149 3317 4221 ψυχῆς
3364 4149 3567 4219 ἀληθές
3590 4166 3607 4184 ·
3639 4152 3772 4205 οὐδὲ

2182 4240 2289 4313 7&9
2318 4241 2619 4310 ἐφάπτεται
2669 4240 2768 4297 τοῦ
2816 4240 3069 4313 σώματος
3096 4243 3130 4312 ἡ
3176 4241 3346 4311 ψυχή.
3378 4239 3593 4305 Ψεῦδος
3637 4242 3771 4313 μὲν,

2182 4330 2374 4402 ἐπειδὴ
2428 4330 2525 4385 καὶ⁸
2580 4331 2880 4403 ἡγραμμὴ
2933 4328 3224 4400 ἀσώματος
3275 4326 3412 4384 οὖσα
3458 4328 3773 4397 ἐφάπτεται

504 4430 559 4477 et
578 4418 841 4476 albitudn.
872 4416 948 4474 De
992 4418 1174 4472 anima
1196 4428 1375 4473 autem
1416 4431 1604 4472 verum
1647 4424 1765 4484 est;
1800 4431 1907 4472 non
1933 4415 2073 4470 enim

2186 4421 2281 4475 τοῦ
2315 4419 2566 4487 σώματος
2599 4420 2692 4473 καὶ
2716 4417 3035 4491 χωρίζεται,
3064 4417 3269 4488 ὁμοίως
3299 4420 3396 4472 καὶ
3421 4418 3771 4488 ήλευκότης.

503 4510 719 4583 corpori
751 4508 1041 4580 colligatur
1067 4508 1247 4564 anima
1279 4526 1293 4563 :
1336 4510 1382 4563 si
1412 4508 1559 4563 enim
1619 4507 1931 4577 colligatur,
1965 4523 2073 4561 ma-

2197 4512 2320 4566 ‘Eu‘.
2343 4484 2410 4565 δὲ’
2430 4512 2528 4581 τῆς
2550 4484 2957 4583 ψυχῆς-ἀληθές
2976 4528 2991 4544 ·
3021 4484 3146 4566 οὐδὲ
3184 4510 3295 4581 7&9
3335 4484 3642 4578 ἐφάπτεται
3668 4484 3774 4562 τοῦ

508 4602 703 4660 nileste
724 4602 774 4659 ei
799 4602 1076 4669 saltaret;
1110 4601 1442 4673 impossibile
1464 4608 1644 4675 autem
1699 4600 2073 4669 incorporeum

2188 4605 2441 4675 σώματος
2471 4604 2503 4675 ἡ
2527 4604 2709 4674 ψυχή·
2738 4604 2787 4657 ει
2825 4605 2936 4673 7&9
2965 4604 3295 4673 ἐφάπτεται,
3314 4601 3558 4672 δηλονότι
3580 4600 3773 4671 παρὰ·

507 4694 721 4766 corpori
769 4694 993 4751 omnino
1046 4694 1346 4755 adhaerere.
1406 4693 1564 4750 Unde
1625 4705 1728 4748 nec
1777 4691 2073 4746 animatum

2187 4712 2367 4750 κειται
2393 4695 2575 4766 αὐτῷ·
2615 4694 2878 4749 ἀδύνατον
2923 4694 2983 4748 δὲ
3024 4693 3321 4764 ἀσώματον
3375 4690 3609 4763 σώματι,
3645 4693 3775 4747 ὅλον

512 4788 618 4842 erit
673 4795 843 4842 totum
894 4786 1129 4853 animal;
1165 4785 1209 4841 si
1241 4799 1371 4841 vero
1397 4792 1486 4840 est
1545 4790 1717 4838 totum
1755 4781 2073 4848 animatum,

2186 4786 2295 4855 ὅλῳ
2334 4782 2727 4855 παρακεῖσθαι·
2760 4781 2901 4837 ὥστε
2924 4782 3048 4838 οὐδὲ
3078 4783 3335 4854 ἔμψυχον
3373 4782 3528 4836 ἔσται
3558 4781 3684 4835 δλον
3710 4782 3776 4835 τὸ

516 4891 618 4932 nec
649 4876 965 4940 adhaerebit,
1001 4890 1101 4930 nec
1138 4884 1476 4939 semarnetur,
1511 4872 1776 4944 siquidem
1834 4871 2073 4940 incorpo-

2187 4875 2365 4941 ζῶον·
2398 4876 2448 4928 εί
2502 4873 2561 4927 δέ
2604 4874 2753 4927 ἔστιν
2794 4873 2918 4927 ὅλον
2975 4872 3243 4944 ἔμψυχον,
3284 4871 3416 4926 οὔτε
3464 4872 3776 4941 ἐφάπτεται

515 4981 666 5021 reum
692 4975 796 5020 85'.

2191 4968 2287 5021 καὶ
2312 4964 2629 5037 χωρίζεται,
2665 4963 2957 5035 ἀσώματος
2994 4960 3149 5020 οὖσα.

577 5057 636 5113 Si
667 5070 796 5113 vero
824 5072 931 5111 non
961 5055 1255 5121 adunatur,
1290 5054 1566 5125 inquiunt,
1587 5065 1688 5109 nec
1716 5051 1954 5123 adiacet,
1984 5065 2073 5108 nec

2264 5055 2327 5110 Ei
2356 5055 2410 5109 δὲ
2451 5054 2526 5127 μὴ
2563 5055 2792 5125 ἥνωται,
2839 5055 2999 5126 φησὶ,
3046 5056 3184 5128 μήτε
3235 5053 3596 5127 παράκειται,
3630 5056 3779 5129 μήτε

509 5147 790 5213 miscetur,
816 5162 915 5201 cur
945 5146 1145 5201 animal
1172 5147 1369 5202 dicitur
1404 5161 1568 5202 unum
1594 5161 1717 5201 cum
1747 5145 1801 5200 in
1838 5144 2073 5214 corpori-

2192 5146 2481 5220 κέκραται,
2511 5146 2597 5209 τίς
2624 5146 2654 5199 δ
2684 5145 2843 5214 λόγος
2870 5144 2967 5199 τοῦ
2997 5145 3139 5211 ζώου
3170 5146 3229 5201 ιν
3256 5146 3537 5217 λέγεσθαι,
3566 5148 3656 5202 ὃτι
3679 5149 3783 5202 ἐπὶ

509 5240 610 5296 bus
667 5239 928 5294 adunatio
1002 5238 1371 5294 adunatorum
1429 5239 1668 5294 omnium
1724 5238 2073 5292 mutationem

2194 5237 2296 5309 μὲν
2346 5235 2456 5290 τῶν
2490 5236 2782 5308 σωμάτων,
2814 5237 2849 5307 ὴ
2882 5235 3080 5300 ἓνωσις
3104 5238 3393 5293 ἀλλοίωσιν
3412 5239 3526 5292 τῶν
3554 5240 3782 5302 συνιόν-

507 5340 787 5399 operetur,
813 5330 1012 5401 quippe
1038 5344 1157 5400 qua:
1186 5329 1240 5384 in
1283 5329 1385 5384 alia
1418 5342 1646 5399 corpora
1698 5327 2073 5393 immutantur,

2189 5345 2298 5383 των
2337 5327 2556 5382 πάντων
2581 5324 2898 5399 ἐργάζεται,
2928 5326 3227 5398 ἐπειδήπερ
3247 5328 3293 5360 ⁸⁸
3323 5329 3405 5391 είς
3422 5326 3561 5383 ἀλλα
3587 5330 3783 5400 σῶμα..

511 5420 963 5492 quemadmodum
997 5420 1264 5477 elementa
1323 5420 1376 5474 in
1436 5418 1841 5488 permistioues,
1881 5426 1936 5472 et
1977 5417 2073 5472 ali-

2189 5437 2258 5476 τα
2305 5417 2706 5491 μεταϐάλλεται
2729 5434 2745 5449 ·
2783 5417 2858 5486 ὡς
2894 5417 2968 5476 τὰ
3016 5419 3256 5491 στοιχεῖα
3305 5416 3387 5484 εἰς
3423 5415 3499 5472 τά
3538 5418 3782 5492 συγκρί-

580 5594 743 5666 ξθίὲὰν
779 5592 976 5666 μὴῌκαὶ
1004 5594 1141 5666 αὐτὴ
1174 5592 1579 5666 συνδιαστραφῆ
1598 5593 1776 5666 αὐτῷ·
1814 5593 2073 5666 συμϐαίνε

2172 5593 2241 5666 ἀρ
2269 5592 2362 5666 καὶ
2391 5593 2550 5666 τοῦτο
2579 5592 2707 5666 add1
2731 5552 3380 5666 liquod‘scliglmidetur.
3462 5592 3510 5627 ⁸³
3545 5593 3645 5652 καὶ
3670 5592 3764 5649 οὖο

580 5612 626 5625 "’
649 5612 743 5648 δαν
779 5612 853 5664 μη
882 5612 976 5648 και
1004 5612 1141 5664 αῦτη
1174 5612 1579 5666 συνοιαστραφη
1598 5613 1696 5649 αυτ
1762 5612 1776 5627 ⁸
1814 5612 1876 5647 συ
1929 5612 2073 5649 οαινε

515 5661 780 5741 eumne...
819 5662 954 5726 οὖσα
980 5663 1146 5738 (inita
1174 5666 1216 5721 ti
1246 5664 1331 5737 ll)
1355 5682 1464 5723 om.
1501 5667 1562 5721 Ρ.
1636 5665 1680 5697 ⁸ο
1699 5612 2073 5738 ῗαιδζαρ...

2172 5612 2241 5665 αρ
2269 5612 2362 5646 και
2391 5612 2550 5647 τουτο
2579 5612 2702 5647 30".
2732 5612 2769 5646 τ’
2796 5612 2937 5658 quou
2968 5612 3118 5647 SCIIOI

2176 5664 2236 5731 ῦς
2262 5662 2380 5719 ἀλλ.
2412 5663 2538 5735 (col.
2580 5660 2715 5721 1500
2747 5662 2789 5718 Β
2818 5661 2875 5734 2)
2908 5677 3019 5719 om.
3057 5660 3118 5718 Ρ.
