4070 6216
368 356 393 412 Ι
403 350 508 410 207

1608 352 1695 407 DE
1734 351 2025 408 NATURA
2061 349 2370 408 HOMINIS.

3470 339 3610 399 1293

366 486 536 541 ματα,
565 468 659 523 καὶ
692 469 747 521 αἱ
780 468 978 538 τροφαὶ
1012 468 1091 533 τίς
1123 467 1283 541 αἷμα,
1308 470 1369 524 τὸ
1394 471 1450 525 δὲ
1486 467 1625 543 αἷμα
1659 472 1736 534 είς
1763 472 1940 541 σάρκα

2053 479 2223 527 menta
2254 471 2307 526 in
2338 468 2676 540 sanguinem,
2706 478 2761 521 et
2788 462 3013 534 sanguis
3038 463 3095 518 in
3126 476 3343 518 carnem
3391 472 3446 516 et
3479 461 3608 517 reli-

365 558 461 612 καὶ
496 556 566 610 τά
607 555 773 609 λοιπά
833 556 1001 628 μόρια
1050 556 1148 612 τοῦ
1210 560 1509 631 σώματος;
1562 560 1686 614 Ἐπὶ
1743 561 1799 613 δὲ
1831 560 1940 615 τῶν

364 646 574 717 νοητῶν
646 648 845 710 ἓνωσις
910 648 1010 717 μὲν
1068 650 1301 717 γίνεται,
1380 652 1664 715 ἀλλοίωσις
1740 653 1796 705 δὲ
1877 653 1939 706 ού

365 736 801 810 παρακολουθεῖ⁸
855 739 916 793 ού
968 740 1077 812 γὰρ
1107 741 1321 811 πέφυκε
1369 744 1559 812 νοητὸν
1595 745 1716 799 κατ’
1754 744 1942 800 οὐσίαν

366 831 737 885 ἀλλοιοῦσθαι.
770 832 882 885 Καὶ
906 831 1103 903 ἡψυχὴ
1126 832 1241 903 ζωὴ
1260 830 1414 899 οὖσα,
1444 838 1492 888 εί
1513 837 1569 889 ὲν
1594 839 1660 908 τῇ
1684 837 1880 907 κράσει
1908 838 1941 909 ἢ

370 922 560 975 ἑνώσει
584 922 966 993 μετεϐάλλετο,
1002 923 1273 996 ἠλλοιώθη
1308 925 1375 980 ἂν
1414 928 1510 981 καὶ
1559 927 1659 981 οὐκ
1696 925 1765 999 ἦν
1790 929 1903 999 ζωή
1925 943 1940 958 ⁸

370 1012 424 1064 τί
456 1012 513 1066 δὲ
552 1011 908 1067 συνεϐάλλετο
931 1012 1011 1084 τῷ
1046 1013 1282 1085 σώματι,
1313 1016 1363 1069 εί
1392 1016 1469 1088 μὴ
1499 1020 1767 1090 παρεῖχεν
1795 1017 1945 1089 αὑτῷ

374 1103 475 1173 τὴν
502 1101 681 1172 ζωήν;
711 1104 821 1156 Καὶ
856 1103 1063 1174 ἥνωται
1095 1106 1277 1160 τοίνυν
1300 1109 1334 1179 ἠ
1370 1107 1519 1180 ψυχὴ
1557 1109 1616 1161 ἐν
1646 1108 1725 1180 τῷ
1760 1108 1946 1181 σώμα-

375 1205 451 1253 τι,
481 1190 574 1242 καὶ
596 1191 919 1261 ἀσυγχύτως
950 1191 1176 1262 ἦνωται.

448 1280 569 1331 Ὅτι
594 1279 694 1349 μὲν
735 1280 846 1351 γάρ
874 1281 1078 1352 ἥνωται
1109 1284 1384 1340 δείκνυσιν
1414 1289 1447 1359 ἡ
1473 1291 1817 1361 συμπάθεια·
1862 1293 1946 1346 ὅτι

371 1369 428 1422 δὲ
462 1371 557 1423 καὶ
587 1370 898 1442 ἁσύγχυτος
952 1374 1126 1444 μένει,
1159 1376 1260 1429 ούκ
1298 1378 1595 1444 ἀγνοεῖται.
1634 1382 1803 1436 Ὅταν
1837 1385 1947 1455 γάρ

373 1477 425 1513 τι
458 1461 579 1514 καθ’
612 1462 784 1515 ἑαυτά
805 1463 913 1515 τῶν
940 1462 1112 1518 ὄντων
1142 1467 1534 1523 ὲπισκέπτεται
1554 1471 1647 1525 τοῦ
1672 1472 1945 1543 σώματος,

373 1546 449 1612 ὡς
473 1544 581 1602 οἷόν
602 1567 660 1603 τε
685 1549 887 1622 ἑαυτὴν
912 1554 1222 1625 χωρίζουσα
1244 1557 1405 1612 τοῦτο
1445 1563 1591 1614 ποιεῖ
1610 1579 1623 1593 ⁸
1658 1562 1947 1634 ἀσώματος

376 1640 486 1710 γὰρ
508 1637 664 1706 οὖσα,
692 1642 759 1695 δι’
780 1642 902 1696 ὅλου
929 1644 1251 1716 κεχώρηκεν
1281 1650 1360 1710 εἰς
1393 1649 1463 1703 τὰ
1486 1652 1904 1724 συνεφθαρμένα
1928 1669 1942 1685 ⁸

378 1728 475 1781 καὶ
506 1729 705 1797 ἀφεῖσα
735 1729 908 1785 ταῦτα
944 1732 1095 1803 μένει
1126 1734 1454 1808 ἀδιάφθορος
1476 1740 1569 1793 καὶ
1600 1742 1907 1814 ἀσύγχυτος
1928 1760 1943 1775 ⁸

378 1822 472 1873 καὶ
496 1821 555 1873 τὸ
593 1821 716 1874 καθ’
758 1801 958 1894 ἑαυτὴν
1005 1824 1247 1897 καθαρὸν
1268 1801 1858 1898 -ὲνδιασώζουσαίσκαὶ
1887 1801 1946 1889 ἓν
1974 1801 2024 1864 Β

377 1905 460 1974 οἷς
487 1911 719 1983 γένηται
769 1914 1047 1982 τρέπουσα
1077 1917 1218 1971 κατά
1261 1919 1361 1989 τὴν
1390 1921 1595 1992 ἑαυτῆς
1643 1924 1811 1995 ζωὴν,
1852 1926 1946 1979 καὶ

379 2002 473 2054 ὑπ’
501 2004 725 2059 ἐκείνων
757 2005 833 2077 μὴ
863 2007 1196 2079 τρεπομένῳ
1248 2010 1335 2073 Ὠς
1366 2013 1475 2084 γὰρ
1505 2015 1533 2067 ό
1558 2015 1710 2085 ἦλιος
1731 2019 1798 2089 τῇ
1841 2035 1945 2070 πα-

378 2092 573 2165 ρουσίᾳ
601 2094 694 2148 τὸν
722 2096 862 2167 ἀέρα
901 2098 981 2160 είς
1016 2098 1131 2167 φῶς
1179 2102 1529 2169 μεταδάλλει.
1581 2106 1751 2160 ποιῶν
1785 2108 1949 2163 αὐτὸν

378 2185 669 2255 φωτοειδῆ,
702 2186 797 2240 καὶ
850 2187 1066 2242 ἑνοῦται
1090 2188 1169 2261 τῷ
1198 2190 1321 2262 άὲρι
1359 2192 1420 2246 τὸ
1455 2195 1592 2263 φῶς,
1625 2192 1949 2269 ἀσυγχύτως

378 2272 497 2342 ἅμα
524 2275 674 2345 αύτῷ
706 2276 802 2329 καὶ
831 2280 1146 2349 κεχυμένως
1172 2298 1187 2312 ·
1216 2281 1309 2335 τὸν
1342 2284 1505 2338 αὑτὸν
1534 2287 1736 2358 τρόπον
1790 2291 1885 2343 κοιλ⁵
1913 2292 1947 2361 ἡ

348 2364 527 2436 ,ψυχὴ
589 2367 852 2441 ἑνουμένη
913 2370 1146 2441 σώματι,
1202 2375 1354 2444 μένει
1413 2378 1576 2432 πάλιν
1608 2379 1946 2452 ἁσύγχυτοςο

381 2455 523 2509 κατά
553 2458 711 2512 τοῦτο
770 2461 932 2531 μόνον
982 2463 1397 2530 διαλλάττουσα,
1460 2469 1541 2523 ὅτι
1587 2471 1615 2523 ὁ
1650 2471 1752 2541 μὲν
1799 2472 1950 2542 ἥλιος

381 2546 543 2618 σῶμα
572 2548 666 2615 ῶν,
700 2553 793 2606 καὶ
827 2553 978 2625 τόπῳ
1003 2558 1498 2629 περιγραφόμενος,
1527 2563 1627 2617 οὐκ
1656 2563 1771 2618 ἔστι
1807 2582 1950 2619 παν-

379 2641 548 2712 ταχοῦ
575 2642 703 2697 ἔνθα
730 2646 825 2699 καὶ
851 2647 913 2700 τὺ
939 2648 1056 2716 φῶς
1075 2650 1262 2715 αὐτοῦ,
1294 2650 1370 2714 ώς
1397 2652 1518 2707 οὐδὲ
1545 2655 1604 2708 τὸ
1619 2654 1731 2727 πῦρ
1753 2674 1769 2688 ⁸
1798 2658 1952 2727 μένει

382 2734 487 2806 γάρ
515 2736 608 2790 καί⁸
627 2736 760 2790 αὐτὸ
791 2739 849 2792 ὲν
886 2741 1001 2803 τοῖς
1031 2739 1229 2807 ξύλοις,
1262 2743 1295 2813 ἢ
1330 2744 1391 2797 ὲν
1417 2747 1491 2817 τῇ
1509 2743 1950 2815 θρυαλλίδιδεδε-

385 2824 565 2894 μένον,
597 2827 674 2891 ώς
712 2830 770 2881 ὲν
799 2829 978 2901 τόπῳ·
1005 2832 1038 2902 ή
1067 2831 1217 2903 ψυχὴ
1244 2833 1301 2886 δὲ
1334 2834 1628 2905 ἀσώματος
1656 2831 1818 2902 οὖσα,
1858 2840 1953 2891 καὶ

386 2915 460 2985 μὴ
491 2920 941 2991 περιγραφομένη
970 2923 1031 2976 ἐν
1056 2922 1228 2992 τόπῳ,
1256 2925 1353 2996 ὅλη
1373 2926 1440 2979 δι’
1464 2927 1586 2979 ὅλου
1623 2932 1791 2999 χωρεῖ
1815 2931 1955 2999 μετά

380 3011 474 3063 τοῦ
528 3013 705 3081 φωτὸς
738 3014 930 3086 αὐτῆς,
988 3018 1084 3070 καὶ
1128 3017 1404 3090 γράφεται
1453 3020 1554 3083 τὰς
1613 3021 1804 3086 οὐσίας
1857 3020 1953 3074 τοῦ

2042 577 2147 631 qua
2209 560 2448 615 membra
2500 556 2781 629 corporis?
2823 555 2882 611 in
2931 554 3381 610 intellectualibus
3429 561 3611 608 autem

2042 651 2299 706 adunatio
2332 652 2549 721 quidem
2586 650 2665 715 iit,
2700 647 3013 703 immutatio
3043 656 3228 703 autem
3272 660 3379 700 non
3430 645 3613 714 sequi-

2046 749 2132 793 tur
2153 756 2169 806 ;
2190 739 2549 795 intellectuale
2569 737 2713 794 enim
2744 736 2921 807 quoad
2948 735 3241 792 essentiam
3276 750 3381 790 non
3438 742 3615 788 muta-

2046 839 2152 884 tur.
2179 830 2244 884 Et
2289 831 2469 885 anima
2497 846 2616 901 qua:
2644 829 2754 884 vita
2785 838 2888 893 est,
2920 827 2965 884 si
3005 827 3059 882 in
3114 826 3497 896 coagulatione
3521 834 3615 877 aut

2045 919 2369 976 adunatione
2393 920 2646 983 variaret,
2676 926 2980 974 mutaretur
3021 924 3077 973 et
3129 931 3234 971 non
3280 923 3426 970 esset
3478 915 3610 969 vita.

2044 1009 2154 1067 Cur
2187 1020 2365 1066 tamen
2400 1010 2613 1081 corpori
2648 1009 3090 1080 coniungeretur,
3125 1006 3213 1061 cui
3250 1021 3357 1061 non
3395 1004 3616 1059 aii‘errct

2045 1100 2465 1171 vitam?itaque
2492 1102 2679 1156 unitur
2720 1101 2902 1155 anima
2920 1098 3134 1168 corpori
3173 1107 3229 1153 et
3282 1096 3487 1165 absque
3534 1093 3617 1148 fu-

2046 1193 2197 1247 sione
2234 1192 2441 1246 unitur.

2116 1279 2269 1348 Quod
2294 1280 2437 1335 enim
2470 1279 2709 1342 uniatur,
2745 1278 2904 1335 docet
2934 1276 3275 1349 sympathia;
3313 1275 3456 1345 quod
3486 1288 3614 1328 vero

2045 1372 2250 1441 absque
2290 1372 2515 1426 mistura
2547 1378 2783 1433 maneat,
2845 1368 3190 1423 notissimum
3233 1373 3339 1419 est.
3373 1361 3615 1432 Namque

2048 1460 2139 1516 ubi
2168 1460 2368 1531 aliquid
2388 1460 2531 1531 quod
2560 1475 2656 1531 per
2676 1475 2737 1516 se
2757 1460 2824 1515 ad
2845 1473 3044 1527 corpus
3076 1454 3333 1526 pertinet,
3366 1454 3617 1509 conside-

2049 1562 2153 1618 rat,
2181 1562 2436 1621 quantum
2471 1562 2646 1623 potest
2666 1553 2899 1619 seipsam
2923 1563 3202 1604 removens
3225 1548 3331 1602 hoc
3346 1546 3476 1600 facit
3515 1564 3528 1599 :
3562 1554 3620 1598 at

2048 1644 2365 1713 incorporea
2394 1643 2537 1697 enim
2571 1644 2788 1713 penitus
2827 1642 2968 1695 intra
2999 1648 3256 1708 corrupta
3290 1635 3619 1708 penetravit,

2048 1749 2168 1803 qua:
2221 1734 2638 1804 praetermittens
2690 1735 3004 1800 incorrupta
3066 1738 3250 1784 manet
3304 1736 3359 1781 et
3395 1724 3620 1781 mistut'a

2048 1824 2213 1880 libera
2240 1841 2254 1891 ;
2286 1833 2340 1879 et
2361 1824 2530 1893 ipsius
2552 1826 2840 1893 puritatem
2881 1833 3127 1885 servans,
3154 1826 3210 1874 et
3241 1832 3303 1871 ea
3344 1816 3395 1871 in
3427 1815 3623 1884 quibus

2046 1923 2128 1969 est
2153 1916 2220 1971 ad
2238 1930 2391 1970 suam
2416 1915 2578 1970 vitam
2601 1922 2948 1977 convertens,
2967 1911 3037 1966 ab
3072 1910 3177 1965 illis
3204 1924 3311 1965 non
3336 1921 3617 1963 conversa.

2048 2007 2509 2073 Quemadmodum
2537 2005 2682 2061 enim
2732 2004 2813 2059 sol
2847 1998 3112 2072 apparens
3144 2016 3326 2055 aerem
3365 1999 3420 2053 in
3446 1997 3621 2052 lucem

2049 2103 2391 2160 transmutat,
2419 2103 2475 2150 et
2511 2092 2747 2148 lucidum
2786 2092 2939 2156 facit,
2965 2100 3020 2145 et
3057 2090 3170 2145 acri
3201 2088 3297 2144 lux
3334 2087 3623 2150 adunatur,

2049 2185 2167 2242 sine
2200 2183 2425 2240 mistura
2458 2199 2581 2239 cum
2622 2183 2741 2254 ipso
2764 2180 2926 2236 simul
2958 2190 3011 2236 et
3041 2195 3162 2235 cum
3195 2177 3431 2243 fusione,
3460 2176 3624 2231 simili

2049 2278 2209 2332 modo
2235 2283 2290 2332 et
2311 2276 2487 2330 anima
2515 2274 2730 2344 corpori
2753 2272 3147 2340 adunata,sine
3166 2270 3418 2325 mistione
3447 2281 3626 2322 rema~

2050 2377 2142 2423 net
2172 2385 2187 2435 ;
2220 2366 2273 2421 in
2300 2367 2401 2423 hoc
2426 2374 2631 2420 tantum
2664 2363 2941 2428 diil'erunt,
2976 2362 3116 2432 quod
3150 2359 3229 2417 sol
3279 2358 3495 2429 quidem
3531 2345 3625 2426 qui

2050 2474 2247 2528 corpus
2260 2470 2342 2514 est
2358 2470 2415 2513 et
2427 2458 2546 2513 loco
2569 2454 3014 2524 circumscriptus
3033 2468 3138 2506 non
3159 2451 3359 2520 ubique
3373 2458 3455 2504 est
3469 2446 3557 2501 ubi
3574 2454 3628 2501 et

2051 2548 2291 2619 ejuslux,
2306 2547 2381 2601 uti
2409 2562 2506 2600 nec
2523 2547 2684 2600 etiam
2704 2545 2882 2616 ignis;
2908 2551 3088 2597 manet
3113 2540 3258 2595 enim
3278 2540 3332 2593 in
3351 2537 3517 2608 lignis
3535 2546 3628 2590 aut

2054 2643 2105 2696 in
2127 2639 2395 2711 ellychnio
2417 2639 2628 2693 hmrens
2649 2636 2789 2691 sicut
2813 2633 3006 2688 inloco
3028 2649 3043 2685 :
3063 2632 3244 2685 anima
3265 2645 3413 2695 vero,
3441 2637 3629 2697 utp0te

2054 2735 2392 2801 incorporea,
2413 2743 2513 2785 nec
2538 2728 2591 2783 in
2616 2728 2735 2782 loco
2758 2722 3191 2791 circumscripta,
3214 2731 3325 2776 tota
3344 2736 3566 2791 prorsus
3587 2720 3629 2773 it

2053 2840 2176 2881 cum
2217 2823 2335 2878 luce
2366 2836 2463 2878 sua
2502 2828 2559 2876 et
2598 2820 2740 2874 bona
2772 2814 3016 2888 corporis
3063 2811 3501 2871 circumscribit;
3527 2825 3628 2864 nec

2056 2931 2183 2988 pars
2212 2923 2297 2971 est
2317 2912 2384 2968 ab
2405 2927 2469 2967 ea
2493 2910 2819 2973 illuminata,
2848 2909 2900 2962 in
2928 2922 3033 2977 qua
3069 2914 3177 2959 tota
3206 2918 3310 2957 non
3341 2903 3501 2967 adsit,
3522 2915 3626 2954 non

2056 3010 2199 3065 enim
2229 3004 2473 3075 corporis
2517 3001 2941 3057 dominationem
2977 2996 3205 3068 patitur,
3242 2994 3335 3050 sed
3364 2994 3476 3063 ipsa
3506 3006 3629 3046 cor-

382 3100 665 3173 σώματος’
722 3105 818 3159 καὶ
864 3082 973 3162 ⁷ούκ
1029 3082 1366 3181 ἔστιτμερος
1417 3082 1798 3182 φωτιζόμενον
1856 3112 1950 3168 ὑπ’

2055 3114 2156 3169 pus
2188 3096 2521 3159 dominatur,
2544 3092 2810 3163 siquidem
2848 3090 2900 3143 in
2936 3101 3164 3157 corpore
3200 3086 3374 3148 adest,
3401 3098 3505 3138 non
3522 3082 3631 3138 sic-

382 3196 576 3265 αὐτῆς,
612 3199 671 3251 ἑν
700 3189 744 3267 ᾧ
776 3198 852 3269 μὴ
908 3201 1003 3271 ὅλη
1062 3201 1325 3271 πάρεστιν
1355 3217 1369 3231 ⁸
1398 3203 1460 3256 οὐ
1504 3202 1614 3273 γὰρ
1670 3206 1955 3273 κρατεῖται

384 3285 490 3338 ὑπὸ
514 3286 610 3340 τοῦ
650 3286 921 3361 σώματος,
962 3292 1080 3347 ἀλλ’
1109 3293 1250 3364 αὑτὴ
1282 3296 1477 3367 κρατεί
1515 3294 1576 3348 τὸ
1606 3294 1768 3363 σῶμα
1790 3312 1801 3324 ⁸
1829 3296 1952 3349 ἐπεὶ

384 3375 502 3431 οὐδὲ
529 3381 587 3432 ἐν
639 3379 717 3451 τῷ
752 3381 968 3453 σώματί
1015 3384 1186 3449 ἐστιν,
1239 3386 1316 3449 ὼς
1371 3387 1430 3439 ἐν
1460 3386 1730 3457 ἀγγείῳῆ
1772 3386 1952 3459 ἀσκῷ.

385 3469 521 3524 ἀλλά
550 3472 751 3541 μᾶλλον
776 3474 836 3527 τὸ
864 3475 1024 3545 σῶμα
1052 3478 1110 3531 ὲν
1136 3478 1297 3550 αὐτῇ.
1337 3479 1398 3533 El
1420 3479 1529 3549 γὰρ
1559 3479 1653 3533 καὶ
1681 3481 1709 3533 ὀ
1739 3480 1955 3551 προφή-

384 3576 482 3629 της
534 3562 822 3632 ἐξαγαγεῖν
878 3566 1049 3639 αὐτὴν
1106 3569 1171 3621 ὲκ
1236 3569 1485 3639 φυλακῆς
1540 3570 1635 3623 τὸν
1668 3570 1805 3624 Θεὸν
1861 3569 1954 3622 εῦ-

387 3668 563 3720 χεται,
595 3653 708 3707 ἀλλ’
737 3656 834 3726 οὐχ
864 3656 941 3720 ώς
982 3658 1041 3711 τὸ
1086 3658 1246 3729 σῶμα
1286 3659 1443 3722 εἰδὼς
1484 3657 1756 3731 φυλακὴν,
1792 3661 1869 3725 ὡς
1897 3662 1959 3714 ὲν

388 3741 574 3815 ἑξορίᾳ
595 3744 635 3776 ⁶⁹
662 3745 720 3800 δὲ
750 3748 845 3801 καὶ
890 3748 1106 3821 φυλακῇ
1154 3752 1212 3804 ὲν
1254 3751 1333 3821 τῷ
1368 3750 1469 3821 βίῳ
1532 3752 1795 3823 ὑπάρχων
1828 3768 1841 3781 ⁸
1878 3751 1954 3823 μὴ

387 3833 706 3905 κωλυόμενα
739 3836 848 3908 γὰρ
878 3838 984 3892 ὑπὸ
1026 3840 1135 3894 τῶν
1173 3841 1445 3912 σωμάτων
1478 3842 1547 3897 τά
1573 3844 1761 3912 νοητὰ,
1816 3843 1955 3897 ἀλλά

387 3926 481 3979 καὶ
514 3926 602 3983 διά
642 3930 843 3996 παντὸς
878 3932 975 3987 τοῦ
1008 3933 1259 4005 σώματος
1293 3936 1600 4009 χωροῦντα,
1627 3938 1722 3991 καὶ
1747 3937 1956 4006 διαφοι-

385 4018 587 4083 τῶντα,
615 4022 710 4075 καὶ
736 4021 1024 4091 διεξιόντα,
1075 4027 1176 4097 οὐχ
1200 4022 1291 4081 οἷά
1313 4029 1374 4083 τέ
1403 4031 1551 4083 ἐστιν
1596 4027 1703 4084 ἀπὸ
1736 4029 1831 4083 τοῦ
1864 4028 1957 4082 τό-

388 4126 487 4163 που
522 4116 848 4182 σωματικῶς
890 4117 1239 4189 κατέχεσθαι.
1281 4120 1518 4193 Τοιαύτη
1550 4120 1659 4193 γὰρ
1684 4121 1792 4174 τῶν
1824 4138 1952 4191 νοη-

385 4198 491 4251 τῶν
526 4198 683 4270 φύσις
725 4202 1016 4275 ἀσώματος
1047 4206 1142 4260 καὶ
1197 4207 1514 4279 ἀμέριστος,
1556 4207 1652 4261 καὶ
1678 4206 1954 4278 ἀλλήλοις,

386 4291 480 4343 καὶ
510 4289 725 4361 σώματι
755 4293 1067 4364 μίγνυσθαι.
1107 4297 1200 4349 Ἐκ
1222 4298 1417 4351 τούτου
1434 4298 1542 4369 γάρ
1559 4292 1714 4367 οἶμαι
1736 4297 1829 4350 καὶ
1856 4296 1957 4366 τὴν

2056 3203 2115 3248 ιιι
2168 3192 2221 3247 in
2260 3203 2387 3245 vase
2420 3197 2511 3242 aut
2539 3187 2591 3241 in
2637 3194 2776 3250 utre,
2814 3182 2908 3237 sed
2944 3180 3124 3250 potius
3161 3190 3361 3247 corpus
3389 3175 3440 3229 in
3489 3174 3625 3242 ipsa.

2055 3283 2205 3339 Licet
2240 3280 2384 3337 enim
2443 3277 2712 3347 Propheta
2767 3283 2825 3327 ut
2864 3272 3060 3326 educat
3107 3268 3253 3323 illam
3287 3267 3353 3321 de
3382 3264 3629 3320 custodia

2057 3376 2220 3439 Deus,
2242 3382 2511 3443 precetur,
2543 3384 2650 3424 non
2677 3377 2855 3421 tamen
2878 3363 2931 3418 id
2964 3356 3265 3430 dicitquasi
3309 3372 3505 3427 corpus
3534 3370 3631 3426 pro

2056 3465 2301 3523 custodia
2317 3463 2543 3526 habens,
2572 3458 2667 3516 sed
2684 3466 2741 3512 ut
2758 3455 2812 3511 in
2832 3452 3025 3509 exsilio
3049 3451 3169 3506 etin
3183 3448 3427 3505 custodia
3454 3445 3506 3500 in
3522 3446 3629 3499 vita

2059 3559 2349 3614 exsistens.
2390 3552 2639 3621 Namque
2689 3543 3073 3603 intellectualia
3117 3556 3223 3595 non
3266 3537 3634 3607 impediuntur

2059 3665 2156 3721 per
2172 3659 2424 3713 corpora,
2448 3642 2542 3697 sed
2562 3649 2618 3695 et
2639 3651 2733 3707 per
2756 3644 2925 3690 totum
2952 3646 3147 3700 corpus
3172 3628 3342 3684 divisa
3366 3637 3417 3682 et
3441 3625 3631 3680 dili‘usa

2056 3715 2379 3801 eterrantia,
2394 3728 2890 3804 corporaliterloco
2903 3722 3149 3781 concludi
3171 3727 3465 3790 nequeunt.
3486 3715 3633 3770 Talis

2059 3841 2142 3887 est
2168 3830 2313 3885 enim
2344 3821 2791 3881 intellectualium
2829 3827 3019 3875 natura
3054 3816 3373 3884 incorporea
3414 3818 3470 3865 et
3500 3808 3635 3863 iudi-

2062 3922 2201 3985 visa,
2257 3926 2317 3973 ut
2367 3916 2469 3972 sibi
2522 3914 2751 3968 invicem
2804 3918 2858 3965 et
2913 3905 3235 3977 corporibus
3277 3902 3631 3957 misceantur.

2063 4009 2270 4067 Exinde
2298 4007 2440 4063 enim
2468 4005 2662 4074 Opinor
2680 4010 2735 4056 et
2755 3998 2989 4054 animam
3014 4008 3045 4051 a
3070 3993 3401 4050 daemonibus
3423 3990 3631 4053 vexari,

2062 4120 2092 4159 a
2128 4098 2425 4157 ratiociniis
2461 4096 2617 4152 malis
2658 4089 3120 4163 blasphemiisque
3147 4095 3203 4143 et
3232 4087 3299 4141 ab
3347 4085 3466 4140 istis
3512 4099 3635 4153 quin

2062 4196 2214 4254 nefas
2249 4201 2333 4249 est
2364 4191 2547 4247 dicere
2593 4196 2687 4243 aut
2718 4186 2979 4256 cogitare,
3001 4180 3301 4252 praesertim
3330 4194 3453 4233 cum
3511 4178 3634 4248 quis

2059 4286 2406 4346 Christianus
2438 4290 2542 4337 est.

385 4377 563 4451 ψυχὴν
594 4359 700 4437 ύπὸ
720 4359 840 4438 τῶν⁷
862 4385 1133 4455 δαιμόνων
1165 4359 1521 4459 πλήττεσθαι,
1554 4359 1658 4444 ὑπὸ
1676 4359 1954 4461 λογισμῶν
1991 4382 2247 4457 πονηρῶν
2278 4380 2375 4434 καὶ
2435 4370 2815 4449 βλασφημιῶν,
2851 4368 2945 4423 καὶ
3003 4359 3079 4422 ὧν
3104 4363 3227 4420 οὐδὲ
3248 4360 3412 4433 θέμις
3435 4360 3631 4424 εἰπεῖν,

384 4472 419 4541 ἢ
448 4474 727 4545 ὲκνοῆσαι,
757 4475 852 4529 καὶ
896 4477 1131 4547 μάλιστα
1185 4480 1513 4549 Χριστιανὸν
1545 4480 1699 4535 ὄντα.

454 4560 566 4634 Τὴν
596 4542 783 4635 μέντοι
821 4542 1121 4622 ἀθανασίαν
1152 4542 1322 4642 αὐτῆς
1349 4571 1445 4624 καὶ
1472 4572 1700 4627 Πλάτων
1751 4575 1816 4629 ὲκ
1858 4570 1952 4627 τοῦ

2130 4563 2301 4619 Porro
2358 4553 2817 4613 immortalitatem
2861 4547 3018 4602 Plato
3065 4560 3134 4600 ex
3166 4542 3282 4613 ejus
3334 4542 3635 4599 mobilitate

385 4653 702 4726 ἀεικινήτου
753 4656 924 4728 αὐτῆς
968 4658 1347 4729 συλλογίζεται
1374 4660 1546 4727 οὕτως
1571 4679 1585 4693 ⁸
1628 4682 1646 4716 ι
1691 4664 1756 4716 Ἦ
1785 4662 1953 4734 ψυχὴ.

388 4743 555 4811 φησιν
583 4781 599 4806 ,
654 4747 966 4817 ἀεικίνητός
996 4750 1111 4802 ἐστι
1142 4764 1157 4779 ⁸
1200 4750 1260 4803 τὸ
1294 4751 1605 4821 ἀεικίνητον
1648 4750 1914 4806 ἀθάνατον
1939 4769 1955 4786 ⁸

388 4835 424 4903 ἡ
452 4833 601 4906 ψυχὴ
632 4835 751 4906 ἄρα,
777 4838 1069 4904 ἀθάνατος.
1117 4840 1228 4893 Καὶ
1270 4840 1458 4912 ἐπειδὴ
1493 4841 1758 4906 ἀθάνατός
1810 4844 1959 4896 ἐστιν

388 4930 424 4997 ἡ
479 4928 665 4999 ψυχὴ,
707 4930 848 4985 ιίσὶν
902 4931 1129 5001 ἀμοιϐαὶ
1175 4930 1283 4984 τῶν
1334 4931 1552 5003 φαύλων
1602 4933 1696 4987 καὶ
1740 4934 1962 5003 ἀγαθῶν

387 5018 642 5089 πράξεων
671 5034 684 5048 ⁸
713 5022 764 5074 εί
808 5020 866 5074 δὲ
911 5021 1049 5075 εἰσὶν
1077 5021 1326 5091 ἀμοιϐαὶ,
1362 5021 1478 5078 ἔστι
1513 5024 1573 5079 τὸ
1600 5025 1955 5096 δικαζόμενον

387 5109 485 5163 καὶ
511 5109 751 5175 δικάζον·
784 5113 833 5165 εί
859 5111 916 5165 δὲ
962 5110 1160 5165 ἔστιτὸ
1185 5112 1543 5185 δικαζόμενον
1583 5118 1675 5170 καὶ
1708 5117 1952 5184 δικάζον,

386 5196 503 5250 ἔστι
551 5200 854 5272 προνοητὸν
881 5200 977 5255 καὶ
1015 5202 1237 5273 πρόνοια
1257 5220 1269 5234 ⁸
1294 5204 1342 5255 εί
1373 5204 1431 5259 δὲ
1460 5206 1653 5275 ταῦτα,
1686 5208 1956 5275 ἀθάνατος

385 5289 496 5359 ἄρα
524 5292 557 5361 ἡ
588 5291 760 5365 ψυχή.
798 5310 818 5344 ι

470 5381 529 5436 '0
558 5384 619 5438 δὲ
643 5385 818 5456 μέγας
837 5384 1116 5449 Βασίλειος
1143 5387 1308 5457 φησίν
1325 5401 1338 5419 ⁸
1369 5406 1387 5440 ι
1412 5388 1833 5462 ’Δόρατονεῐναι
1858 5394 1951 5449 τὸν

383 5470 522 5527 θεὸν
552 5475 799 5541 πίστευε,
826 5477 949 5532 ἐπεὶ
974 5476 1071 5531 καὶ
1098 5479 1131 5548 ἡ
1157 5478 1306 5551 ψυχὴ
1339 5482 1569 5553 ἀόρατός
1602 5485 1752 5537 ἐστιν
1786 5501 1801 5516 ⁸
1828 5484 1955 5539 οὔτε

385 5566 496 5637 γὰρ
517 5566 851 5639 κέχρωσται,
885 5567 1009 5623 οὔτε
1026 5568 1453 5640 ἐσχημάτισται,
1482 5572 1606 5628 οὔτε
1637 5576 1749 5630 τινί
1778 5595 1956 5650 χαρα-

388 5654 552 5725 κτῆρι
604 5656 906 5728 σωματικῷ
956 5659 1338 5731 περιείληπται
1367 5677 1382 5695 ⁸
1414 5662 1531 5717 ἀλλ’
1570 5668 1634 5719 εκ
1663 5666 1771 5722 τῶν
1799 5670 1953 5741 evap-

460 5764 503 5798 “
528 5764 719 5839 όξορία
749 5766 882 5823 Cod.
918 5768 983 5821 A.

2055 4653 2310 4710 continua
2332 4645 2549 4702 deducit
2572 4642 2686 4699 sic:
2716 4660 2734 4692 ι
2764 4637 2982 4700 Anima,
3010 4634 3210 4704 inquit,
3239 4633 3495 4689 continue
3520 4647 3633 4686 mo-

2055 4745 2179 4801 bilis
2241 4748 2370 4805 cst;
2422 4736 2564 4807 quod
2610 4730 2866 4788 continue
2909 4725 3125 4789 mobile,
3164 4734 3250 4779 est
3284 4722 3632 4788 immortale;

2056 4850 2186 4902 ergo
2202 4832 2382 4887 anima
2423 4822 2765 4883 immortalis.
2789 4819 2857 4875 Et
2881 4818 2929 4873 si
2961 4815 3289 4871 immortalis
3314 4823 3401 4871 est
3424 4813 3631 4876 anima,

2058 4933 2183 4982 sunt
2206 4921 2591 4978 retributiones
2615 4926 2905 4986 pravarum
2932 4917 2989 4965 et
3022 4909 3289 4964 bonarum
3318 4908 3628 4968 actionum;

2059 5016 2103 5073 si
2130 5022 2258 5071 sunt
2280 5008 2685 5074 retributiones,
2723 5012 2806 5058 est
2830 5000 3131 5073 iudicatum
3158 5006 3214 5052 et
3266 4997 3551 5067 judicans;
3585 4994 3635 5051 si

2061 5116 2145 5164 est
2179 5103 2475 5176 iudicatum
2498 5108 2556 5154 et
2594 5096 2866 5166 judicans,
2899 5101 2984 5148 est
3011 5088 3287 5161 provisum
3342 5096 3397 5144 et
3447 5086 3629 5159 provi-

2061 5196 2229 5260 dens;
2267 5206 2387 5263 qua:
2417 5190 2463 5245 si
2497 5196 2643 5255 sunt,
2674 5182 2993 5243 immortalis
3011 5196 3143 5252 ergo
3165 5179 3368 5236 anima.
3404 5197 3424 5232 ι

2134 5391 2358 5462 Magnus
2414 5401 2543 5443 vero
2596 5382 2828 5440 Basilius
2882 5381 3058 5451 inquit
3119 5396 3135 5433 :
3202 5395 3222 5431 ι
3300 5376 3632 5434 lnvisibilem

2061 5484 2222 5539 crede
2241 5482 2431 5545 Deum,
2459 5492 2581 5533 cum
2615 5486 2671 5531 et
2693 5474 2871 5529 anima
2899 5468 3182 5527 invisibilis
3208 5469 3308 5525 sit:
3343 5485 3442 5527 nec
3487 5469 3632 5525 enim

2062 5572 2242 5629 colore
2271 5586 2372 5627 nec
2409 5566 2745 5641 paramcntis
2764 5572 3014 5629 ornatur,
3046 5576 3146 5617 nec
3185 5562 3377 5631 quovis
3432 5562 3631 5617 chara-

2058 5673 2207 5721 ctcre
2227 5675 2488 5734 corporeo
2513 5656 2826 5723 includitur,
2854 5652 2948 5712 sed
2972 5664 3039 5710 ex
3062 5652 3281 5724 energia
3312 5662 3518 5709 tantum
3548 5652 3628 5709 di-
