4066 6224
455 265 595 322 1299
1756 264 2035 322 MELETII
2076 265 2383 325 MONACHI
3562 267 3708 326 1300

447 379 728 452 gnoscitur
762 394 921 450 quam
954 380 1217 450 duplicem
1241 379 1404 435 habet
1433 380 1582 451 juxta
1615 380 2021 435 similitudinem

2126 381 2294 449 γειῶν
2323 381 2651 451 γνωρίζεται
2691 379 2852 451 μόνον
2878 396 2892 411 ·
2939 379 3055 448 ἔχει
3102 378 3158 432 δὲ
3187 379 3381 444 διπλᾶς
3412 384 3715 453 ἐνεργείας

447 470 544 525 Dei
585 470 739 539 cujus
774 472 953 540 imago
981 480 1095 525 est:
1120 471 1387 540 duplicem
1411 472 1554 526 enim
1581 472 1723 527 Deus
1743 471 2015 540 energiam

2123 473 2265 526 κατὰ
2300 471 2532 541 μίμησιν
2566 469 2723 535 Θεοῦ,
2756 470 2831 532 ὼς
2857 468 3021 521 εἰκὼν
3051 463 3189 522 οὖσα
3222 468 3409 523 αὑτοῦ.
3443 471 3557 524 Καὶ
3591 472 3712 543 γὰρ

446 561 610 617 habet
625 560 948 630 intelligendi
970 572 1163 615 cuneta
1188 575 1306 630 quae
1333 570 1479 628 sunt,
1503 570 1559 615 et
1589 561 1785 631 quibus
1806 576 1904 615 nos
1936 560 2021 614 in-

2120 561 2149 612 6
2183 560 2313 623 Θεὸς
2336 560 2530 622 διπλᾶς
2563 559 2677 630 ἔχει
2721 559 2820 622 τὰς
2852 557 3153 629 ἐνεργείας.
3185 558 3296 622 Τὰς
3333 559 3432 629 μὲν
3463 576 3710 627 γνωστι-

447 650 690 722 digemns
709 650 1042 720 providendi.
1068 649 1160 705 Sic
1186 666 1315 720 ergo
1339 660 1393 706 et
1410 653 1601 706 animm
1627 659 1753 707 sunt
1777 652 2018 720 duplices

2122 654 2225 717 κάς
2258 655 2480 707 πάντων
2494 653 2605 705 τῶν
2633 652 2823 716 ὄντων,
2847 649 2947 711 τὰς
2969 649 3025 701 δὲ
3052 648 3424 719 προνοητικὰς
3454 651 3567 703 τῶν
3599 668 3710 704 κα-

446 742 697 811 energiae,
723 741 841 795 alia:
866 741 1282 807 intellectuales,
1302 743 1507 797 scilicet
1538 758 1704 806 mens,
1728 743 1926 811 opinio,
1945 742 2019 796 in-

2121 745 2490 815 ταδεεστέρων
2519 744 2706 815 ήμῶνο
2740 741 2913 803 οὕτως
2935 740 3028 793 οῦν
3057 739 3276 810 καὶτῆς
3302 740 3480 811 ψυχῆς
3509 742 3712 805 ,διτταί

450 833 763 902 telligentia,
782 833 1117 904 imaginatio;
1136 835 1255 889 alia:
1272 835 1465 888 vitales
1479 845 1531 889 et
1549 833 2017 903 concupiscibiles,

2123 840 2261 892 εἰσιν
2296 838 2599 909 ἐνέργειαι·
2630 838 2690 889 αἱ
2728 835 2828 907 μὲν
2857 835 3178 903 γνωστικαὶ,
3212 829 3324 887 οἷον
3357 834 3504 898 νοῦς,
3541 836 3706 901 δόξα,

447 925 653 980 scilicet
683 925 953 991 voluntas,
977 928 1190 995 cupido,
1216 928 1565 981 desiderium.
1589 926 1694 980 Sed
1720 925 2018 980 secundum

2120 928 2351 993 διάνοια,
2381 927 2655 996 φαντασία
2679 940 2696 957 ο
2748 927 2803 978 αἱ
2838 925 2897 977 δὲ
2939 924 3172 989 ζωτικαὶ
3211 922 3305 977 καὶ
3350 924 3649 994 όρεκτικαί
3688 941 3704 954 ο

445 1016 663 1071 vitalem
688 1016 793 1071 vim
825 1018 1037 1088 corpori
1063 1019 1444 1073 commiscetur
1474 1019 1651 1072 anima
1673 1017 1895 1087 physice
1926 1030 2021 1085 per

2121 1015 2256 1081 οἷον,
2284 1017 2560 1089 βούλησις,
2602 1016 2775 1087 θυμὸς
2819 1017 2913 1069 καὶ
2946 1015 3230 1086 ἐπιθυμία.
3272 1015 3431 1067 Ἀλλὰ
3463 1015 3564 1085 τὴν
3602 1015 3707 1083 μὲν

446 1108 921 1177 compositionem,
955 1118 1009 1162 et
1041 1124 1145 1163 non
1184 1124 1248 1163 ex
1272 1110 1550 1179 proposito
1581 1108 1785 1178 dirigit.
1820 1107 2021 1174 Quem-

2124 1108 2364 1178 ζωτικὴν
2394 1108 2626 1177 δύναμιν
2651 1105 3123 1175 ὲπισυγκέκραται
3146 1103 3224 1174 τῷ
3246 1103 3459 1173 σώματι
3494 1105 3527 1174 ὴ
3549 1104 3706 1173 ψυχὴ

447 1198 738 1252 admodum
798 1199 941 1253 enim
982 1199 1150 1254 solem
1204 1199 1539 1269 impossibile
1584 1208 1671 1254 est
1718 1198 2015 1268 fulgentem

2124 1200 2373 1272 φυσικῶς
2396 1199 2485 1253 διὰ
2501 1198 2598 1269 τὴν
2624 1196 2956 1268 σύγκρασιν,
2985 1197 3080 1248 καὶ
3107 1196 3211 1247 οὐκ
3232 1196 3298 1247 ὲκ
3321 1195 3703 1265 προαιρέσεως

450 1302 554 1342 non
585 1286 639 1342 id
663 1287 969 1343 illuminare
1012 1304 1172 1358 super
1204 1290 1348 1359 quod
1392 1288 1629 1359 fulgores
1667 1288 1914 1354 irradiat,
1944 1289 2023 1344 sic

2123 1293 2371 1363 χορηγεῖ.
2408 1291 2621 1360 Ὥσπερ
2648 1288 2757 1359 γὰρ
2784 1287 2937 1357 ἥλιον
2960 1287 3061 1357 οὐχ
3081 1280 3193 1339 οἶόν
3216 1302 3277 1339 τε
3309 1284 3704 1354 ἐπιλάμψαντα

450 1380 685 1433 animam
718 1379 1048 1449 impossibile
1063 1390 1144 1435 est
1180 1382 1541 1436 nonanimare
1563 1391 1617 1435 et
1638 1380 1818 1435 vivum
1843 1379 2024 1434 facere

2126 1386 2203 1457 μὴ
2235 1384 2472 1454 φωτίσαι
2509 1381 2670 1436 τοῦτο
2701 1381 2824 1433 καθ’
2855 1374 2916 1434 οὗ
2948 1380 3048 1443 τὰς
3091 1378 3265 1447 αὐγὰς
3289 1378 3544 1448 ἡνεγκεν,
3575 1375 3701 1429 οὔτε

450 1486 647 1541 corpus
670 1472 757 1525 cui
786 1472 945 1526 inest.
977 1472 1406 1542 Contemplativa
1431 1482 1607 1527 autem
1642 1473 1727 1526 vis
1754 1473 1805 1527 in
1830 1486 2024 1541 propo-

2122 1476 2305 1546 ψυχὴν
2362 1474 2645 1545 ἀμήχανον
2702 1472 2778 1543 μὴ
2827 1470 3120 1537 ζωογονεῖν
3159 1469 3254 1521 καὶ
3301 1468 3591 1531 ζωοποιεῖν
3644 1467 3703 1519 τὸ

450 1563 558 1617 sito
609 1573 814 1617 motum
862 1563 1046 1618 habet.
1092 1564 1303 1618 Etenim
1336 1564 1579 1633 corporis
1611 1562 1825 1633 quidem
1877 1563 2024 1618 visus

2128 1566 2307 1636 σῶμα,
2336 1557 2381 1633 ᾧ
2437 1564 2503 1618 ἂν
2548 1562 2860 1632 ἐγγένηται.
2897 1560 2962 1613 Ἦ
3014 1560 3073 1613 δὲ
3111 1559 3429 1629 θεωρητικὴ
3468 1558 3705 1628 δύναμις

450 1651 662 1717 oculus,
699 1652 894 1706 anima:
940 1668 1067 1708 vero
1113 1654 1260 1708 visus
1318 1653 1419 1722 ipsi
1462 1654 1645 1707 innata
1692 1666 1882 1718 mens;
1928 1652 2022 1706 sed

2094 1656 2186 1726 Δέν
2220 1654 2541 1726 προαιρέσει
2602 1652 2714 1721 ἔχει
2751 1650 2850 1721 τὴν
2913 1649 3150 1719 κίνησιν.
3187 1649 3385 1719 Βλέψις
3442 1648 3545 1720 μὲν
3587 1648 3700 1719 γὰρ

453 1756 558 1795 non
589 1742 726 1797 sicut
760 1742 904 1796 aliud
947 1744 998 1797 in
1045 1743 1171 1807 alio,
1210 1744 1304 1799 sed
1352 1758 1517 1797 unum
1568 1742 1821 1813 idemque
1842 1742 2025 1797 anima
2058 1759 2059 1763 ‘

2128 1744 2224 1800 τοῦ
2245 1712 2495 1817 σώματος
2512 1712 2818 1815 ὀφθαλμὸς,
2828 1712 3087 1813 ὃρασιεδὲ
3106 1741 3204 1809 τῆς
3216 1712 3395 1811 ψυχῆς
3409 1712 3707 1810 ὁσυμφυὴς

450 1843 534 1888 est
576 1842 632 1887 et
667 1849 819 1890 mens
867 1853 880 1888 :
942 1837 1023 1891 vis
1081 1837 1324 1906 quaedam
1381 1835 1623 1907 physica,
1669 1851 1768 1891 nec
1824 1830 2022 1892 rationi

2131 1836 2269 1906 αὐτῇ
2300 1835 2425 1899 νοῦς
2444 1852 2459 1867 ο
2494 1835 2609 1888 ἀλλ’
2637 1835 2736 1903 οὐχ
2768 1833 2845 1896 ὡς
2871 1832 3058 1903 ἕτερον
3081 1834 3139 1884 ὲν
3168 1831 3363 1901 ἑτέρῳ,
3397 1828 3538 1883 ἀλλά
3568 1830 3704 1883 ταύ-

451 1926 644 1982 αηὶωω
671 1937 949 1983 extranea.
985 1946 1004 1979 ι
2129 1928 2220 1981 τὸν
2244 1928 2390 1999 ψυχή
2420 1943 2479 1980 τε
2504 1926 2600 1979 καὶ
2635 1924 2761 1988 νοῦς
2780 1941 2794 1956 ο
2825 1924 3055 1994 δύναμις
3092 1922 3356 1992 ὑπάρχων
3387 1923 3594 1992 φυσική
3623 1938 3707 1984 τις

984 2008 987 2011 Δ
2130 2019 2226 2072 καὶ
2250 2019 2350 2072 οὐκ
2380 2018 2709 2080 ἐπείσακτος
2737 2014 2814 2087 τῷ
2843 2014 3140 2087 λογιστικῷ
3166 2013 3267 2082 τῆς
3299 2012 3497 2083 ψυχῆς.
3535 2030 3554 2063 ι

519 2105 882 2162 Aristoteles:
926 2124 944 2159 ι
997 2105 1167 2174 Mens,
1214 2115 1481 2175 quatenus
1526 2114 1605 2161 est
1638 2103 1891 2171 facultas,
1917 2119 2024 2159 una

2215 2110 2273 2163 '0
2319 2110 2377 2162 δὲ
2446 2108 2847 2180 Ἀριστοτέλης,
2911 2125 2929 2158 ι
2975 2106 3080 2159 Τὸν
3140 2106 3240 2175 μὲν
3297 2105 3516 2175 δυνάμει
3569 2103 3701 2156 νοῦν

452 2212 574 2253 cum
605 2197 822 2252 homine
857 2197 1100 2252 nascitur
1125 2197 1330 2264 ;activa
1360 2205 1541 2253 autem
1573 2196 1641 2250 ab
1672 2205 1823 2249 extra
1848 2196 1900 2248 in
1927 2209 2025 2249 nos

2132 2201 2680 2273 συγκατεσκευάσθαι
2738 2200 2815 2270 τῷ
2846 2198 3119 2270 ἀνθρώπῳ
3141 2214 3155 2229 ⁸
3184 2197 3278 2251 τὸν
3326 2198 3380 2251 δὲ
3429 2195 3629 2266 ἐνεργῆ
3649 2193 3698 2224 ⁸³

452 2289 552 2343 sub
580 2289 742 2352 intra,
776 2300 830 2343 et
852 2297 1055 2342 natura:
1078 2288 1369 2344 scientiam
1401 2297 1457 2342 et
1486 2286 1847 2357 cognitionem
1898 2300 2023 2354 pro-

2132 2295 2365 2367 θύραθεν
2389 2296 2522 2365 ἡμῖν
2557 2293 2885 2354 ὐπεισιέναι,
2914 2292 3029 2346 ιίιλλ⁹
3056 2293 3137 2354 εἰς
3158 2289 3440 2360 προκοπὴν
3464 2288 3562 2356 τῆς
3588 2286 3707 2339 τῶν

453 2379 617 2433 vehit.
663 2378 800 2450 Ergo
862 2395 1016 2435 mens
1068 2389 1253 2433 nostra
1291 2378 1589 2448 perfectum
1644 2378 1772 2446 quid
1832 2386 1915 2432 est
1972 2385 2026 2431 et

2132 2388 2380 2458 φυσικῶν
2402 2387 2658 2456 γνώσεως
2687 2385 2784 2439 καὶ
2821 2383 3056 2455 θεωρίας
3093 2381 3543 2453 συμϐαλλόμενον
3568 2395 3583 2408 ·
3610 2378 3708 2431 τέ-

451 2468 781 2539 principale;
814 2468 906 2523 sed
958 2468 1149 2522 animae
1177 2479 1234 2523 et
1262 2469 1502 2538 corporis
1555 2482 1651 2538 per
1701 2468 1940 2523 scientia:
1973 2476 2027 2521 et

2130 2479 2277 2532 λειον
2316 2475 2411 2531 οὖν
2441 2478 2469 2530 6
2496 2476 2769 2547 ἡμέτερος
2811 2472 2936 2535 νοῦς
2962 2471 3056 2526 καὶ
3106 2468 3436 2542 ἡγεμονικόν
3461 2467 3506 2499 ⁸³
3529 2481 3543 2496 ⁸
3566 2464 3708 2519 ἀλλὰ

450 2559 905 2615 considerationis
941 2573 1307 2629 progressum.
1345 2578 1365 2612 ι

2131 2571 2307 2642 ψυχῆς
2336 2568 2432 2621 καὶ
2461 2566 2714 2637 σώματος
2743 2562 2833 2619 διὰ
2860 2566 2960 2631 τὴν
2990 2560 3276 2633 προκοπὴν
3315 2558 3418 2629 τῆς
3449 2555 3710 2626 γνώσεως

2132 2662 2229 2715 καὶ
2258 2658 2517 2729 θεωρίας.
2560 2676 2578 2709 ι

524 2739 678 2794 Plato
717 2748 897 2794 autem
948 2739 1128 2799 dicere
1175 2753 1280 2793 non
1324 2738 1556 2803 videtur,
1582 2738 1855 2792 hominem
1904 2751 2026 2792 esse

2204 2750 2431 2805 Πλάτων
2461 2749 2518 2803 δὲ
2545 2748 2605 2801 οὐ
2629 2747 2780 2801 δοκεῖ
2803 2744 3008 2814 λέγειν,
3038 2742 3130 2797 τὸν
3154 2741 3445 2812 ἄνθρωπον
3478 2735 3623 2793 εἶναι
3647 2735 3714 2790 τὸ

455 2840 745 2899 utrumque
798 2829 1035 2883 animam
1065 2838 1120 2882 et
1151 2843 1369 2896 corpus,
1395 2829 1490 2884 sed
1518 2829 1756 2883 animam
1782 2827 1871 2883 tali
1904 2842 2025 2881 cor-

2135 2839 2543 2909 συναμφότερον
2567 2834 2746 2906 ψυχὴν
2796 2834 2890 2888 καὶ
2919 2832 3102 2903 σῶμα,
3135 2832 3270 2885 ἀλλὰ
3290 2830 3470 2901 ψυχὴν
3492 2827 3713 2899 σώματι

454 2935 585 2989 pore
630 2929 892 2984 utentem,
931 2920 1341 2975 convenientius
1390 2919 1773 2989 pbilosophans
1828 2920 1896 2973 de
1928 2920 2023 2973 ho—

2132 2928 2319 3001 τοιῷδε
2344 2928 2658 2999 χρωμένην,
2686 2925 3181 2995 ἀξιοπρεπέστερον
3203 2921 3615 2991 φανταζόμενος
3641 2917 3715 2973 τὰ

456 3013 623 3076 mine,
649 3023 701 3066 et
730 3025 829 3066 nos
860 3026 1118 3066 revocans
1159 3011 1226 3065 ad
1266 3010 1434 3066 solam
1470 3012 1661 3065 animae
1689 3010 2025 3066 divinitatem
2058 3071 2062 3101 ‘

2136 3022 2277 3076 κατὰ
2303 3020 2396 3074 τὸν
2453 3018 2776 3088 ἄνθρωπον·
2829 3015 2925 3069 καὶ
2975 3013 3138 3077 αὐτὸς
3175 3013 3324 3115 ἡμᾶς
3358 3010 3714 3115 ἐπιστρέφων

456 3112 512 3159 et
547 3118 755 3167 curam,
792 3111 849 3155 ut
888 3103 979 3171 qui
1012 3102 1166 3156 nobis
1208 3101 1341 3170 ipsis
1381 3102 1619 3155 animam
1674 3115 1797 3157 esse
1846 3098 2062 3156 creda-'

2134 3112 2226 3163 ἐπὶ
2250 3109 2350 3180 τὴν
2398 3108 2497 3178 τῆς
2535 3106 2714 3176 ψυχῆς
2749 3105 2918 3175 μόνην
2949 3102 3206 3172 θειότητα
3234 3100 3329 3155 καὶ
3354 3098 3711 3170 ἐπιμέλειαν,

459 3209 601 3261 mus,
636 3194 831 3247 anima:
882 3193 1021 3246 bona
1076 3193 1445 3261 insequamur,
1481 3194 1709 3248 virtutes
1754 3202 1807 3246 et
1865 3193 2035 3262 pieta-

2137 3198 2225 3252 ἵνα
2268 3197 2365 3267 τὴν
2399 3195 2579 3266 ψυχὴν
2632 3195 2849 3257 ἑαυτοῖς
2893 3187 3032 3245 εἶναι
3088 3189 3457 3253 πιστεύοντες,
3490 3187 3565 3241 τὰ
3606 3187 3716 3258 τῆς

462 3295 596 3347 tem,
629 3298 726 3337 nec
759 3283 1004 3352 corporis
1063 3284 1537 3352 concupiscentias
1578 3284 1869 3352 diligamus
1916 3299 2036 3353 qua:

2133 3286 2317 3357 ψυχῆς
2361 3284 2546 3352 ἀγαθὰ
2585 3281 3035 3353 μεταδιώκωμεν,
3075 3281 3176 3344 τὰς
3204 3279 3405 3352 ἀρετὰς
3459 3279 3557 3332 καὶ
3608 3277 3717 3351 τὴν

461 3391 570 3431 non
623 3375 860 3430 hominis
912 3385 1039 3429 sunt
1083 3376 1177 3430 sed
1224 3375 1472 3431 animalis
1518 3376 1892 3447 principaliter
1916 3376 2036 3447 qui-

2137 3379 2422 3432 εὐσέὸειαν
2439 3395 2455 3408 ’
2490 3377 2584 3431 καὶ
2616 3375 2692 3447 μὴ
2716 3376 2815 3439 τὰς
2842 3375 2936 3429 τοῦ
2964 3372 3219 3444 σώματος
3240 3371 3543 3442 ἐπιθυμίας
3571 3372 3709 3439 ἀγα-

462 3468 605 3537 dem,
638 3468 960 3524 secundario
999 3482 1125 3523 vero
1150 3467 1404 3523 hominis.

2138 3470 2429 3541 πήσωμεν,
2463 3466 2539 3530 ὡς
2568 3467 2670 3519 οὐκ
2698 3465 2864 3528 οὔσας
2908 3463 3230 3536 ἀνθρώπου,
3261 3461 3401 3516 ἀλλὰ
3430 3460 3575 3524 ζώου
3608 3460 3715 3532 μὲν

1760 3564 1761 3567 “
2139 3561 2587 3634 προηγουμένως,
2623 3558 2912 3631 ἀνθρώπου
2948 3558 3004 3613 δὲ
3034 3557 3338 3627 ἑπομένως.

536 3645 694 3701 Hnnc
719 3645 894 3701 locum
924 3646 1156 3715 quodam
1212 3647 1299 3701 die
1355 3646 1727 3717 philosophice
1755 3648 1849 3703 sed
1894 3648 2037 3703 male

2208 3652 2409 3706 Τοῦτον
2468 3652 2559 3705 τὸν
2607 3651 2766 3719 λόγον
2821 3649 3192 3721 φιλοσοφήσας
3254 3648 3388 3702 ποτὲ
3448 3647 3640 3710 κακῶς
3690 3650 3722 3701 6

467 3747 709 3793 tractans
736 3738 1134 3804 Ambraciotes,
1186 3753 1347 3808 quam
1387 3738 1653 3809 optimum
1683 3740 1879 3794 anima:
1930 3741 2036 3796 sita

2151 3742 2691 3816 ’Λμϐρακιώτης,ὼς
2722 3741 3082 3813 ἇμεινόνὲστι
3106 3742 3171 3812 τῇ
3194 3740 3342 3812 ψυχῇ
3372 3740 3400 3792 6
3428 3739 3723 3810 χωρισμὸς

466 3846 697 3901 corpore
744 3835 1035 3900 separatio,
1094 3831 1232 3886 saltu
1283 3832 1335 3886 in
1367 3847 1517 3886 mare
1582 3846 1641 3887 se
1679 3831 1910 3902 proiecit
1954 3832 2037 3887 sui

2139 3836 2233 3890 τοῦ
2270 3836 2543 3905 σώματος,
2574 3834 2802 3905 πήδημα
2842 3832 3162 3898 ἀπετέλεσε,
3199 3832 3364 3901 φόνου
3392 3830 3575 3901 ἐαυτῷ
3622 3849 3726 3900 γε-

468 3924 642 3992 ipsius
692 3923 962 3978 homicida
995 3924 1195 3989 factus,
1230 3924 1371 3979 sicut
1396 3922 1703 3994 Theologns
1740 3922 2036 3994 Gregorius

2140 3930 2367 4000 νόμενος
2391 3927 2586 3991 αῐτιος.
2621 3924 2809 3989 καθὼς
2850 3926 2879 3979 6
2911 3924 3173 3995 Θεολόγος
3192 3924 3497 3996 Γρηγόριός
3528 3940 3674 3994 φησι
3700 3940 3719 3955 ο

466 4016 543 4071 ait
575 4035 589 4071 :
619 4034 637 4067 ι
673 4016 1000 4073 Cleombroti
1025 4016 1391 4074 Ambraciotis
1413 4019 1583 4073 saltus
1609 4016 1663 4072 in
1696 4032 1948 4073 sermone
1973 4017 2042 4072 de

2147 4040 2166 4073 ι
2198 4023 2273 4074 Τὸ
2292 4018 2679 4090 Κλεομϐρότου
2709 4017 2941 4089 πήδημα
2964 4016 3059 4069 τοῦ
3110 4015 3525 4087 ’Λμϐρακιὼτου
3566 4015 3630 4067 τὸ
3654 4015 3722 4068 ἐν

468 4109 647 4163 anima
674 4109 1050 4180 philosophice
1088 4118 1399 4179 tractatus,»
1436 4110 1575 4166 sicut
1605 4118 1661 4164 et
1692 4110 1819 4165 alibi
1859 4110 1989 4169 dicit
2021 4128 2035 4165 :

2141 4110 2219 4183 τῷ
2248 4109 2378 4180 ’περὶ⁸
2405 4108 2586 4179 ψυχῆς
2616 4107 2761 4178 λόγῳ
2791 4106 3153 4177 φιλοσοφηθὲν
3191 4125 3238 4171 ι,
3260 4106 3336 4170 ὡς
3364 4107 3455 4160 καὶ
3476 4102 3719 4176 ἀλλαχοῦ

475 4218 494 4250 ι
541 4198 785 4268 Namque
815 4201 993 4254 anima
1029 4202 1245 4268 quidem
1282 4200 1515 4257 femineo
1543 4202 1765 4257 nomine
1791 4212 2037 4267 vocatur,

2144 4217 2317 4275 φησι·
2366 4219 2384 4253 ι
2419 4200 2580 4271 Ψυχὴ
2618 4199 2716 4270 μὲν
2770 4198 2880 4269 γὰρ
2923 4198 3151 4268 ὀνόματι
3174 4196 3413 4269 ,θηλυκῷ
3441 4212 3726 4268 προσαγο-

469 4292 539 4347 ab
572 4290 719 4345 omni
755 4304 884 4345 vero
936 4289 1169 4345 femineo
1201 4306 1349 4345 more
1393 4302 1448 4347 et
1479 4300 1672 4346 natura
1704 4293 1976 4361 discrepat
2023 4310 2039 4349 :

2146 4298 2385 4370 ρεύεται,
2414 4293 2596 4362 πάσης
2625 4293 2681 4346 δὲ
2708 4290 3103 4362 θηλυδριὼδους
3131 4290 3349 4359 φύσεως
3374 4288 3726 4360 ἀφέστηκεν·

471 4399 572 4439 nec
595 4382 971 4447 masculinum,
995 4396 1092 4435 nec
1111 4381 1398 4436 femineum
1425 4383 1552 4449 quid
1578 4384 1811 4437 essentia
1836 4384 1998 4438 habet
2024 4401 2037 4437 :
2074 4385 2077 4438 ξ

2147 4388 2269 4441 οὔτε
2302 4386 2491 4456 ἀρρεν,
2522 4383 2647 4437 οὔτε
2668 4383 2805 4453 θῆλυ
2830 4383 2952 4438 κατ’
2976 4382 3169 4436 οὐσίαν
3196 4382 3538 4452 ὑπάρχουσα.
3572 4378 3726 4432 Ἀλλ’

473 4476 613 4531 Deus
646 4476 862 4544 quidem
908 4476 956 4551 ei
1012 4474 1192 4530 lumen
1223 4490 1377 4529 suum
1413 4475 1678 4537 immittit.
1708 4476 1819 4543 ipsa
1857 4487 2038 4532 autem

2142 4480 2170 4532 6
2208 4478 2305 4548 μὲν
2347 4475 2482 4539 Θεὸς
2528 4475 2830 4545 ἐπιλάμπει
2880 4474 3018 4545 αὐτῇ
3074 4473 3167 4525 τὸν
3216 4469 3522 4541 φωτισμὸν,
3566 4472 3604 4540 ὴ
3658 4470 3723 4524 δὲ

472 4563 808 4618 illuminatur
840 4581 855 4617 :
880 4564 1022 4633 quod
1048 4563 1191 4617 enim
1220 4564 1567 4619 sensibilibus
1599 4564 1701 4630 sol,
1745 4566 1847 4620 hoc
1875 4566 2040 4634 spiri-

2144 4569 2516 4638 ὲπιλὰμπεται
2540 4583 2552 4597 ·
2586 4568 2725 4637 ὅπερ
2771 4566 2880 4636 γάρ
2915 4566 3030 4618 ὲστι
3062 4566 3178 4626 τοῖς
3222 4562 3503 4633 αἰσθητοῖς
3535 4560 3726 4630 ἥλιος,

475 4656 706 4710 tualibus
736 4665 815 4709 est
851 4656 991 4709 Deus
1018 4670 1032 4706 :
1064 4655 1328 4711 visibilem
1358 4655 1444 4710 ille
1474 4656 1730 4710 mundum
1754 4656 2043 4721 illuminat,

2143 4661 2303 4714 τοῦτο
2332 4662 2446 4722 τοῖς
2469 4660 2681 4729 νοητοῖς
2713 4657 2846 4719 Θεός
2874 4675 2889 4686 ·
2922 4658 2950 4709 6
2988 4656 3088 4725 μὲν
3138 4653 3247 4724 γὰρ
3293 4653 3385 4706 τὸν
3435 4649 3731 4722 ὁρώμενον

475 4746 565 4800 hic
596 4746 941 4800 invisibilem.
977 4745 1272 4802 Invisibilis
1294 4764 1421 4817 ergo
1471 4748 1674 4801 anima.
1701 4746 1817 4801 Non
1857 4749 1967 4801 Deo
1993 4757 2047 4802 et

2146 4752 2350 4820 κόσμον
2390 4750 2633 4818 φωτίζει,
2663 4751 2691 4802 6
2721 4748 2779 4801 δὲ
2805 4748 2895 4801 τὸν
2942 4747 3177 4817 ἀόρατον
3205 4762 3219 4776 ·
3254 4745 3490 4816 ἀόρατος
3521 4743 3635 4814 ἄρα
3693 4744 3732 4813 ἡ

473 4838 701 4908 angelis,
736 4837 829 4892 sed
862 4837 1015 4892 nobis
1044 4840 1295 4893 omnibus
1322 4839 1433 4892 luto
1461 4839 1762 4908 plasmatis,
1790 4840 1880 4909 qui
1911 4854 2033 4907 par-

2149 4845 2315 4916 ψυχὴ,
2349 4843 2473 4913 οὐχὶ
2521 4841 2597 4914 τῷ
2629 4840 2748 4911 Θεῷ
2782 4840 2878 4893 καὶ⁹
2909 4837 3189 4907 ἀγγέλοις,
3217 4838 3332 4890 ἀλλ’
3362 4838 3494 4908 ἡμῖν
3516 4837 3632 4898 τοῖς
3661 4835 3732 4887 ὲκ

476 4944 573 4982 vus
626 4930 994 4998 unusquisque
1045 4932 1274 4984 mundus
1320 4932 1707 4986 vocatisumus
1755 4948 1769 4985 :
1808 4930 2042 4985 mundus

2152 4933 2329 5003 πηλοῦ
2364 4934 2501 4987 πᾶσι
2527 4929 2959 5002 διηρτισμένοις·
2992 4928 3041 4979 οἱ
3070 4925 3128 4980 δὲ
3175 4924 3372 4996 μικρὸν
3403 4926 3431 4977 6
3470 4923 3592 4976 καθ’
3624 4922 3728 4975 ἕνα

476 5028 653 5072 autem
700 5030 893 5073 cuncta
932 5020 982 5071 in
1024 5034 1081 5073 se
1135 5021 1387 5089 disposita
1447 5032 1501 5076 et
1539 5022 1786 5077 ordinata
1840 5022 2042 5086 habet;

2152 5024 2554 5096 ὡνομάσθημεν
2580 5022 2811 5092 κόσμος·
2864 5019 3071 5089 κόσμος
3117 5017 3193 5080 δὲ,
3237 5018 3266 5070 6
3293 5016 3471 5069 πάντα
3504 5016 3560 5067 ὲν
3591 5014 3726 5066 ἑαυ-

481 5111 735 5165 mundum
772 5126 900 5165 vero
930 5113 1456 5181 parvumhotninem
1487 5114 1693 5179 dicunt,
1722 5114 1941 5168 relative
1979 5113 2044 5168 ad

2154 5118 2234 5188 τῷ
2252 5115 2651 5184 διατεταγμένα
2674 5112 2813 5184 ἔχων
2835 5112 2930 5165 καὶ
2975 5107 3367 5180 κεκοσμημένα
3390 5126 3403 5138 ·
3435 5105 3645 5175 κόσμον
3665 5105 3729 5159 δὲ

479 5204 793 5258 sensibilem
824 5213 879 5257 et
913 5218 1162 5273 maguum
1198 5206 1476 5259 mundum.
1526 5205 1777 5259 Attamen
1821 5220 2049 5274 magnus

2160 5208 2357 5278 μικρὸν
2382 5206 2475 5259 τὸν
2494 5205 2780 5273 ἄνθρωπον
2803 5201 3072 5269 λέγουσιν,
3092 5199 3168 5262 ὡς
3195 5196 3330 5269 πρὸς
3347 5196 3437 5251 τὸν
3457 5195 3730 5263 αἰσθητὸν

481 5295 583 5349 iste
620 5294 745 5349 licet
808 5295 878 5349 sit
904 5305 958 5349 et
1010 5295 1295 5349 laudabilis
1343 5304 1399 5349 et
1457 5295 1550 5350 Dei
1592 5295 1814 5365 gloriam
1862 5307 2050 5365 poten-

2153 5298 2340 5351 τοῦτον
2363 5297 2456 5350 καὶ
2487 5295 2680 5365 μέγαν.
2711 5293 2858 5363 Πλὴν
2884 5291 3001 5345 ἀλλ’
3029 5292 3077 5343 εἰ
3105 5290 3199 5345 καὶ
3224 5288 3393 5359 μέγας
3418 5280 3577 5348 οὗτός
3605 5286 3734 5339 ἐστι

482 5386 719 5455 tiamqne
747 5402 1012 5443 enarratis
1044 5397 1097 5442 et
1126 5389 1327 5443 docens
1355 5387 1594 5459 quotidie
1652 5397 1904 5455 tanquam
1933 5388 2045 5442 lau-

2153 5390 2247 5441 καὶ
2274 5386 2578 5449 ἐπαινετὸς,
2605 5384 2696 5438 καὶ
2720 5386 2818 5452 τῆς
2840 5382 2933 5435 τοῦ
2963 5379 3101 5434 Θεοῦ
3129 5378 3287 5450 δόξης
3316 5379 3411 5431 καὶ
3438 5375 3734 5445 δυνάμεως

485 5653 508 5708 ὶ
549 5581 597 5704 ξ’
626 5579 995 5708 τὸνὰξξνὲιέερί)
1028 5585 1090 5639 Α.
1119 5587 1369 5658 ἐνεργείᾳ
1400 5584 1457 5642 P.
1536 5585 1580 5618 "
1607 5585 1911 5639 ὑπεισιέναι
1938 5582 2151 5653 δοξάζει
2175 5585 2273 5638 οὐκ
2312 5584 2390 5647 εἰς
2415 5582 2473 5635 τὸ
2507 5577 2648 5635 εἶναι
2683 5580 2781 5651 τὴν
2816 5576 3050 5650 ὓπαρξιν
3073 5576 3165 5630 τοῦ
3207 5570 3499 5646 ἀνθρώπου
3533 5587 3731 5625 συντε-

507 5669 547 5707 .ο
583 5665 678 5703 ντα
763 5688 771 5701 .
848 5668 871 5703 ε
900 5670 925 5708 ς
1001 5694 1012 5708 .

507 5665 678 5707 ιοοντα
707 5665 822 5705 αλλ’
848 5665 925 5715 εις
956 5665 1012 5710 t’.
