4070 6216
376 274 509 333 I30!

373 501 475 555 της
498 483 666 553 σιγῶν
695 484 795 548 τὰς
819 488 1230 560 μεγαλουργίας
1261 494 1355 550 καὶ
1382 496 1709 570 διαπρύσιος
1739 507 1916 577 κῆρυξ
1938 525 1950 539 ·

374 575 515 633 ἀλλά
565 576 893 649 ἀτιμότερος
948 580 1043 633 τοῦ
1078 584 1277 653 μικροῦ
1339 589 1433 641 καὶ
1491 591 1753 662 αἰσθητοῦ
1797 575 1954 655 κατὰ

375 666 511 720 πολὺ
540 667 810 740 ὑπάρχειν
837 667 914 733 ὡς
936 672 963 725 6
990 673 1090 742 μὲν
1119 674 1457 746 αἰσθητικὸς,
1503 684 1531 734 6
1567 682 1624 736 δὲ
1653 687 1950 759 αἰσθητός.’

372 756 465 810 καὶ
501 759 529 810 6
559 757 658 827 μὲν
688 758 876 825 ἀκτὸς,
904 762 932 813 6
953 760 1010 814 δὲ
1040 764 1419 831 αὑτεξούσιος⁹
1479 774 1571 825 καὶ
1597 777 1624 827 6
1674 778 1774 846 μὲν
1803 756 1954 846 ξένος

371 846 531 911 Θεοῦ,
567 848 643 911 ὡς
664 848 771 902 ὑπὸ
805 849 902 921 τὴν
951 852 1227 924 αἴσθησιν,
1264 860 1291 910 6
1323 859 1381 912 δὲ
1431 862 1635 929 οἰκεῖος
1680 869 1799 940 Θεῷ
1856 874 1952 926 καὶ

376 942 569 1010 νοερᾶς
592 939 809 1009 φύσεως
834 958 848 973 ·
891 945 1101 1009 καὶηὼς
1135 952 1329 1020 κρᾶμα
1358 952 1417 1017 ἐξ
1459 956 1794 1029 ἀμφοτέρου,
1845 966 1946 1017 καὶ

376 1032 571 1101 σοφίας
607 1032 854 1103 μείζονος
881 1033 1195 1108 γνώρισμα,
1224 1044 1318 1095 καὶ
1344 1046 1445 1115 τῆς
1477 1048 1605 1117 περ)⁵
1624 1050 1721 1113 τὰς
1748 1054 1947 1121 φύσεις

374 1122 746 1185 πολυτελείας.
778 1125 890 1177 Καὶ
910 1126 983 1189 ὡς
1004 1128 1032 1179 6
1066 1128 1164 1198 μὲν
1196 1133 1399 1203 κόσμος
1430 1137 1593 1191 ἕνεκα
1617 1141 1711 1193 τοῦ
1733 1143 1829 1195 ἀνθ
1842 1144 1947 1214 ρώ-

374 1230 479 1266 που
503 1229 518 1243 ⁸
552 1216 580 1267 6
605 1215 891 1285 ἄνθρωπος
923 1217 1002 1283 δὲ,
1046 1220 1132 1274 ἵνα
1158 1223 1296 1295 μένῃ
1316 1227 1410 1279 καὶ
1439 1228 1642 1304 δοξάζῃ
1664 1232 1757 1286 τὸν
1785 1236 1944 1307 εὑερ-

370 1305 555 1374 γέτην.
586 1306 648 1358 El
678 1306 735 1360 δὲ
760 1306 871 1375 ἐγὼ
912 1309 1012 1379 μὲν
1062 1313 1143 1375 εἰς
1180 1314 1341 1379 δόξαν
1376 1318 1533 1383 Θεοῦ,
1578 1325 1605 1375 6
1645 1326 1850 1396 κόσμος
1885 1305 1943 1381 δὲ

367 1391 434 1443 δι’
462 1393 583 1462 ἐμὲ,
606 1393 682 1457 ὡς
710 1396 743 1466 ἡ
775 1398 1091 1467 πνράτραδδ
1113 1401 1201 1455 διά
1230 1404 1326 1475 τὴν
1362 1406 1604 1477 ἅμαξαν,
1652 1414 1684 1483 ἢ
1718 1391 1948 1487 ὁνπρίων

366 1479 455 1531 διὰ
488 1481 587 1549 τὴν
628 1481 820 1552 θύραν,
878 1487 905 1538 6
945 1485 1207 1557 Θεολόγος
1250 1495 1410 1562 φησὶ,
1449 1499 1587 1551 νικῶ
1639 1479 1707 1573 τῇ
1758 1479 1943 1576 αἰτίᾳ·

367 1568 494 1619 ὅσον
520 1568 629 1640 γὰρ
667 1573 987 1642 κτισμάτων
1021 1577 1153 1641 Θεὸς
1174 1579 1528 1654 ὑψηλότερος,
1560 1568 1816 1645 τοσοῦτον
1849 1568 1944 1647 τοῦ

366 1656 455 1710 διὰ
481 1658 613 1711 θεὸν
670 1660 1009 1726 ὑποστάντος
1062 1667 1224 1736 ἐμοῦ,
1258 1670 1317 1722 τὸ
1354 1671 1421 1725 δι’
1476 1676 1578 1745 ἐμὲ
1645 1681 1943 1749 γενόμενον

366 1748 716 1821 ἀτιμότερον*
752 1753 813 1806 τὸ
858 1754 966 1825 γὰρ
1023 1751 1085 1811 οὗ
1128 1758 1293 1815 ἕνεκα
1336 1763 1433 1817 τοῦ
1493 1767 1658 1823 ἕνεκα
1696 1748 1813 1839 τοῦ,
1850 1774 1945 1828 καὶ
1979 1764 2046 1829 ις’

368 1838 556 1907 μεῖζον
581 1841 675 1895 καὶ
698 1843 1054 1915 τιμιώτερον.
1099 1868 1117 1901 t

434 2019 773 2090 Σημαντικὸς
797 2022 855 2077 δέ
886 2025 1038 2078 ἐστιν
1058 2028 1085 2080 6
1112 2028 1399 2101 ἄνθρωπος
1428 2034 1539 2087 τῶν
1568 2037 1662 2090 δύο
1694 2040 1939 2113 κόσμων,

360 2110 456 2166 τοῦ
493 2114 692 2184 ὁρατοῦ
726 2116 820 2169 καὶ
849 2118 944 2171 τοῦ
972 2119 1230 2191 ἀοράτου,
1271 2128 1383 2191 τοῖς
1404 2131 1547 2184 νοεῖν
1573 2131 1899 2205 δυναμένοις
1922 2154 1937 2169 ⁸

360 2204 425 2256 ὲκ
446 2204 538 2258 δύο
568 2206 676 2278 γὰρ
714 2208 999 2277 σύγκειται
1024 2211 1261 2281 φύσεων.
1302 2218 1447 2273 Ἀλλ’
1476 2222 1525 2274 εἰ
1558 2225 1653 2277 καὶ
1673 2204 1859 2292 διττάς
1884 2231 1942 2283 ὲν

364 2297 542 2367 ἑαυτῴ
568 2299 804 2354 δεικνύει
832 2301 1048 2372 φύσεις,
1077 2307 1139 2360 οὑ
1165 2307 1259 2363 δύο
1282 2310 1474 2379 φύσεις
1521 2315 1689 2382 ἔστιν,
1727 2321 1842 2373 ἀλλ’
1876 2325 1941 2377 ἐκ

366 2387 477 2442 τῶν
501 2389 593 2442 δύο
620 2406 636 2421 ·
675 2391 750 2455 ὡς
795 2395 903 2465 γάρ
938 2396 1001 2449 τὸ
1050 2398 1212 2468 σῶμα
1244 2402 1306 2455 τὸ
1359 2399 1471 2458 οἷον
1514 2403 1607 2460 οὖν
1649 2411 1940 2479 σύγκειται

368 2478 469 2548 μὲν
495 2480 559 2533 ὲκ
589 2482 762 2551 πυρὸς
784 2485 875 2537 καὶ
900 2485 1081 2557 ἀέρος,
1119 2488 1311 2556 ὕδατος
1342 2494 1436 2547 καὶ
1468 2497 1573 2566 γῆς
1598 2515 1613 2528 ’
1642 2502 1741 2554 οὑκ
1778 2502 1858 2556 ἔτι
1884 2504 1941 2557 δὲ

360 2569 423 2621 τὸ
449 2569 584 2622 αὑτὸ
619 2571 776 2641 σῶμα
808 2573 921 2643 πῦρ
978 2575 1141 2649 εἴπῃς
1190 2577 1352 2649 εἶναι,
1388 2585 1498 2637 οὐδ’
1533 2585 1600 2641 αὖ
1624 2589 1784 2661 ἀέρα,
1815 2592 1940 2646 οὔτε

360 2663 543 2715 τιτῶν
574 2661 749 2717 ἄλλων
784 2681 799 2696 ο
832 2665 970 2721 ἀλλά
998 2670 1204 2724 τοιόνδε
1257 2691 1331 2739 τι,
1385 2675 1535 2732 λίθον
1565 2682 1729 2752 τυχὸν
1780 2685 1811 2755 ἢ
1845 2686 1939 2753 ξύ-

361 2751 452 2806 λον
484 2770 500 2787 ο
540 2755 744 2825 ὁμοίως
778 2759 874 2813 καὶ
902 2759 966 2812 τὸ
1005 2761 1165 2832 σῶμα
1194 2765 1257 2818 τὸ
1291 2767 1559 2840 ἔμψυχον,
1600 2751 1663 2827 τὸ
1721 2751 1941 2845 λογικὸν

362 2844 396 2914 ἢ
435 2844 649 2915 ἄλογον,
682 2849 779 2919 οὑχ
808 2845 969 2920 αἷμα,
996 2852 1027 2923 ἣ
1061 2856 1302 2928 φλέγμα,
1330 2860 1362 2930 ἢ
1389 2862 1520 2929 μίαν
1552 2865 1818 2930 καλέσεις
1832 2869 1941 2923 τῶν

363 2935 534 3005 χολῶν
560 2954 574 2968 ·
614 2940 675 2992 οὑ
713 2940 823 3012 γάρ
854 2960 907 2996 τι
942 2946 1137 2998 ταύτὸν
1189 2952 1303 3014 τοῖς
1354 2951 1413 3015 ἐξ
1449 2946 1524 3006 ὧν
1564 2958 1735 3012 ἐστιν.
1787 2961 1940 3013 Ἐπεὶ

363 3029 420 3082 δὲ
448 3029 701 3103 διάφορος
728 3034 757 3086 6
802 3034 962 3103 λόγος
1016 3038 1111 3091 τοῦ
1154 3058 1214 3094 τε
1258 3048 1649 3114 συγκειμένου,
1713 3051 1820 3105 τῶν
1877 3070 1938 3106 τε

365 3122 726 3177 συντεθέντων
749 3140 765 3155 ·
790 3126 961 3192 οὑτως
994 3132 1089 3185 καὶ
1118 3134 1147 3187 6
1178 3133 1487 3203 ἄνθρωπος,
1510 3142 1560 3192 εἰ
1601 3142 1696 3194 καὶ
1726 3144 1791 3196 ἐκ
1834 3144 1937 3214 ψυ-
1965 3129 2010 3191 c

362 3207 585 3302 xﬁg-xa‘.
618 3210 871 3282 σώματός
904 3217 1078 3282 ἐστιν,
1120 3221 1237 3274 ἀλλ’
1269 3223 1457 3293 ἕτερόν
1482 3231 1599 3283 ἐστι
1656 3233 1807 3302 παρά
1849 3207 1935 3289 ’τά

361 3298 420 3363 ἐξ
448 3291 523 3352 ὧν
552 3303 671 3354 ἐστι
696 3319 711 3333 ·
746 3305 839 3357 καὶ
871 3310 990 3361 κατ’
1018 3310 1146 3364 ἄλλο
1173 3314 1271 3383 μὲν
1302 3291 1602 3387 λογίζεται,
1651 3291 1772 3375 κατ’
1806 3325 1935 3380 ἄλλο

358 3389 415 3442 δὲ
448 3391 509 3444 τὸ
542 3390 792 3461 λογισθὲν
834 3399 1081 3470 ἐνεργεῖ·
1112 3403 1257 3477 ψυχῇ
1292 3407 1391 3477 μὲν
1440 3410 1548 3479 γὰρ
1596 3417 1757 3487 νοερᾷ
1788 3415 1935 3485 λογι-

360 3481 612 3553 σάμενος,
640 3487 887 3559 εἰτύχοι,
914 3492 1009 3545 τοῦ
1042 3495 1195 3550 οἴκου
1224 3499 1325 3569 τὴν
1360 3501 1635 3571 σύνθεσιν,
1685 3510 1846 3580 χερσὶ
1872 3511 1933 3564 16

357 3574 550 3644 νοηθὲν
571 3577 693 3645 ἄγει
723 3581 802 3644 εἰς
831 3582 1028 3652 πέρας.

426 3665 550 3720 Ὀτι
579 3668 635 3722 δὲ
657 3671 783 3726 ἄλλο
808 3676 924 3730 ἐστὶ
951 3677 1106 3751 παρὰ
1129 3679 1199 3733 τὰ
1230 3682 1289 3749 ἐξ
1317 3676 1393 3737 ὧν
1416 3686 1556 3751 ἐστι,
1573 3682 1676 3743 ὧδε
1694 3694 1889 3746 σκόπει
1912 3709 1927 3726 ο

353 3757 419 3812 ὲκ
446 3757 716 3831 διαφόρων
744 3765 883 3819 ὑλῶν
921 3769 1014 3823 τὸν
1038 3766 1188 3825 οἷκον
1216 3775 1635 3848 οἰκοδομοῦμεν,
1659 3782 1776 3835 ἀλλ’
1827 3785 1930 3838 οὑκ

348 3846 418 3905 ἄν
443 3865 526 3913 τις
558 3851 709 3924 εἴπῃ.
743 3856 939 3912 ταύτὸν
956 3861 1001 3891 ⁸³
1054 3861 1324 3933 ὑπάρχειν
1360 3871 1481 3931 ταῖς
1515 3846 1670 3935 ῦλαις
1719 3875 1840 3937 ταῖς
1869 3876 1928 3942 ἐξ

345 3931 424 3991 ὧν
456 3941 624 3997 ἐστιν.
661 3945 737 3997 Οὑ
767 3947 877 4017 γὰρ
920 3950 1109 4016 ἁπλῶς
1156 3931 1315 4021 λίθοι,
1352 3960 1447 4012 καὶ
1494 3931 1662 4029 ξύλα,
1703 3931 1928 4023 καὶντά

346 4028 510 4084 λοιπά
540 4029 733 4099 ὁοῖκός
761 4038 934 4093 ἐστιν’
958 4043 1007 4094 ει
1039 4043 1147 4116 γὰρ
1164 4045 1344 4114 τοῦτο,
1372 4051 1478 4120 πρὸ
1500 4053 1602 4123 τῆς
1633 4055 1928 4129 οἰκοδομῆς

344 4121 689 4197 διῃρημένως
740 4129 840 4192 τὰς
880 4130 1012 4196 ὕλας
1063 4130 1214 4190 οἷκον
1247 4140 1313 4193 ἄν
1362 4160 1447 4206 τις
1493 4121 1719 4211 δικαίως
1763 4121 1926 4205 καλέἐ

347 4229 490 4268 σειεν
526 4230 539 4243 ’
575 4216 691 4269 ἀλλ’
714 4222 747 4290 ἡ
774 4222 953 4277 τοιάδε
977 4226 1084 4279 τῶν
1113 4228 1255 4283 ὑλῶν
1279 4234 1628 4305 προσάλληλα
1673 4239 1923 4307 σύζευξις

343 4303 435 4357 τὸν
470 4301 617 4360 οἷκον
642 4311 775 4379 ἡμῖν
806 4314 1089 4370 ἀποτελεῖν
1121 4301 1356 4389 πέφυκε,
1389 4301 1583 4379 Τοίνυν
1608 4330 1710 4400 τῆς
1737 4301 1920 4399 οἰκίας

343 4397 621 4471 λυθείσης,
677 4406 898 4473 μένουσι
954 4410 1051 4479 μὲν
1076 4412 1276 4481 ὁμοίως
1308 4417 1363 4470 αἱ
1413 4418 1535 4472 ὗλαι
1579 4397 1673 4477 τὸν
1719 4397 1918 4482 οἰκεῖον

341 4490 638 4561 ὲπέχουσαι
667 4495 825 4564 λόγον
851 4514 864 4528 ’
895 4500 1241 4558 ἀπολωλέναι
1278 4508 1333 4561 δέ
1355 4526 1535 4579 φαμεν
1586 4515 1689 4587 τὴν
1715 4519 1916 4586 οἰκίαν,

342 4576 409 4646 ἢν
437 4579 468 4645 ἡ
499 4580 676 4633 τοιάδε
722 4583 830 4635 τῶν
863 4586 1004 4641 ὑλῶν
1036 4590 1285 4658 σύζευξις
1336 4576 1689 4658 ἀπετέλεσεν.
1732 4606 1919 4672 Οὕτως

339 4668 435 4721 καὶ
478 4670 570 4721 ἐπὶ
606 4672 702 4725 τοῦ
736 4675 1026 4747 ἀνθρώπου
1054 4698 1069 4713 ⁸
1107 4682 1209 4738 κᾶν
1230 4688 1337 4759 γάρ
1367 4690 1432 4744 ἐκ
1465 4692 1644 4764 ψυχῆς
1676 4698 1769 4752 καὶ
1805 4668 1916 4753 σῶαί

343 4774 513 4827 ματος
542 4762 784 4838 ὑπάρχῃ,
819 4768 878 4820 οὑ
929 4772 1125 4825 ταύτὸν
1183 4777 1249 4829 ἂν
1291 4779 1378 4850 εἴη
1412 4762 1618 4849 τοῖς
1653 4781 1728 4841 ὧν
1775 4791 1916 4857 ἐστι,

339 4849 688 4923 ἁλλ’ἒτερον,
720 4858 797 4920 ὼς
825 4855 965 4915 εἶναι
995 4863 1085 4917 τὸν
1132 4849 1419 4939 ἄνθρωπον
1473 4875 1532 4941 ἐξ
1590 4877 1762 4948 αὐτῆς
1811 4849 1912 4952 τῆς

340 4946 635 5010 συναφείας
672 4947 849 5020 ψυχῆς
880 4954 1018 5023 πρὸς
1059 4956 1239 5025 σῶμα,
1265 4962 1447 5030 τρίτον
1474 4946 1911 5039 ἀποτελούμενον

337 5030 464 5086 ἄλλο
497 5050 511 5063 ο
533 5036 806 5093 καὶτοῦτο
839 5043 994 5114 δῆλον
1029 5047 1126 5116 ἀφ’
1156 5042 1256 5115 ὧν,
1284 5054 1383 5123 τῆς
1435 5030 1761 5125 διαζεύξεως
1809 5067 1911 5135 τῆς

335 5122 541 5176 τούτων
576 5128 900 5201 γενομένης,
950 5135 1102 5203 μένει
1138 5138 1239 5208 μὲν
1289 5142 1349 5196 τὸ
1395 5145 1555 5215 σῶμα
1593 5148 1767 5213 οὕτως
1818 5153 1911 5206 τὸν

334 5213 535 5305 οἰκεῖ-ον
566 5217 739 5305 σῶζον
767 5220 926 5290 λόγον
946 5240 959 5255 ·
992 5227 1153 5297 τριχῆ
1188 5230 1297 5302 γάρ
1326 5235 1441 5288 ἐστι
1467 5213 1775 5305 διαστατὸν,
1803 5245 1907 5297 κᾶν

333 5302 528 5372 νεκρὸν
623 5320 637 5334 ⁸
679 5307 829 5378 μένει
859 5311 916 5363 δὲ
938 5314 1140 5384 ὁμοίως
1193 5320 1227 5388 ἡ
1264 5301 1412 5391 ψυχὴ
1466 5322 1660 5397 λογικὴ
1700 5301 1905 5401 τυ-γχάο

331 5408 499 5447 νουσα
530 5396 622 5449 καὶ
652 5400 838 5470 νοερὰ,
869 5403 970 5457 κᾶν
991 5405 1277 5480 διεζεύχοη
1331 5412 1426 5466 τοῦ
1467 5415 1718 5486 σώματος
1745 5438 1757 5449 ·
1798 5423 1907 5477 ἁπ-

330 5480 498 5587 όλωλε
528 5487 584 5540 δὲ
625 5492 653 5543 6
703 5491 1014 5565 ἄνθρωπος,
1069 5500 1128 5552 ὃν
1169 5504 1500 5561 ἀπετέλεσεν
1549 5480 1825 5581 έκατέρων
1872 5517 1905 5587 ή

328 5572 601 5644 σύζευξις.
1472 5615 1477 5621 -

402 5690 449 5728 “
473 5694 565 5750 Sic
590 5698 713 5754 cod.
789 5698 834 5733 "
859 5698 1003 5756 εἴποι
1029 5701 1123 5759 τὸν
1151 5700 1298 5762 οἶκον
1327 5708 1524 5765 ταύτόν
1557 5711 1622 5776 Ρ,

1614 299 1702 355 DE
1738 302 2027 366 NATURA
2066 316 2378 383 HOMINIS.

374 389 563 461 ὑφηγη
577 389 670 460 τὴς
702 389 797 444 καὶ
844 390 1164 462 διδάσκαλος
1208 400 1330 453 καθ’
1361 403 1601 478 ἑκάστην
1639 409 1713 473 ὡς
1735 412 1955 469 ἐπαινέ-
1989 429 2031 484 Α
2064 428 2220 485 dator

3494 349 3635 407 150‘!

2251 434 2417 491 silens
2448 454 2766 510 magnorum
2798 459 3021 514 operum
3054 459 3108 503 et
3138 464 3326 522 magna
3369 468 3499 510 voce
3519 463 3633 514 cla-

2059 534 2212 575 mans
2267 540 2476 595 prmco,
2541 533 2709 588 multo
2759 536 2931 603 magis
2996 539 3258 609 inglorius
3306 554 3392 599 est
3466 561 3629 616 quam

2058 623 2255 676 parvus
2294 627 2347 671 et
2381 621 2624 678 sentiens
2659 627 2889 681 mundus
2925 644 2940 682 :
2978 628 3066 684 ille
3103 633 3324 699 quidem
3353 638 3456 690 sub
3498 653 3626 693 sen-

2056 715 2150 756 sus
2197 706 2363 771 cadit,
2416 709 2505 766 hic
2556 715 2823 771 sentiendi
2865 733 3072 789 capax;
3132 722 3219 777 ille
3273 727 3625 795 gubernatus,

2058 793 2143 847 hic
2170 795 2396 853 liberum
2429 801 2709 857 arbitrium
2756 807 2995 875 habens;
3024 811 3230 869 alienus
3259 793 3346 869 ille
3376 833 3403 869 a
3436 818 3543 873 Deo
3571 830 3629 875 ut

2055 888 2154 939 sub
2192 902 2385 946 sensus
2408 896 2628 959 cadens,
2664 897 2748 951 hic
2776 897 2887 953 Deo
2918 914 3177 971 cognatus
3202 914 3255 959 et
3284 907 3627 965 intellectua-

2054 975 2121 1030 lis
2150 988 2386 1050 naturae;
2417 995 2471 1038 et
2502 988 2656 1051 quasi
2713 991 2993 1059 utriusque
3028 1002 3514 1063 temperamentum
3570 1013 3627 1057 et

2053 1068 2333 1136 sapientia:
2397 1075 2641 1132 melioris
2699 1095 2764 1135 ac
2814 1090 3132 1136 naturarum
3211 1089 3626 1154 magniﬁcentia

2053 1173 2453 1228 argumentum.
2488 1167 2555 1220 Et
2581 1170 2660 1223 sic
2688 1172 2921 1227 mundus
2947 1174 3183 1229 hominis
3234 1191 3418 1242 causa,
3462 1182 3625 1235 homo

2053 1264 2181 1303 vero
2230 1263 2287 1305 ut
2338 1255 2615 1313 adhaereat
2663 1261 2994 1317 benefactori
3038 1280 3270 1335 eumque
3331 1270 3621 1339 gloriﬁcet.

2052 1341 2107 1395 Si
2136 1353 2311 1398 autem
2344 1361 2445 1414 ego
2464 1351 2531 1403 ad
2558 1349 2652 1405 Dei
2679 1352 2906 1420 gloriam
2931 1364 2985 1410 et
3009 1360 3240 1414 mundus
3268 1371 3487 1429 propter
3512 1378 3617 1429 mc,

2050 1433 2189 1488 sicut
2246 1435 2463 1507 forceps
2510 1453 2731 1511 propter
2765 1461 3009 1511 currum,
3065 1458 3155 1504 aut
3195 1467 3344 1506 serra
3396 1464 3620 1523 promer

2048 1534 2281 1592 portam,
2307 1527 2381 1583 ait
2409 1527 2746 1603 Theolngus;
2775 1551 2873 1604 ego
2897 1553 3117 1593 causam
3143 1541 3391 1610 obtineo;
3416 1553 3619 1613 quanto

2047 1615 2192 1668 enim
2212 1618 2476 1674 creaturis
2504 1626 2846 1687 praestantior
2870 1638 2953 1682 est
2982 1627 3141 1695 Deus,
3189 1640 3340 1687 tanto
3382 1633 3467 1687 illa
3499 1649 3621 1705 quae

2048 1716 2271 1775 propter
2298 1724 2384 1763 me
2423 1709 2562 1767 facta
2601 1724 2747 1781 sunt,
2782 1717 2972 1772 viliora
3008 1730 3135 1773 sunt
3182 1737 3343 1790 quam
3388 1739 3489 1794 ego
3521 1725 3614 1794 qui

2048 1807 2264 1865 propter
2293 1800 2455 1854 Deum
2482 1804 2687 1858 exsisto
2716 1826 2729 1861 :
2763 1824 2993 1877 namque
3023 1811 3215 1867 melius
3237 1824 3320 1869 est
3351 1825 3405 1869 et
3441 1814 3615 1871 hono-

2045 1888 2217 1943 ratius
2247 1889 2298 1942 id
2340 1903 2556 1962 propter
2591 1896 2731 1963 quod
2768 1897 2971 1966 aliquid
3002 1902 3236 1969 exsistit,
3276 1918 3438 1972 quam
3486 1906 3614 1961 illud

2044 1978 2185 2043 quod
2209 1989 2425 2047 propter
2442 1981 2585 2036 aliud
2614 1985 2847 2041 exsistit.
2882 2006 2903 2040 ι

2114 2066 2287 2124 llomo
2315 2087 2379 2126 eo
2396 2073 2540 2141 quod
2575 2076 2811 2146 cogitare
2840 2090 3036 2148 potest,
3057 2083 3123 2137 ad
3148 2086 3402 2140 mundum
3429 2087 3614 2141 visibi-

2042 2156 2243 2226 lemac
2273 2162 2597 2219 invisibilem
2638 2177 2849 2236 spectat
2876 2191 2888 2225 :
2915 2173 3173 2229 eduabus
3225 2178 3368 2230 enim
3405 2178 3614 2233 naturis

2042 2252 2412 2312 constituitur.
2444 2254 2549 2310 Sed
2582 2258 2706 2312 licet
2744 2263 2878 2315 duas
2914 2262 2966 2315 in
2994 2277 3054 2317 se
3081 2267 3334 2319 ostendat
3362 2277 3610 2334 naturas,

2043 2354 2149 2394 non
2184 2351 2269 2396 est
2295 2352 2473 2399 tamen
2502 2357 2707 2402 naturae
2727 2350 2865 2415 duae,
2900 2352 2992 2406 sed
3022 2370 3053 2408 e
3083 2355 3324 2421 duabus;
3356 2372 3479 2410 nam
3508 2360 3614 2412 sic-

2042 2441 2104 2486 ut
2130 2446 2327 2503 corpus
2350 2435 2727 2508 qualecunque
2778 2444 3127 2497 constituitur
3146 2460 3211 2498 ex
3244 2446 3367 2513 igne
3388 2454 3443 2499 et
3464 2461 3612 2512 aere,

2041 2537 2180 2591 aqua
2213 2535 2268 2578 ct
2308 2535 2490 2591 terra;
2541 2544 2641 2585 nec
2676 2540 2857 2587 tamen
2898 2534 3040 2589 idem
3068 2550 3264 2605 corpus
3308 2538 3456 2591 dices
3492 2552 3614 2593 esse

2043 2613 2243 2683 ignem,
2276 2632 2372 2671 nec
2403 2633 2548 2683 aera,
2577 2636 2675 2675 nec
2704 2625 2831 2691 quid
2856 2626 3027 2690 aliud,
3053 2629 3147 2681 sed
3181 2630 3285 2681 tale
3318 2628 3612 2697 quoddam,

2042 2702 2272 2771 lapidem
2306 2708 2455 2761 verbi
2502 2725 2667 2765 causa
2700 2721 2792 2766 aut
2829 2713 3034 2783 lignum
3069 2733 3082 2770 :
3124 2716 3377 2771 similiter
3401 2729 3463 2772 et
3490 2734 3613 2772 cor-

2042 2809 2141 2863 pus
2161 2797 2478 2863 animatum,
2511 2802 2773 2857 rationale
2796 2812 2889 2857 aut
2916 2805 3250 2871 irrationale,
3279 2823 3378 2863 nec
3401 2808 3615 2879 sangui-

2043 2901 2188 2954 nem,
2220 2905 2319 2944 nec
2353 2891 2623 2961 phlegma,
2660 2909 2760 2949 nec
2790 2894 2948 2950 bilem
2991 2898 3215 2952 vocabis
3248 2921 3260 2953 ;
3316 2916 3419 2953 non
3463 2902 3608 2953 enim

2042 2977 2184 3033 idem
2215 2991 2298 3034 est
2332 2998 2397 3036 ac
2425 2998 2486 3036 ea
2517 2998 2580 3038 ex
2617 2986 2816 3054 quibus
2868 2996 3100 3042 constat.
3148 2988 3609 3055 Quemadmodum

2042 3078 2223 3124 autem
2260 3074 2615 3141 compositum
2652 3091 2681 3127 a
2711 3076 2876 3131 rebus
2905 3081 3356 3147 componentibus
3404 3078 3609 3145 diﬁcrt,

2042 3162 2120 3214 sic
2146 3172 2200 3215 et
2238 3163 2420 3228 homo,
2455 3164 2580 3219 licet
2626 3180 2691 3219 ex
2732 3181 2912 3220 anima
2972 3178 3026 3221 et
3091 3183 3319 3239 corpore
3368 3180 3606 3236 constat,

2039 3252 2186 3307 aliud
2212 3255 2477 3323 quoddam
2505 3265 2589 3311 est
2617 3259 2685 3311 ab
2720 3258 2802 3312 bis
2832 3274 2862 3313 e
2887 3259 3084 3328 quibus
3107 3268 3326 3316 constat
3349 3279 3362 3315 :
3385 3271 3439 3315 et
3466 3276 3611 3315 nunc

2037 3347 2252 3415 quidem
2288 3348 2512 3416 cogitat,
2577 3364 2721 3404 nunc
2766 3352 3059 3421 cogitatum
3114 3355 3436 3423 exsequitur
3469 3373 3481 3408 :
3515 3354 3604 3409 ubi

2033 3437 2175 3491 enim
2208 3438 2402 3493 animae
2464 3441 2749 3496 rationalis
2803 3445 3008 3500 auxilio
3054 3445 3284 3515 exempli
3334 3447 3504 3513 gratia
3543 3448 3609 3500 de

2033 3528 2248 3584 aedilicii
2295 3533 2696 3587 constructione
2731 3535 3011 3603 cogitavit,
3057 3537 3304 3590 manibus
3369 3536 3421 3589 id
3462 3537 3605 3605 quod

2035 3620 2291 3690 cogitavit
2326 3621 2393 3675 ad
2421 3620 2579 3675 [intem
2608 3624 2873 3690 perducit.

2103 3712 2255 3778 Quod
2280 3722 2463 3768 autem
2496 3714 2565 3767 sit
2599 3714 2745 3768 aliud
2781 3731 2943 3783 quam
2973 3730 3036 3772 ea
3060 3730 3124 3771 ex
3148 3717 3343 3786 quibus
3364 3725 3602 3784 constat,

2031 3802 2110 3856 sic
2139 3804 2458 3872 perpende:
2498 3819 2562 3858 ex
2609 3806 2774 3860 variis
2824 3808 3071 3862 materiis
3118 3808 3334 3863 domum
3366 3807 3604 3862 aediﬁca-

2031 3908 2169 3956 mus,
2212 3894 2305 3949 sed
2352 3909 2511 3949 nemo
2542 3896 2740 3950 dixerit
2766 3912 2885 3952 eam
2921 3897 3063 3953 idem
3099 3914 3221 3954 esse
3251 3913 3314 3953 ac
3346 3899 3603 3953 materias

2027 4002 2059 4040 e
2093 3987 2287 4053 quibus
2340 3996 2573 4041 constat.
2638 3984 2757 4042 Non
2809 3990 2955 4042 enim
3008 3989 3326 4057 simpliciter
3364 3989 3598 4059 lapides,

2027 4075 2171 4146 ligna
2196 4086 2250 4131 et
2276 4076 2499 4145 reliqua,
2535 4078 2726 4133 domus
2753 4090 2872 4144 est;
2903 4080 2948 4135 si
2997 4080 3142 4135 enim
3176 4081 3227 4135 id
3261 4090 3429 4143 esset,
3468 4091 3598 4136 ante

2025 4176 2349 4222 structuram
2393 4169 2683 4238 separatim
2732 4172 2989 4225 materias
3038 4172 3258 4226 domum
3308 4172 3432 4241 quis
3487 4188 3599 4225 me-

2026 4257 2131 4312 rito
2156 4268 2371 4313 voearet
2395 4275 2411 4327 ;
2442 4259 2536 4314 sed
2564 4259 2669 4314 illa:
2686 4262 2929 4316 materia:
2950 4261 3052 4317 sibi
3074 4262 3304 4316 invicem
3337 4272 3598 4330 coaptattc

2024 4351 2242 4405 domum
2269 4349 2423 4405 nobis
2472 4360 2864 4420 reprzesentare
2901 4351 3099 4407 solent.
3140 4350 3284 4419 Ergo
3320 4352 3593 4405 destructa

1948 4461 1996 4518 ο
2023 4442 2203 4509 domo,
2228 4454 2506 4498 remanent
2524 4443 2740 4512 quidem
2768 4444 3021 4499 similiter
3043 4446 3284 4498 materiae
3314 4443 3593 4511 proprium

2023 4534 2319 4588 retinentes
2376 4550 2592 4601 nomen,
2634 4536 2861 4604 periisse
2913 4549 3043 4588 vero
3098 4535 3319 4587 domum
3364 4533 3596 4588 dicimus

2021 4639 2178 4692 quam
2217 4626 2342 4680 talis
2381 4625 3016 4692 materiarum‘junctura
3050 4623 3373 4692 perfecerat.
3415 4622 3507 4678 Sic
3536 4632 3593 4678 et

2022 4713 2074 4768 in
2109 4715 2363 4783 bomiue;
2391 4716 2515 4771 licet
2556 4715 2702 4770 enim
2753 4730 2820 4768 ex
2866 4714 3047 4766 anima
3083 4728 3418 4782 corporeque
3459 4729 3593 4769 con-

2019 4813 2146 4870 stet,
2179 4822 2283 4860 non
2328 4808 2468 4861 idem
2519 4816 2602 4860 est
2647 4822 2711 4859 ac
2753 4821 2816 4858 ea
2858 4807 2924 4860 de
2972 4807 3169 4874 quibus
3196 4815 3431 4865 constat.
3494 4807 3590 4860 sed

2019 4894 2164 4950 aliud
2221 4896 2383 4949 homo
2432 4912 2621 4965 nempe
2675 4912 2741 4951 ex
2799 4897 2994 4952 animae
3028 4896 3412 4966 conjunctione
3466 4910 3588 4948 cum

2018 5001 2265 5055 corpore,
2291 4988 2509 5041 tertium
2531 4988 2660 5057 quid
2684 4988 2907 5044 effectus
2933 5004 2948 5053 ;
2979 4998 3032 5043 et
3052 4990 3275 5044 evidens
3302 4988 3430 5041 illud
3456 4987 3587 5042 inde

2021 5077 2163 5146 quod
2198 5082 2544 5146 separatione
2594 5080 2808 5134 illorum
2840 5080 2984 5135 facta
3036 5095 3235 5149 corpus
3265 5080 3345 5134 sic
3406 5087 3592 5132 manet

2017 5183 2080 5223 ac
2117 5169 2385 5237 propriam
2426 5170 3103 5238 qualitatem‘conservat:
3146 5170 3411 5225 trifariam
3437 5170 3586 5223 enim

2016 5258 2294 5325 dividitur,
2320 5259 2445 5315 licet
2470 5273 2739 5316 mortuum
2768 5263 2840 5317 sit
2868 5279 2882 5315 :
2913 5272 3099 5317 manet
3126 5262 3380 5317 similiter
3401 5260 3583 5313 anima

2014 5348 2295 5403 rationalis
2314 5359 2368 5403 et
2408 5350 2734 5420 intelligens,
2772 5351 2897 5406 licet
2935 5367 2963 5404 a
3000 5358 3227 5419 corpore
3262 5349 3574 5413 dividatur;

2015 5440 2174 5507 periit
2202 5455 2330 5497 vero
2383 5443 2564 5506 homo,
2600 5456 2758 5512 quem
2817 5441 3058 5503 confecit
3114 5442 3398 5512 utriusque
3444 5440 3582 5495 adu-

2012 5531 2178 5586 natio.
