4066 6224
494 338 633 395 1305

564 453 793 522 Quidam
817 466 884 508 eo
909 451 1049 520 quod
1080 451 1152 504 sit
1181 464 1379 517 corpus
1410 446 1676 503 trifariam
1721 445 1979 515 partitum
2009 452 2061 498 et
2094 450 2139 506 Α

478 547 730 599 animam
769 556 889 596 esse
916 539 1182 595 trifariam
1224 539 1452 593 divisam
1485 535 1715 610 (dicunt)
1748 544 1803 591 et
1847 544 2070 605 pr0pter

496 638 600 691 hoc
641 644 695 689 et
727 647 926 702 corpus
972 649 985 685 :
1022 630 1219 700 quibus
1273 629 1506 684 dicimus
1551 646 1565 683 :
1624 627 1801 682 Omne
1846 626 2067 696 quidem

497 741 694 795 corpus
725 724 989 779 trifariam
1019 722 1295 786 dividitur,
1334 736 1437 776 non
1471 731 1649 774 autem
1680 718 1941 790 quidquid
1969 718 2069 772 tri-

468 790 687 868 'fari'am
715 812 991 877 dividitur,
1021 828 1221 882 corpus
1246 821 1347 866 est.
1382 810 1517 866 Nam
1543 806 1775 880 qualitas
1809 817 1862 863 et
1894 821 2069 878 quan-

501 902 642 964 titas,
677 900 1006 973 incorporea:
1025 900 1240 969 quidem
1265 914 1359 968 per
1383 915 1465 964 se,
1491 910 1670 954 tamen
1699 913 1792 969 per
1818 898 2071 953 accidens

501 992 554 1043 in
574 1004 747 1045 massa
778 999 1234 1059 repraesentantur
1257 1008 1273 1058 ;
1297 991 1375 1045 sic
1401 991 1565 1045 etiam
1589 989 1790 1055 anima,
1817 989 2071 1058 quamvis

501 1096 597 1150 per
634 1097 694 1137 se
720 1082 973 1144 indivisa,
1003 1097 1098 1151 per
1128 1082 1381 1137 accidens
1426 1097 1550 1138 cum
1604 1082 1822 1137 homine
1871 1082 2071 1150 tripar-

503 1173 600 1226 tito
617 1180 671 1227 et
702 1173 816 1242 ipsa
839 1184 894 1228 et
916 1173 1102 1227 multis
1132 1174 1396 1228 trifariam
1427 1174 1601 1228 divisa
1632 1173 1853 1228 dicitur.

573 1343 782 1399 Dicitur
808 1345 988 1398 anima
1015 1345 1261 1414 corporis
1298 1346 1637 1414 passiouibns
1671 1344 1876 1399 moveri
1929 1361 1943 1399 :
1977 1359 2071 1414 ap-

501 1445 655 1505 paret
680 1434 826 1489 enim
864 1436 1079 1504 corpori
1114 1436 1451 1504 compatiens
1492 1444 1547 1490 et
1594 1444 1755 1490 antea
1805 1436 2017 1505 patiens
2054 1453 2067 1489 :

501 1540 643 1595 saepe
666 1527 813 1580 cnim
838 1526 905 1580 de
934 1527 1155 1581 vulnere
1189 1527 1435 1595 corporis
1464 1527 1839 1583 contremiscit
1863 1537 1919 1582 et
1941 1535 2068 1580 ante

500 1617 744 1686 corporis
794 1632 1024 1686 angores
1059 1618 1396 1683 immutatur,
1434 1628 1489 1673 et
1520 1629 1703 1688 postea
1752 1635 1858 1674 non
1892 1619 2072 1675 minus

498 1708 741 1761 dolorem
771 1710 1080 1776 experitur;
1129 1719 1184 1764 et
1222 1723 1345 1764 cum
1379 1718 1679 1780 aegrotante
1730 1719 1959 1779 aegrotat
2016 1720 2071 1765 et

1776 320 2054 378 MELETII
2093 317 2408 376 MONACHI

3612 302 3757 360 1304

2235 440 2393 502 Τινὲς
2423 435 2482 490 δὲ
2522 435 2612 490 διὰ
2638 433 2700 487 τὸ
2726 433 2866 486 εἶναι
2900 429 2962 483 τό
3010 426 3170 497 σῶμα
3216 422 3387 511 τριχῆ
3433 422 3759 488 διαστατόν,

2169 531 2261 584 καὶ
2286 529 2386 600 τὴν
2403 527 2583 598 ψυχὴν
2607 522 2744 579 εἶναι
2775 522 2940 595 τριχῆ
2970 519 3290 588 διαστατὴν,
3319 516 3414 570 καὶ
3449 514 3539 569 διὰ
3591 515 3762 583 τοῦτο

2169 620 2263 674 καὶ
2298 619 2476 689 σῶμα.
2507 615 2649 688 Πρδς
2681 614 2775 679 οὓς
2798 626 3000 683 φαμεν,
3050 611 3133 665 ὅτι
3165 610 3276 663 πᾶν
3309 607 3411 677 μὲν
3443 606 3607 677 σῶμα
3632 624 3761 678 τρι-

2154 704 2240 778 χῆ
2272 705 2556 760 διαστατόν
2595 707 2766 764 ἐστιν,
2791 702 2853 754 οὐ
2890 701 2999 753 πᾶν
3035 698 3091 751 δὲ
3117 697 3180 750 τὸ
3205 695 3370 765 τριχῆ
3428 694 3756 759 διαστατδν,

2172 795 2352 865 σῶμα.
2408 793 2520 847 Καὶ
2545 790 2654 864 γὰρ
2679 788 2743 844 τὸ
2795 788 2949 842 ποιὸν
2977 786 3074 841 καὶ
3131 784 3192 838 τὸ
3232 783 3422 849 ποσὸν,
3475 782 3762 853 ἀσώματα.

2168 888 2297 943 ϐντα
2325 888 2447 941 καθ’
2478 885 2670 952 ἑαυτὰ,
2698 885 2840 939 κατά
2866 879 3219 952 συμϐεϐηκὸς
3271 877 3329 930 ὲν
3361 877 3515 948 ϐγκῳ
3544 876 3761 929 ποσοῦ-

2168 999 2257 1035 ται
2284 998 2300 1012 σ
2326 978 2502 1043 οὕτως
2534 973 2628 1032 οὖν
2654 976 2749 1030 καὶ
2772 977 2847 1046 τῇ
2877 973 3048 1044 ψυχῇ,
3080 972 3205 1026 καθ’
3227 971 3428 1041 ἑαυτὴν
3451 969 3553 1040 μὲν
3580 968 3764 1037 πρόσο

2170 1085 2285 1123 εστι
2325 1067 2388 1121 τὸ
2429 1066 2778 1127 ἀδιάστατον,
2825 1063 2970 1115 κατά
3019 1058 3369 1131 συμϐεϐηκὸς
3420 1057 3499 1117 δὲ,
3546 1056 3631 1126 τῷ
3661 1059 3764 1110 ἀν-

2170 1159 2373 1231 θρώπῳ
2407 1161 2566 1230 τριχῆ
2595 1155 2870 1226 διαστατῴ
2895 1155 3030 1218 ϐντι,
3066 1150 3457 1222 συνθεωρείται
3490 1150 3592 1203 καὶ
3612 1149 3760 1218 αὑτὴ

2170 1252 2329 1319 τριχῆ
2362 1249 2623 1316 διαστατή
2652 1246 2717 1300 ⁸⁸.

2243 1341 2475 1408 Λέγεται
2495 1338 2553 1391 δὲ
2592 1339 2625 1408 ἠ
2662 1334 2810 1407 ψυχὴ
2844 1333 3066 1397 πολλοῖς
3086 1332 3194 1386 τῶν
3223 1330 3321 1384 τοῦ
3349 1329 3607 1401 σώματος
3652 1347 3761 1382 πα·-

2172 1430 2282 1484 θῶν
2308 1428 2703 1499 ἐγκατέχεσθαι
2738 1441 2752 1455 ⁸
2787 1424 3038 1495 φαίνεται
3062 1422 3172 1492 γάρ
3207 1423 3307 1476 καὶ
3341 1421 3759 1491 συμπάσχουσα

2171 1521 2248 1592 τῷ
2282 1521 2518 1591 σώματι,
2554 1519 2651 1572 καὶ
2698 1516 3100 1589 προπάσχουσα
3128 1530 3143 1543 ο
3206 1511 3469 1574 πολλάκις
3505 1510 3619 1581 7&9
3652 1510 3759 1582 τὴν

2170 1614 2346 1685 τομὴν
2378 1612 2473 1666 τοῦ
2525 1610 2782 1681 σώματος
2816 1607 3116 1678 ἀγωνιῶσα
3148 1605 3447 1668 δείκνυται,
3505 1603 3601 1655 καὶ
3648 1602 3759 1670 πρὸ

2171 1706 2264 1759 τοῦ
2324 1702 2535 1766 πάθους
2576 1702 2673 1755 τοῦ
2708 1700 2961 1771 σώματος
3011 1697 3375 1767 ἀλλοιουμένη
3402 1711 3416 1723 ·
3464 1693 3563 1747 καὶ
3615 1693 3757 1763 μετὰ

499 1814 621 1853 cum
650 1798 931 1854 vulnerato
979 1800 1152 1864 dolet;
1186 1802 1391 1869 pudore
1433 1800 1635 1855 suﬂ‘usa
1667 1802 1960 1864 erubescit,
1997 1801 2064 1855 ti-

2170 1798 2264 1867 τὴν
2295 1795 2469 1866 τομὴν
2494 1794 2651 1849 οὐδὲν
2672 1792 2896 1846 ἔλαττον
2922 1790 2992 1844 τὰ
3026 1791 3124 1859 τῆς
3151 1788 3349 1858 ὀδύνης
3376 1786 3420 1817 ⁸⁷
3446 1784 3717 1855 δεχομένη
3736 1798 3751 1811 ο

499 1905 650 1946 more
682 1891 926 1960 perculsa
959 1892 1141 1961 pallet.
1181 1891 1265 1946 Nil
1299 1900 1482 1947 autem
1512 1893 1893 1961 incorporeum
1919 1906 2067 1946 com-

498 1982 700 2049 patitnr
726 1983 964 2051 corpori,
1002 1999 1100 2037 nec
1134 1997 1330 2053 corpus
1372 1984 1696 2052 incorporeo
1735 2001 1748 2037 :
1787 1983 1900 2051 jam
1941 1996 2069 2038 vero

498 2072 680 2127 anima
708 2076 1035 2143 compatitur
1059 2076 1273 2145 corpori
1316 2091 1330 2129 :
1382 2090 1513 2145 ergo
1535 2076 1713 2129 anima
1738 2086 1820 2130 est
1847 2090 2065 2144 corpus.

498 2159 592 2215 Est
613 2172 793 2217 autem
824 2164 1197 2233 praeiudicium
1240 2180 1362 2219 cum
1394 2165 1517 2234 quis
1538 2167 1669 2219 dicit
1719 2165 1856 2219 nihil
1884 2167 2067 2219 incor-

494 2264 719 2318 poreum
771 2254 985 2321 corpori
1017 2253 1252 2322 compati
1309 2270 1324 2307 :
1380 2255 1509 2323 quid
1566 2255 1710 2309 enim
1742 2255 1788 2310 si
1835 2254 1939 2309 hoc
1965 2255 2065 2309 soli

496 2342 693 2395 anima:
713 2343 1041 2397 conveniat?
1073 2343 1339 2398 Caeterum
1378 2343 1678 2413 ambigunt,
1723 2356 1906 2399 utrum
1947 2359 2069 2399 cor—

495 2443 616 2497 pus,
650 2429 917 2497 accipiens
953 2432 1020 2485 ab
1048 2433 1226 2486 anima
1260 2432 1532 2487 sentiendi
1586 2432 1925 2496 facultatem,
1978 2448 2067 2487 so-

496 2518 605 2571 lum
633 2518 833 2585 doleat,
869 2520 1049 2575 anima
1096 2531 1280 2576 autem
1331 2522 1531 2577 ali'ectu
1584 2522 1843 2577 immunis
1877 2523 1949 2577 sit
1997 2538 2067 2578 an

495 2607 707 2675 corpori
740 2609 1121 2677 compatiatur.
1163 2611 1227 2664 Et
1260 2610 1400 2680 apud
1434 2609 1883 2678 intelligentiores
1914 2611 2069 2680 prior

492 2700 763 2755 sententia
793 2701 1066 2770 praevalet.

561 2968 683 3024 Jam
746 2985 877 3026 vero
925 2971 1172 3026 videmus
1226 2972 1393 3026 etiam
1450 2971 1764 3040 incorporea
1822 2975 2065 3040 quaedam

492 3062 812 3131 corporibus
839 3063 1073 3131 compati
1119 3080 1133 3117 :
1187 3064 1475 3132 qualitates
1517 3065 1683 3130 enim,
1732 3064 1856 3119 licet
1887 3066 2066 3120 incor-

2176 1887 2271 1939 καὶ
2299 1885 2549 1939 νοσοῦντι
2583 1883 2684 1954 μὲν
2730 1883 3000 1942 συννοσεῖ,
3046 1881 3143 1932 καὶ
3170 1877 3492 1948 τεμνομένῳ
3533 1876 3756 1928 συνοδυ-

2175 1979 2334 2031 νᾶται
2354 1994 2367 2008 ·
2409 1977 2505 2029 καὶ
2532 1974 2901 2046 αἰσχυνομένη
2927 1971 3156 2044 ἐρυθρὸν
3192 1965 3334 2032 εἶδος
3362 1958 3630 2031 δείκνυσι,
3658 1967 3755 2019 καὶ

2176 2069 2483 2140 φοϐουμένη
2533 2067 2733 2138 ὠχρόν.
2766 2064 2934 2119 Οὐδὲν
2982 2065 3037 2117 δὲ
3090 2062 3384 2131 ἀσώματον
3434 2060 3754 2132 συμπάσχει

2177 2162 2433 2233 σώματι.
2476 2159 2597 2213 οὐδὲ
2640 2159 2921 2228 ἀσωμάτῳ
2971 2156 3179 2250 σᾷιμας
3236 2154 3570 2250 συμπάσχεὶ
3598 2154 3658 2206 δὲ

2173 2251 2321 2322 ψυχὴ
2355 2250 2433 2323 τῷ
2466 2250 2682 2321 σώματι
2711 2266 2724 2279 ·
2763 2249 2924 2319 σῶμα
2953 2244 3064 2317 ἄρα
3094 2245 3319 2317 ἡψυχὴ.
3354 2246 3498 2297 Ἐστι
3527 2244 3585 2297 δὲ
3600 2245 3755 2297 κατὰ.

2178 2342 2449 2413 πρόληψιν
2475 2341 2799 2412 ἐγκείμενον
2832 2339 2893 2391 τὸ
2921 2338 3085 2407 λέγον
3118 2337 3337 2407 λῆμμα,
3397 2335 3567 2389 οὐδὲν
3606 2333 3758 2387 ἀσώ-

2178 2446 2348 2498 ματον
2374 2428 2587 2498 σώματι
2623 2428 2943 2499 συμπάσχει
2978 2443 2991 2456 ·
3025 2426 3078 2479 τί
3104 2426 3217 2496 γὰρ
3242 2425 3291 2477 ει
3319 2425 3458 2494 μόνῃ
3488 2426 3555 2493 τῇ
3603 2421 3755 2495 ψυχῇ

2174 2519 2334 2572 τοῦτο
2367 2519 2663 2590 πρόσεστι;
2698 2517 2844 2589 Πλὴν
2892 2515 3009 2570 ἀλλ’
3059 2515 3492 2585 ἀμφιϐάλλεται,
3528 2514 3639 2566 εἴτε
3693 2516 3760 2566 τὸ

2176 2606 2336 2677 σῶμα
2364 2605 2525 2676 μόνον
2556 2606 2672 2660 ἐστὶ
2702 2608 2763 2660 τὸ
2791 2606 2996 2675 ἀλγοῦν
3043 2604 3210 2658 λαϐὸν
3249 2604 3400 2675 παρά
3436 2604 3539 2672 τῆς
3574 2603 3759 2673 ψυχῆς

2172 2694 2272 2762 τὴν
2307 2694 2594 2765 αἴσθησιν·
2630 2694 2770 2766 αὑτὴ
2801 2694 2858 2749 δὲ
2888 2693 3041 2765 μένει
3068 2690 3287 2762 ἀπαθής
3317 2710 3331 2724 ·
3362 2691 3477 2744 εἴτε
3508 2691 3607 2744 καί
3632 2708 3759 2744 συν-

2188 2785 2343 2854 αλγεῖ
2390 2785 2467 2856 τῷ
2518 2784 2760 2856 σώματι,
2810 2785 2903 2837 καὶ
2950 2788 3144 2856 κρατεῖ
3182 2782 3384 2856 μᾶλλον
3444 2784 3599 2855 παρά
3633 2786 3757 2847 τοῖς

2175 2866 2536 2947 ἑνδὸξοτέροις
2564 2876 2626 2930 τὸ
2655 2877 2945 2948 πρότερον.

2243 2965 2527 3019 Δείκνυται
2555 2966 2612 3019 δὲ
2641 2966 2733 3020 καί
2760 2983 2883 3019 τινα
2908 2964 3178 3033 ἀσώματα
3208 2964 3608 3035 συμπάσχοντα
3636 2966 3758 3025 τοῖς

2176 3055 2391 3127 σώμασι
2417 3073 2432 3090 ο
2466 3058 2524 3110 αι
2594 3057 2885 3127 ποιότητες
2932 3055 3040 3127 γὰρ
3075 3054 3362 3124 ἀσώματοι
3400 3049 3585 3117 οὖσαι,
3640 3070 3758 3107 τεα-

495 3168 675 3219 porete
701 3154 831 3217 sint,
853 3153 1071 3221 quando
1110 3167 1339 3221 corpora
1384 3155 1686 3222 patiuntur,
1736 3156 1803 3208 iis
1842 3170 2067 3223 compa-

2170 3148 2407 3220 σχόντων
2450 3148 2559 3202 τῶν
2589 3147 2883 3219 σωμάτων,
2936 3146 3032 3199 καὶ
3062 3137 3225 3197 αὗται
3283 3146 3754 3214 συμπάσχουσινν

488 3244 724 3303 (iuntur,
760 3243 891 3296 etin
924 3243 1143 3298 interitu
1172 3254 1228 3297 et
1254 3244 1308 3298 in
1334 3255 1463 3300 natu
1490 3261 1613 3301 cum
1640 3261 1871 3314 corpore
1905 3244 2066 3300 simul

496 3341 793 3385 mutantur.
840 3331 1221 3388 Commutatur
1264 3335 1317 3387 in
1358 3336 1538 3389 anima
1586 3352 1759 3401 mens,
1813 3353 1936 3407 qua:
1982 3345 2068 3392 est

493 3418 728 3488 qualitas
748 3419 831 3474 vel
859 3418 1108 3475 accidens
1140 3438 1155 3475 :
1195 3435 1301 3475 non
1350 3421 1495 3475 enim
1525 3422 1712 3477 anima
1751 3423 1807 3477 in
1859 3432 2062 3489 mente,

492 3511 589 3565 sed
624 3525 779 3565 mens
824 3521 908 3566 est
939 3509 995 3564 in
1046 3512 1248 3578 anima,
1308 3512 1596 3582 siquidem,
1622 3514 1803 3567 anima
1831 3513 2065 3580 sublata,

492 3604 661 3657 etiam
694 3617 848 3658 mens
883 3602 1136 3659 tollitur:
1180 3604 1271 3659 ubi
1307 3606 1451 3659 enim
1493 3621 1597 3659 non
1635 3613 1722 3661 est
1774 3606 1976 3670 anima,
2012 3606 2065 3660 in

494 3708 603 3761 quo
628 3695 732 3748 erit
764 3694 952 3750 mens?
978 3693 1156 3749 Mente
1206 3705 1389 3751 autem
1433 3696 1668 3761 sublata,
1696 3712 1804 3751 non
1839 3698 2066 3753 omnino

496 3785 703 3840 tollitur
738 3784 946 3840 anima.
969 3785 1233 3842 Nimirum
1263 3788 1446 3843 anima
1478 3796 1634 3846 extra
1674 3797 1908 3844 mentem
1946 3804 2069 3845 esse

493 3875 731 3931 videtur.
1608 3886 1611 3889 '

561 4069 758 4125 Anima
797 4069 962 4141 igitur
991 4077 1074 4125 est
1103 4067 1407 4124 substantia
1448 4078 1506 4125 et
1545 4070 1871 4141 subjectum,
1915 4088 2068 4129 mens

490 4175 626 4216 vero
652 4160 887 4228 qualitas
923 4169 979 4215 et
998 4160 1254 4216 accidens
1289 4177 1305 4216 :
1334 4161 1449 4231 jam
1491 4163 1746 4219 accidens
1775 4175 1882 4230 est,
1922 4166 2067 4236 quod

491 4251 616 4303 sine
643 4247 971 4302 detrimento
1004 4248 1232 4317 subjecti
1261 4257 1317 4303 et
1336 4250 1493 4305 adest
1522 4260 1580 4306 et
1601 4253 1783 4319 abest;
1815 4248 2070 4309 substan-

495 4340 568 4393 tia
601 4347 781 4393 autem
805 4352 995 4393 eorum
1019 4352 1140 4406 qua
1161 4333 1481 4408 simpliciter
1517 4349 1663 4407 sunt,
1690 4342 2067 4401 exsistentiam

2168 3237 2225 3289 ἐν
2261 3255 2321 3289 τε
2352 3241 2419 3307 τῇ
2453 3238 2634 3310 φθορᾷ
2660 3238 2754 3290 καλ⁸
2774 3240 2839 3308 τῇ
2873 3236 3092 3304 γενέσει
3131 3236 3623 3307 συναλλοιούμεναι
3675 3238 3759 3307 τῷ

2167 3327 2404 3398 σώματι.
2451 3329 2787 3383 Ἀλλοιοῦται
2817 3329 2875 3382 δὲ
2913 3331 2972 3381 ὲν
3010 3329 3159 3401 ψυχῇ
3187 3329 3472 3401 φρόνησις,
3522 3329 3758 3398 ποιότης

2166 3415 2323 3484 οὖσα,
2351 3419 2385 3489 ἢ
2419 3420 2767 3490 συμϐεϐηκός
2797 3437 2811 3450 ⁸
2850 3421 2911 3473 οὗ
2954 3421 3063 3492 γάρ
3112 3422 3262 3474 ἐστιν
3318 3422 3352 3490 ἠ
3382 3419 3530 3492 ψυχὴ
3567 3421 3627 3472 ἐν
3684 3424 3756 3492 τῇ

2168 3508 2453 3580 φρονήσει,
2509 3508 2697 3579 ἀλλ’ἢ
2747 3510 3015 3581 φρόνησις
3052 3510 3113 3561 ὲν
3165 3511 3233 3580 τῇ
3263 3509 3445 3579 ψυχῇο
3500 3509 3605 3578 τῆς
3651 3508 3761 3580 μὲν

2166 3597 2276 3668 7&9
2295 3597 2476 3670 ψυχῆς
2493 3601 2925 3671 ἀναιρουμένης,
2944 3599 3257 3670 ἀναιρεῖται
3282 3600 3427 3670 καὶὴ
3454 3599 3725 3670 φρόνησις
3738 3616 3756 3631 ·

2171 3689 2247 3759 μὴ
2288 3689 2455 3759 οὔσης
2501 3690 2611 3762 γὰρ
2642 3691 2848 3761 ψυχῆς.
2898 3692 2957 3743 ἑν
3004 3690 3112 3743 τίνι
3160 3689 3315 3743 ἔσται
3349 3690 3383 3759 η
3446 3691 3755 3761 φρόνησιςς

2164 3782 2485 3854 Φρονήσεως
2510 3782 2571 3836 δὲ
2599 3782 3029 3853 ἀναιρουμένης,
3062 3782 3125 3834 οὐ
3175 3781 3395 3843 πάντως
3427 3782 3754 3852 ἀναιρεῖται

2167 3873 2203 3942 ἡ
2232 3872 2419 3944 ψυχή’
2451 3873 2728 3944 ἐνδέχεται
2770 3874 2881 3941 7&9
2910 3870 3053 3928 εἶναι
3093 3872 3275 3943 ψυχὴν
3329 3871 3491 3936 ἐκτὸς
3524 3873 3745 3944 φρονή-

2170 3976 2332 4024 σεως.

2242 4070 2401 4124 Ἔστι
2432 4068 2533 4141 μὶν
2554 4070 2648 4126 οὖν
2685 4072 2718 4142 ἡ
2752 4071 2853 4144 μὲν
2901 4071 3071 4143 ψυχὴ,
3102 4073 3266 4129 οὐσία
3303 4073 3398 4129 καλ⁵
3440 4073 3758 4145 ὑποκείμε-

2168 4175 2291 4213 νον·
2325 4162 2359 4231 ἠ
2391 4160 2449 4214 δὲ
2484 4160 2769 4233 φρόνησις,
2806 4162 3031 4233 ποιότης
3063 4164 3160 4216 καὶ
3187 4163 3540 4236 συμϐεϐηκός
3562 4182 3576 4196 ⁰
3610 4182 3761 4237 συμο

2167 4250 2406 4321 ϐεϐηκὸς
2445 4250 2503 4303 δέ
2552 4251 2724 4316 ἐστιν,
2756 4252 2785 4307 ὃ
2817 4251 3029 4321 γίνεται
3069 4254 3164 4307 καὶ
3210 4255 3533 4324 άττογίνεται
3575 4258 3757 4326 χωρὶς

2166 4343 2268 4415 τῆς
2296 4342 2391 4397 τοῦ
2424 4344 2793 4414 ὑποκειμένου
2833 4343 3079 4416 φθορᾶς·
3116 4345 3179 4400 τὸ
3223 4347 3357 4415 γοῦν
3403 4347 3505 4416 τῆς
3553 4349 3756 4413 οὐσίας

490 4429 786 4501 signiﬁcat,
831 4430 938 4485 hoc
972 4437 1055 4483 est
1092 4429 1236 4498 quod
1269 4429 1593 4499 simpliciter
1638 4432 1770 4490 sint.
1806 4434 2067 4491 Dicuntur

2170 4434 2339 4506 ὄνομα
2373 4436 2712 4507 σημαντικὸν
2750 4437 2989 4508 ὑπάρχει
3039 4437 3142 4508 τῆς
3194 4438 3384 4502 ἅπλῶς
3428 4440 3539 4493 τῶν
3574 4438 3756 4496 ὄντων

489 4521 636 4575 enim
665 4534 790 4575 esse
809 4518 991 4574 omnia
1021 4532 1141 4589 qua
1162 4526 1309 4584 sunt,
1333 4517 1592 4576 nimirum
1614 4520 1812 4591 angeli,
1840 4523 2060 4591 animae,

2170 4524 2457 4595 ὑπάρξεως
2492 4539 2507 4554 ·
2538 4523 2819 4579 τουτέστιν
2857 4524 2956 4579 τοῦ
2992 4526 3161 4580 αὑτοῦ
3195 4525 3290 4580 τοῦ
3337 4527 3528 4590 ἁπλῶς
3578 4524 3753 4586 εἶναι.

490 4611 766 4678 animalia,
793 4612 1011 4687 plautas,
1045 4611 1269 4681 lapides.
1306 4609 1421 4667 Hoc
1447 4612 1612 4683 igitur
1645 4614 1898 4671 omnibus
1944 4630 2064 4684 qua:

2170 4614 2428 4682 Λέγονται
2470 4614 2579 4687 7&9
2610 4611 2750 4671 εἶναι
2782 4616 2964 4672 πάντα
2996 4616 3065 4671 τά
3106 4617 3257 4683 ὄντα,
3289 4619 3459 4689 ἤγουν
3495 4620 3749 4688 ἄγγελοι,

491 4711 622 4759 sunt
655 4717 943 4759 commune
965 4711 1071 4759 est.
1107 4704 1438 4761 Substantim
1460 4719 1653 4762 nomen
1686 4705 1852 4776 igitur
1880 4708 1947 4763 ad
1974 4723 2065 4765 res

2170 4705 2264 4758 καὶ
2292 4704 2483 4776 ψυχαὶ,
2513 4708 2609 4760 καὶ
2650 4707 2789 4775 ζῶα,
2840 4706 2937 4760 καὶ
2970 4707 3137 4777 φυτά,
3180 4708 3277 4761 καὶ
3322 4708 3486 4763 λίθοι.
3537 4708 3751 4764 Τούτου

490 4803 758 4864 quatenus
778 4802 927 4859 sunt,
946 4796 1201 4865 pertinet;
1222 4805 1434 4852 natura:
1452 4806 1633 4853 autem
1658 4812 1855 4853 nomen
1872 4812 2060 4854 eorum

2170 4793 2262 4852 οὖν
2289 4797 2487 4862 κοινῶς
2514 4796 2696 4851 πάντα
2726 4797 2799 4851 τά
2821 4798 2950 4851 ϐντα
2982 4799 3222 4869 μετέχει.
3254 4799 3605 4869 Σημαντικδν
3635 4799 3752 4871 ἄρα

489 4898 610 4952 qua:
637 4883 959 4951 simpliciter
988 4892 1138 4949 sunt,
1170 4894 1373 4943 motum
1421 4887 1644 4945 indicat.
1684 4886 1878 4944 Omnia
1915 4888 2062 4943 enim

2170 4888 2285 4942 ιστὶ
2331 4884 2428 4941 τοῦ
2473 4885 2613 4943 εἶναι
2650 4888 2714 4943 τὸ
2764 4892 2865 4960 τῆς
2902 4888 3098 4953 οὐσίας
3163 4889 3377 4960 ὄνομα·
3431 4891 3495 4945 τὸ
3536 4891 3596 4945 δὲ
3642 4892 3751 4961 τῆς

492 4975 696 5029 moveri
745 4975 1013 5040 videmus,
1054 4992 1154 5032 nec
1198 4990 1385 5033 eorum
1411 4993 1532 5049 quae
1561 4979 1700 5035 facta
1723 4989 1869 5049 sunt,
1903 4981 2066 5052 quid-

2170 4979 2385 5050 φύσεως
2408 4980 2578 5053 ὄνομα
2607 4982 2910 5052 δηλωτικὸν
2939 4982 3200 5053 τυγχάνει
3230 4983 3331 5054 τῆς
3385 4983 3577 5047 ἁπλῶς
3630 4983 3749 5037 τῶν

489 5078 654 5133 quam
689 5072 774 5119 est
800 5065 921 5120 sine
952 5074 1121 5121 motu.
1161 5067 1533 5124 Substantiam
1581 5071 1746 5141 igitur
1793 5072 2064 5142 appellant

2170 5070 2340 5125 ϐντων
2371 5074 2661 5144 κινήσεως.
2696 5072 2881 5127 Πάντα
2906 5073 3017 5144 γὰρ
3051 5075 3112 5127 ἑν
3145 5074 3362 5143 κινήσει
3389 5076 3610 5146 ὁρᾶται,
3644 5074 3750 5128 καὶ

489 5167 680 5209 eorum
705 5171 826 5225 qum
867 5157 1187 5226 simpliciter
1213 5168 1341 5215 sunt
1385 5162 1775 5229 enistsntiam,
1807 5175 2058 5223 naturam

2170 5163 2319 5216 οὐδέν
2353 5164 2503 5217 ἔστιν
2537 5162 2793 5235 ἀκίνητον
2844 5162 2955 5218 τῶν
3002 5163 3329 5234 γεγονότων.
3387 5166 3593 5220 Οὐσίαν
3645 5161 3750 5219 οὖν

490 5253 673 5299 autem
703 5257 890 5300 eorum
921 5261 1042 5315 quae
1059 5246 1378 5315 simpliciter
1404 5259 1553 5318 sunt,
1586 5262 1810 5308 motum.

2170 5253 2392 5308 καλοῦσι
2438 5256 2539 5327 τὴν
2570 5255 2760 5320 eum;
2798 5255 2908 5311 τῶν
2956 5255 3128 5310 ὄντων
3175 5254 3433 5328 ³ὗσιτςιρξιν,
3489 5257 3748 5327 φύσινδᾶ

2166 5346 2336 5417 αὐτὴν
2357 5346 2458 5419 τὴν
2490 5347 2677 5412 ἁπλῶς
2710 5347 2821 5402 τῶν
2845 5348 3019 5403 ϐντων
3048 5347 3287 5420 κίνησιν.

563 5416 769 5476 Natura
795 5431 977 5477 autem
1000 5430 1083 5476 est
1098 5422 1439 5493 quintuplex,
1461 5425 1717 5481 nimirum
1736 5425 2056 5496 spiritualis,

2238 5416 2617 5509 Πεντάτροπος
2643 5437 2703 5492 δὲ
2729 5437 2870 5509 αὕτη
2899 5437 2969 5509 ’ἢ
3005 5437 3115 5510 γὰρ
3159 5416 3327 5509 νοερά
3386 5436 3671 5508 τυγχάνει,
3706 5437 3746 5507 ἦ

488 5520 588 5566 snt
632 5514 934 5580 rationalis,
989 5522 1084 5568 aut
1133 5516 1419 5583 sensualis,
1469 5526 1562 5570 aut
1589 5517 1925 5588 vegetabilis,
1965 5530 2062 5576 aut

2170 5526 2381 5599 λογικὴ,
2431 5526 2815 5600 ῆαὶσθητικὴ,
2868 5526 2902 5598 η
2969 5528 3194 5600 φυτικὴ,
3240 5527 3274 5598 ἢ
3326 5525 3552 5597 ἄψυχος.
3624 5527 3747 5586 ttat

564 5683 613 5715 “
646 5686 820 5742 ὂιαστ.
846 5686 988 5741 ὥστε
1016 5687 1141 5743 οὔτε
1173 5688 1330 5760 σῶμα
1364 5690 1511 5746 ἑστιν
1538 5691 1570 5762 ἡ
1596 5691 1741 5765 ψυχὴ
1761 5692 1889 5749 οὔτε
1916 5699 2078 5772 τριχῆ
2105 5698 2365 5773 διαστατή
2396 5698 2456 5756 P.
2533 5704 2577 5737 ⁸⁷
2625 5702 2819 5775 ὀδύνης
2856 5702 3124 5774 ιμπαθῶς
3156 5704 3272 5776 Ssx.
3316 5703 3376 5758 ι’.
