4066 6224
398 321 423 378 Ι
434 321 539 378 305

1632 308 1720 363 DE
1750 306 2041 365 NATURA
2079 307 2385 367 "OMNIS.

3505 319 3644 376 150$

394 434 558 505 νοερᾶ
580 432 701 505 μὲν,
725 428 803 493 ὼς
826 428 918 482 ἰπὶ
946 427 1057 481 τῶν
1082 426 1356 495 ἀγγέλων,
1389 424 1450 493 ἐξ
1478 423 1661 480 αὑτῶν
1685 422 1796 476 τῶν
1841 438 1967 492 νοησ

2079 424 2385 481 inanimata.
2422 423 2735 496 Spiritualis
2756 436 2841 483 est
2864 425 3012 481 verbi
3036 441 3200 482 causa
3231 426 3287 483 in
3309 429 3516 497 angelis
3543 431 3639 499 qui

394 525 585 595 μάτων
615 520 871 591 ἀλλήλοις
906 516 1333 587 συγγινομὲνων.
1364 514 1574 586 Λογικὴ
1598 514 1677 578 δὲ,
1732 512 1808 577 ὡς
1866 512 1966 566 ἐπὶ

393 613 504 667 τῶν
528 611 624 666 ἀνθ
632 610 852 682 ρώπων,
875 610 941 663 δι’
959 609 1241 679 ὀνομάτων
1268 602 1364 661 καὶ
1385 604 1650 677 ῥημάτων
1672 604 1741 658 τὰ
1781 604 1966 673 ἀφανῆ

393 700 684 771 τῆςψυχῆς
712 702 990 771 κινήματα
1019 698 1158 768 πρὸς
1187 696 1314 759 τοὺς
1339 695 1497 758 ἐκτὸς
1541 693 1966 765 δημοσιεὺουσα.

394 790 699 862 Αἰσθητικὴ
730 789 810 855 δὲ,
841 790 876 859 ἠ
906 790 964 841 ὲν
1007 791 1121 851 τοῖς
1156 786 1372 854 ἀλόγοις
1402 785 1793 856 θεωρουμένη·
1829 786 1967 855 πρὸς

395 882 504 954 γὰρ
532 884 601 953 τῇ
628 880 919 951 θρεπτικῇ,
962 879 1057 933 καὶ
1089 877 1378 948 αὑξητικῇ.
1419 878 1515 930 καὶ
1553 878 1851 947 γεννητικῇ
1874 876 1968 929 δυ-

395 971 583 1041 νάμει,
615 970 710 1024 καὶ
739 967 838 1040 τὴν
860 966 1187 1037 αίσθητικὴν
1222 965 1489 1035 κέκτηται
1512 966 1581 1019 τὰ
1606 965 1780 1033 ἄλογα
1828 964 1968 1030 ζῶα.

394 1061 600 1131 Φυτικὴ
632 1060 738 1132 δὲη
767 1060 826 1113 ὲν
855 1061 969 1122 τοῖς
1001 1060 1191 1126 φυτοῖς
1218 1074 1232 1087 υ
1261 1057 1539 1109 κινοῦνται
1571 1054 1682 1127 γὰρ
1712 1055 1805 1108 καὶ
1828 1054 1971 1109 αὑτὰ

397 1151 542 1205 κατὰ
586 1151 686 1215 τὰς
736 1150 905 1213 αὑτάς
965 1148 1249 1217 δυνάμεις.
1296 1144 1518 1216 Ἀψυχα
1563 1145 1642 1210 δὲ,
1685 1145 1823 1199 καθὸ
1873 1147 1970 1200 καὶ

396 1244 536 1300 αὑτὰ
597 1241 875 1295 κινοῦνται
931 1238 1074 1293 κατὰ
1112 1236 1174 1292 τὺ
1228 1236 1384 1291 ποιὸν
1420 1237 1516 1290 καὶ
1564 1236 1627 1289 τὸ
1664 1235 1771 1297 ποῦ
1801 1251 1815 1266 ⁸
1876 1236 1972 1291 καὶ

398 1333 538 1389 κατὰ
566 1333 627 1387 τὸ
658 1332 813 1385 ποιὸν
854 1331 973 1401 μὲν,
1007 1328 1150 1383 κατὰ
1188 1327 1251 1382 τδ
1296 1327 1688 1399 θερμαίνεσθαι
1720 1327 1817 1382 καὶ
1869 1327 1972 1398 ψύ-

396 1421 592 1493 χεσθαι
614 1439 630 1455 ο
673 1420 815 1474 κατὰ
846 1419 909 1472 τὸ
940 1418 1046 1471 ποῦ
1076 1416 1158 1482 δὲ,
1212 1416 1359 1470 κατὰ
1419 1416 1518 1487 τὴν
1562 1418 1627 1469 ὲκ
1659 1417 1830 1470 τόπου
1891 1418 1972 1479 είς

397 1511 562 1564 τόπον
619 1509 997 1580 ἐτεροκίνητον
1050 1506 1384 1578 μετάστασιν
1402 1505 1467 1559 ⁸⁸.
1540 1506 1849 1577 Ὀρίζονται
1913 1506 1972 1560 δὲ

396 1602 497 1672 τὴν
530 1602 627 1672 μὲν
664 1600 874 1662 οὐσίαν,
903 1601 1139 1669 πρᾶγμα
1170 1598 1556 1671 αὑθὺπαρκτον
1585 1598 1663 1670 μὴ
1714 1598 1971 1670 δεόμενον

398 1691 589 1762 ἑτέρου
625 1691 764 1763 πρὸς
823 1692 1086 1744 σύστασιν
1112 1706 1126 1721 ·
1168 1689 1269 1761 τὴν
1316 1688 1479 1758 φύσιν
1526 1690 1605 1752 δὲ,
1646 1689 1820 1760 ἀρχὴν
1869 1690 1972 1760 τῆς

398 1784 635 1839 ἑκάστου
661 1783 769 1837 τῶν
790 1784 960 1837 ὄντων
995 1781 1262 1851 κινήσεως
1290 1782 1388 1835 καὶ
1402 1781 1663 1852 ἠρεμίας.

468 1959 703 2028 Λέγεται
723 1958 781 2012 δὲ
809 1957 972 2028 φὺσις
1002 1958 1154 2028 παρὰ
1187 1957 1248 2010 τὸ
1275 1958 1613 2025 πεφυκέναι·
1646 1957 1681 2026 ἡ
1714 1955 1773 2009 δὲ
1812 1955 1973 2009 οὑσία

392 2051 555 2119 παρὰ
596 2048 657 2102 τὸ
697 2043 874 2102 εἶναι’
905 2047 969 2101 τὸ
999 2047 1059 2100 δὲ
1103 2042 1244 2101 εἶναι
1296 2049 1392 2101 καὶ
1424 2046 1730 2116 πεφυκέναι
1777 2048 1975 2100 ταὺτόν

400 2142 572 2195 ἐστιν.
618 2140 684 2193 Ἦ
732 2139 790 2192 δὲ
832 2139 1133 2202 ὑπόστασις
1169 2138 1232 2191 οὑ
1293 2138 1456 2209 μόνον
1520 2138 1583 2192 τδ
1623 2134 1766 2193 εἶναι
1804 2138 1976 2209 δηλοῖ,

401 2231 540 2285 ἀλλὰ
563 2233 661 2284 καὶ
680 2228 742 2283 τδ
767 2230 886 2293 πῶς
914 2229 1052 2300 Ξχει,
1080 2231 1176 2283 καὶ
1209 2229 1270 2283 τὸ
1301 2229 1486 2283 ὁποῖόν
1539 2246 1592 2283 τι
1653 2225 1800 2282 εἶναι
1831 2246 1979 2299 παρ-

404 2323 617 2392 ίστησιν
637 2338 654 2354 ο
671 2314 807 2387 οἷον,
836 2321 971 2392 όμοῦ
992 2312 1198 2385 πάντες
1224 2322 1277 2375 oi
1297 2321 1577 2392 ἄνθρωποι
1594 2321 1775 2375 κοινὸν
1793 2321 1977 2392 ἔχουσι

402 2412 464 2466 τὸ
494 2408 635 2466 εἶναι
663 2428 679 2445 ο
710 2412 808 2466 καὶ
835 2412 947 2483 γὰρ
970 2411 1238 2476 ὡσαύτως
1267 2412 1472 2475 πάντες
1509 2412 1716 2482 ζῶμεν,
1763 2414 1859 2466 καὶ
1893 2430 1980 2466 κι-

403 2502 666 2572 νούμεθα,
706 2503 804 2557 καὶ
859 2502 1065 2572 ἐσμέν·
1099 2502 1215 2573 ἔχει
1259 2503 1318 2555 δὲ
1370 2502 1605 2565 ἕκαστος
1657 2504 1817 2573 ἡμῶν
1870 2504 1980 2557 rata

402 2610 549 2659 τινα,
600 2588 683 2657 οἷς
713 2594 827 2647 τῶν
859 2592 1037 2648 ἄλλων
1088 2593 1393 2665 ἀνθρώπων
1450 2594 1778 2665 χωρίζεται·
1830 2590 1978 2661 οἷον,

404 2685 663 2755 πατρίδα,
680 2685 864 2754 γένος,
884 2685 1101 2756 κλῆσιν,
1134 2686 1500 2757 ἐπιτήδευμα,
1529 2686 1781 2758 πράξεις,
1802 2688 1975 2759 πάθη,

404 2776 726 2847 εὑείδειανῆ
760 2776 1083 2843 δυσείδειαν,
1114 2776 1211 2830 καί⁸
1245 2776 1320 2829 τὰ
1348 2776 1599 2843 τοιαῦτα,
1633 2776 1670 2831 ἄ
1714 2778 1808 2832 καὶ
1843 2795 1982 2847 συμ-

405 2867 682 2938 ϐεὸηκότα
710 2867 1006 2937 καλοῦμεν.
1062 2866 1252 2922 Ταῦτα
1292 2867 1388 2921 οῦν
1426 2866 1665 2935 ἅπαντα,
1715 2870 1847 2941 περὶ
1878 2868 1980 2941 τὴν

406 2959 708 3012 ὑπόστασιν
736 2957 1095 3031 θεωροῦνται,
1144 2960 1238 3012 καὶ
1265 2960 1327 3012 τὸ
1372 2960 1507 3012 αὐτὸ
1534 2961 1807 3031 πρᾶγμαο
1841 2956 1977 3026 οἷον,

405 3046 691 3110 Μελέτιος,
716 3048 846 3101 ὅταν
877 3046 940 3100 τὸ
966 3042 1102 3101 εἶναι
1133 3046 1301 3100 αὑτοῦ
1336 3046 1497 3117 μόνον
1526 3050 1821 3119 σκοπῆται,
1855 3050 1980 3104 τότε

2069 513 2183 570 sola
2215 516 2544 585 cogitatione
2578 516 2682 573 sibi
2714 516 2950 573 invicem
2989 528 3409 575 conversantur.
3454 518 3646 575 Ratio-

2071 603 2214 659 nalis
2241 614 2330 659 est
2379 604 2434 660 in
2471 605 2806 672 hominibus,
2842 607 2935 676 qui
2965 621 3063 673 per
3095 606 3315 661 nomina
3370 616 3427 661 et
3482 608 3650 665 verba

2070 692 2370 750 invisibiles
2410 695 2606 751 animae
2655 705 2837 752 motus
2883 696 3011 751 aliis
3049 697 3478 753 communicant.
3512 697 3651 753 Sen—

2068 782 2235 838 sualis
2261 794 2486 855 apparet
2519 785 2572 840 in
2600 786 2775 841 brutis
2802 803 2816 839 :
2858 801 2983 840 nam
3014 796 3214 855 praeter
3249 784 3565 841 facultatem
3591 802 3654 843 se

2069 873 2365 940 nutriendi,
2403 876 2637 945 augendi
2689 884 2747 931 et
2795 875 3141 946 procreandi,
3171 875 3337 930 etiam
3372 876 3645 930 sentiendi

2069 966 2379 1021 facultatem
2404 967 2605 1022 habent
2632 967 2885 1022 animalia
2927 968 3109 1023 bruta.
3133 965 3461 1035 Vegetabilis
3480 977 3568 1022 est
3593 967 3649 1021 in

2069 1057 2298 1128 plantis:
2314 1068 2599 1114 moventur
2616 1061 2758 1115 enim
2778 1062 2860 1115 hac
2875 1073 3090 1130 quoque
3112 1058 3411 1114 secundum
3430 1058 3649 1114 easdem

2069 1148 2373 1204 facultates.
2424 1150 2664 1220 Denique
2714 1151 3011 1205 inanimata
3040 1188 3057 1214 ,
3103 1159 3374 1219 quatenus
3422 1159 3477 1204 et
3528 1148 3647 1219 ipsa

2071 1252 2356 1297 moventur
2410 1243 2708 1298 secundum
2748 1242 3066 1312 qualitatem
3116 1250 3173 1296 et
3210 1240 3511 1296 secundum
3566 1243 3648 1297 lo-

2069 1345 2193 1386 cum
2230 1349 2245 1385 :
2282 1332 2580 1387 secundum
2611 1332 2955 1403 qualitatem.
2998 1342 3269 1402 quatenus
3306 1332 3564 1387 caletiunt
3593 1340 3649 1387 et

2072 1421 2497 1492 refrigerantur;
2527 1426 2825 1478 secundum
2860 1424 3038 1479 locum
3071 1432 3253 1477 autem
3278 1432 3550 1490 quatenus
3583 1437 3649 1477 ex

2070 1511 2190 1566 loco
2213 1512 2265 1565 iu
2288 1512 2467 1567 locum
2494 1512 2921 1571 transferuntur.
2958 1512 3331 1569 Substantiam
3365 1513 3531 1583 igitur
3552 1515 3651 1570 de-

2074 1602 2267 1658 ﬁniunt
2298 1619 2418 1660 esse
2446 1620 2558 1660 rem
2585 1621 2682 1675 per
2718 1621 2779 1661 se
2817 1606 3233 1669 subsistentem.
3261 1621 3381 1674 qua:
3422 1621 3530 1660 non
3568 1607 3653 1661 in-

2071 1694 2252 1769 digeat
2279 1695 2386 1749 alio
2419 1696 2484 1750 ad
2528 1697 2938 1763 exsistentiam;
2988 1706 3238 1750 naturam
3305 1705 3487 1750 autent
3530 1711 3653 1752 esse

2007 1782 2049 1836 Β
2076 1786 2400 1856 principium
2446 1789 2701 1842 motionis
2730 1797 2784 1843 et
2808 1787 3202 1843 immobilitatis
3238 1788 3480 1843 omnium
3532 1803 3656 1858 quas

2079 1878 2372 1932 exsistunt.

2149 1966 2348 2021 Natura
2380 1984 2409 2021 a
2438 1968 2730 2032 nascendo,
2762 1969 3113 2040 subsistentia
3147 1967 3432 2040 (essentia)
3468 1984 3498 2023 a
3526 1967 3657 2024 sub-

2078 2057 2323 2112 sistendo
2372 2058 2665 2113 derivatur.
2699 2059 3065 2116 Subsistentia
3107 2067 3290 2115 autem
3345 2074 3451 2114 non
3481 2058 3655 2114 solum

2079 2150 2221 2216 quod
2251 2148 2452 2217 aliquid
2499 2149 2591 2215 sit,
2628 2150 2851 2214 indicat,
2906 2150 3004 2206 sed
3055 2150 3223 2205 etiam
3277 2152 3550 2220 quomodo
3598 2157 3657 2205 et

2080 2241 2238 2308 quale
2278 2238 2353 2293 sit
2383 2256 2395 2291 :
2425 2240 2573 2293 verbi
2606 2242 2804 2310 gratia,
2837 2256 3029 2299 omnes
3076 2242 3327 2296 homines
3355 2255 3650 2296 commune

2081 2327 2283 2382 bahent
2305 2329 2449 2397 quod
2484 2328 2595 2385 sint
2625 2346 2639 2383 :
2688 2331 2888 2385 etenim
2924 2332 3113 2385 eodem
3148 2331 3308 2386 modo
3354 2345 3544 2386 omnes
3569 2329 3666 2385 vi-‘

2079 2418 2281 2482 vimus,
2310 2427 2363 2472 et
2392 2434 2692 2483 movemur,
2728 2431 2781 2473 et
2802 2436 2992 2475 sumus
3022 2434 3037 2474 :
3074 2421 3237 2475 habet
3260 2429 3443 2473 autem
3485 2433 3659 2476 unus-

2079 2503 2308 2571 quisque
2339 2513 2583 2557 nostrum
2614 2506 2829 2573 propria
2863 2507 3142 2575 quaedam,
3170 2506 3373 2577 quibus
3427 2508 3494 2562 ab
3532 2507 3657 2561 aliis

2081 2591 2390 2647 hominibus
2431 2593 2803 2663 distinguitur,
2847 2597 3077 2664 exempli
3128 2612 3332 2660 causa,
3376 2598 3653 2668 patriam,

2079 2699 2270 2755 genus,
2302 2698 2517 2751 noxnen,
2554 2686 2816 2749 studium,
2850 2688 3113 2751 actiones,
3138 2688 3385 2752 aﬂ‘ectus,
3413 2688 3654 2757 pulchri-

2084 2774 2323 2829 tudinem
2354 2783 2447 2827 aut
2488 2774 2911 2839 deformitatem.
2961 2787 3014 2832 et
3065 2777 3329 2847 ejusmodi
3383 2777 3495 2831 alia
3537 2793 3658 2847 quae

2082 2862 2381 2917 accidentia
2407 2877 2685 2918 vocamus.
2712 2863 2834 2919 Hzcc
2858 2865 3025 2935 igitur
3051 2866 3231 2919 omnia
3254 2866 3416 2919 simul
3450 2866 3502 2919 in
3535 2866 3661 2921 sub-

2081 2954 2331 3011 sistentia
2357 2955 2771 3010 considerantur
2797 2974 2810 3008 :
2833 2956 2914 3011 sic
2939 2955 3207 3019 Meletius,
3235 2957 3454 3027 quando
3479 2956 3656 3010 solum

2082 3046 2149 3101 de
2179 3060 2243 3101 eo
2274 3046 2415 3116 quod
2439 3046 2531 3111 sit,
2583 3047 2780 3116 agitur,
2824 3047 3130 3102 substantia
3158 3048 3397 3115 dicitur;
3432 3048 3652 3116 quando

406 3140 565 3195 οὑσία
592 3139 816 3209 λέγεται
851 3155 867 3171 ·
903 3138 1034 3192 ὃταν
1060 3138 1202 3208 μετὰ
1240 3113 1353 3194 τῶν
1387 3113 1830 3211 προλεγομένων,
1857 3140 1979 3194 τότε

2086 3151 2212 3190 vero
2249 3151 2372 3191 cum
2413 3136 2574 3192 modo
2621 3138 2935 3193 memoratis
2976 3139 3043 3194 de
3097 3153 3162 3193 eo
3213 3139 3495 3207 quaeritur,
3529 3149 3657 3194 tunc

409 3236 505 3289 καὶ
526 3233 847 3299 ὑπόστασις,
876 3233 910 3301 ἢ
943 3235 1169 3303 ἄτομον.
1204 3232 1279 3287 Τὸ
1310 3228 1405 3287 οὖν
1438 3234 1571 3287 αὑτὸ
1612 3235 1982 3305 ὑποκείμενον

408 3329 503 3384 καὶ
517 3329 677 3384 οὐσία
693 3330 832 3392 ἐστὶ,
858 3327 956 3382 καὶ
981 3327 1281 3390 ὑπόστασις
1308 3343 1323 3357 ·
1358 3326 1420 3379 τὸ
1449 3326 1635 3396 μέντοι
1657 3328 1760 3393 τῆς
1790 3323 1983 3388 οὑσίας

406 3420 581 3490 ὄνομα
598 3420 661 3475 οὑ
690 3418 1224 3491 συμπαραλαμϐάνει
1269 3418 1364 3472 καὶ
1403 3418 1499 3487 τὴν
1533 3417 1840 3470 ὑπόστασιν
1872 3432 1888 3449 ο
1921 3416 1985 3469 τὸ

406 3509 466 3563 δὶ
492 3513 595 3580 τῆς
622 3510 977 3572 ὑποστάσεως
1014 3509 1193 3562 πάντα
1215 3508 1329 3577 ἔχει
1345 3509 1441 3562 καὶ
1470 3511 1570 3578 τὴν
1597 3506 1812 3561 οὑσίαν.

495 3673 919 3750 Ὀρίξονταιοῦν
945 3679 1050 3749 τὴν
1092 3678 1393 3732 ὑπόστασιν
1427 3678 1636 3743 οὑτως·
1684 3678 1986 3741 ὑπόστασις

411 3771 533 3825 ἐστι
563 3770 801 3841 πρᾶγμα
823 3769 1074 3839 ὑφεστὼς
1094 3786 1156 3822 τε
1187 3770 1281 3822 καὶ
1312 3768 1594 3833 οὐσιῶδες,
1626 3770 1685 3820 ἐν
1706 3762 1752 3835 ᾧ
1790 3769 1853 3820 τὺ
1874 3767 1985 3820 τῶν

415 3879 482 3915 συ
489 3860 842 3932 μὸεὸηκότων
859 3859 1134 3930 ἄθροισμα
1155 3859 1231 3922 ῶς
1248 3860 1306 3914 ἐν
1328 3860 1677 3926 ὑποκειμένῳ
1699 3860 1987 3929 πράγματι

414 3953 512 4005 καὶ
562 3950 818 4022 ἐνεργείᾳ
853 3950 1150 4021 ὑφέστηκε.
1206 3949 1617 4021 Παραπλησίως
1661 3950 1719 4003 δὲ
1782 3949 1878 4003 καὶ
1924 3949 1988 4003 τὸ

413 4043 616 4111 ἄτομον
635 4057 650 4071 ·
683 4042 921 4111 Ἀτομόν
941 4041 1082 4106 ἐστι,
1098 4040 1369 4110 λέγοντες,
1398 4040 1459 4093 τὺ
1478 4040 1539 4105 ἐξ
1556 4040 1837 4111 ίόιοτήτων
1859 4057 1989 4109 συγ-

417 4131 693 4202 κείμενον,
724 4125 800 4186 ὧν
828 4131 887 4186 τὸ
913 4131 1186 4203 ἄθροισμα
1217 4131 1305 4185 ἐπ’
1336 4130 1549 4195 οὐδενὸς
1609 4130 1775 4185 ἄλλου
1829 4132 1988 4201 εὑρε-

417 4225 670 4294 θήσεται.
703 4225 814 4279 Καὶ
835 4224 1021 4288 καλῶς
1052 4224 1271 4295 εἴρηται
1297 4223 1358 4277 τὸ
1395 4222 1483 4277 ἐπ’
1516 4221 1731 4286 οὐδενὸς
1775 4222 1937 4276 ἄλλου
1970 4237 1985 4252 ο

418 4315 474 4365 at
519 4313 632 4384 γὰρ
668 4314 934 4384 ίδιότητες
977 4313 1243 4367 Μελετίου
1274 4313 1483 4381 ἀτόμου
1511 4311 1666 4375 ὄντος
1706 4312 1801 4364 ἐπί
1843 4326 1989 4374 τινος

418 4403 580 4465 ἄλλου
608 4404 849 4459 νοεῖσθαι
887 4403 950 4457 οὑ
989 4403 1245 4458 δύνανται
1267 4420 1281 4435 ο
1330 4397 1443 4467 οἷον
1486 4400 1548 4455 τὸ
1600 4398 1745 4456 εἶναι
1777 4399 1990 4464 Βυζαν-

2082 3228 2438 3283 subsistentia
2468 3227 2550 3283 vel
2569 3227 2906 3283 imlividuum
2930 3229 3258 3299 appellatur.
3283 3228 3471 3299 itaque
3490 3245 3656 3285 unum

2083 3319 2337 3388 idemque
2369 3330 2453 3374 est
2502 3318 2842 3389 subjectum,
2890 3330 2946 3374 et
3013 3321 3337 3386 substantia,
3379 3328 3433 3374 et
3478 3320 3662 3375 subsi-

2083 3410 2281 3464 stentia
2318 3417 2597 3466 :attameu
2619 3410 2936 3465 substantiae
2985 3412 3133 3465 notio
3160 3424 3266 3463 non
3291 3408 3451 3463 simul
3490 3408 3662 3464 subsi-

2083 3501 2337 3557 stentiam
2358 3501 2737 3570 complectitur
2753 3518 2769 3562 ς
2785 3501 3314 3556 subsistentizenotio
3336 3510 3514 3553 autem
3537 3514 3661 3554 om-

2086 3592 2177 3645 nia
2207 3591 2471 3654 continet,
2508 3591 2671 3644 etiam
2707 3590 3084 3644 substantiam.
3496 3588 3499 3589 ⁷

2163 3680 2436 3735 Dellniunt
2480 3680 2641 3757 igitur
2674 3680 3088 3735 subsistentiam
3131 3679 3214 3734 sic
3250 3697 3266 3733 :
3298 3678 3658 3734 Subsistentia

2087 3778 2172 3823 est
2197 3768 2400 3836 aliquid
2427 3768 2729 3823 subsistens
2754 3780 2810 3823 et
2834 3769 3274 3834 substantiatum,
3296 3768 3349 3822 in
3370 3783 3478 3839 quo
3508 3769 3658 3825 acci-

2087 3844 2328 3914 dentium
2354 3859 2667 3929 complexus
2693 3859 2839 3912 velut
2868 3859 2919 3912 in
2956 3859 3204 3927 subjecto
3229 3859 3409 3928 aliquo
3452 3868 3506 3915 et
3536 3868 3660 3913 actu

2088 3949 2357 4006 subsistit.
2386 3947 2454 4005 Et
2483 3950 2647 4006 simili
2676 3951 2836 4005 modo
2857 3950 3219 4005 individuum.
3243 3950 3439 4006 Dicunt
3470 3951 3615 4006 enim
3641 3968 3656 4005 :

2088 4041 2430 4097 individuum
2477 4053 2562 4098 est
2606 4042 2967 4113 compositum
3003 4042 3133 4111 quid
3188 4057 3220 4097 ε
3264 4042 3660 4113 qualitatibus,

2088 4146 2318 4201 quarum
2348 4131 2664 4201 complexus
2682 4130 2738 4185 in
2764 4130 2917 4185 nullo
2938 4131 3045 4185 alio
3073 4131 3403 4186 inveniatur.
3428 4132 3507 4186 Ac
3526 4129 3664 4187 bene

2089 4223 2305 4292 quidem
2361 4222 2567 4283 dicunt.
2619 4222 2671 4276 in
2698 4222 2845 4277 nullo
2880 4222 3010 4288 alio,
3071 4222 3337 4294 siquidem
3371 4223 3668 4293 qualitates

2090 4314 2309 4379 Meletii,
2342 4324 2610 4386 quatenus
2644 4323 2731 4370 est
2777 4315 3130 4381 individuum,
3175 4316 3228 4372 in
3266 4316 3411 4373 nullo
3434 4316 3542 4372 alio
3572 4332 3669 4371 co-

2090 4405 2251 4477 gitari
2281 4413 2527 4475 possunt,
2576 4404 2725 4460 verbi
2782 4405 2987 4478 gratia,
3030 4405 3173 4473 quod
3210 4404 3537 4474 Byzantinus
3571 4406 3665 4469 sit,

417 4497 617 4558 τιατσν,
650 4494 713 4549 τὸ
747 4494 951 4566 ίατρδν,
986 4494 1050 4548 τὸ
1068 4492 1275 4559 κονδδν,
1310 4491 1372 4545 τδ
1399 4491 1664 4561 γλαυκὸν,
1706 4491 1771 4544 το
1806 4491 1979 4559 σιμὸν1

2095 4497 2237 4568 quod
2279 4496 2546 4563 medicus,
2576 4495 2720 4566 quod
2753 4495 2971 4559 caesius,
3005 4499 3147 4565 quod
3176 4492 3370 4555 simus,
3400 4492 3541 4562 quod
3570 4506 3669 4561 po-

418 4584 479 4640 τὸ
500 4584 785 4654 ποδαλγδν,
809 4585 873 4639 τὸ
900 4584 1066 4657 οὐλὴν
1101 4584 1254 4655 ἔχειν
1281 4585 1342 4636 εν
1370 4582 1449 4653 τῷ
1477 4581 1718 4653 μετώπῳ
1750 4581 1988 4644 τοιάνδε,

418 4674 481 4726 τὸ
511 4668 651 4739 εἶναι
684 4674 993 4746 Γρηγορίου
1023 4674 1175 4731 υίόν’
1235 4672 1413 4730 ταῦτα
1476 4672 1590 4745 γὰρ
1632 4672 1814 4727 πάντα
1858 4688 1989 4724 συν-

419 4764 776 4833 αθροισθέντα
798 4766 1097 4825 ἀπετέλεσε
1123 4764 1390 4821 Μελέτιον
1406 4764 1499 4818 τὸν
1516 4764 1669 4834 ιμδν,
1694 4764 1731 4818 ἄ
1750 4763 1990 4818 νοεῖσθαι

417 4852 511 4906 ἐπί
547 4870 691 4918 τινος
716 4855 879 4912 ἄλλου
907 4854 1172 4922 ἀδύνατον
1189 4870 1207 4891 ο
1239 4855 1589 4927 παραλλαγαὶ
1609 4855 1720 4927 γάρ
1740 4855 1850 4909 τῶν
1870 4855 1992 4912 άτόο

424 4961 541 5012 μων
566 4945 780 5017 πολλαί,

492 5034 663 5088 Πάλιν
701 5034 759 5089 δὲ
802 5033 1076 5107 ὁρίζονται
1124 5038 1418 5108 πρόσωπον
1445 5035 1656 5101 οὑτωςσ
1689 5035 1992 5108 Πρόσωπόν

422 5122 591 5190 ἔστιν,
622 5125 651 5177 ὃ
679 5124 769 5179 διὰ
794 5126 903 5181 τῶν
930 5127 1150 5182 οἰκείων
1182 5131 1577 5202 ἐνεργημάτων
1613 5148 1672 5183 τε
1703 5131 1799 5185 καὶ
1848 5131 1994 5186 ἰδιω-

428 5219 638 5288 μάτων,
670 5223 1118 5296 περιωρισμένην
1155 5226 1267 5281 τῶν
1308 5228 1568 5299 ὁμοφυῶν
1603 5227 1769 5283 αὑτοῦ
1814 5228 1995 5300 παρά-

426 5324 614 5380 σχεται
638 5313 741 5385 τὴν
763 5314 1088 5385 ὲμφάνειαν.
1133 5316 1199 5371 Ἦ
1215 5317 1312 5372 οῦν
1343 5318 1431 5372 διὰ
1446 5318 1548 5388 τῆς
1588 5316 1873 5386 ἐνεργείας
1903 5317 1997 5385 εγ-

2096 4586 2263 4656 dagra
2317 4585 2545 4649 laboret,
2589 4585 2734 4655 quod
2785 4583 3097 4637 cicatricem
3146 4580 3199 4635 in
3236 4581 3411 4635 fronte
3445 4580 3664 4647 habeat,

2098 4678 2241 4750 quod
2275 4676 2523 4745 Gregorii
2579 4676 2721 4729 illius
2746 4674 2837 4728 sit.
2867 4670 2992 4727 Haec
3036 4671 3181 4727 enim
3204 4671 3386 4726 omnia
3419 4670 3472 4724 in
3498 4684 3665 4725 unum

2100 4769 2324 4823 collecta
2363 4764 2633 4819 Meletium
2664 4777 2841 4817 meum
2866 4760 3131 4824 eillciunt,
3171 4775 3271 4814 nec
3324 4759 3442 4841 fieri
3488 4768 3668 4828 potest

2099 4869 2158 4913 ut
2212 4858 2264 4912 in
2310 4857 2416 4910 alio
2464 4853 2697 4924 quodam
2741 4853 3055 4923 cogitentur
3101 4869 3116 4906 :
3163 4850 3330 4906 multa
3358 4849 3502 4907 enim
3541 4858 3671 4904 sunt

2100 4948 2500 5005 individuorum
2531 4944 2868 4999 diiierentiae.

2163 5039 2366 5094 Deinde
2387 5051 2672 5106 personam
2693 5033 2957 5089 definiunt
2978 5032 3057 5088 sic
3088 5049 3103 5087 :
3129 5030 3371 5088 Persona
3392 5039 3496 5098 est,
3524 5045 3667 5100 quae,

2098 5147 2196 5203 per
2224 5143 2355 5186 suos
2377 5138 2533 5183 actus
2562 5135 2617 5182 et
2643 5124 3124 5197 particularitatcs,
3161 5123 3228 5178 ab
3263 5123 3331 5178 iis
3369 5137 3490 5194 quae
3531 5109 3670 5190 ejus-

2096 5222 2219 5277 dem
2250 5230 2458 5277 naturai
2492 5227 2640 5285 sunt,
2674 5217 2989 5273 distinctam
3029 5230 3139 5286 pra:
3177 5230 3237 5270 se
3265 5214 3371 5269 fert
3400 5212 3664 5283 speciem.

2099 5312 2156 5368 Si
2187 5326 2347 5383 quem
2371 5309 2536 5381 igitur
2565 5294 2664 5377 per
2688 5314 2869 5361 actum
2895 5304 3331 5383 qualemcunque
3362 5316 3484 5359 sese
3509 5300 3669 5361 nobis

424 5404 688 5475 γινομένη
721 5406 866 5470 τινος
898 5407 1030 5479 ἡμῖν
1063 5408 1265 5478 γνῶσις
1299 5410 1366 5463 ἑκ
1399 5410 1655 5481 θεωρίας,
1701 5409 1979 5481 πρόσωποη

2100 5402 2536 5461 manilestantem
2588 5396 2855 5463 videmus,
2913 5412 3205 5477 personam
3257 5396 3493 5453 activam
3528 5394 3672 5450 hanc

423 5492 588 5557 τοῦτο
613 5494 876 5566 ἐνεργοῦν
907 5498 1095 5555 καλεῖν
1118 5502 1269 5573 ἡμᾶς
1302 5500 1631 5559 ἐκδιδάσκει.
1663 5495 1790 5556 Οἷον
1816 5499 1979 5558 Μελὲι

2099 5495 2372 5570 appellare
2402 5492 2658 5550 solemus.
2681 5488 2774 5548 Sic
2789 5488 3038 5549 Meletius
3058 5505 3235 5574 meus,
3257 5487 3471 5564 quando
3493 5484 3671 5559 capio.

499 5661 547 5701 “
581 5661 890 5733 μετάθεσιν.
