4066 6224
454 304 595 363 i307

1752 294 2029 353 MELETII
2074 292 2383 350 MONACIII

3587 297 3734 357 i308

455 438 563 488 rat.
604 432 698 479 aut
726 438 918 478 venam
973 421 1182 487 incidit,
1235 429 1328 475 aut
1362 421 1470 474 urit
1515 419 1775 489 aliquem,
1826 417 2025 472 distin-

2149 432 2243 477 :to;
2263 418 2291 469 ό
2316 414 2476 485 ὲμδς,
2502 414 2590 467 ὅτε
2610 410 2784 476 ἑστὼς
2806 409 3202 481 ἀναγινώσκει,
3232 412 3265 485 ῆ
3300 410 3656 485 φλεϐοτομεῖ,
3698 416 3735 487 ἢ

458 527 606 572 ctum
673 530 704 569 ιι
761 514 977 569 caeteris
1037 514 1294 567 fratribus
1346 526 1406 567 se
1445 513 1695 581 praebet:
1745 518 2027 579 propterea

458 608 818 669 individuum,
850 605 993 669 quod
1023 619 1118 674 per
1164 619 1291 659 snas
1326 604 1605 674 prosprias
1644 603 1888 657 actiones
1920 604 2031 656 dis-

460 700 723 769 tinguitur
770 714 798 752 a
833 698 1065 759 caeteris,
1102 707 1369 765 quatenus
1427 696 1545 749 haec
1599 696 1748 758 facit,
1801 710 2032 763 persona

428 792 682 843 ’dicitur.
720 788 838 843 Jam
873 802 999 841 vero
1034 803 1142 842 non
1186 788 1416 856 amplius
1448 785 1649 840 Meletii
1707 786 1876 839 solius
1903 785 2031 838 illud

460 881 659 934 factum
692 887 773 933 est
807 879 1155 947 particulare,
1205 879 1349 948 quod
1397 877 1640 945 exploret
1690 885 1782 929 ant
1845 890 2033 928 venam

463 972 688 1032 incidat,
727 971 821 1024 sed
858 970 1116 1039 Stephani
1149 983 1363 1038 quoque
1389 978 1443 1022 et
1484 966 1685 1021 Nicolai
1719 984 1732 1020 :
1764 966 2032 1036 ejusmodi

459 1064 602 1118 enim
634 1061 983 1131 operationes
1017 1060 1324 1124 rationalis,
1350 1075 1453 1113 non
1479 1059 1615 1111 alius
1644 1068 1853 1111 natura:
1886 1064 2033 1121 sunt,

460 1154 726 1223 siquidem
754 1165 970 1221 semper
999 1166 1062 1205 ea
1089 1165 1207 1218 qua:
1238 1152 1482 1203 eamdem
1504 1148 1774 1217 energiam
1806 1147 2034 1209 habent,

460 1249 704 1317 ejusdem
736 1246 1054 1301 substantiae
1077 1258 1198 1299 esse
1220 1243 1419 1308 solent,
1445 1241 1613 1311 quod,
1635 1239 1854 1309 quando
1882 1238 1948 1292 de
1971 1237 2036 1291 iis

460 1355 581 1408 qua:
603 1348 731 1393 sunt
760 1338 986 1391 diversa:
1017 1345 1239 1401 naturze,
1274 1334 1468 1403 agitur,
1491 1324 2035 1402 improbabileetim-

462 1430 721 1499 possibile
757 1436 862 1484 est.
888 1428 1153 1483 Caeterum
1187 1442 1305 1496 qua:
1335 1426 1692 1494 hcteregenea
1724 1431 1776 1476 et
1807 1422 2036 1477 diversae

465 1532 669 1577 natura:
696 1531 843 1587 sunt,
884 1522 1129 1575 eamdem
1158 1519 1360 1573 habere
1381 1517 1681 1585 energima,
1716 1516 2036 1585 prudentio-

466 1631 583 1669 rum
624 1629 783 1668 nemo
811 1611 1111 1668 concedet:
1158 1625 1332 1678 neque
1361 1609 1506 1663 enim
1542 1608 1680 1677 ignis
1722 1606 2033 1677 refrigerat,

465 1719 644 1775 neque
674 1704 876 1775 glacies
908 1702 1193 1769 calefacit;
1223 1699 1501 1770 multiplex
1541 1709 1720 1754 autem
1754 1711 1837 1754 εει
1866 1713 2037 1757 ener-

464 1796 565 1867 gia:
592 1795 760 1849 notio.

535 1890 749 1944 Dicitur
778 1888 922 1943 enim
953 1887 1173 1957 energia
1206 1886 1440 1955 primum
1474 1881 1745 1952 cogitatio
1781 1880 1833 1935 ln
1860 1889 2042 1936 mente

466 1981 793 2043 subsistens,
842 1987 1004 2047 atque
1031 1988 1113 2032 est
1140 1976 1369 2047 simplex
1395 1984 1449 2030 et
1475 1974 1789 2029 necessaria
1822 1972 2043 2042 energia

467 2074 689 2137 mentis,
718 2087 839 2143 qua:
865 2071 1121 2126 invisibili
1149 2072 1309 2125 modo
1345 2069 1487 2124 intra
1538 2083 1598 2124 se
1632 2067 1799 2122 volvit
1837 2066 2044 2133 cogita-

469 2166 645 2221 tiones
664 2180 810 2229 suas,
831 2165 948 2219 sine
966 2164 1162 2233 quibus
1188 2177 1288 2217 nec
1319 2175 1471 2215 mens
1494 2159 1597 2213 dici
1620 2158 1816 2228 possit.
1839 2156 2046 2212 Deinde

469 2256 689 2327 energia
734 2256 935 2309 dicitur
986 2253 1371 2323 cogitationum
1422 2249 1797 2303 manifestatio
1848 2257 1903 2301 et
1932 2262 2032 2302 ex-

471 2347 693 2418 plicatio
714 2361 832 2414 qua:
859 2347 916 2397 lit
939 2358 1035 2412 per
1063 2343 1227 2396 verba
1269 2342 1411 2411 :jam
1444 2354 1573 2393 vero
1602 2338 1717 2393 haec.
1744 2351 1924 2407 neque
1960 2350 2049 2391 nec

471 2438 711 2495 cessaria
735 2446 817 2491 est
846 2449 1020 2504 neque
1052 2431 1306 2501 simplex,
1339 2433 1433 2483 sed
1468 2429 1792 2484 relationem
1839 2430 2001 2483 habet
2028 2446 2041 2495 ;

474 2529 590 2599 ipsa
627 2528 771 2581 enim
809 2524 1021 2588 relatio,
1056 2536 1218 2593 quam
1258 2535 1424 2589 agens
1455 2518 1621 2573 habet
1675 2522 1743 2572 ad
1791 2520 1843 2573 id
1901 2518 2047 2589 quod

474 2620 558 2683 fit,
596 2618 816 2688 energia
854 2615 1099 2686 quaedam
1127 2621 1229 2676 est,
1264 2622 1319 2666 et
1352 2612 1554 2680 pariter
1578 2610 1631 2665 id
1661 2625 1877 2680 quoque
1903 2610 2046 2681 quod

477 2714 555 2769 fit.
605 2712 768 2767 Verbi
825 2724 1011 2774 causa,
1053 2723 1207 2762 mens
1265 2720 1381 2760 mea
1438 2703 1681 2759 vulneris
1737 2703 2047 2759 cicatricem

475 2803 745 2875 praevidit,
780 2816 971 2856 manus
998 2814 1115 2853 mea
1143 2797 1393 2863 curavit,
1440 2804 1495 2850 et
1526 2810 1691 2851 causa
1738 2795 2046 2863 disparuit:

476 2910 658 2951 nonne
684 2896 876 2950 horum
902 2893 1131 2960 quodvis
1165 2891 1477 2961 energicum
1505 2889 1603 2944 tibi
1632 2889 1874 2947 videtur?
1904 2888 2051 2960 Ope-

477 2989 650 3043 rautis
671 2987 892 3041 omnino
917 2998 1039 3039 esse
1073 2984 1243 3037 dices.
1277 2982 1540 3036 Nimirum
1572 2981 1766 3035 anima:
1804 2991 1885 3037 est
1919 2983 2052 3037 sim-

476 3077 690 3149 pliciter
707 3077 969 3146 cogitare,
996 3073 1062 3128 de
1092 3088 1255 3127 causa
1284 3071 1517 3137 scilicet,
1558 3071 1753 3126 animm
1780 3082 1962 3126 autem
1999 3082 2054 3126 et

475 3168 744 3237 corporis,
782 3181 1005 3229 curare;
1044 3164 1278 3231 energim
1309 3173 1492 3218 autem
1538 3164 1685 3230 linis,
1729 3174 1786 3218 ut
1815 3176 2047 3235 aegrotus
2076 3154 2119 3211 ο

477 3260 769 3315 sanitatem
810 3265 1111 3325 recnperet.
1154 3253 1273 3308 Jam
1316 3255 1362 3309 si
1394 3256 1568 3324 ipsam
1612 3256 1777 3310 vitam
1805 3267 2047 3312 nostram

480 3351 793 3411 humanam,
844 3360 946 3415 qua
996 3345 1061 3398 ad
1113 3344 1291 3399 cibum
1339 3353 1635 3412 potumque
1684 3346 2047 3413 appetendum

477 3438 849 3512 propellimur,
894 3436 1171 3507 energiam
1222 3435 1525 3500 vocaveris,
1573 3451 1916 3507 nequaquam
1957 3452 2049 3494 er-

478 3531 642 3586 rabis.

549 3702 669 3759 Vita
698 3703 861 3772 igitur
889 3717 1105 3773 quoque
1140 3710 1223 3759 est
1259 3703 1501 3774 energia.
1533 3714 1590 3759 et
1626 3704 1797 3773 prima
1830 3705 2048 3775 quidem

478 3794 729 3850 animalis
748 3793 967 3863 energia
992 3810 1007 3859 ;
1029 3793 1141 3864 jam
1176 3794 1220 3848 si
1256 3810 1363 3850 non
1391 3794 1633 3864 energia,
1670 3793 1902 3851 affectus
1933 3812 2053 3851 om-

478 3888 609 3942 nino
638 3886 778 3941 erit:
813 3884 1040 3940 allectus
1078 3894 1259 3940 autem
1292 3888 1511 3955 energia
1548 3895 1629 3941 est
1657 3896 1833 3942 motus
1861 3899 2050 3943 contra

478 3988 752 4041 naturam,
792 3977 933 4046 quod
954 3986 1036 4031 est
1061 3976 1351 4030 absurdum
1380 3994 1392 4029 :
1417 3989 1549 4047 ergo
1570 3977 1681 4031 vita
1710 3979 1935 4034 oniniuo
1968 3990 2054 4036 est

477 4068 721 4136 energia.
768 4066 943 4121 Etiam
962 4067 1237 4131 voluntas,
1270 4082 1299 4122 e
1320 4074 1499 4121 mente
1519 4069 1783 4137 originem
1825 4069 2049 4138 ducens,

478 4157 700 4225 energia
729 4165 813 4210 est
842 4170 857 4210 :
886 4171 1039 4212 mens
1064 4157 1207 4212 enim
1239 4173 1466 4213 suorum
1500 4170 1741 4215 motuum
1766 4169 1820 4214 et
1843 4161 2051 4230 cogita-

481 4248 683 4301 tionum
712 4256 793 4300 est
813 4247 983 4315 prima
1017 4261 1181 4301 causa
1230 4267 1245 4303 :
1300 4248 1539 4319 qualitas
1587 4260 1771 4305 autem
1809 4261 2054 4307 motuum

478 4346 561 4392 est
589 4336 845 4391 voluntas
895 4337 963 4390 ad
1016 4350 1133 4390 rem
1188 4338 1627 4408 qualemcunque
1666 4340 1893 4394 directa.
1934 4339 2052 4395 Jam

479 4436 745 4495 quatenus
764 4434 847 4481 est
876 4425 1145 4491 voluntas,
1198 4435 1282 4481 est
1320 4427 1540 4497 quidem
1569 4428 1890 4498 simpliciter
1925 4446 2053 4495 una,

480 4518 577 4574 sed
614 4533 795 4574 rerum
830 4517 1181 4587 qualitatibus
1204 4528 1259 4572 et
1278 4516 1599 4574 differentiis
1624 4528 1847 4574 mutata.
1878 4520 2056 4587 Quare

480 4625 587 4665 non
624 4627 785 4665 unum
822 4611 1073 4682 idemque
1096 4620 1179 4667 est
1201 4612 1397 4666 animae
1428 4612 1731 4668 substantia
1773 4622 1829 4668 et
1857 4630 2054 4683 corpo-

482 4703 557 4757 ris
585 4703 879 4768 inclinatio,
909 4704 1002 4757 sed
1037 4702 1124 4756 illa
1151 4703 1367 4773 quidem
1394 4714 1477 4760 est
1498 4719 1632 4776 opus
1658 4704 1779 4771 Dei,
1812 4707 1928 4762 hac
1954 4723 2054 4761 au-

480 4794 588 4846 tem
622 4807 686 4845 ex
717 4791 870 4846 nobis
894 4792 1024 4861 ipsis
1050 4793 1280 4848 oriunda
1308 4795 1600 4863 propensio
1620 4796 1686 4851 ad
1716 4797 1789 4862 id,
1812 4797 1876 4851 ad
1907 4798 2051 4868 quod

480 4879 623 4934 illam
651 4893 867 4934 movere
891 4881 1193 4937 studemus.
1225 4883 1490 4939 Voluntas
1525 4886 1693 4950 enim,
1729 4902 1824 4956 per
1847 4903 1927 4952 se,
1967 4890 2051 4943 in-

481 4982 668 5025 natum
721 4971 850 5042 quid
901 4981 1008 5039 est,
1038 4984 1093 5027 et
1159 4988 1187 5027 a
1220 4973 1330 5030 Deo
1355 4976 1618 5046 originem
1648 4979 1882 5045 ducens;
1934 4981 2056 5037 talis

480 5077 607 5117 vero
630 5073 721 5117 aut
747 5064 869 5119 talis
895 5063 1145 5121 voluntas
1167 5067 1233 5121 ad
1260 5082 1358 5123 nos
1378 5078 1616 5138 pertmet
1638 5078 1694 5126 et
1714 5072 1781 5127 ad
1805 5080 2050 5127 nostrum

478 5154 781 5210 arbitrium.

551 5244 875 5300 Deliberatio
928 5255 1110 5301 autem
1156 5257 1241 5304 est
1280 5248 1586 5319 disquisitio
1628 5250 1695 5307 de
1740 5251 2052 5309 faciendis:

479 5335 841 5391 deliberamus
867 5339 1010 5393 enim
1042 5341 1108 5395 de
1137 5341 1207 5396 iis
1239 5357 1358 5412 quae
1384 5343 1758 5401 indifferenter
1817 5345 2052 5416 possibi-

480 5426 548 5481 lia
573 5437 721 5483 sunt.
756 5426 875 5484 Jam
900 5445 1030 5486 vero
1062 5432 1437 5491 iudiﬂ‘erenter
1469 5438 1747 5508 possibilia
1777 5445 1911 5494 sunt
1929 5452 2053 5509 qua:

481 5528 572 5572 aut
606 5522 783 5577 facere
820 5537 1130 5593 possumus,
1168 5536 1261 5584 aut
1298 5543 1425 5598 non,
1461 5530 1609 5587 verbi
1640 5546 1832 5601 causa,
1864 5532 2052 5591 ambite

555 5699 599 5733 ε’
634 5703 865 5772 πελεκᾲν
904 5701 966 5759 Ρ.

2143 504 2290 557 καίει
2321 504 2464 569 τινὰ,
2511 503 2954 575 ἀποκεκριμένον
2984 503 3181 558 ἑαυτὸν
3217 503 3329 557 τῶν
3380 504 3591 558 λοιπῶν
3614 504 3734 558 δεί-

2139 611 2332 649 κνυσιν
2347 594 2594 664 ἀδελφῶν
2618 610 2634 627 '
2657 594 2801 649 ὥστε
2823 595 2885 649 τδ
2907 594 2996 649 διὰ
3018 595 3129 649 τῶν
3157 597 3379 650 οἰκείων
3401 596 3732 667 ἐνεργειῶν,

2139 687 2248 742 τῶν
2270 688 2474 742 λοιπῶν
2496 688 2899 759 διαιρούμενον,
2923 687 3124 759 ἀτομον
3144 690 3438 759 πρόσωπον
3468 688 3738 742 καλεῖται

2139 783 2323 837 τοιάδε
2355 784 2562 839 ποιοῦν.
2610 785 2781 838 Τοῦτο
2814 784 2872 839 δὲ
2898 786 2997 838 οὐκ
3048 785 3129 839 ἔτι
3163 786 3433 840 Μελετίου
3465 787 3637 855 τυχὸν
3668 787 3738 838 τὸ

2141 873 2426 945 ἐνέργημα
2467 874 2629 945 μόνον
2660 875 3216 946 ἀποκεχειρισμένον,
3245 875 3659 945 ἀναγινώσκειν
3699 876 3736 945 ἢ

2143 965 2501 1037 φλεϐοτομείν
2530 968 2596 1031 ⁸⁸,
2639 966 2776 1020 ἀλλά
2808 970 2903 1021 καὶ
2953 969 3234 1038 Στεφάνου
3282 972 3376 1022 καὶ
3417 969 3734 1023 Νικολάου·

2141 1056 2373 1126 λογικῆς
2408 1059 2517 1127 γάρ
2540 1060 2655 1111 ἐστι
2693 1058 2913 1129 φύσεως
2943 1059 3011 1113 τὰ
3047 1060 3275 1114 τοιαῦτα
3304 1062 3467 1133 ἔργα,
3505 1062 3602 1114 καὶ
3629 1062 3738 1114 οὐκ

2142 1147 2311 1218 ἄλλης
2331 1166 2344 1178 ·
2382 1149 2528 1216 φιλεί
2559 1151 2665 1220 γὰρ
2694 1151 2781 1205 ἀεὶ
2807 1150 2874 1203 τὰ
2895 1151 2996 1221 τὴν
3020 1152 3191 1223 αὐτὴν
3221 1152 3507 1222 ἐνέργειαν
3532 1153 3739 1223 ἔχοντα

2142 1238 2242 1308 τῆς
2280 1239 2451 1308 αὐτῆς
2490 1239 2758 1310 ὑπάρχειν
2814 1239 3001 1304 οὐσίας
3030 1258 3045 1272 ο
3079 1245 3175 1296 καὶ
3230 1243 3294 1295 τὸ
3345 1243 3651 1312 ὲτεροφυὲς
3673 1244 3739 1295 ἐν

2143 1328 2355 1391 τούτοις
2387 1329 2652 1385 ἀπίθανον
2686 1333 2777 1385 καὶ
2806 1332 3179 1387 ἀνεπίδεκτον.
3211 1334 3293 1388 Τά
3342 1336 3643 1406 ἑτερογενῆ
3676 1334 3737 1388 δὲ

2146 1418 2240 1471 καὶ
2266 1419 2534 1490 ὲτεροφυῆ
2572 1420 2671 1489 τὴν
2707 1420 2881 1491 αὐτὴν
2912 1422 3197 1492 ἐνέργειαν
3232 1423 3334 1476 οὐκ
3379 1422 3444 1477 ἀν
3473 1440 3558 1487 τις
3583 1422 3737 1492 ἔχειν

2144 1508 2259 1579 δοίη
2300 1512 2595 1581 σωφρονῶν
2622 1529 2637 1546 ⁸
2673 1514 2799 1567 οὔτε
2830 1514 2938 1582 γάρ
2964 1512 3129 1585 ψύχει
3156 1514 3217 1568 τὸ
3266 1514 3402 1587 πῦρ,
3438 1513 3566 1569 οὔτε
3603 1516 3738 1584 θερ-

2149 1600 2331 1668 μαίνει
2366 1602 2394 1651 ὁ
2425 1600 2764 1671 κρΰσταλλος
2791 1620 2804 1633 '
2841 1603 3161 1676 πολύσημος
3203 1604 3263 1660 δέ
3290 1608 3410 1660 ἐστι
3438 1607 3540 1677 τῆς
3571 1606 3736 1676 ἐνερ-

2146 1692 2306 1759 γείας
2340 1694 2371 1763 ἡ
2398 1694 2577 1763 φωνή.

2214 1905 2451 1974 Λέγεται
2481 1906 2591 1979 γὰρ
2614 1907 2868 1979 ἐνέργεια
2885 1909 2948 1963 τὸ
2973 1909 3192 1981 πρῶτον
3212 1911 3271 1966 ὲν
3290 1911 3374 1965 νοτ
3396 1912 3736 1982 συνιστάμεο

2144 2013 2235 2050 νον
2258 1998 2439 2069 νόημα
2462 2016 2479 2032 ο
2537 2000 2632 2053 καὶ
2666 2000 2816 2054 ἐστιν
2862 2002 3008 2072 ἀπλῆ
3040 2003 3136 2056 καὶ
3192 2003 3425 2074 ἄσχετος
3468 2004 3734 2076 ἐνέργεια

2144 2088 2241 2142 τοῦ
2274 2089 2386 2154 νοῦ,
2425 2090 2549 2144 καθ’
2590 2091 2759 2146 αὐτὸν
2800 2094 3030 2163 ἀφανῶς
3056 2095 3125 2148 τά
3155 2094 3267 2148 ἴδια
3296 2096 3532 2167 νοήματα
3584 2113 3733 2166 προ-

2140 2180 2482 2252 βαλλομένου
2508 2199 2522 2216 ·
2542 2175 2622 2238 ὧν
2653 2185 2827 2255 χωρὶς
2859 2185 2982 2239 οὐδὲ
3009 2184 3138 2249 νοῦς
3168 2185 3237 2240 ἂν
3268 2186 3511 2258 κληθείη.
3550 2186 3732 2254 Λέγε-

2144 2286 2235 2323 ται
2290 2271 2453 2326 πάλιν
2486 2272 2758 2343 ἐνέργεια,
2789 2275 2823 2342 ἠ
2855 2273 2942 2328 διά
2971 2274 3073 2344 τῆς
3108 2276 3394 2345 προφορᾶς
3435 2273 3532 2327 τοῦ
3561 2274 3735 2343 λόγου

2147 2361 2456 2433 φανέρωσις
2490 2363 2582 2417 καὶ⁵
2612 2362 2925 2429 ὲξάπλωσις
2951 2364 3061 2419 τῶν
3093 2364 3437 2435 νενοημένων
3456 2376 3471 2389 ⁸
3505 2362 3650 2433 αῦτη
3676 2364 3738 2418 δὲ

2145 2452 2247 2506 οὑκ
2294 2454 2374 2506 ἔτι
2403 2455 2632 2524 ἄσχετος
2660 2456 2755 2511 καὶ
2801 2456 2972 2525 ἁπλῆ,
3000 2454 3118 2509 ἀλλ’
3173 2456 3233 2509 ὲν
3269 2455 3453 2526 σχέσει
3496 2454 3740 2526 θεωρου-

2150 2544 2288 2614 μένη
2315 2560 2329 2574 ο
2366 2544 2463 2596 καὶ
2484 2544 2594 2615 γὰρ
2632 2544 2770 2616 αὑτὴ
2798 2547 2831 2615 ἠ
2865 2546 3076 2616 σχέσις,
3104 2546 3173 2616 ἠν
3207 2546 3324 2617 ἔχει
3372 2545 3513 2617 πρὸς
3550 2545 3612 2598 τὺ
3650 2561 3742 2612 γι-

2148 2636 2373 2706 νόμενον
2403 2637 2432 2689 ό
2463 2636 2656 2700 ποιῶν,
2683 2637 2938 2707 ἐνέργειά
2971 2637 3056 2700 τίς
3082 2639 3201 2690 ἐστι
3232 2652 3246 2667 ο
3276 2637 3373 2690 καὶ
3398 2637 3539 2707 αὑτὴ
3563 2635 3739 2689 πάλιν

2147 2725 2210 2779 τὸ
2256 2726 2691 2799 ἀποτελούμενον
2725 2728 2949 2799 ὁμοίως.
2982 2723 3131 2793 Οἴον,
3181 2728 3574 2800 προεθεώρησέ
3627 2746 3739 2799 μου

2148 2818 2177 2871 ό
2203 2818 2327 2883 νοῦς
2350 2819 2411 2872 τὸ
2434 2820 2592 2884 ἕλκος
2621 2820 2717 2874 τοῦ
2751 2821 3091 2891 τραύματος,
3123 2820 3524 2891 ἔχειρούργησέ
3558 2838 3666 2891 μου
3699 2821 3736 2890 ἡ

2150 2913 2290 2981 χεὶρ,
2315 2912 2409 2966 καὶ
2437 2910 2744 2982 ὲξεκενώθη
2792 2912 2855 2966 τὸ
2881 2914 3084 2966 αῐτιον·
3139 2912 3480 2983 ἀπετελέσθη
3503 2914 3535 2965 ό
3565 2912 3737 2965 ἀσθεο

2151 3002 2257 3055 νῶν
2284 3003 2472 3074 ὑγιής·
2525 3000 2616 3075 ἄρ’
2662 2999 2757 3058 οὖν
2788 3004 2939 3057 δοκεῖ
2964 3021 3048 3057 σοι
3076 3004 3287 3058 τούτων
3313 3005 3550 3057 ἕκαστον
3576 3005 3741 3072 ὲνερο

2152 3092 2281 3159 γόν;
2315 3093 2420 3147 Τοῦ
2443 3094 2729 3159 ποιοῦντος
2767 3091 2907 3149 εἶναι
2938 3096 3157 3159 πάντως
3187 3096 3357 3166 ἐρεῖς.
3387 3094 3496 3149 Καὶ
3535 3093 3600 3146 τὸ
3630 3093 3742 3163 μέν

2152 3185 2268 3235 ἐστι
2296 3184 2478 3255 ψυχῆς
2515 3185 2704 3249 ἀπλῶς
2728 3186 2790 3239 τδ
2818 3186 3011 3256 νοῆσαι
3037 3186 3288 3257 δηλονότι
3313 3186 3375 3239 τὸ
3414 3186 3590 3239 αἴτιον
3614 3201 3630 3215 ο
3676 3184 3742 3236 τδ

2150 3273 2207 3326 δὲ
2244 3273 2422 3345 ψυχῆς
2456 3275 2550 3328 καὶ
2586 3275 2859 3345 σώματος,
2888 3270 3001 3329 οἷον
3030 3275 3091 3329 τὸ
3122 3276 3520 3348 χειρουργῆσαι
3544 3291 3557 3305 ·
3590 3274 3742 3344 πλὴν

2151 3365 2252 3435 τῆς
2278 3365 2561 3436 ἐνεργείας
2591 3364 2801 3419 ἔνεστιν
2828 3365 3180 3437 ἀποτέλεσμα
3212 3368 3273 3419 τὸ
3302 3364 3622 3434 ἐγγενέσθαι
3642 3364 3743 3417 τὸν

2151 3455 2487 3511 ἀσθενοῦντα
2512 3455 2642 3526 ὑγιῆ
2671 3472 2687 3487 ο
2738 3456 3027 3527 ἐνέργειαν
3051 3458 3108 3510 δὲ
3145 3457 3240 3510 καὶ⁵
3267 3460 3369 3526 τὴν
3399 3456 3547 3527 ζωὴν
3574 3455 3742 3525 ἡμῶν

2151 3544 2251 3614 τὴν
2279 3544 2421 3598 κατά
2454 3544 2766 3615 ἄνθρωπον,
2803 3544 2928 3598 καθ’
2950 3545 3017 3615 ἢν
3050 3544 3352 3614 κινούμεθα
3386 3544 3520 3615 πρὸς
3550 3544 3743 3613 ὄρεξιν

2151 3636 2366 3708 τροφῶν
2397 3635 2431 3707 ἢ
2466 3635 2656 3699 ποτοῦ,
2690 3634 2862 3688 είπὼν
2893 3636 2994 3689 οὐκ
3019 3636 3085 3690 ἂν
3121 3636 3400 3706 ἁμάρτῃς.

2236 3729 2519 3800 Ἐνέργεια
2543 3724 2638 3781 οὖν
2676 3737 2772 3782 και
2799 3730 2831 3799 ἡ
2862 3727 3001 3799 ζωὴ,
3030 3730 3128 3781 καὶ
3150 3729 3183 3797 ἡ
3209 3727 3403 3798 πρώτη
3447 3727 3544 3780 τοῦ
3592 3726 3743 3791 ζὼου

2153 3821 2437 3891 ἐνέργεια·
2471 3821 2600 3874 εἰδὲ
2632 3820 2707 3892 μὴ
2736 3822 3011 3891 ἐνέργεια,
3049 3821 3269 3883 πάντως
3317 3819 3525 3883 πάθος⁹
3560 3820 3747 3883 πάθος

2154 3911 2263 3983 γὰρ
2293 3912 2567 3981 ἐνέργεια,
2596 3914 2630 3984 ὴ
2667 3910 2822 3983 παρά
2854 3910 3018 3981 φύσιν
3040 3910 3287 3981 κίνησις
3322 3910 3463 3981 ὅπερ
3494 3909 3704 3964 ἄτοπον
3724 3923 3741 3938 ⁸

2155 4002 2351 4055 οὐκοῦν
2397 4000 2650 4072 ἐνέργεια
2693 4000 2911 4062 πάντως
2955 4002 2988 4069 ἡ
3031 3998 3169 4069 ζωή.
3228 3998 3518 4069 Ἐνὲργεια
3556 3997 3653 4051 καὶ
3704 3997 3743 4068 ἡ

2157 4090 2398 4161 θέληοις,
2429 4092 2676 4162 γέννημα
2723 4086 2861 4145 οὖσα
2894 4090 3014 4154 νοός
3034 4106 3048 4121 ·
3088 4090 3215 4153 νοῦς
3256 4091 3356 4161 μὲν
3401 4090 3512 4161 γὰρ
3536 4090 3648 4142 τῶν
3681 4094 3746 4143 ὲν

2156 4183 2306 4253 αὐτῴ
2322 4183 2596 4254 κινήσεων
2616 4184 2711 4237 καὶ
2731 4183 2953 4237 ἐννοιῶν
2983 4183 3488 4255 προκαταρκτικός·
3511 4183 3746 4253 ποιότης

2155 4270 2212 4324 δὲ
2238 4271 2580 4342 κινημάτων,
2617 4274 2651 4343 ή
2681 4275 2768 4343 ἐφ’
2802 4273 3012 4341 ὁτῳοῦν
3048 4274 3144 4326 καὶ
3194 4272 3282 4342 ἐφ’
3310 4274 3525 4343 ἑκάστῳ
3578 4274 3748 4346 θέλη-

2159 4380 2244 4426 σις
2267 4380 2282 4395 ο
2328 4364 2606 4435 μονοειδὴς
2643 4366 2745 4435 μέν
2774 4383 2859 4430 τις
2889 4363 3026 4419 οὖσα
3054 4366 3199 4419 κατά
3232 4383 3297 4434 γε
3324 4366 3384 4419 τὸ
3407 4361 3547 4419 εἶναι
3580 4365 3749 4436 θέλη-

2161 4470 2245 4517 σις
2274 4454 2492 4518 ἀπλῶς’
2550 4456 2671 4518 ταῖς
2721 4455 2780 4509 δὲ
2811 4456 2925 4509 τῶν
2982 4455 3328 4526 πραγμάτων
3363 4455 3613 4525 ποιότησι
3643 4457 3749 4509 καὶ

2161 4544 2445 4614 διαφοραῖς
2463 4544 2905 4617 ὲξαλλασσομένη
2922 4564 2937 4577 ’
2963 4548 3045 4599 δτι
3069 4547 3133 4599 οὐ
3154 4547 3351 4600 ταύτὸν
3374 4547 3554 4617 ψυχῆς
3578 4545 3748 4599 οὐσία

2162 4633 2256 4686 καὶ
2303 4632 2555 4703 σώματος
2589 4635 2915 4705 προαίρεσις
2941 4652 2956 4666 ο
2987 4634 3104 4689 ἀλλ’
3153 4637 3185 4703 ἠ
3225 4636 3325 4706 μέν
3379 4638 3531 4689 ἐστιν
3573 4636 3748 4706 ἔργον

2158 4724 2295 4778 Θεοῦ
2317 4740 2332 4756 ·
2367 4728 2399 4796 ή
2429 4725 2488 4779 δὲ
2514 4724 2576 4790 ἐξ
2603 4726 2762 4796 ἡμῶν
2813 4726 3006 4781 αὐτῶν.
3046 4728 3307 4799 γινομένη
3338 4727 3552 4798 κίνησις
3597 4728 3748 4798 πρὸς

2157 4816 2294 4887 ὅπερ
2339 4814 2407 4870 ἀν
2459 4817 2632 4886 αὐτὴν
2676 4815 3028 4887 βουληθῶμεν
3072 4818 3304 4887 ἀγαγεῖν
3331 4835 3347 4849 ·
3388 4821 3421 4889 ἠ
3478 4818 3579 4889 μὲν
3629 4820 3745 4889 γὰρ

2157 4907 2410 4978 βούλησις
2435 4908 2697 4979 ἔμφυτον,
2742 4910 2839 4963 καὶ
2879 4910 3029 4979 παρὰ
3057 4909 3195 4963 Θεοῦ
3219 4927 3233 4940 ο
3271 4911 3304 4981 ἡ
3329 4910 3385 4964 δὲ
3403 4911 3582 4967 τοιάδε
3605 4911 3738 4981 βού-

2156 4997 2312 5069 λησις
2349 5001 2619 5071 ἡμετέρα,
2649 5000 2748 5053 καὶ
2774 5000 2876 5072 τῆς
2899 5002 3128 5074 γνώμης
3155 5004 3335 5073 ημῶν.

2233 5258 2493 5331 Βούλησις
2539 5260 2597 5314 δέ
2656 5260 2775 5314 ἔστι
2821 5261 3052 5333 ζήτησις
3102 5262 3227 5336 περὶ
3292 5262 3702 5335 αὑτοπράκτων
3730 5279 3746 5297 δ

2162 5349 2465 5421 βουλόμεθα
2495 5350 2603 5421 γὰρ
2634 5350 2763 5422 περὶ
2812 5351 2921 5404 τῶν
2953 5351 3152 5421 ἐπίσης
3174 5352 3542 5425 ἐνδεχομένων
3567 5369 3582 5384 '
3618 5354 3745 5408 ἐστι

2158 5442 2216 5496 δὲ
2240 5440 2438 5513 ἐπίσης
2466 5441 2839 5512 ἐνδεχόμενον,
2889 5441 2919 5495 ὃ
2945 5442 3079 5496 αὐτό
3111 5460 3170 5497 τε
3219 5443 3503 5514 δυνάμεθα
3533 5447 3742 5510 ποιεῖν,

2162 5532 2336 5589 καὶτὸ
2362 5531 2738 5603 ἀντικείμενον
2764 5530 2939 5604 αὐτῷ·
2964 5526 3097 5602 οἷον,
3117 5533 3180 5587 τὸ
3209 5535 3618 5610 περιπατῆσαι,
3643 5537 3743 5592 καὶ
