4070 6216
323 196 483 255 1309‘

1575 192 1659 247 IlE
1699 190 1985 249 NATURA
2028 192 2333 249 “OMNIS.

3446 199 3583 258 1310

324 311 404 384 μὴ
430 308 837 378 περιπατῆσαι·
868 307 930 361 τὸ
982 306 1234 375 πλεῦσαι,
1260 308 1352 363 καὶ
1393 308 1467 381 μὴ
1498 308 1730 362 πλεῦσαι
1760 324 1773 338 ο
1809 309 1903 361 ἐπὶ

2012 310 2122 363 lare
2149 320 2243 364 aut
2275 324 2381 365 non
2414 309 2719 376 ambulare,
2746 311 3004 381 navigare
3025 321 3117 366 aut
3145 328 3251 368 non
3282 318 3569 381 navigare;

318 401 532 456 Ιτούτων
551 400 659 472 γὰρ
687 400 780 452 καὶ
809 398 918 453 τῶν
943 399 1143 470 ὁμοίων
1174 400 1500 472 ήβρὺλησις.
1538 402 1581 452 Τ
1584 401 1611 452 ³»
1640 401 1695 453 δὲ
1713 403 1777 453 ὲκ
1804 401 1901 469 τῆς

323 491 634 564 βουλήσεως
660 489 961 560 προκριθὲν
988 491 1319 561 προαιρετὸν
1349 490 1672 559 ποιούμεθα.
1713 490 1903 543 Ἔστιν

321 576 414 635 οὖν
456 584 489 651 ἡ
522 580 847 651 προαιρεσις
886 580 1080 650 μικτόν
1109 598 1163 633 τι
1212 583 1444 651 πρᾶγμα
1478 582 1541 633 ὲκ
1572 579 1900 649 βουλήσεως,

325 673 417 727 καὶ
447 671 705 743 κρίσεως,
736 671 833 724 καὶ
880 670 1139 739 ὀρέξεως.
1176 672 1512 743 Προαιρετὸν
1554 672 1663 743 γάρ
1693 674 1809 725 ἐστι
1842 674 1904 725 τὸ

324 766 511 837 ἕτερον
545 764 651 835 πρὸ
681 762 873 835 ἑτέρου
912 764 1149 835 αἱρετόν.
1206 764 1394 827 Οὑδεὶς
1441 764 1497 817 δὲ
1536 764 1822 835 προκρίνει
1851 780 1903 817 τι

329 858 406 929 μὴ
438 856 895 927 βουλευσάμενος,
927 855 1049 909 οὑδὲ
1073 856 1366 926 εαὶρεῖται,
1401 857 1478 928 μὴ
1523 856 1740 927 κρίνας.
1772 855 1905 908 Τότε

327 946 421 1003 οὖν
449 948 766 1019 προαὶρεσις
799 948 892 1000 καὶ
916 949 1240 1019 προαιρετὸν
1269 948 1475 1016 γίνεται
1500 948 1563 1001 τὸ
1604 947 1905 1019 προκριθὲν

332 1041 398 1092 ὲκ
430 1038 533 1108 τῆς
564 1038 890 1108 βουλήσεως,
918 1037 1049 1091 ὃταν
1078 1037 1366 1110 προσλάὸῃ
1416 1037 1513 1109 τὴν
1542 1036 1741 1107 ὄρεξιν.
1777 1036 1908 1087 Συν-

335 1131 528 1198 άγιται
575 1129 631 1182 δὲ
665 1133 729 1183 ὲκ
770 1129 997 1193 τούτων,
1024 1128 1351 1200 προαίρεσιν
1379 1124 1521 1181 εἶναι
1559 1128 1737 1198 ὄρεξιν
1780 1126 1906 1196 βου-

335 1220 588 1290 λευτικὴν
616 1221 663 1251 ’⁸
693 1220 804 1272 τῶν
831 1221 917 1288 ἐφ’
956 1221 1108 1289 ἡμῖν.
1132 1219 1239 1273 Τοῦ
1273 1221 1382 1291 γὰρ
1419 1218 1809 1291 προκριθέντος
1844 1220 1908 1272 ὲκ

331 1313 434 1382 τῆς
488 1312 686 1383 βουλῆς
739 1311 1009 1382 ἐφιέμεθα
1062 1313 1533 1383 προαιρούμενοι,
1592 1312 1667 1375 ὼς
1731 1310 1909 1383 κύριοι

333 1405 712 1477 προαιρέσεως
752 1404 846 1456 καὶ
889 1402 1083 1475 βουλῆς
1112 1404 1297 1469 ὅντες’
1350 1405 1446 1459 καὶ
1492 1403 1552 1469 es
1595 1405 1910 1458 ὑποστάτων

332 1496 553 1565 λογικαὶ
578 1495 925 1560 ὑποστάσεις.

421 1675 820 1729 Ἐνυπόστατον
861 1675 920 1729 δέ
973 1677 1092 1731 ἐστι
1128 1677 1354 1749 κυρίως,
1404 1678 1437 1749 ἢ
1481 1679 1541 1733 τὸ
1584 1680 1708 1732 καθ’
1753 1679 1913 1732 ἑαυτὸ

340 1767 444 1838 μὲν
505 1767 579 1835 μὴ
634 1767 1026 1837 ὑφιστάμενον,
1080 1770 1218 1823 ἀλλὰ
1278 1772 1337 1823 ὲν
1404 1771 1526 1834 ταῖς
1580 1770 1912 1824 ὑποστάσεσι

339 1857 719 1930 θεωρούμενον
744 1860 811 1891 ⁷¹·
836 1859 1026 1933 ὥσπερ
1048 1861 1111 1914 τὸ
1132 1857 1270 1925 εῐδος
1295 1862 1474 1933 ἡμῶν,
1498 1863 1662 1933 ἤγουν
1686 1863 1718 1933 ή
1754 1863 1915 1932 φύσις

340 1952 449 2007 τῶν
503 1954 826 2025 ἀνθρώπων,
881 1958 938 2009 ὲν
998 1957 1103 2029 ἰδίᾳ
1136 1957 1435 2011 ὑποστάσει
1489 1959 1549 2011 οὑ
1604 1958 1913 2031 θεωρεῖται,

339 2044 455 2098 ἀλλ’
491 2048 548 2098 ἐν
591 2045 918 2117 Ἀθανασίῳ,
967 2048 1000 2118 ἥ
1055 2048 1305 2119 Μελετεῳ
1337 2052 1404 2113 ⁷⁸,
1456 2049 1488 2119 ἢ
1540 2050 1806 2120 Κυριακῷ
1839 2048 1917 2119 τῷ

338 2138 732 2207 χρυσογράφῳ,
764 2139 857 2191 καὶ
891 2141 1011 2202 ταῖς
1052 2139 1269 2204 λοιπαῖς
1303 2142 1412 2193 τῶν
1446 2140 1751 2211 ἀνθρώπων
1783 2140 1917 2192 ὑπο-

343 2230 619 2293 στάσεσιν,
653 2229 686 2300 ἦ
731 2230 790 2282 τὸ
819 2231 915 2283 σὺν
962 2230 1107 2301 ἄλλῳ
1138 2231 1385 2303 διαφόρῳ
1420 2234 1564 2287 κατά
1604 2232 1703 2303 τὴν
1730 2233 1918 2287 οὐσίαν

345 2320 425 2379 εις
476 2318 607 2387 ὃλην
661 2320 780 2382 νοὸς
810 2319 856 2351 ⁷³
900 2320 1118 2389 γένεσιν
1168 2321 1588 2394 συντιθέμενον·
1635 2325 1729 2378 καὶ
1787 2324 1917 2395 μίαν

346 2409 647 2461 ὑπόστασιν
686 2409 984 2462 ἀποτελοῦν
1030 2410 1331 2465 ὑπόστασιν
1382 2411 1661 2465 σύνθετον.
1700 2407 1849 2477 Οἷον,
1891 2414 1919 2465 ό

346 2498 632 2569 ἄνθρωπος
659 2500 723 2553 ὲκ
751 2500 930 2572 ψυχῆς
960 2504 1077 2555 ἐστι
1102 2503 1198 2557 καὶ
1231 2502 1480 2574 σώματος
1511 2503 1917 2574 συντιθέμενον,

348 2591 444 2643 καὶ
470 2590 592 2643 οὔτε
641 2594 675 2662 ἡ
732 2592 879 2663 ψυχὴ
923 2595 1060 2664 μόνη
1104 2595 1316 2663 γίνεται
1350 2595 1670 2662 ὑπόστασις,
1708 2596 1831 2650 οὔτε
1859 2596 1919 2650 τὸ

350 2678 530 2749 σῶμα,
564 2679 680 2733 ἀλλ’
716 2684 776 2734 ἐν
814 2683 1098 2756 ὑποστάτῳ
1119 2700 1131 2715 ⁸
1171 2684 1232 2738 τὸ
1252 2685 1309 2739 δὲ
1336 2686 1397 2751 ἐξ
1434 2686 1760 2758 ἀμφοτέρων
1782 2690 1920 2741 ἁπο-

347 2770 671 2841 τελούμενον
725 2774 1021 2840 ὑπόστασις
1067 2777 1418 2848 ἀμφοτέρων.
1493 2779 1644 2832 Ἐπεὶ
1703 2774 1797 2833 οὖν
1847 2780 1922 2842 ὡς

351 2861 647 2928 ὑπόστασις
679 2868 737 2933 ὲξ
768 2868 1151 2925 ὲνυποστάτων
1181 2872 1335 2925 τουτὶ
1371 2871 1434 2924 τὸ
1465 2870 1647 2942 νόημα
1685 2872 1923 2925 συνείλε-

2005 402 2056 453 in
2091 401 2177 456 bis
2202 402 2345 455 cnim
2396 416 2460 456 ac
2489 392 2758 458 similibus
2790 403 3111 458 deliberatio
3159 416 3426 459 versatur.
3460 410 3577 464 Jam

2005 492 2172 559 quod,
2202 492 2445 547 instituta
2471 493 2885 560 deliberatione,
2909 497 3335 563 {imponendum
3360 498 3575 566 putavi-

2004 598 2151 647 mus,
2190 584 2291 639 hoc
2319 584 2476 640 nobis
2509 586 2886 655 praponimus.
2920 586 3015 640 Est
3048 587 3214 656 igitur
3242 590 3577 658 propositum

2006 675 2225 729 mistum
2263 677 2390 747 quid
2416 692 2447 732 e
2486 677 2882 753 diliberatione,
2907 675 3111 746 judicio
3139 680 3575 735 etinclinationc.

2004 764 2433 834 Praeponendum
2484 769 2628 823 enim
2674 770 2873 823 dicitur
2916 770 3058 838 quod
3114 785 3223 838 prae
3267 772 3439 825 altero
3492 782 3581 826 est

2006 860 2336 926 ponendum.
2374 860 2544 915 Nemo
2571 872 2752 915 autem
2785 862 3202 931 praeponendum
3231 863 3360 932 quid
3396 873 3582 918 censet

2008 952 2109 1003 nisi
2139 960 2294 1005 antea
2328 953 2731 1016 deliberaverit,
2762 968 2937 1023 neque
2971 954 3144 1023 eligit,
3177 965 3463 1024 antequam
3497 956 3584 1021 ju-

2008 1040 2288 1095 diraverit.
2318 1040 2452 1095 Cum
2476 1042 2638 1112 igitur
2658 1044 2723 1096 ad
2751 1044 2800 1096 id
2833 1046 2974 1111 quod
2998 1041 3392 1112 pra-ferendum
3424 1044 3583 1096 duxi-

2010 1144 2148 1192 mus,
2202 1130 2416 1185 accedit
2472 1130 2789 1193 inclinatio,
2833 1141 2962 1185 tunc
3027 1132 3363 1200 propositum
3424 1146 3584 1185 voca-

2010 1229 2116 1273 tur.
2143 1221 2215 1275 Ex
2254 1222 2337 1275 his
2380 1220 2616 1276 ctlicitur
2646 1222 2978 1291 propositum
3024 1237 3146 1278 esse
3182 1222 3584 1277 inclinationem

2010 1312 2305 1366 voluntatis
2338 1323 2563 1367 nostrae.
2607 1313 2688 1367 Ad
2721 1313 2849 1367 illud
2880 1315 3024 1368 enim
3048 1313 3191 1383 quod
3213 1354 3230 1379 ,
3258 1312 3461 1383 judicio
3500 1316 3586 1366 in-

2011 1405 2221 1468 stituto,
2253 1405 2611 1474 praetulitnus,
2639 1406 2932 1460 voluntatis
2965 1422 3067 1475 ope
3097 1406 3461 1475 aggredimur,
3497 1415 3587 1459 ut-

2011 1505 2141 1566 pote
2168 1497 2262 1565 qui
2292 1497 2555 1566 propositi
2586 1511 2651 1553 ac
2687 1497 2980 1552 voluntatis
3006 1496 3208 1551 domini
3242 1497 3438 1562 simus,
3489 1509 3587 1550 nec

2014 1602 2119 1642 non
2150 1588 2472 1642 substantia:
2499 1587 2819 1643 rationales.

1947 1647 1985 1700 Β
2085 1679 2506 1734 Consubsistens
2534 1689 2714 1733 autem
2746 1689 2828 1733 est
2856 1678 3092 1747 proprie,
3120 1679 3200 1731 vel
3226 1677 3368 1746 quod
3406 1692 3501 1746 per
3528 1690 3590 1731 se

2016 1782 2120 1822 non
2153 1768 2402 1823 subsistit
2429 1786 2443 1822 :
2480 1779 2537 1822 ut
2565 1769 2736 1839 ﬁgura
2767 1779 2971 1835 nostra,
2994 1778 3085 1821 aut
3110 1778 3303 1821 natura
3329 1768 3589 1830 humana,

2015 1875 2137 1931 quae
2163 1876 2269 1917 non
2311 1869 2611 1916 cernuntur
2657 1860 2709 1915 in
2759 1862 2975 1930 propria
3033 1859 3358 1924 substantia,
3406 1859 3501 1913 sed
3535 1858 3590 1911 in

2017 1952 2324 2009 Athanasio
2357 1954 2436 2007 vel
2472 1952 2709 2018 Meletio,
2766 1951 2848 2006 vel
2895 1951 3125 2021 (Syriaco
3174 1949 3414 2015 librario,
3445 1957 3499 2003 et
3538 1947 3591 2001 in

2016 2048 2232 2101 caeteris
2267 2041 2590 2102 subStnntiis
2611 2046 2903 2101 humanis:
2937 2044 3019 2098 vel
3044 2043 3330 2113 quodcum
3368 2041 3476 2095 alio
3499 2055 3591 2095 se-

2017 2139 2249 2193 cundum
2277 2139 2571 2193 essentiam
2601 2136 2886 2193 diﬁ'erente
2916 2137 2982 2190 ad
3002 2145 3174 2189 totum
3209 2134 3338 2203 quid
3357 2132 3597 2188 allicien-

2017 2229 2144 2284 dum
2162 2240 2244 2284 est
2260 2229 2637 2299 compositum,
2652 2236 2705 2283 et
2722 2244 2879 2282 unam
2902 2226 3188 2281 essentiam
3209 2224 3377 2279 efﬁcit
3407 2239 3597 2279 essen-

2020 2322 2149 2375 tiam
2163 2321 2535 2388 compositam.
2558 2318 2749 2382 llomo,
2766 2317 2991 2385 exettipli
3008 2317 3204 2386 gratia,
3224 2324 3305 2370 est
3322 2315 3598 2385 cmuposi-

2020 2422 2105 2466 tus
2124 2426 2189 2467 ex
2221 2413 2398 2465 anima
2430 2421 2483 2465 et
2517 2424 2777 2479 corpore;
2789 2406 2901 2476 jam
2926 2423 3054 2461 vero
3076 2422 3250 2476 neque
3277 2408 3457 2460 anima
3482 2408 3594 2461 sola

2019 2513 2103 2560 est
2128 2505 2456 2570 substantia,
2489 2518 2667 2572 neque
2690 2516 2907 2567 corpus,
2928 2499 3024 2554 sed
3049 2500 3101 2553 in
3128 2500 3405 2554 substrato
3428 2509 3550 2554 sunt
3573 2516 3591 2567 ;

2020 2597 2163 2664 quod
2201 2604 2382 2648 autem
2424 2609 2494 2649 ex
2549 2604 2782 2662 utroque
2817 2592 3070 2655 eﬂicitur,
3120 2591 3404 2659 utriusque
3461 2590 3597 2644 sub-

2021 2684 2223 2739 stantia
2279 2693 2382 2738 est.
2430 2683 2565 2739 Cum
2619 2684 2784 2754 igitur
2827 2681 2941 2734 haec
2991 2694 3210 2749 quoque
3254 2680 3596 2746 dissertatio,

2022 2776 2340 2833 substantia:
2373 2776 2565 2839 instar,
2596 2788 2627 2829 e
2666 2770 3192 2827 consubsisteutibus
3238 2769 3461 2824 collecta
3513 2770 3588 2823 sit

2023 2877 2077 2923 et
2114 2865 2416 2937 composita
2454 2880 2468 2919 :
2516 2863 2761 2933 corporis
2792 2860 2935 2916 enim
2980 2858 3229 2913 animalis
3270 2856 3464 2912 similis
3516 2868 3601 2913 est

351 2969 477 3006 κται
511 2956 605 3008 καὶ
655 2959 1032 3014 συντέθειται·
1081 2961 1293 3034 σώματι
1350 2963 1459 3036 γὰρ
1500 2963 1641 3027 ζώου
1692 2963 1913 3016 ἔοικενὶ

2029 2960 2208 3015 oratio
2248 2959 2457 3030 prolixa
2486 2966 2540 3013 et
2562 2954 2908 3025 explicativa,
2934 2960 2989 3007 et
3019 2951 3198 3021 quoad
3235 2966 3324 3007 res
3344 2952 3396 3005 in
3426 2965 3486 3005 ea
3512 2966 3602 3005 ex-

354 3046 496 3100 κατὰ
535 3048 813 3121 ἀποτάδην
847 3053 940 3105 καὶ
992 3053 1280 3120 augeam;
1308 3056 1466 3125 λόγος
1490 3071 1504 3087 ⁸
1555 3048 1935 3123 ἀναλογοῦσαν

355 3136 495 3207 ἔχων
522 3138 669 3213 ψυχῇ
698 3142 798 3212 μὲν
825 3143 925 3213 τὴν
951 3144 1184 3213 ἔννοιαν,
1220 3146 1434 3218 σώματι
1465 3147 1522 3201 δὲ
1570 3146 1669 3218 τήν
1706 3148 1927 3220 φράσιν.

2030 3053 2233 3124 positas
2279 3052 2497 3115 animae,
2549 3048 2725 3117 quoad
2770 3054 2949 3100 autem
2992 3043 3282 3099 dietionem
3338 3043 3587 3111 carparis

2030 3145 2319 3215 imaginem
2379 3142 2569 3197 refert.
2608 3138 2786 3196 Gloria
2819 3139 2891 3191 sit
2919 3144 3078 3204 atque
3136 3134 3324 3203 gratiae
3373 3133 3601 3188 Domino

356 3230 499 3296 Δόξα
533 3233 724 3306 Κυρίῳ
758 3236 837 3307 τῷ
864 3236 1005 3308 Θεῷ,
1056 3240 1152 3293 καὶ
1192 3240 1513 3311 εὐχαριστία
1561 3240 1642 3312 τῷ
1686 3241 1913 3312 συνεργᾷ

2032 3251 2097 3290 ac
2122 3236 2254 3298 Deo,
2286 3233 2377 3303 qui
2400 3232 2644 3287 onmium
2678 3229 2942 3285 bonorum
2976 3234 3166 3279 auctor
3202 3233 3286 3278 est
3312 3232 3473 3293 atque
3500 3224 3595 3280 ad-

357 3324 468 3379 τῶν
492 3324 674 3379 καλῶν
703 3328 798 3381 καὶ
821 3328 1002 3399 αἰτίῳ.
1044 3329 1238 3401 Ἀμήν.

2021 3329 2195 3396 jutor‘.
2222 3328 2416 3381 Amen.

432 3481 480 3513 "
517 3482 924 3557 προϐλεπτικήν
952 3483 1015 3539 Ρ.
1088 3485 1133 3519 ’¹
1156 3484 1367 3539 mn...
1402 3484 1565 3556 θεωρ.
1588 3498 1697 3538 om.
1732 3482 1883 3539 ABC.

2031 3481 2065 3554 ἢ
2095 3482 2345 3553 Μελετίῳ
2374 3496 2483 3537 om.
2520 3480 2579 3535 P.
2658 3479 2703 3510 "
2737 3478 2816 3531 ὂλ.
2933 3475 3068 3532 Cod.
3118 3475 3241 3529 ὅλου
3270 3472 3413 3537 τινός
3434 3471 3496 3525 Ρ.
