4070 6216
471 246 604 303 1551
1501 246 1561 302 S.
1601 241 1892 301 JOANNIS
1923 240 2078 299 CIIII‘

2125 238 2416 300 SOSTOMI
2456 241 2746 301 OPERUM
3588 239 3732 296 1552

544 358 771 432 Ἄνδρες
796 358 1132 432 φιλόχριστοι
1163 361 1257 413 καὶ
1285 357 1571 429 φιλόξενοι.
1594 360 1654 414 In
1680 359 1777 414 SS.
1804 357 2151 429 Theophania

2123 359 2181 412 ia.
2204 357 2455 428 Gregorii
2480 357 2877 429 Thaumaturgi
2900 365 3007 414 est.
3031 355 3232 427 Spuria
3252 362 3311 410 et
3328 353 3730 423 pratermissa.

470 448 744 518 —Montf.
771 448 946 504 deest.
1004 446 1175 503 Savil.
1205 448 1319 511 VII,
1361 448 1487 502 657.
1521 448 1656 502 Duc.
1690 449 1865 503 deest.

549 535 855 606 ’Ᾱνεδείχθη
893 535 994 604 τῆς
1022 535 1269 597 ἁλύσεως
1298 535 1390 588 τοῦ
1428 536 1641 589 Παύλου
1670 538 1703 606 ἡ
1741 537 1915 607 ίσχύς.
1970 538 2003 592 9
2054 535 2111 588 in
2148 536 2156 589 l

2148 536 2318 604 Epist.
2379 536 2447 591 ad
2482 536 2773 607 Ephesios.
2822 536 2939 591 Non
2964 535 3189 590 citatur.
3231 530 3513 593 ——.l!omr.
3546 532 3736 586 deest.

467 618 635 674 Savil.
662 619 752 684 III,
785 620 906 674 810.
943 617 1077 673 Duc.
1108 620 1208 683 'V,
1242 619 1367 674 958.

550 706 1006 776 Ἀνεπνεύσαμεν,
1032 707 1458 777 ὲσκιρτήσαμεν,
1482 710 1685 763 οὐκέτι.
1725 710 1961 775 Ρωωιίο,
1987 711 2149 781 epist.

1550 710 1685 763 κὲτι.
1725 710 1961 775 Ρωωιίο,
1987 711 2149 781 epist.
2184 712 2311 777 220,
2341 712 2432 778 III,
2460 713 2580 767 752.
2617 741 2689 752 ——
2708 711 2896 782 Manli.
2922 711 3014 777 ΙΙΙ,
3038 711 3157 767 721.

548 794 769 864 Ἀνέστη
799 796 865 865 τῇ
890 794 1050 867 τρίτῃ
1073 794 1278 865 ἡμέρᾳ.
1302 797 1361 850 1n
1388 798 1853 853 resurrectionem
1876 800 2103 855 Christi.
2134 803 2155 857 1

2134 802 2255 857 Non
2276 812 2362 857 est
2386 811 2580 858 auctor
2599 802 3047 874 Chrysostomus,
3081 802 3178 857 sed
3196 801 3471 857 Eusebius
3490 800 3740 857 Alexan-

467 887 680 941 drinus.
709 886 781 952 Χ,
811 886 933 942 755.
968 915 1036 926 --
1073 886 1263 957 ΜοηιῙ.
1296 886 1365 949 Χ,
1394 887 1515 941 787.
1550 886 1719 944 Savil.
1753 890 1867 953 VII,
1908 891 2033 946 564.
2063 890 2198 946 Duc.
2226 891 2405 946 deest.

550 972 850 1025 Ἀνέτειλεν
880 973 1013 1043 ἡμῖν
1041 974 1303 1044 σήμερον.
1341 974 1402 1029 In
1436 984 1601 1046 caput
1622 977 1839 1048 jejunii.
1866 979 1985 1033 Non
2019 995 2077 1036 es

470 1060 594 1114 465.
628 1058 763 1114 Duc.
796 1060 973 1114 deest.

2131 983 2528 1055 Chrysostomi.
2554 984 2649 1050 x1,
2677 984 2801 1073 72:7.
2821 982 3094 1053 —Montf.
3121 982 3216 1048 χι,
3246 982 3371 1038 799.
3410 979 3585 1037 Saril.
3618 981 3738 1044 vn.

582 1102 594 1113 .
628 1071 763 1114 Duc.
796 1071 973 1116 deest.

551 1146 956 1218 ’Λνηλώθημεν,
980 1150 1426 1223 ὲδαπανήθημεν,
1471 1154 1719 1224 μυρίους.
1748 1156 2071 1223 Τιιθοάοτω,
2107 1177 2158 1232 ει

1640 1172 1719 1218 υς.
1748 1156 2071 1223 Τιιοοᾱοιοω,
2107 1177 2221 1232 ep.,
2255 1164 2377 1218 120.
2411 1164 2500 1228 III,
2531 1165 2655 1220 674.
2690 1194 2758 1205 -—-
2782 1162 2970 1232 Montf.
2996 1161 3090 1226 lII,
3126 1159 3247 1215 660.

554 1235 715 1305 Ἀνὴρ
741 1237 849 1307 γάρ
875 1254 960 1299 τις
982 1239 1091 1291 τῶν
1112 1241 1169 1291 ὲν
1211 1241 1530 1313 Ἀντιοχείᾳ.
1565 1242 1888 1299 Miraculum
1922 1247 2156 1303 Antioch

1367 1242 1530 1313 οχείᾳ.
1565 1242 1888 1299 Miraculum
1922 1247 2245 1305 Antiochiae.
2280 1251 2481 1321 Spuria
2503 1262 2557 1307 et
2586 1252 2974 1322 praetermissa.

557 1323 700 1376 ‘AvO‘
727 1324 850 1377 ὅτου
877 1327 1016 1397 μήτε
1045 1325 1281 1397 ψαλμόν.
1319 1329 1378 1382 In
1398 1330 1593 1398 psalm.
1632 1345 1721 1385 cn.
1764 1330 1965 1401 Spuria
1993 1344 2051 1389 et
2080 1352 2164 1406 pra

877 1327 1016 1397 μήτε
1045 1325 1281 1397 ψαλμόν.
1319 1329 1378 1382 In
1398 1330 1593 1398 psalm.
1632 1345 1721 1385 cn.
1764 1330 1965 1401 Spuria
1993 1344 2051 1389 et
2080 1338 2468 1406 pnetermissa.

541 1414 640 1464 ’Ἂν
677 1413 784 1468 τῶν
818 1414 1098 1487 προτέρων
1128 1416 1604 1488 διαμνημονεύητε
1632 1423 1942 1490 νοημάτων.
1996 1423 2054 1476 In
2084 1424 2148 1480 Jo

2130 1442 2371 1482 )annem.
2403 1426 2538 1493 VIII,
2570 1426 2656 1482 69.
2676 1440 2754 1465 λ-
2795 1425 2984 1495 ΜοηιῙ.
3016 1424 3155 1489 VIII,
3184 1424 3269 1479 52.
3295 1422 3461 1478 Savil.
3502 1423 3570 1488 II,
3604 1423 3737 1479 590.

476 1502 610 1558 Duc.
640 1508 654 1524 ‘
675 1504 740 1571 II,
779 1504 868 1560 60.

561 1592 866 1662 Ἀνώνυμος
905 1594 1004 1664 μὲν
1032 1598 1060 1649 ὁ
1081 1595 1318 1666 ψαλμὺς,
1352 1599 1414 1650 οὐ
1445 1599 1574 1667 μήν.
1610 1598 1666 1651 In
1694 1599 1888 1667 psalm.
1920 1616 2059 1654 XCIX.
2099 1599 2168 1669 Sp

1837 1615 1888 1652 n.
1920 1616 2059 1654 xcnx.
2099 1599 2321 1669 Spuria,
2347 1609 2483 1655 tom.
2508 1602 2573 1667 V,
2606 1616 2727 1672 pag.
2761 1601 2883 1656 799.
2917 1599 3018 1653 Ed.
3045 1614 3174 1653 nov.
3205 1598 3293 1661 Vl,
3321 1597 3444 1652 782.

560 1675 866 1747 Ἀνὼνυμος
896 1681 923 1731 ὁ
948 1678 1182 1749 ψαλμὺς,
1206 1682 1307 1734 οὐκ
1341 1682 1501 1735 ἀνεπ.
1534 1682 1593 1736 In
1622 1684 1813 1752 psalm.
1850 1700 1953 1748 XCI,
1988 1696 2119 1741 tom.
2160 1688 2167 1701 ‘

1742 1700 1813 1737 m.
1850 1700 1953 1748 XCI,
1988 1696 2119 1741 tom.
2160 1688 2224 1753 V,
2254 1703 2377 1759 pag.
2410 1689 2533 1743 777.
2566 1688 2788 1758 Spuria.
2820 1687 2921 1742 Ed.
2958 1703 3088 1741 nov.
3126 1686 3188 1751 V,
3222 1685 3344 1739 762.

563 1763 843 1833 Ἀνωτέρω
871 1766 926 1817 ὲν
968 1766 1067 1836 μὲν
1098 1767 1173 1835 τῷ
1202 1771 1631 1841 τεσσαρακοστῷ
1664 1772 1907 1845 τετάρτῳ
1959 1774 2056 1827 καὶ
2086 1776 2170 1829 ἐκς

2136 1770 2384 1841 ιατοστῴ.
2415 1770 2474 1825 In
2509 1773 2699 1841 psalm.
2738 1787 2914 1826 cxu'l.
2935 1770 3000 1830 V,
3034 1770 3155 1824 475.
3180 1797 3250 1807 -
3293 1766 3480 1836 Montf.
3512 1768 3578 1828 V,
3614 1769 3743 1823 479.

480 1850 648 1906 Savil.
686 1852 727 1917 I,
755 1853 880 1908 895.
920 1854 1051 1907 Duc.
1080 1856 1171 1921 IlI,
1218 1856 1341 1910 527.

555 1942 738 2008 ⁸Ἀξιον
773 1943 1006 1998 ἐνταῦθα
1035 1945 1388 2016 διαπορῆσαι,
1410 1945 1473 1999 21
1506 1945 1559 1999 in
1582 1944 1738 2010 Acta,
1765 1944 1858 2010 IX,
1896 1945 2017 2001 165.
2057 1976 2128 1985 —
2155 1987 2162 1999 .

1965 1946 2017 2001 5.
2057 1976 2128 1985 —
2155 1945 2343 2015 Montf.
2368 1944 2463 2010 IX,
2490 1945 2611 2001 168.
2650 1944 2816 2001 Savil.
2850 1947 2937 2011 IV,
2970 1947 3094 2002 750.
3122 1948 3253 2003 Duc.
3283 1954 3300 1968 °
3327 1948 3414 2012 III,
3448 1949 3569 2003 195.

553 2031 736 2096 Ἀξιον
763 2030 997 2101 ζητῆσαι
1024 2033 1308 2103 πρότερον,
1349 2034 1373 2086 1
1407 2033 1463 2087 in
1494 2032 1535 2087 lI
1605 2032 1672 2086 ad
1702 2031 1955 2087 Corinth.
1981 2032 2049 2096 X,
2078 2033 2160 2089 581

2137 2033 2203 2087 ll.
2231 2062 2302 2072 ——
2326 2031 2515 2103 Montf.
2545 2032 2614 2097 X,
2655 2034 2778 2088 417.
2818 2032 2985 2089 Savil.
3018 2035 3110 2099 Ill,
3143 2036 3266 2090 541.
3300 2035 3430 2089 Duc.
3469 2040 3487 2057 '
3509 2036 3571 2099 V,
3608 2035 3744 2091 495.

561 2118 743 2183 Ἄξιον
772 2120 1005 2190 ζητῆσαι
1039 2121 1157 2185 πῶς
1182 2122 1341 2175 καλεῖ
1362 2122 1453 2174 τὸν
1486 2121 1771 2193 Τιμόθεον.
1810 2121 1896 2188 10,
1940 2122 1993 2175 in
2043 2119 2090 2176 II
2136 2138 2166 2176 a

2136 2122 2203 2176 ad
2238 2122 2480 2177 Timoth.
2515 2120 2610 2187 ΧΙ,
2645 2122 2767 2177 655.
2812 2154 2881 2163 --
2911 2122 3100 2193 Montf.
3130 2122 3222 2186 ΧΙ,
3269 2123 3389 2177 720.
3434 2121 3597 2177 Savil.
3638 2123 3741 2185 IV,

485 2205 613 2261 574.
645 2207 777 2261 Duc.
811 2213 824 2229 '
847 2209 936 2275 VI,
964 2210 1087 2266 609.
1390 2222 1391 2225 ‘

562 2293 745 2358 Ἄξιον
774 2294 1055 2366 θαυμάσαι
1088 2298 1214 2361 τοὺς
1239 2298 1510 2371 μαθητάς.
1534 2298 1603 2353 46
1624 2299 1680 2352 in
1711 2298 2041 2352 Mattheum.
2070 2297 2157 2352 VII

2146 2297 2183 2360 Ι,
2204 2296 2590 2368 471.—Montf.
2620 2298 2732 2358 VII,
2757 2296 2878 2352 450.
2910 2295 3079 2351 Savil.
3105 2295 3169 2355 II.
3197 2295 3322 2350 295.
3342 2294 3471 2348 Duc.
3500 2300 3513 2315 '
3538 2293 3585 2356 I,
3612 2294 3753 2350 506.

564 2381 751 2446 ’Ἄξιον
787 2383 1004 2453 πρῶτον
1029 2383 1383 2454 ἐπιζητῆσαι.
1418 2386 1685 2455 Prologus
1708 2385 2072 2454 expositionis
2099 2385 2156 2439 S.

2145 2426 2156 2438 .
2180 2385 2337 2439 Ioan.
2361 2384 2737 2455 Chrysostomi
2766 2385 2818 2438 in
2845 2384 2967 2438 Job.
2996 2383 3135 2447 XIII,
3163 2381 3452 2454 Supplem.,
3480 2382 3589 2437 col.
3615 2381 3750 2436 505.

566 2472 637 2521 Ἀ
660 2470 831 2524 πάλαι
859 2473 1198 2544 πατριάρχαι
1226 2475 1323 2543 μὲν
1352 2473 1563 2527 ὣδινον.
1596 2475 1653 2527 In
1683 2474 1929 2528 Natalem
1961 2473 2089 2528 Iesu
2127 2472 2168 2527 C

2149 2472 2355 2527 lhristi.
2393 2472 2794 2528 VertitPetrus
2848 2472 3113 2526 Pantinus
3141 2469 3438 2533 Tiletanus,
3487 2468 3756 2522 decanus

489 2556 878 2613 Bruxeliensis.
917 2559 1098 2615 Antw.
1142 2561 1297 2625 1601,
1327 2562 1379 2617 8.
1415 2562 1481 2626 II,
1515 2563 1637 2617 551.
1677 2592 1747 2600 —
1771 2561 1956 2631 Montf.
1990 2560 2055 2623 II,
2088 2560 2215 2614 554.
2258 2558 2425 2614 Savil.
2463 2559 2526 2623 V,
2561 2559 2683 2613 511.
2710 2558 2841 2611 Duc.
2884 2558 2983 2622 ‘V,
3016 2558 3139 2611 418.

560 2645 838 2709 Ἀπαντας
868 2647 968 2715 μὲν
997 2642 1091 2701 οὗν
1120 2649 1487 2719 ἐγκωμιάσαι.
1521 2649 1578 2703 1η
1619 2649 1979 2704 Machahaeos.
2016 2648 2165 2703 Verti

2152 2648 2193 2701 it
2215 2647 2418 2701 Fronto
2457 2647 2706 2701 Duezeus.
2751 2646 2815 2710 II,
2846 2645 2970 2700 625.
2998 2676 3068 2684 —
3100 2643 3287 2713 Montf.
3321 2643 3391 2705 ll,
3416 2641 3538 2699 628.
3570 2642 3755 2699 Saril.

491 2732 555 2795 ν,
588 2733 709 2787 657.
734 2732 866 2787 Duc.
906 2732 946 2800 1,
974 2735 1097 2790 549.

561 2820 841 2884 Ἃπαντας
877 2822 976 2892 μὲν
1000 2821 1139 2889 φιλῶ
1160 2824 1288 2885 τοὺς
1318 2822 1524 2889 ἁγίους.
1560 2822 1616 2876 In
1650 2822 1783 2876 illud
1843 2822 1861 2875 l
1915 2822 2041 2876 Cor.
2090 2836 2163 2884 χι,

2150 2861 2163 2884 ,
2212 2822 2235 2874 1
2265 2838 2278 2873 :
2316 2818 2530 2874 Utinam
2560 2819 2880 2874 tolerassetis
2910 2819 3193 2891 paululum
3228 2819 3554 2889 insipicnnw
3592 2834 3757 2872 metr.

491 2908 670 2963 Vertit
699 2909 963 2965 incertus.
990 2909 1081 2975 III,
1119 2909 1243 2965 501.
1269 2940 1340 2949 —
1368 2909 1555 2980 Montf.
1586 2911 1674 2973 111,
1703 2912 1829 2966 291.
1857 2909 2026 2964 Savil.
2057 2909 2123 2973 V,
2151 2909 2276 2964 591.
2304 2907 2436 2961 Duc.
2464 2905 2527 2972 V,
2551 2907 2676 2962 552.

569 2992 843 3061 Ἅπαντες
894 3000 995 3068 μὲν
1031 3000 1332 3072 ἄνθρωποι.
1364 2999 1442 3055 De
1491 3014 1606 3069 spe.
1657 3001 1779 3055 Non
1826 3008 1910 3054 est
1935 2998 2175 3071 Chrysos

2150 2998 2334 3054 stomi.
2382 2997 2477 3063 IX,
2512 2998 2637 3053 771.
2672 3030 2743 3039 —
2766 2998 2953 3070 Hontf.
2982 2998 3073 3060 IX,
3100 2997 3225 3053 858.
3275 2995 3446 3051 Savit.
3476 2995 3587 3057 VII,
3619 2995 3757 3049 293.

493 3084 627 3138 Duc.
662 3085 838 3140 deest.

566 3101 627 3137 ιο.
662 3096 838 3141 deest.

566 3172 1001 3246 [Ἀπαρξὼμεθα
1023 3179 1090 3248 τῇ
1117 3177 1298 3249 ἡμέρᾳ
1327 3178 1423 3231 τοῦ
1468 3175 1725 3248 σταυροῦ.
1753 3178 1830 3233 De
1848 3193 2033 3241 cruce,
2071 3178 2126 3231 in
2149 3193 2173 3231 ε

1817 3193 2033 3241 :cruce,
2071 3178 2126 3231 in
2149 3176 2273 3231 cod.
2309 3177 2662 3233 Taurinensi.
2690 3175 2893 3247 Spuria
2922 3184 2975 3230 et
3003 3173 3424 3247 pmlermissa.]

578 3263 909 3332 Ἀπαρτισας
929 3263 1260 3335 [τοίνυν]τὴν
1293 3265 1563 3337 προτέραν
1585 3266 1821 3335 ἐντολήν.
1868 3266 1934 3319 17
1963 3267 2019 3319 in
2047 3264 2185 3319 Matt!

2144 3266 2380 3319 Lthaanm.
2400 3265 2515 3329 VII,
2548 3265 2677 3320 255.
2703 3294 2773 3307 -—
2796 3262 2982 3333 Montf.
3010 3263 3123 3326 VII,
3160 3262 3286 3317 222.
3312 3260 3482 3317 Savil.
3516 3261 3585 3324 II,
3625 3260 3751 3313 118.

496 3349 629 3401 Duc.
663 3351 681 3369 ‘
704 3349 747 3413 I,
781 3349 907 3403 209.

580 3437 911 3508 Ἀπαρτίσας
940 3438 1033 3491 τὸν
1064 3439 1195 3510 περὶ
1228 3439 1602 3512 ἐλεημοσύνης
1632 3440 1809 3509 λόγον.
1839 3441 1905 3495 21
1950 3442 2007 3496 in
2049 3440 2091 3495 II
2139 3458 2181 3497 al

574 3524 624 3577 7.
656 3524 788 3577 Duc.
816 3527 833 3546 ‘
853 3526 918 3577 V.
943 3526 1071 3577 690.

2149 3442 2209 3498 ad
2260 3442 2512 3500 Corinth.
2550 3444 2637 3509 Χ,
2664 3444 2789 3500 541.
2827 3473 2897 3483 -
2945 3441 3131 3512 Montf.
3167 3441 3237 3505 Χ,
3273 3441 3400 3497 582.
3458 3439 3629 3496 εαυει.
3660 3440 3756 3503 III,

498 3525 624 3578 657.
656 3525 788 3579 Duc.
816 3527 833 3546 ‘
853 3526 918 3590 V,
943 3526 1071 3583 690.

501 3700 550 3754 D
580 3612 912 3756 ἈπαετίίσἹαξ
932 3615 1023 3669 τὸν
1053 3616 1180 3688 περὶ
1212 3616 1498 3687 δογμάτων
1523 3619 1701 3687 λόγον.
1735 3619 1805 3673 45
1828 3619 1883 3674 in
1918 3619 1941 3673 I
1990 3619 2059 3674 ad

553 3716 634 3753 uc.
666 3703 682 3719 ‘
755 3739 769 3756 .
888 3702 919 3754 '.

2150 3621 2373 3678 iorinth.
2409 3621 2477 3685 Χ,
2513 3621 2638 3676 557.
2675 3650 2743 3659 —
2793 3618 2982 3689 Montf.
3015 3617 3084 3680 Χ,
3109 3617 3231 3673 559.
3291 3614 3458 3671 Savil.
3484 3615 3576 3679 III,
3626 3614 3757 3671 529.

553 3716 634 3753 uc.
666 3703 682 3719 ‘
703 3702 769 3759 V,
793 3702 919 3756 475.

580 3789 914 3858 Ἀπαρτίσας
934 3788 1027 3844 τὸν
1050 3789 1182 3860 περὶ
1212 3789 1324 3844 τῶν
1367 3791 1757 3847 εἰδωλοθύτων.
1792 3792 1863 3846 26
1893 3793 1993 3848 inI
2047 3793 2108 3848 ad

501 3876 638 3931 Duc.
668 3878 684 3895 ⁴
702 3876 771 3932 ν.
797 3878 923 3932 272.

2156 3793 2409 3850 Corinth.
2447 3794 2515 3856 Χ,
2555 3796 2680 3850 211.
2709 3827 2778 3836 -
2830 3794 3016 3864 Monii.
3042 3793 3110 3859 Χ,
3139 3794 3266 3847 227.
3312 3791 3480 3847 Savit.
3508 3792 3599 3853 III,
3628 3790 3760 3845 407.

590 3894 638 3931 c.
668 3878 684 3895 ⁴
702 3878 771 3943 V,
797 3878 923 3932 272.

589 3965 923 4033 ’Δπαρτίσας
970 3966 1061 4021 τὸν
1089 3968 1217 4039 περὶ
1256 3967 1363 4023 τῶν
1389 3968 1607 4023 οἰκείων
1631 3971 1946 4041 ἐγκωμίων.
1975 3973 2044 4026 27
2079 3972 2134 4026 in
2156 3972 2196 4026 ll

2156 3972 2198 4026 ll
2270 3971 2340 4026 ad
2363 3970 2618 4026 Corinth.
2650 3969 2719 4036 Χ,
2748 3969 2875 4024 585.
2908 3997 2978 4009 -
3006 3966 3195 4037 Montf.
3215 3966 3282 4032 X,
3316 3966 3441 4020 626.
3466 3963 3636 4019 Sapit.
3667 3963 3762 4026 Ill,

504 4052 631 4107 688.
683 4052 818 4108 Duc.
854 4054 957 4120 ‘V,
995 4054 1117 4110 745.

509 4225 558 4280 Β
591 4138 930 4282 Ἀπαξτίσας
965 4140 1056 4194 τὸν
1082 4141 1212 4213 περὶ
1232 4143 1343 4197 τῶν
1371 4145 1779 4216 πνευματικῶν.
1821 4146 1890 4202 58
1922 4147 2017 4201 inI
2065 4163 2116 4202 ac

561 4243 643 4280 uc.
678 4229 694 4244 ⁴
767 4268 784 4282 .
814 4228 941 4282 417.

2163 4148 2414 4204 Corinth.
2446 4147 2515 4213 Χ,
2540 4148 2665 4203 521.
2704 4178 2770 4187 -
2802 4147 2994 4218 Montf.
3022 4144 3091 4212 Χ,
3129 4143 3256 4199 549.
3293 4141 3465 4197 Savil.
3491 4140 3583 4205 III,
3632 4139 3761 4195 494.

561 4243 643 4280 uc.
678 4229 694 4244 ‘
718 4229 784 4293 V,
814 4229 941 4282 417.

582 4313 765 4377 ’Ἅπας
801 4316 899 4383 μὲν
947 4317 1156 4388 καιρός.
1211 4318 1273 4373 In
1304 4320 1642 4376 Phariszeum
1672 4331 1727 4377 et
1755 4324 2125 4380 meretricem.
2180 4326 2189 4379 l

2180 4325 2300 4379 Non
2341 4334 2427 4381 est
2461 4325 2859 4398 Chrysostomi.
2893 4323 2961 4391 X,
3014 4323 3141 4377 727.
3176 4351 3243 4361 —-
3282 4318 3472 4388 Montf.
3518 4316 3590 4382 Χ,
3628 4315 3761 4372 780.

514 4400 680 4457 Savil.
722 4403 836 4465 VII,
868 4404 993 4458 557.
1026 4405 1161 4458 Duc.
1196 4405 1370 4461 deest.

596 4490 715 4542 Ἀπ’
770 4490 949 4545 αὐτῶν
985 4492 1191 4555 ἀναϐὰς
1219 4493 1329 4545 τῶν
1368 4492 1462 4545 τοῦ
1499 4494 1730 4548 Θανάτου
1769 4495 1973 4560 πυλῶν,
2000 4495 2203 4567 Olympi

1833 4495 1973 4560 ιλῶν,
2000 4495 2309 4567 Olympiadi
2344 4498 2444 4567 Ep.
2483 4497 2537 4552 6.
2577 4496 2670 4561 III,
2700 4495 2825 4552 598.
2854 4525 2926 4535 -
2961 4494 3147 4565 Μοηιί.
3180 4494 3271 4557 1n,
3318 4493 3440 4548 579.

597 4578 917 4649 Ἀπεδείχοη
950 4580 1045 4651 τῆς
1069 4580 1329 4645 ἁλύσεως.
1362 4580 1395 4634 9
1420 4581 1475 4635 in
1510 4582 1683 4651 Epist.
1712 4584 1780 4637 ad
1802 4583 2084 4653 Ephesios.
2109 4583 2202 4650 XI,

2162 4584 2202 4650 I,
2229 4584 2394 4638 69.—
2408 4584 2596 4654 Manli.
2627 4584 2721 4648 XI,
2754 4582 2841 4637 68.
2874 4581 3041 4637 Savil.
3069 4583 3160 4645 III,
3200 4581 3323 4635 810.
3344 4580 3478 4633 Duc.
3503 4583 3520 4599 '
3548 4578 3608 4641 V,
3634 4576 3766 4632 958.

601 4666 943 4736 Ἀπεοέμεθα
965 4670 1063 4740 τῆς
1098 4670 1352 4739 νηστείας
1385 4670 1446 4724 τὸ
1469 4671 1705 4740 φορτίον.
1736 4672 1811 4726 De
1843 4673 2208 4728 resurrection

2160 4690 2247 4730 me
2270 4673 2497 4729 Christi.
2528 4674 2704 4729 Vertit
2743 4673 2947 4727 Fronto
2982 4673 3233 4726 Dueaaus.
3271 4667 3571 4740 Ingolstad.
3604 4667 3767 4721 1595.

518 4758 679 4898 213a.
711 4758 769 4812 In
802 4759 905 4813 hac
928 4759 1154 4815 homilia
1185 4762 1440 4817 lacunam
1472 4777 1721 4833 magnam
1745 4762 1970 4818 sarcivit
1999 4764 2122 4819 Mon

573 4862 653 4898 uc.
680 4846 744 4898 V.
775 4845 899 4898 467.

2159 4764 2292 4818 faue.
2324 4762 2492 4818 ΗΑιιι..
2527 4762 2594 4820 II.
2619 4761 2742 4815 455.
2774 4791 2844 4800 —
2864 4759 3052 4830 Montf.
3092 4760 3158 4823 11,
3184 4758 3308 4811 457.
3347 4755 3516 4810 Savil.
3541 4755 3607 4818 V,
3636 4753 3766 4807 581.

573 4862 653 4899 uc.
680 4846 744 4907 V,
775 4845 899 4899 467.

590 4934 1040 5005 [Ἃπευούνωμεν
1080 4935 1640 5005 ὲαυτοὺς,ἁγαπητο“ι,
1672 4934 1808 5004 πρὸς
1860 4935 1988 4987 πᾶν.
2033 4933 2197 4987 lnseri

1870 4935 1988 4987 πᾶν.
2033 4933 2354 4987 lnseribitur
2402 4933 2718 4995 στυπτικός.
2754 4932 2953 5001 Spuria
2983 4942 3040 4986 et
3064 4928 3477 5001 pratermissaJ

592 5021 966 5093 [Ἀπήντησεν
994 5022 1074 5084 εἰς
1102 5022 1282 5093 ἔργον.
1316 5021 1377 5076 In
1398 5036 1591 5077 recens
1640 5022 1962 5092 baptizatos.
2001 5020 2198 5090 Spuria

2170 5036 2198 5074 a
2231 5029 2289 5075 et
2323 5020 2546 5075 omissa.
2571 5018 2955 5084 Combetisius,
2978 5018 3348 5073 subdubitans
3372 5026 3574 5074 tamen,
3596 5013 3777 5084 Chry-

521 5119 764 5165 sostomo
795 5108 1067 5180 ascribit.]

607 5196 903 5259 ’Δποικίζει
934 5199 962 5250 ὁ
992 5195 1144 5259 Θεός.
1170 5196 1231 5250 1η
1260 5195 1593 5251 Abraamum
1633 5204 1690 5251 et
1718 5196 1983 5250 Isaacum.
2023 5195 2146 5250 Non
2183 5211 2214 5250 e

2183 5204 2272 5250 est
2312 5193 2708 5265 Chrysostomi.
2741 5195 2805 5261 V,
2857 5193 2981 5249 557.
3004 5224 3077 5234 —
3105 5193 3296 5269 Houtf‘.
3324 5191 3413 5257 VI,
3442 5191 3568 5248 552.
3597 5188 3774 5244 εαυίι.

526 5286 636 5347 VII,
669 5285 797 5340 594.
826 5285 960 5339 Duc.
987 5283 1165 5339 deest.

603 5374 973 5441 ’Δπολογεῖται
1005 5372 1193 5426 λοιπὸν
1241 5372 1382 5443 ὑπὲρ
1408 5374 1507 5443 τῆς
1541 5370 1847 5442 ἐπιστολῆς.
1879 5371 1948 5426 15
2000 5370 2056 5425 in
2106 5370 2153 5425 II

2214 5370 2283 5425 ad
2310 5369 2563 5426 Corinth.
2596 5369 2666 5433 Χ,
2704 5369 2828 5424 501.
2850 5400 2921 5411 —
2966 5368 3155 5438 Hontf.
3200 5367 3266 5435 Χ,
3293 5367 3418 5423 542.
3467 5363 3641 5420 Savil.
3676 5361 3778 5428 III,

523 5460 645 5514 629.
677 5459 810 5514 Duc.
837 5459 904 5523 V,
943 5460 1068 5515 645.

599 5547 771 5618 ἱἈπδ
797 5549 1017 5603 πάντων
1048 5550 1231 5603 τοίνυν
1256 5547 1678 5610 κατασκευάσας
1700 5547 1800 5617 τὴν
1831 5548 2032 5599 πίστιν.
2064 5547 2141 5601 De
2186 5562 2206 5600 r

1451 5547 1678 5610 ιευάσας
1700 5547 1800 5617 τὴν
1831 5548 2032 5599 πίστιν.
2064 5547 2141 5601 De
2186 5554 2333 5601 recta
2361 5544 2470 5598 via.
2498 5543 2698 5614 Spuria
2724 5551 2782 5599 et
2808 5539 3058 5614 omissa.]

613 5634 996 5710 ’Δποστολικὴν
1024 5638 1155 5707 ὑμῖν
1187 5640 1425 5708 σήμερον
1449 5636 1710 5708 βούλομαι
1754 5634 2077 5707 παραθεῖναι
2104 5635 2220 5704 τρά¹

2177 5635 2403 5698 άπεζαν.
2449 5634 2523 5689 De
2553 5631 2992 5689 Melchisedecho
3023 5638 3080 5685 et
3112 5638 3306 5687 contra
3362 5629 3680 5689 Anommos,
3714 5638 3784 5680 ac
