4070 6216
299 331 438 387 1555
1546 340 1753 397 INDEX
1795 343 2348 405 ALPIIABETICUS.
3415 361 3552 414 13M

370 443 856 544 Εὔκαιρος-ἡμέρα
885 449 1098 544 ἑορτῆς.
1131 451 1188 505 1η
1213 453 1555 509 nativitatem
1579 456 1807 512 Joannis
1836 459 1972 528 Bapt

1938 461 2110 516 itistw.
2139 464 2434 530 Incertum,
2463 483 2529 521 an
2561 466 2958 539 Chrysostomi.
2979 448 3334 544 [δραι-1³111,
3363 475 3545 529 757.—

298 528 481 600 Montf.
518 530 585 596 X,
619 533 746 587 872.
783 530 950 589 Savil.
978 536 1090 600 VII,
1123 537 1246 593 589.
1283 539 1414 594 Duc.
1450 541 1624 598 deest.

369 619 677 690 Εὐλογητὸς
705 622 734 674 6
765 623 920 688 Θεὸς,
949 623 1206 696 εὐκαιρον
1237 628 1478 698 σήμερον
1503 629 1751 694 ἅπαντας
1778 633 1924 703 ἡμᾶς
1952 636 1976 687 6

1952 635 2272 705 ἀναϐοῆσαι.
2304 639 2362 693 In
2395 643 2775 698 ascensionem
2803 644 3216 701 Christi.Vertit
3244 647 3555 704 Gerh.Vos—

300 703 724 796 siusrpubium,
756 723 824 796 an
855 709 1254 782 Chrysostomi.
1289 713 1560 788 [Spuria.]
1589 717 1680 782 III,
1709 719 1833 774 595.
1862 749 1907 764 -

1709 719 1833 774 393.
1862 745 1926 764 -σ
1959 703 2152 793 Montf.
2186 723 2275 788 ιιι,
2307 727 2428 781 778.
2469 727 2634 785 Savil.
2667 730 2841 785 deest.
2877 731 3008 785 Duc.
3039 733 3140 796 v1,
3169 735 3290 788 διε.

391 793 696 893 ξέὐλογητὸς
728 797 756 849 6
789 795 952 862 Θεὸς,
987 800 1418 873 εὐφημήσωμεν.
1452 804 1512 860 In
1545 808 1998 866 resurrectionem

1946 826 2030 866 :m.
2064 811 2262 881 Spuria
2291 821 2348 869 et
2381 818 2770 885 praetermissa.
2807 819 2902 875 Est
2936 821 3082 874 enim
3121 820 3373 893 Gregorii
3414 824 3553 894 Nys-

299 895 415 936 SCI'II
426 920 440 934 .

371 968 677 1068 Εὐλογητὸς
691 971 890 1068 68565
913 972 1033 1068 ἦκιυ
1066 973 1127 1026 τὸ
1163 976 1342 1046 χρέος.
1376 977 1435 1032 1η
1472 989 1719 1035 sanctum
1751 986 1978 1052 apostoli

1952 986 2086 1051 ium,
2119 985 2408 1043 Thomam.
2445 988 2552 1062 [est
2574 991 2628 1046 in
2659 992 2924 1066 Spuriis.]
2960 1012 3012 1049 ν.
3045 995 3166 1066 ἥκω
3198 997 3260 1049 τὸ
3289 999 3470 1068 χρέος.
3493 1026 3559 1038 --

304 1055 485 1127 Montf.
522 1057 658 1120 VIII,
688 1059 809 1112 207.
846 1057 1014 1114 Savil.
1045 1062 1110 1128 V,
1136 1062 1261 1117 857.
1290 1063 1420 1120 Duc.
1457 1065 1632 1122 deest.

1478 1065 1632 1122 Ieest.
2446 1055 2464 1062 ’
2699 1055 2716 1061 ’
2906 1055 2924 1066 ﬂ
3068 1055 3085 1105 ’-

305 1143 610 1200 Benedictus
639 1145 798 1202 Deus.
825 1147 960 1204 Ecce
987 1151 1128 1203 etaim
1158 1151 1312 1205 rebus
1344 1153 1468 1220 ipsis
1497 1165 1717 1212 ostensce
1743 1166 1865 1212 sunt
1896 1159 2244 1215 salutationes
2267 1161 2512 1218 Joannis.
2555 1165 2616 1218 In
2645 1165 2796 1221 Joan.
2833 1167 3152 1238 Baptistam.
3182 1169 3374 1226 Latine
3414 1171 3559 1242 apud

305 1233 542 1297 Surium,
581 1235 650 1289 21
681 1235 824 1291 Maii.
860 1267 924 1276 --
952 1237 1141 1308 Montf.
1169 1239 1344 1296 deest.
1375 1241 1542 1296 Savil.
1576 1245 1751 1300 deest.
1782 1245 1915 1300 Duc.
1959 1246 2136 1302 deest.

371 1320 432 1412 [ἦ-
465 1321 776 1412 ξύλογητὸς
806 1326 834 1379 6
863 1325 1017 1393 Θεὸς,
1054 1328 1242 1397 ἡλίκαι
1270 1329 1378 1383 τῶν
1413 1331 1728 1402 μαρτύρων.
1766 1333 1864 1391 Est
1893 1343 1978 1390 ter

1952 1334 2056 1392 rtia
2083 1352 2150 1393 ex
2173 1337 2436 1394 undecim”
2463 1340 2625 1396 novis
2652 1341 2914 1408 homiliis,
2947 1357 3036 1412 ap.
3070 1343 3260 1398 Montl'.
3289 1345 3406 1410 XII,
3435 1346 3556 1400 555.

302 1406 413 1469 XII,
451 1409 577 1464 481.

369 1497 676 1589 Εὐλογητὸς
706 1501 734 1554 6
765 1501 919 1568 Θεὸς,
957 1503 1065 1561 ἰδοὺ
1097 1505 1188 1557 καὶ
1217 1504 1325 1559 ἀπὸ
1353 1505 1454 1575 τῆς
1482 1506 1607 1574 γῆς.
1641 1508 1722 1563 Ad
1750 1509 1976 1568 illumin:

1110 1505 1188 1557 ιαὶ
1217 1504 1325 1559 ἀπὸ
1353 1505 1454 1575 τῆς
1482 1506 1607 1574 γῆς.
1641 1508 1722 1563 Ad
1750 1509 2110 1570 illuminatos.
2146 1515 2347 1585 Spuria
2375 1525 2431 1572 et
2465 1516 2717 1589 omissa]

371 1588 679 1659 Εὐλογητὸς
708 1591 735 1642 6
765 1590 900 1656 Θεὸς
935 1592 1058 1648 καθ’
1082 1593 1321 1661 ἑκάστην
1363 1593 1604 1660 σύναξιν.
1637 1597 1696 1651 In
1731 1600 1978 1671 paralytit

1949 1602 2091 1658 icum
2115 1644 2129 1666 ,
2161 1605 2253 1673 qui
2286 1621 2460 1660 annos
2495 1588 2762 1662 XXXVIII
2814 1607 3176 1692 decubuerat.
3227 1609 3401 1664 Vertit
3435 1609 3554 1662 Fia-

300 1675 504 1730 minius
536 1677 808 1732 Nobilius.
847 1679 888 1746 I,
920 1679 1042 1734 801.
1077 1712 1141 1726 -—-
1171 1682 1361 1753 Monii.
1399 1684 1452 1746 I,
1485 1685 1608 1740 547.
1639 1684 1804 1741 Savil.
1839 1689 1902 1754 V,
1933 1690 2055 1746 264.
2079 1691 2213 1746 Duc.
2245 1692 2310 1757 V,
2354 1692 2474 1746 102.

372 1763 674 1836 Εὐλογητὸς
703 1768 730 1819 6
767 1766 918 1834 Θεὸς,
952 1769 1045 1822 καὶ
1072 1773 1350 1838 γυναῖκες.
1380 1771 1441 1830 In
1470 1773 1741 1844 Pelagiam
1765 1815 1780 1841 ,
1823 1782 1979 1848 mart:

1953 1782 2120 1848 tyrem
2149 1779 2570 1834 Antiochenam.
2617 1780 2682 1848 II,
2728 1781 2852 1836 571.
2885 1812 2954 1822 ——
2995 1781 3182 1852 Montf.
3215 1783 3294 1848 ΙΙ,
3332 1782 3435 1836 585
3463 1781 3560 1854 (l).

301 1850 466 1908 Suvil.
491 1854 554 1920 V,
581 1854 703 1909 482.
739 1854 869 1909 Duc.
901 1856 942 1922 I,
973 1857 1098 1912 490.

372 1940 675 2011 Εὐλογητὸς
705 1944 732 1995 6
767 1943 918 2010 Θεὸς,
943 1946 971 1998 6
1001 1944 1182 2018 πολλῷ
1215 1945 1439 2016 μείζονα
1467 1947 1577 2002 τῶν
1600 1947 1854 2018 Θλίψεων.
1883 1952 1979 2008 Dat

1883 1951 2095 2008 Danieli
2125 1954 2334 2024 presh.,
2365 1955 2526 2024 epist.
2557 1955 2678 2010 199.
2705 1957 2796 2021 Ill,
2821 1958 3017 2012 722-
3038 1958 3226 2029 Monii.
3252 1959 3341 2024 IlI,
3369 1958 3490 2012 711.

373 2029 679 2100 Εὐλογητὸς
708 2033 736 2084 6
767 2031 919 2098 Θεὸς,
960 2033 1044 2086 ὅτι
1070 2036 1165 2087 καὶ
1193 2035 1251 2104 ἐξ
1277 2035 1557 2101 Αἰγύπτου
1595 2037 1892 2108 μάρτυρες.
1942 2039 1980 2098 L

1958 2040 2210 2096 Qaudatio
2237 2050 2537 2118 martyrum
2562 2042 2961 2114 (Egyptiorum.
2998 2047 3175 2102 Vertit
3213 2046 3416 2102 Fronto
3450 2045 3565 2098 Du-

303 2131 461 2172 carius.
498 2118 564 2183 II,
597 2117 722 2176 695.
755 2150 823 2159 -
846 2120 1036 2190 Montf.
1069 2121 1134 2185 II,
1166 2121 1290 2176 699.
1325 2121 1491 2178 Savil.
1522 2125 1588 2191 V,
1621 2124 1743 2180 519.
1781 2125 1911 2184 Duc.
1941 2125 1983 2192 I,
2016 2127 2138 2184 768.
2393 2117 2401 2118 ί
2947 2141 2950 2144 ’

375 2205 680 2276 Εὐλογητὸς
709 2207 738 2259 6
763 2207 894 2271 Θεὸς
917 2211 1012 2262 καὶ
1037 2211 1128 2262 ἐπὶ
1159 2213 1355 2278 γενεᾶς
1398 2211 1498 2280 τῆς
1541 2213 1836 2283 ἡμετέρας.
1894 2213 1982 2268 H0:

1959 2215 2128 2270 )milia
2161 2216 2195 2268 5
2231 2217 2285 2270 in
2319 2216 2423 2274 Isa.
2454 2233 2540 2284 γι,
2575 2218 2627 2274 1.
2665 2218 2842 2276 Vertit
2881 2217 3164 2274 Erasmus.
3198 2219 3298 2284 VI,
3332 2219 3454 2272 112.
3498 2245 3566 2258 —-

305 2291 493 2363 illontf.
531 2295 619 2359 VI,
654 2295 778 2349 111.
808 2294 972 2354 Sauil.
1005 2297 1070 2363 V,
1105 2297 1228 2351 158.
1260 2297 1392 2352 Duc.
1421 2299 1512 2362 III,
1543 2299 1666 2358 741.

375 2384 681 2457 Εὐλογητὸς
714 2388 741 2438 6
765 2385 898 2452 Θεὸς
931 2389 960 2440 6
993 2387 1402 2460 παρακαλέσας.
1433 2388 1670 2448 Homilia
1703 2389 1736 2448 4
1765 2388 1834 2444 ad
1857 2389 1982 2448 Anti

1957 2390 2255 2448 tiochenos.
2289 2391 2332 2446 II
2357 2432 2371 2457 ,
2409 2391 2497 2448 59.
2533 2424 2602 2438 -η-
2648 2393 2838 2464 Menti.
2869 2394 2949 2458 II,
2980 2394 3069 2450 48.
3107 2391 3274 2448 δαιιίι.
3305 2391 3403 2456 VI,
3439 2390 3564 2446 485.

310 2469 391 2522 Du
429 2515 441 2528 .
499 2512 514 2536 ,
570 2472 578 2484 '
624 2512 638 2526 .

375 2471 680 2631 ἕῦὶῗογῗιζὸς
708 2563 735 2616 6
763 2562 896 2630 Θεὸς
926 2563 953 2616 6
983 2564 1369 2636 χαρισάμενος.
1403 2564 1463 2620 In
1488 2565 1724 2622 mediam
1744 2565 1943 2637 jejunii
1973 2565 2399 2622 hebdomadem.
2431 2564 2702 2639 [Spuria.]
2733 2567 2883 2633 VIII,
2918 2567 3039 2620 701.
3072 2595 3140 2608 -—
3164 2565 3356 2635 Hontf.
3386 2565 3564 2622 deest.

307 2643 473 2700 Savil.
505 2649 581 2716 V,
617 2651 741 2705 876.
777 2651 906 2706 Duc.
939 2651 1115 2706 deest.

376 2732 704 2806 [Εὐλογητὸς
735 2740 762 2792 6
791 2739 922 2804 Θεὸς
949 2781 964 2805 ,
999 2740 1028 2791 6
1058 2739 1154 2794 τὸν
1183 2738 1412 2810 οὐρανὸν
1440 2739 1516 2810 μὴ
1556 2738 1893 2798 καταλιπών.
1923 2739 1982 2799 In

1677 2738 1893 2798 ιλιπών.
1923 2739 1982 2799 1η
2014 2755 2234 2796 crucem
2275 2740 2515 2796 Domini.
2555 2740 2751 2811 Spuria
2786 2749 2844 2795 et
2873 2739 3284 2812 praemissa]

380 2823 792 2895 [Εὐφραινέσθω
820 2827 914 2880 καὶ
939 2827 1034 2881 νῦν
1063 2829 1090 2880 6
1119 2827 1476 2898 κληρονόμος.
1513 2828 1572 2882 In
1603 2828 1740 2897 psal.
1770 2845 1822 2880 v.
1855 2828 1924 2884 Ut
1961 2843 1987 2881 s

823 2827 914 2880 καὶ
939 2827 1034 2881 νῦν
1063 2829 1090 2880 6
1119 2827 1476 2898 κληρονόμος.
1513 2828 1572 2882 In
1603 2828 1740 2897 psal.
1770 2845 1822 2880 v.
1855 2828 1924 2884 Ut
1961 2829 2148 2896 spuria
2185 2827 2430 2898 rejecta.]

379 2909 899 2986 [Εὐφραινέσοωσαν
931 2917 979 2972 οἱ
1008 2916 1230 2988 οὐρανοὶ
1259 2917 1350 2972 καὶ
1381 2916 1575 2984 ἀγαλλ.
1616 2917 1676 2971 In
1705 2917 1986 2975 Ascension

1959 2931 2098 2972 mem
2132 2916 2349 2972 Domini
2387 2933 2400 2968 :
2439 2924 2498 2970 ut
2529 2931 2718 2986 spuria
2743 2917 2966 2986 rejecta.
2989 2914 3280 2997 Combeﬁs.
3303 2913 3566 2971 Bibiioth.

310 3005 442 3052 tom.
472 2999 511 3064 Ι,
541 3017 666 3071 pag.
695 3001 846 3074 68L]

381 3086 712 3160 Εὐςρώρατον
739 3091 772 3164 ὴ
804 3089 1002 3162 πλάνη.
1032 3090 1100 3144 67
1138 3089 1277 3162 [68],
1313 3091 1367 3150 in
1398 3089 1684 3148 Joannem.
1709 3090 1848 3156 VIII,
1875 3091 1981 3150 575

1891 3091 2002 3150 575.
2025 3119 2094 3131 --
2119 3087 2304 3161 Monii.
2330 3089 2466 3156 VIII,
2492 3090 2617 3147 404.
2649 3088 2817 3144 Savil.
2845 3089 2912 3156 11,
2937 3089 3060 3144 841.
3088 3089 3245 3145 Duc.‘
3279 3090 3347 3157 II,
3373 3090 3498 3146 454.

382 3172 554 3246 [Εὐχὴ
583 3177 678 3229 καὶ
703 3178 946 3247 νηστεία.
982 3178 1058 3232 De
1081 3178 1293 3249 jejunio
1325 3187 1381 3234 et
1404 3179 1772 3249 eleemosyna.
1805 3178 1989 3248 Spuri:

938 3220 946 3232 .
982 3178 1058 3232 De
1081 3178 1293 3249 jejunio
1325 3187 1381 3234 et
1404 3179 1772 3249 eleemosyna.
1805 3178 2004 3248 Spuria
2038 3194 2100 3232 ac
2131 3178 2545 3250 praetermissa]

382 3259 536 3334 [Ἐφ’
559 3263 725 3338 ἕτερά
757 3283 846 3338 μοι
878 3266 976 3340 την
1007 3265 1284 3336 γλῶσσαν.
1317 3268 1376 3324 1η
1410 3267 1543 3324 illud
1579 3284 1592 3321 :
1620 3269 1914 3337 Assumpst’t
1942 3283 1989 3321 et

1492 3267 1543 3323 Id
1579 3284 1592 3321 :
1620 3269 1914 3337 Assumpsit
1942 3283 2062 3321 eum
2089 3265 2348 3323 diabolus.
2379 3267 2576 3336 Spuria
2600 3275 2655 3322 et
2683 3265 3099 3338 prmtermissa.]

383 3350 540 3420 Ἔχει
577 3339 678 3422 μέν
709 3370 830 3408 τινα
857 3339 1018 3408 πόνον
1044 3354 1103 3406 τὸ
1132 3353 1336 3424 λέγειν.
1369 3355 1461 3421 22,
1491 3355 1547 3408 in
1580 3355 1873 3414 Joannem.
1909 3354 1990 3412 VII

1966 3355 2046 3421 III,
2077 3355 2200 3410 155.
2233 3385 2300 3396 --
2339 3353 2527 3423 Montf.
2555 3354 2693 3420 VIII,
2723 3355 2845 3410 125.
2876 3354 3044 3410 Satu'l.
3073 3353 3138 3420 II,
3166 3352 3290 3408 641.
3323 3351 3477 3406 Duc.’
3502 3351 3573 3421 I‘I,

350 3437 440 3492 ’6.
719 3491 722 3494 _

317 3437 532 3588 1ῦἝως
569 3527 666 3597 μὲν
693 3528 871 3582 αὐτῶν
895 3528 1004 3596 τῷν
1030 3530 1325 3600 φορτικῶν.
1349 3529 1434 3594 12,
1467 3530 1521 3583 in
1547 3529 1565 3588 1
1591 3528 1658 3584 ad
1683 3527 1916 3586 Corinth

1930 3526 2030 3594 .X,
2053 3527 2225 3583 95.—
2249 3526 2437 3596 Manli.
2466 3527 2534 3590 X,
2569 3527 2656 3582 96.
2690 3526 2854 3580 Savil.
2881 3527 2972 3592 III,
2993 3525 3118 3580 512.
3153 3525 3306 3580 Duc.‘
3333 3525 3397 3591 Ἴ,
3417 3525 3537 3579 116.

1930 3637 1968 3686 Ζ

390 3746 619 3817 Ζήτημα
646 3747 934 3818 πρόκειται
968 3749 1228 3818 τήμερον,
1265 3745 1319 3814 4,
1357 3747 1412 3800 in
1446 3747 1464 3799 Ι
1497 3747 1565 3800 ad
1600 3746 1848 3802 Thesea].
1881 3745 1950 3802 XI
1978 3784 1992 3808 ,

1978 3784 1992 3808 ,
2023 3745 2147 3802 415.
2180 3774 2248 3784 --
2279 3741 2465 3811 Montf.
2499 3741 2601 3802 XI.
2637 3742 2761 3795 451.
2795 3739 2960 3796 Savil.
2997 3741 3086 3807 IV,
3120 3742 3242 3797 I79.
3280 3739 3432 3794 Duc.‘
3477 3739 3573 3807 VI,

314 3833 396 3864 om

318 3834 348 3864 ε,
389 3838 396 3844 .

318 3834 681 3992 “ﬂaminum
715 3923 779 3978 ἄν
805 3941 886 3988 τις
917 3923 1137 3996 πρῶτον
1170 3921 1414 3984 εἰκότως.
1453 3919 1504 3986 4,
1534 3919 1590 3973 in
1622 3919 1666 3974 II
1697 3919 1766 3975 ad
1798 3919 1925 3973 The:

1966 3918 2027 3972 tal
2081 3918 2176 3983 XI,
2207 3917 2330 3972 485.
2359 3946 2427 3959 -
2451 3916 2642 3987 Montf.
2666 3916 2760 3983 XI,
2793 3917 2917 3971 529.
2955 3916 3122 3971 Savil.
3149 3917 3236 3982 IV,
3262 3915 3390 3970 255.
3425 3913 3573 3974 Duc.‘

321 4009 408 4075 VI,
439 4011 564 4066 585.

1935 4123 1984 4180 II

403 4237 747 4310 Ἦὸουλόμην
777 4243 980 4312 γνῶναι
1011 4242 1220 4313 σαφῶς.
1253 4243 1286 4298 4
1305 4285 1320 4308 ,
1353 4242 1408 4300 in
1433 4241 1611 4311 Epist.
1640 4239 1707 4294 ad
1735 4237 1904 4294 IIebr.
1938 4233 2008 4287 XI

1974 4231 2034 4287 LII
2058 4272 2072 4298 ,
2103 4231 2192 4285 57.
2227 4258 2292 4269 -
2323 4227 2512 4298 Montf.
2537 4226 2658 4286 Non
2692 4234 2777 4286 est
2807 4226 2864 4280 in
2901 4225 3100 4283 indice.
3135 4225 3302 4282 Savil.
3332 4226 3422 4294 ιγ,
3457 4227 3581 4286 449.

324 4322 482 4379 Duc.‘
515 4325 604 4389 VI,
646 4327 771 4382 727.

404 4412 468 4466 Ἦ
501 4414 637 4486 γυνὴ
671 4415 808 4488 αὐτη
837 4417 987 4471 δοκεῖ
1022 4417 1124 4488 μὲν
1153 4410 1292 4471 εῖναι
1331 4415 1450 4487 μία.
1482 4413 1551 4469 80
1577 4411 1716 4486 [81],
1751 4413 1808 4468 in
1835 4411 1931 4467 Mal

1976 4407 2288 4466 hazum.VII
2313 4447 2327 4474 ,
2361 4405 2485 4464 725.
2525 4436 2597 4446 --
2644 4403 2832 4477 Monii.
2863 4402 2974 4470 VII,
3007 4403 3128 4459 765.
3156 4400 3323 4462 Savil.
3357 4400 3424 4465 II,
3459 4399 3583 4456 498.

326 4501 744 4663 θῗὸὲέῖῗῗω
772 4592 866 4645 και
904 4592 1174 4664 πρότερον
1203 4589 1301 4664 τὴν
1335 4587 1558 4661 ἀγάπην
1586 4587 1653 4662 ἢν
1683 4585 1815 4660 περὶ
1852 4587 1933 4658 II“

1979 4603 2022 4650 ς.
2055 4584 2299 4656 Epistula
2341 4583 2550 4658 absque
2602 4579 2782 4638 titulo.
2813 4577 2952 4633 Vide
3003 4575 3102 4630 in:
3148 4574 3289 4644 Ἐγώ
3341 4591 3436 4628 σου
3487 4573 3586 4652 την

325 4679 656 4751 ἀγάπην,ἦν
687 4683 813 4753 περὶ
844 4683 992 4752 ἡμᾶς
1017 4680 1208 4753 ἔχεις]
2037 4761 2048 4762 7
2326 4758 2347 4762 _
2754 4751 2807 4762 __
2997 4758 3007 4762 _
3111 4749 3124 4762 .
3173 4750 3197 4762 -
3335 4751 3367 4762 -.

402 4749 542 4836 Ἤδη
573 4749 673 4838 τῆς
704 4749 1083 4840 πνευματικῆς
1134 4749 1224 4838 (aI.
1255 4764 1640 4854 Δεστιοτικῆξις)ἶ
1662 4763 1724 4854 In
1758 4777 1937 4854 ramos
1965 4777 2009 4830 p:

1986 4761 2294 4818 mimarum.
2326 4758 2624 4822 Incertum,
2652 4768 2719 4807 an
2748 4749 3148 4823 Chrysostomi.
3173 4750 3430 4820 Leontio,
3450 4749 3593 4805 Νοτι-

327 4853 590 4922 politano,
624 4856 677 4910 in
705 4855 828 4912 aliis
847 4838 1018 4910 icodd.
1039 4838 1338 4910 tribuitur.
1369 4851 1644 4926 [Spuria.]
1677 4850 1747 4918 Χ,
1788 4850 1910 4938 715.
1937 4847 2230 4938 :qur.
2265 4845 2333 4911 X,
2367 4841 2681 4938 767,-Savi‘l.
2711 4840 2822 4938 VII,
2845 4838 3142 4938 .35619110.
3178 4838 3378 4938 deest..

409 4942 540 4994 ’11δύ
573 4943 672 5012 μὲν
698 4944 922 5015 γηπόνῳ
949 4945 1010 4997 τὸ
1035 4944 1284 5014 ἄροτρον.
1311 4923 1394 4996 Ad
1423 4940 1561 5013 psal.
1589 4923 1772 5001 xtvm,
1809 4937 1894 4990 10.
1929 4936 2016 4991 No.

1980 4935 2050 4989 oli
2083 4936 2286 4996 timere,
2315 4948 2432 4988 cum
2458 4931 2596 4984 dives
2625 4929 2791 4999 [actus
2837 4927 2995 4998 fuerit
3023 4926 3193 4980 homo.
3229 4923 3406 4982 Vertit
3439 4923 3587 4980 God—

329 5029 508 5085 fridus
541 5031 888 5088 Tilmannus.
923 5032 990 5097 V,
1022 5032 1142 5090 499.
1179 5061 1245 5071 -
1274 5029 1466 5100 Monii.
1497 5029 1564 5095 V,
1600 5027 1724 5083 504.
1757 5025 1925 5082 Savil.

1913 5025 2020 5089 .v,
2056 5023 2178 5078 iis.
2209 5021 2338 5076 Duc.
2371 5018 2461 5084 ιιι,
2494 5017 2618 5072 689.
2843 5103 2874 5111 _
2927 5102 3026 5111 ω
3135 5101 3149 5111 _
3283 5099 3380 5111 Η
3505 5099 3516 5111 ε

414 5118 546 5174 Ἡδὺ
581 5118 758 5191 ἶήὸύς]
791 5119 890 5190 μὲν
919 5117 1123 5188 λειμὼν
1153 5118 1248 5171 καὶ
1282 5118 1632 5189 παράδεισος.
1675 5114 1754 5168 Ad
1785 5115 1922 5184 psaI.
1963 5131 2021 5168 ιι

1987 5129 2105 5176 :uv,
2140 5111 2225 5166 10.
2251 5109 2389 5165 Cum
2420 5107 2740 5180 Eutropius,
2771 5103 2896 5159 a.C.
2927 5101 3152 5200 599,_ad
3186 5100 3472 5200 eeclesia-m
3505 5100 3594 5200 in:

331 5224 549 5263 cassum
578 5180 874 5280 eonfu'gere
905 5180 1137 5262 conatus
1160 5180 1376 5261 fuisset:
1410 5205 1590 5260 Vertit
1632 5180 1931 5259 Godfridus
1974 5201 2316 5256 Tiimannus.
2336 5197 2426 5263 III,
2454 5195 2579 5252 595.
2607 5223 2679 5233 —-
2706 5192 2894 5262 Montf.
2933 5191 3024 5257 III,
3055 5189 3179 5244 586.
3214 5187 3379 5244 Savil.
3407 5187 3471 5254 V,
3506 5186 3594 5241 10.

336 5296 942 5453 Παὲἐὸμμξῗῦναύταις
967 5383 1028 5435 τὸ
1058 5381 1176 5452 ἔαρ.
1206 5381 1264 5435 In
1295 5379 1571 5435 Genescos
1604 5378 1824 5434 initium
1856 5385 1911 5434 ct
1941 5377 2008 5432 de
2047 5375 2260 5448 jejunio
2291 5389 2355 5429 ac
2384 5369 2782 5442 Hierosolyma.
2817 5365 2994 5423 Vertit
3032 5363 3175 5421 male
3205 5363 3471 5418 incertus.
3504 5362 3593 5427 IV,

335 5471 463 5526 581.
503 5502 569 5512 ——
602 5472 787 5542 Montf.
821 5473 907 5538 1V,
941 5472 1065 5527 645.
1093 5468 1257 5524 Savil.
1293 5468 1359 5558 V,
1393 5469 1444 5521 1.
1475 5468 1607 5558 Due.
1640 5467 1706 5558 11,

1158 5468 1257 5524 :vil.
1294 5468 1359 5535 V,
1393 5469 1444 5521 1.
1475 5468 1607 5521 Duc.
1640 5467 1706 5534 Il,
1745 5467 1860 5522 725.
2169 5553 2181 5558 _
2258 5551 2298 5558 _
2346 5551 2357 5558 _
2520 5548 2535 5558 _
2565 5547 2606 5558 κ
2654 5548 2664 5558 _
2755 5546 2765 5558 ,

423 5559 490 5612 Ἦ
513 5536 760 5629 Ἔφεσός.
783 5536 902 5612 ἐστι
929 5558 1029 5627 μὲν
1053 5557 1153 5626 τῆς
1186 5555 1370 5619 Ἀσίας
1407 5555 1762 5626 μητρόπολις.
1798 5553 2030 5607 Prommi

1986 5553 2138 5607 nium
2169 5553 2224 5607 in
2258 5551 2434 5622 Epist.
2470 5548 2540 5604 ad
2565 5546 2856 5616 Ephesios.
2896 5543 3002 5612 XI,
3024 5542 3078 5598 9.
3109 5569 3178 5581 --
3203 5538 3393 5610 Menti.
3421 5537 3512 5610 XI,
3543 5536 3593 5600 1.

341 5643 510 5701 Sam’l.
538 5648 628 5713 Ill,
656 5648 776 5702 765.
804 5646 960 5699 Duc.‘
987 5645 1052 5710 ν,
1085 5643 1209 5702 864.

417 5759 492 5832 (1)
536 5759 834 5832 Subjunxit
861 5775 985 5832 pag.
1024 5757 1156 5828 591,
1187 5757 1344 5814 Latin
1399 5757 1642 5815 brevior.
1677 5756 1730 5817 in
1757 5756 1938 5828 Pelag.
1965 5771 2035 5814 ex
2063 5752 2260 5820 Surio,
2299 5751 2491 5809 Graeco
2524 5755 2676 5806 textu
2707 5745 3019 5806 deﬁciente.
3059 5742 3226 5811 Ημιι..
