4070 6216
334 356 475 414 1595
650 374 656 380 '
1572 352 1776 409 INDEX
1815 355 1941 409 ALI‘

1973 354 2355 413 IABE'I'ICUS.
2392 346 2395 347 ν
3446 357 3580 412 1591

406 466 749 537 Παραινέσας
772 466 1129 538 εὐχαρίστους
1150 463 1311 523 εἶναι.
1341 470 1394 538 9,
1413 469 1468 524 in
1494 470 1667 540 Epist.
1694 471 1761 526 ad
1781 470 1990 527 Coloss.

1978 513 1990 525 .
2017 472 2109 538 XI,
2133 473 2256 529 559.
2275 502 2344 514 -
2366 471 2556 542 Montf.
2582 473 2670 539 XI,
2694 471 2818 528 390.
2845 469 3010 525 Savil.
3037 468 3129 534 IV,
3160 467 3281 523 136.
3319 468 3470 522 Duc.“
3497 471 3580 530 VI,

330 557 457 611 225.

405 658 720 730 Παρακαλῶ
748 659 913 727 ὑμᾶς,
946 660 1187 727 ἀδελφοὶ,
1226 659 1302 730 μὴ
1335 660 1514 728 μόνον.
1560 660 1635 715 De
1670 662 2012 731 compunctin

1977 663 2092 719 ioue
2112 704 2126 729 ,
2156 666 2419 734 patientia
2450 674 2507 721 et
2536 665 2815 722 desiderio
2845 663 3155 721 futurorum
3186 660 3456 719 bonorum
3482 701 3494 720 .
3529 670 3584 723 et

334 749 579 811 secundo
606 747 810 890 Caristi
836 746 1099 810 adventu.
1125 749 1325 820 Ecloga
1352 747 1467 835 [41]
1499 763 1567 805 ex
1592 748 2089 821 Chrysostomianis
2116 753 2365 819 collecta.
2396 753 2515 818 XII,
2540 753 2745 812 879.—
2768 751 2959 822 Montf.
2981 750 3098 818 XII,
3122 751 3245 805 761.
3276 747 3444 805 Savil.
3467 749 3579 813 VII,

336 837 461 890 917.
488 836 624 890 Duc.
693 845 829 890 eest.

336 837 461 895 917.
488 837 624 890 Duc.
656 837 829 890 deest.

408 924 450 993 -ι-
488 921 946 994 Παραλειπόμενα
971 921 1238 979 καλεῖται.
1266 920 1527 995 Synopsis
1562 922 1735 977 Paral.
1765 922 1861 977 lib.
1899 941 1933 977 ι.
1968 924 2009 980 V

1179 939 1238 979 ιι.
1266 920 1527 995 Synopsis
1562 922 1735 977 Paral.
1765 922 1861 977 lib.
1899 941 1933 977 ι.
1968 924 2055 990 VI,
2087 925 2209 979 557.
2238 954 2304 963 -
2325 924 2515 995 Menti.
2544 926 2633 990 VI,
2665 925 2786 979 561.

412 1008 958 1089 Παραμυθησάμενος
989 1009 1053 1066 ὲκ
1081 1007 1176 1061 τοῦ
1204 1009 1565 1080 χαρίσματος.
1591 1008 1680 1073 50,
1722 1008 1775 1062 in
1801 1009 1820 1063 I
1858 1011 1927 1065 ad
1951 1009 2019 1066 Co

1968 1009 2077 1066 nor.
2110 1011 2178 1074 Χ,
2203 1010 2400 1079 εις)..-
2430 1013 2620 1082 Montf.
2643 1011 2711 1079 x,
2734 1011 2858 1066 268.
2897 1009 3065 1075 δαυιι.
3085 1010 3170 1074 ιιι,
3191 1010 3311 1071 ιδις.
3339 1009 3485 1062 Duc.‘
3510 1006 3575 1065 ν.

342 1097 469 1152 522.

415 1200 847 1274 [Παραπλησιως
878 1202 992 1264 τοῖς
1022 1200 1309 1270 προτέροις
1333 1203 1428 1255 καὶ
1457 1197 1609 1269 οὗτος
1631 1206 1659 1258 ὁ
1693 1203 1752 1274 ψ.
1779 1203 1840 1259 In
1868 1204 2002 1273 psal.

1123 1200 1309 1270 ιτέροις
1333 1203 1428 1255 καὶ
1457 1197 1609 1269 οὗτος
1631 1206 1659 1258 ὁ
1693 1203 1752 1274 ψ.
1779 1203 1840 1259 In
1868 1204 2002 1273 psal.
2040 1220 2144 1266 CVI.
2173 1201 2368 1277 Spuria
2397 1213 2453 1260 et
2482 1206 2730 1275 omissa..

418 1286 820 1361 [Παρελήλυθεν
850 1289 884 1359 ὴ
918 1287 1133 1345 Παύλου
1162 1290 1489 1361 πανήγυρις.
1516 1291 1576 1353 1η
1603 1301 1853 1347 sanctum
1886 1292 2019 1347 Paul

1116 1307 1133 1341 ι
1162 1290 1489 1361 πανήγυρις.
1516 1291 1576 1353 In
1603 1301 1853 1347 sanctum
1886 1292 2138 1351 Paulum.
2160 1292 2358 1362 Spuria
2390 1302 2447 1349 et
2478 1294 2723 1366 omissa]

418 1375 700 1446 Παρῆλοεν
730 1378 764 1446 ἡ
796 1375 1019 1447 νηστεία
1046 1377 1155 1429 τῶν
1190 1378 1478 1432 Ἰουδαίων.
1508 1379 1575 1433 VI
1607 1378 1791 1450 [VIII],
1825 1378 1955 1434 Adw

348 1461 481 1516 Duc.
514 1462 557 1518 I.
584 1462 707 1518 465.

1973 1396 2103 1435 :rsus
2128 1380 2365 1437 Iudaeos.
2396 1382 2438 1437 I.
2469 1382 2593 1438 927.
2616 1413 2686 1423 --
2707 1383 2896 1454 Montf.
2927 1384 2969 1457 1,
2998 1382 3125 1441 675.
3152 1378 3316 1435 Sam'l.
3342 1378 3405 1433 VI
3424 1417 3439 1441 ,
3462 1377 3580 1432 551.

400 1479 481 1516 uc.
514 1479 557 1524 Ι.
584 1479 707 1518 40:).

418 1548 461 1619 -ι-
495 1548 790 1623 Παροιμίαι
821 1548 1184 1620 Σολομῶντος.
1218 1548 1477 1627 Syuopsis
1507 1550 1766 1607 Proverb.
1798 1551 1887 1617 VI,
1913 1551 2025 1609 57οη

1029 1566 1184 1617 ιντος.
1218 1548 1477 1627 Synopsis
1507 1550 1766 1607 Proverb.
1798 1551 1887 1617 VI,
1913 1551 2036 1609 570.
2067 1585 2135 1595 --
2165 1553 2355 1629 Montf.
2384 1555 2452 1612 VI
2473 1594 2489 1623 ,
2513 1556 2636 1615 575.

422 1637 577 1690 Πᾶσα
608 1636 791 1708 γραφὴ
822 1636 1196 1699 θεόπνευστος.
1228 1638 1302 1691 De
1333 1637 1459 1701 ﬁde,
1485 1646 1540 1693 et
1565 1640 1683 1709 lege
1717 1649 1947 1704 naturae,
1975 1647 2029 1694 et

1983 1647 2031 1694 et
2058 1639 2267 1710 Spiritu
2282 1651 2489 1711 sancto.
2522 1643 2700 1719 Vertit
2721 1643 2986 1711 incertus.
3009 1639 3281 1715 βρωτὴ]
3299 1641 3339 1694 1.
3362 1640 3590 1697 1081.-

350 1722 543 1793 Montf.
574 1723 618 1786 ι,
639 1724 763 1779 825.
789 1722 958 1785 Satn'l.
985 1724 1074 1795 vt,
1104 1724 1229 1782 857.
1264 1724 1656 1790 Duc.VI,119.

423 1807 603 1880 [Πᾶσα
633 1811 821 1881 Γραφὴ
855 1811 1211 1873 θεόπνευστος
1241 1810 1383 1863 κατὰ
1416 1811 1506 1864 τὸν
1537 1829 1744 1883 μακαρ.
1778 1813 1973 1868 ἀπόστ.
2003 1813 2030 1867 Ι

1461 1820 1506 1864 >ν
1537 1829 1744 1883 μακαρ.
1778 1813 1973 1868 ἀπόστ.
2003 1813 2336 1870 Prommium
2367 1816 2422 1869 in
2453 1816 2645 1885 psalm.
2685 1814 2876 1871 Montf.
2898 1815 2965 1880 V,
2992 1814 3068 1886 1.]

423 1895 606 1971 [Πᾶσα
638 1897 818 1963 ἔνθεος
847 1897 1166 1959 διδασκαλία
1207 1898 1460 1966 συνάγειν
1492 1898 1669 1954 εἴωθε.
1708 1899 1768 1957 In
1805 1899 2030 1956 Lazarul

1542 1898 1669 1954 mea.
1708 1899 1768 1957 In
1805 1899 2094 1957 Lazarum.
2124 1902 2345 1972 Spuria.
2381 1902 2569 1965 Menti.
2597 1901 2689 1971 XI,
2721 1900 2870 1973 846.]
2900 1902 2992 1969 XI,
3028 1902 3149 1969 771.

424 2009 583 2063 Πᾶσα
611 2008 894 2071 εὐσεϐείας
923 2008 1197 2071 ὑπόθεσις.
1230 2009 1349 2063 Non
1381 2009 1779 2080 Chrysostomi,
1807 2010 1902 2065 sed
1934 2010 2031 2067 Sev

1983 2012 2243 2075 everiani,
2274 2010 2608 2068 Gabalorum
2648 2015 2895 2085 episcopi
2920 2053 2935 2077 ,
2977 2013 3205 2067 homilia
3228 2013 3253 2065 1
3284 2012 3336 2065 in
3366 2010 3590 2065 Cosmo~

352 2096 573 2167 pmiam.
601 2095 689 2160 VI,
714 2094 838 2155 629.
868 2118 940 2136 ο--ο
964 2093 1153 2164 Haut].
1184 2095 1270 2159 VI.
1301 2095 1424 2153 436.
1456 2094 1621 2153 Sapit.
1645 2096 1757 2159 VII,
1792 2096 1913 2153 587.
1945 2096 2078 2155 Duc.
2112 2098 2282 2154 deest.

424 2204 604 2257 Πᾶσαι
636 2202 737 2273 μὲν
766 2202 919 2270 ἅγιαι
944 2203 1001 2255 αἱ
1048 2202 1359 2255 Ἐπιστολαὶ
1386 2201 1617 2257 Παύλου.
1649 2202 1671 2255 1
1696 2241 1711 2267 ,
1741 2202 1796 2256 in
1820 2202 1994 2272 Epist.

1986 2244 1994 2256 .
2031 2203 2099 2258 ad
2130 2202 2341 2260 Coloss.
2380 2204 2482 2270 XI,
2507 2204 2633 2260 299.
2658 2234 2730 2245 -
2774 2202 2966 2273 Montf.
2994 2201 3092 2268 XI,
3137 2200 3261 2256 522.
3302 2196 3473 2254 Sam’l.
3505 2197 3593 2263 IV,

359 2294 448 2351 89.
484 2293 637 2348 Duc.‘
665 2293 752 2356 VI,
784 2292 905 2346 M7.

938 2378 993 2430 αἱ
1024 2377 1163 2430 Θεῒαι
1191 2343 1423 2447 Γραιραί.
1466 2377 1784 2433 Protheoria
1807 2380 1863 2433 in
1886 2378 2037 2435 Psaln

1994 2378 2146 2434 lmos.
2189 2378 2463 2434 Incertum
2490 2394 2557 2433 au
2582 2376 2977 2459 Chrysostomi.
3004 2371 3269 2447 [Spuria.]
3294 2373 3356 2439 V,
3378 2371 3501 2427 555.
3533 2398 3601 2412 --

362 2464 557 2537 Montf.
586 2465 648 2529 V,
680 2466 804 2521 542.
830 2464 994 2521 Santi.
1016 2464 1082 2529 V,
1114 2464 1240 2520 676.
1279 2464 1407 2518 Duc.
1435 2465 1608 2519 deest.

431 2553 610 2611 Πᾶσαι
642 2553 740 2622 μὲν
767 2553 823 2609 αἱ
851 2553 1190 2624 μαρτυρικαὶ
1216 2551 1577 2627 πανηγύρεις.
1608 2552 1669 2607 1η
1716 2560 1960 2609 sanctam
1998 2554 2038 2607 D

1998 2552 2308 2620 Delparam.
2339 2553 2516 2608 Procli
2547 2549 3164 2621 Constantinopolitani.
3195 2549 3352 2605 Fm.
3381 2546 3443 2603 In
3470 2560 3600 2615 spu-

362 2637 481 2693 riis.
511 2638 804 2694 Combeﬁs.
842 2639 983 2693 Bibl.
1015 2638 1057 2703 I,
1090 2640 1211 2694 559.
1244 2638 1427 2693 Indice
1454 2638 1642 2692 Montf.
1674 2637 1841 2691 IIARL.
1863 2637 2001 2704 VIII,
2041 2638 2237 2692 707.-—
2259 2638 2454 2708 Hontf.
2479 2637 2616 2702 VIII,
2638 2637 2763 2695 256.
2796 2636 2965 2697 Sam.
2989 2637 3055 2701 V.
3083 2635 3206 2692 887.
3239 2634 3373 2688 Duc.
3394 2634 3565 2688 deest.

412 2724 611 2798 [Πᾶσα
640 2726 739 2796 μὲν
766 2726 989 2795 γλῶσσα
1015 2725 1326 2796 ἀνθρωπίνη
1351 2725 1451 2795 ούχ
1482 2724 1663 2794 ἱκανή.
1692 2724 1753 2778 In
1788 2724 1922 2780 illud
1950 2743 1965 2779 :
1991 2724 2019 2779 J

1855 2724 1922 2779 nd
1950 2743 1965 2779 :
1991 2724 2145 2783 lem
2170 2733 2345 2781 autem
2371 2725 2624 2795 fatigatus
2644 2723 2874 2784 sedebat,
2898 2722 3101 2794 Spuria
3132 2729 3189 2775 et
3210 2717 3462 2789 omissa.]

435 2814 618 2888 [Πᾶσα
647 2817 743 2886 μὲν
773 2816 960 2887 ἐντολὴ
994 2815 1207 2888 καθαρὰ
1233 2815 1327 2869 καὶ
1359 2815 1605 2885 διαυγής.
1639 2814 1795 2880 Quod
1826 2814 1922 2868 ﬁlii
1951 2815 2042 2869 del

1782 2814 1795 2867 l
1826 2814 1922 2868 ﬁlii
1951 2815 2189 2869 debeant
2219 2825 2474 2885 parentes
2507 2815 2797 2869 honorare.
2828 2813 3027 2883 Spuria
3060 2819 3116 2867 et
3144 2809 3389 2881 omissa.]

433 2904 591 2957 Πᾶσα
628 2902 726 2974 μὲν
748 2902 926 2976 αρετὴ
955 2903 1138 2959 καλόν.
1172 2902 1239 2957 60
1269 2901 1407 2973 [61],
1444 2902 1501 2957 in
1528 2902 1685 2958 Joan.
1717 2902 1855 2964 VIII.
1878 2902 2001 2957 555.
2027 2931 2040 2940 -

1888 2902 2001 2957 555.
2027 2930 2092 2940 —-
2120 2901 2310 2971 Montf.
2338 2901 2473 2967 VIII,
2496 2901 2620 2957 561.
2649 2898 2817 2959 Samii.
2842 2900 2911 2965 II,
2943 2900 3066 2957 810.
3097 2897 3255 2955 Duc.’
3284 2897 3350 2961 II,
3373 2896 3495 2955 387.

385 3039 388 3043 .
436 2993 595 3055 Πᾶσα
627 2989 731 3064 μὲν
757 2991 817 3049 ἐν
842 2990 959 3063 θεῷ
985 2990 1322 3047 διδασκαλία.
1357 2993 1408 3058 1,
1440 2990 1495 3044 in
1524 2989 1793 3044 Lazarum
1832 2996 1992 3058 quatr

1997 2988 2281 3043 iduanum.
2327 2988 2444 3045 Non
2476 2988 2692 3045 videtur
2732 3003 2853 3043 esse
2890 2985 3288 3058 Chrysostomi.
3335 2983 3548 3039 Citatur
3575 3000 3604 3036 ιι

367 3079 705 3134 Damasceno
732 3084 863 3132 tom.
892 3077 936 3143 I,
969 3093 1090 3150 pag.
1125 3077 1249 3132 871.
1276 3074 1445 3130 Savil.
1477 3076 1651 3131 edidit
1671 3074 1763 3130 VII
1784 3115 1798 3139 ,
1822 3074 1945 3129 524.

1997 3073 2169 3144 Hontf.
2202 3074 2247 3130 II
2272 3116 2287 3142 ,
2323 3075 2426 3129 846
2448 3114 2462 3138 ,
2499 3075 2594 3131 sed
2628 3090 2752 3129 cum
2782 3076 2888 3130 hoc
2925 3073 3087 3128 initio
3117 3073 3268 3126 πᾶσα
3294 3071 3476 3133 ἔνθεος
3503 3069 3604 3125 διδ.

370 3166 506 3229 Duc.
536 3164 712 3229 deest.

442 3269 600 3322 Πᾶσα
635 3270 733 3337 μὲν
766 3268 929 3339 ήάπδ
954 3270 1230 3339 χειρόνων.
1262 3268 1323 3323 In
1352 3269 1751 3324 Exaltationem
1780 3266 1983 3323 crucis.
2011 3265 2049 3320 It

2011 3265 2309 3329 Incertum,
2344 3280 2414 3319 an
2434 3264 2830 3338 Chrysostomi.
2855 3263 2941 3335 [In
2970 3258 3223 3333 spuriis.]
3249 3258 3387 3326 VIII,
3414 3258 3610 3313 67:1.—

377 3355 561 3426 lontf.
595 3355 732 3420 VIII,
758 3356 884 3413 θοι.
924 3354 1096 3414 εαυιι.
1122 3357 1188 3425 V,
1223 3356 1349 3411 825.
1377 3355 1509 3410 Duc.
1551 3355 1725 3411 deest.

441 3443 599 3496 Πᾶσα
635 3442 734 3513 μὲν
759 3444 939 3514 ἡμέρα
969 3444 1191 3515 φαιδρὰ.
1221 3445 1281 3498 1ιι
1318 3443 1374 3499 S.
1409 3445 1808 3499 Pentecostem.
1842 3442 2048 3497 Incertt

2004 3449 2119 3496 tum
2155 3456 2224 3495 an
2265 3440 2658 3512 Chrysostomi.
2704 3440 2799 3495 XII
2824 3481 2838 3505 ,
2866 3439 2990 3496 955.
3016 3471 3086 3480 -
3110 3438 3300 3511 Montf.
3331 3438 3453 3502 XII,
3486 3434 3607 3491 812.

373 3527 540 3585 Sail.
572 3530 683 3596 VII,
716 3532 840 3587 582.
874 3530 1008 3595 Duc,
1037 3531 1211 3587 deest.
1810 3550 1843 3555 ”

443 3618 600 3671 Πᾶσα
630 3615 833 3687 πρᾶξις
868 3616 1067 3685 ἀγαθή.
1101 3617 1178 3670 De
1216 3615 1461 3685 perfecta
1486 3615 1775 3680 charitate,
1808 3615 2006 3685 EcIOga
2049 3626 2116 3667 ex
2161 3612 2679 3685 Chrysostomianis.
2708 3614 2797 3678 V1,
2828 3612 2953 3672 279.
3018 3642 3064 3653 -
3113 3612 3306 3681 ﬂanti.
3338 3611 3433 3675 VI,
3484 3610 3609 3665 287.

375 3699 538 3757 Savil.
568 3704 665 3769 VI,
698 3703 819 3758 742.
849 3701 984 3763 Duc.
1010 3702 1188 3757 deest.

445 3788 625 3861 [Πᾶσα
652 3789 852 3861 πρᾶξις
877 3791 969 3842 καὶ
999 3789 1416 3861 Θαυματουργία
1440 3788 1700 3861 Χριστοῦ.
1734 3790 1793 3843 In
1824 3788 2052 3843 adoratit

1440 3788 1700 3861 Χριστοῦ.
1734 3790 1793 3843 In
1824 3788 2203 3843 adorationem
2234 3787 2438 3843 crucis.
2472 3788 2673 3858 Spuria
2703 3796 2763 3844 et
2788 3786 3037 3858 omissa]

442 3876 633 3946 Πάσης
667 3876 768 3945 μὲν
796 3873 1160 3939 θεοπνεύστου
1190 3876 1434 3953 Γραιρῆς.
1462 3875 1539 3929 De
1569 3873 1905 3929 instituenda
1934 3889 2049 3929 sect

2009 3874 2238 3929 :undum
2262 3876 2433 3930 Deum
2464 3876 2597 3938 vita,
2629 3885 2686 3931 et
2719 3875 2773 3931 in
2795 3875 2987 3931 Matth.
3018 3890 3112 3938 vu,
3148 3875 3251 3929 14:
3280 3874 3517 3944 Angusta
3542 3880 3616 3926 est

376 3973 550 4031 porta,
582 3971 638 4018 et
677 3964 975 4019 Dominicte
1008 3962 1288 4018 Orationis
1322 3962 1633 4033 explicatio.
1663 3962 1843 4017 Vertit
1872 3961 2115 4017 Achilles
2140 3962 2365 4018 Statius.
2391 3962 2704 4018 Lusitanus.
2730 3961 2916 4034 {Genti
2944 3963 3135 4018 Moutl‘.
3163 3962 3259 4033 qui
3280 3977 3400 4017 eam
3423 3959 3619 4017 asserit

372 4051 685 4124 ειη-γεοει]
716 4053 808 4117 ιιι,
839 4053 927 4107 ιι.
950 4084 1023 4094 -
1049 4051 1239 4123 Montf.
1274 4053 1364 4117 ιιι,
1394 4053 1485 4107 25.
1524 4050 1690 4106 Savil.
1716 4051 1781 4116 ν,
1818 4051 1933 4107 185.
1966 4051 1979 4103 ι

732 4053 808 4117 III,
839 4053 927 4107 41.
950 4084 1023 4094 —
1049 4051 1239 4123 Montf.
1274 4053 1364 4117 III,
1394 4053 1485 4107 25.
1524 4050 1690 4106 Savil.
1716 4051 1781 4116 V,
1818 4051 1933 4107 183.
1966 4051 2096 4104 Duc.
2124 4050 2188 4114 V,
2219 4052 2339 4105 137.

452 4137 665 4192 Παῦσαι
699 4139 1024 4210 κατηγορῶν
1052 4139 1209 4210 ἡμῶν
1244 4140 1400 4211 βραδ.
1434 4139 1743 4204 Theodoto,
1773 4140 1934 4208 epist.
1966 4139 2059 4193 137

1355 4141 1400 4193 δ.
1434 4139 1743 4204 Theodoto,
1773 4140 1934 4208 epist.
1966 4139 2086 4193 157.
2117 4136 2204 4197 III,
2232 4137 2357 4192 691.
2392 4168 2461 4186 -ι-
2496 4135 2685 4207 Moatf.
2717 4136 2808 4201 III,
2834 4136 2962 4192 681.

450 4226 643 4295 Πάσχα
674 4225 775 4297 μὲν
803 4228 988 4297 γήϊνον
1015 4226 1385 4297 ἑορτάζουσιν.
1422 4227 1481 4281 In
1510 4226 1738 4282 Pascha.
1766 4225 2024 4293 Dubium,

2011 4271 2024 4293 ,
2056 4241 2127 4287 an
2152 4224 2554 4296 Chrysostomi.
2582 4225 2682 4297 [In
2704 4224 2965 4297 Spuriis.]
2996 4226 3145 4294 VIII,
3182 4226 3303 4282 725.
3331 4257 3400 4284 _—-
3430 4224 3617 4296 Montf.

365 4310 514 4397 VIII,
541 4313 667 4378 257,
700 4312 867 4368 Savil.
896 4315 960 4379 V,
988 4314 1113 4369 917.
1138 4314 1271 4369 Duc.
1299 4314 1475 4370 deest.

450 4407 642 4476 Πάσχα
675 4407 774 4477 μὲν
801 4409 1151 4480 ἑορτάζουσιν
1183 4410 1448 4463 Ἰουδαῖοι.
1479 4409 1540 4464 In
1565 4410 1794 4465 Pascha.
1827 4411 2057 4467 Dubium

2016 4426 2086 4479 ιιι,
2120 4427 2189 4467 an
2218 4410 2618 4483 Chrysostomi.
2657 4409 2789 4466 VIII.
2822 4410 3015 4465 751.-
3046 4408 3238 4478 Montf.
3268 4408 3388 4462 Non
3420 4409 3623 4463 citatur

381 4492 438 4547 in
471 4493 585 4548 ind.
612 4493 780 4548 Savil.
808 4496 871 4560 V,
900 4496 1024 4551 925.
1058 4495 1187 4550 Duc.
1219 4496 1395 4551 deest.

452 4587 635 4658 Πάτερ
661 4590 695 4657 ἡ
705 4588 820 4658 μῶν
848 4591 876 4642 ὁ
910 4591 968 4642 ὲν
994 4591 1108 4653 τοῖς
1139 4589 1387 4660 ούρανοῖς
1405 4604 1421 4623 ·
1450 4591 1663 4662 πατέρα
1692 4591 1890 4660 λέγεις,
1918 4592 2059 4665 ἄνθρι

2022 4611 2192 4665 ρωπε.
2225 4594 2287 4649 In
2316 4594 2634 4649 Orationem
2660 4591 3029 4649 Dominicam.
3062 4589 3324 4650 Dubium,
3352 4603 3420 4641 an
3446 4588 3622 4660 Chry-

383 4675 629 4728 sostomi.
660 4673 821 4729 FABR.
856 4675 953 4730 Est
982 4683 1301 4746 excerptum
1330 4692 1398 4731 ex
1444 4692 1610 4746 opere
1639 4676 1894 4733 Germani
1931 4680 2167 4735 senioris
2188 4720 2202 4742 ,
2236 4682 2561 4750 patriarcha:
2584 4678 3135 4748 Constantinopolit.,
3169 4683 3225 4730 et
3250 4675 3576 4730 inscribitur
3608 4695 3622 4730 :

384 4758 609 4815 Theotia
632 4776 727 4815 seu
754 4761 1101 4817 consideratio
1127 4772 1176 4819 et
1203 4764 1423 4833 mystica
1447 4763 1816 4833 contemplatio
1843 4780 2020 4818 rerum
2042 4766 2515 4825 ecclesiasticarum
2534 4807 2549 4833 ,
2582 4776 2719 4823 teste
2753 4764 2945 4831 Montf.
2980 4763 3075 4834 qui
3112 4762 3169 4817 id
3198 4762 3368 4832 igitur
3394 4762 3453 4819 in
3481 4762 3626 4833 Spu-

387 4848 486 4902 riis
516 4848 744 4920 posuit.]
777 4848 912 4915 VIII,
948 4849 1070 4904 627.
1101 4880 1172 4889 —-
1202 4849 1394 4918 Monii.
1423 4849 1559 4914 VIII,
1587 4849 1709 4904 119,
1748 4849 1914 4903 Savil.
1944 4851 2007 4914 V,
2044 4852 2165 4906 707.
2194 4852 2327 4908 Duc.
2358 4854 2534 4909 deest.

456 4934 777 5005 Πειθώμεθα
800 4935 862 4990 δὲ
892 4939 956 5006 τῇ
989 4935 1109 5006 Θείᾳ
1138 4936 1345 5007 Γραφῇ.
1384 4935 1483 4991 Est
1509 4935 1697 5003 ἠθικὸν
1715 4936 1954 4992 homilia
1967 4935 2063 4993 Chl

2019 4937 2339 5009 hrysostomi
2369 4941 2437 4995 18
2460 4940 2515 4995 in
2545 4938 2745 4997 Cenes.
2778 4940 2855 4995 Ex
2884 4939 3074 4999 codice
3101 4938 3353 4997 Naniano
3369 4938 3460 5004 15,
3481 4938 3626 5008 apud

384 5020 581 5075 codices
611 5020 865 5078 Noniani.
890 5022 1029 5087 XIII,
1061 5022 1356 5095 Supplent.,
1387 5022 1493 5078 col.
1516 5021 1638 5077 499.

456 5107 816 5180 Πεπλήρωται
833 5111 975 5181 ,ἡμῖν
1006 5110 1210 5167 λοιπόν.
1236 5111 1298 5171 In
1338 5124 1533 5180 magna
1567 5109 1888 5165 Parasceve.
1911 5110 2060 5169 Verti

2022 5111 2085 5169 ιίι
2114 5112 2319 5181 Fronto
2356 5116 2613 5183 omns.
2648 5113 2923 5188 [διψία]
2954 5116 3034 5186 ιι,
3065 5115 3190 5172 su.
3233 5144 3302 5155 -
3330 5112 3521 5189 ﬂant].
3558 5112 3625 5180 ιι,

384 5198 506 5253 816.
547 5199 712 5256 Savil.
738 5201 802 5266 V,
835 5201 956 5257 906.
986 5202 1117 5256 Duc.
1153 5202 1241 5265 VI,
1267 5201 1390 5255 556.

456 5287 593 5356 Περὶ
624 5288 802 5358 γάμου
834 5288 1024 5359 πρώην
1052 5290 1206 5358 ἡμῖν.
1247 5287 1308 5343 In
1337 5286 1358 5347 1
1389 5286 1516 5353 Cor.
1551 5302 1622 5342 vn
1649 5304 1661 5340 :
1695 5285 1890 5349 Mulier
1913 5288 2063 5363 alligt

2019 5298 2139 5363 gata
2168 5299 2242 5357 est
2266 5288 2389 5361 legi,
2426 5288 2603 5351 Vertit
2624 5288 2893 5353 incertus.
2919 5289 3022 5359 111,
3048 5287 3175 5353 217.
3213 5318 3282 5330 -—
3308 5288 3496 5363 Montf.
3533 5287 3626 5343 III:

385 5371 510 5437 20.3.
541 5372 707 5429 Savil.
737 5376 802 5438 V,
833 5377 956 5432 937.
984 5374 1116 5429 Duc.
1148 5373 1273 5433 251.
1410 5428 1411 5435 η

459 5459 622 5533 [Περὶ
648 5460 758 5533 γὰρ
784 5462 882 5532 τῆς
915 5462 1147 5533 ἡμέρας.
1184 5462 1281 5516 Est
1310 5460 1674 5532 fragmentum
1708 5461 1761 5515 in
1795 5461 1982 5517 decem
2016 5462 2066 5518 vi

1085 5478 1147 5523 ις.
1184 5462 1281 5516 Est
1310 5460 1674 5532 fragmentum
1708 5461 1761 5515 in
1795 5461 1982 5517 decem
2016 5462 2257 5535 virgines
2288 5462 2692 5535 AnglicanumJ

456 5550 622 5629 [Περὶ
647 5550 755 5627 γὰρ
785 5549 892 5609 τῶν
917 5550 1236 5619 Γαλιλαίων,
1271 5543 1347 5615 ὦν
1379 5549 1742 5619 ἀπήγγειλαν.
1781 5549 1840 5603 In
1869 5549 2063 5613 Galilte‘

1379 5549 1742 5619 ἀπήγγειλαν.
1781 5549 1840 5603 1η
1869 5549 2122 5613 Galilaeos
2147 5553 2379 5610 occisos.
2410 5552 2605 5627 Spuria
2636 5560 2694 5608 et
2726 5552 2974 5627 rejecta.]

459 5638 593 5709 Περὶ
617 5638 905 5708 δογμάτων
939 5638 1068 5707 ύμῖν
1100 5638 1427 5708 ἔμπροσθεν.
1458 5638 1533 5693 De
1565 5636 1973 5695 resurrectione
2012 5656 2064 5695 ιιι

2020 5648 2381 5696 mortuorum.
2412 5639 2591 5696 Vertit
2639 5638 2902 5697 incertus.
2934 5639 2999 5708 II,
3054 5639 3180 5701 417.
3340 5636 3529 5710 Montf.
3563 5637 3627 5712 Il,

388 5727 509 5782 422.
542 5725 707 5784 εαυιι.
735 5725 821 5792 VI,
853 5726 973 5782 705.
1004 5725 1137 5783 Duc.
1163 5726 1227 5792 V,
1264 5724 1383 5782 150.
