4066 6328
266 339 3505 390 W

916 496 1184 598 AN.
1276 491 1763 595 MANL.
1864 476 2217 593 SEV.
2313 488 2843 592 ΒΟΕΤΙΙ

746 716 917 836 IN
1012 704 2196 839 PORPHYRIUM
2288 699 3066 871 DIALOGI

1233 926 1291 1001 A
1341 922 1891 1027 VICTORINO
1944 919 2539 998 TRANSLATI.

1274 1175 1908 1282 DIALOGUS
1972 1152 2495 1278 PRIMUS.

329 1439 630 1497 llicmantis
651 1436 773 1492 anni
804 1444 1045 1503 tempore
1068 1432 1121 1486 in
1149 1427 1380 1484 Aureliae
1412 1420 1687 1482 mentibus
1708 1440 1839 1480 con-
1866 1431 1915 1489 Α
1944 1434 2131 1478 essent
2162 1423 2372 1477 subdita
2402 1422 2614 1492 species
2639 1424 2895 1493 appellari
2932 1441 2945 1476 :
2978 1438 3138 1494 porro
3168 1431 3345 1479 autem
3383 1442 3515 1479 nun-

263 1546 618 1593 cesseramus,
674 1537 832 1596 atque
869 1524 940 1580 ibi
982 1534 1108 1577 tunc
1154 1536 1274 1575 cum
1327 1518 1611 1573 violentior
1660 1526 1845 1572 auster

264 1623 517 1691 eiecisset
542 1620 713 1674 noctis
742 1616 1005 1685 placidam
1035 1622 1195 1682 atque
1221 1610 1561 1664 exturbasset
1584 1608 1843 1677 quietem,

267 1725 549 1768 recensere
577 1710 783 1764 libitum
817 1716 901 1761 est
935 1719 998 1761 ea
1025 1718 1142 1774 qua:
1163 1701 1461 1756 doctissimi
1499 1700 1599 1753 viri
1627 1698 1693 1752 ad
1724 1698 1846 1753 illu-

268 1803 546 1857 minandas
592 1795 987 1869 quodammodo
1037 1794 1177 1849 acies
1232 1792 1533 1847 intellectus
1580 1790 1845 1845 densitate

264 1893 731 1963 caligantissimas,
757 1885 1075 1957 quibusdam
1102 1885 1253 1955 quasi
1276 1882 1676 1937 introductoriis
1697 1897 1847 1936 com-

269 1983 544 2039 mentariis
587 1979 892 2036 ediderunt.
937 1975 1063 2045 Ejus
1111 1988 1246 2028 vero
1284 1973 1362 2027 rei
1409 1971 1601 2050 Fabius
1633 1970 1845 2025 initium

270 2077 414 2139 fecit,
442 2073 532 2142 qui
564 2086 683 2126 cum
717 2085 802 2123 me
842 2066 1043 2121 lectulo
1068 2063 1493 2127 recumbcntcm,
1517 2072 1569 2117 et
1602 2059 1844 2131 quadam

270 2179 427 2233 super
471 2160 672 2217 eisdem
699 2159 865 2235 rebus
903 2154 1227 2224 cogitantem
1278 2152 1727 2221 meditantemque
1773 2151 1849 2205 vi-

270 2255 453 2318 disset,
500 2253 764 2315 hortatus,
796 2256 853 2302 ut
892 2246 1033 2316 quod
1063 2260 1204 2313 saepe
1232 2258 1382 2298 eram
1422 2242 1707 2312 pollicitus,
1750 2242 1877 2297 ali»

270 2360 422 2414 quam
462 2344 537 2398 illi
563 2343 677 2411 ejus
705 2340 783 2395 rei
829 2338 1095 2392 traderem
1139 2335 1497 2403 disciplinam.
1544 2328 1845 2403 Complaci-

272 2444 378 2490 tum
408 2442 493 2488 est
529 2433 708 2503 igitur,
733 2428 986 2499 quoniam
1031 2435 1158 2480 tunc
1187 2435 1240 2479 ct
1271 2424 1610 2479 familiarium
1648 2424 1847 2478 saluta-

270 2523 469 2589 tiones,
495 2529 554 2575 et
584 2517 875 2573 domestica
905 2514 1117 2584 negotia
1147 2512 1450 2568 cessabant.
1484 2512 1847 2581 Interrogatus

272 2627 297 2667 a
333 2626 420 2667 me
449 2625 577 2680 ergo
602 2623 765 2677 super
795 2607 982 2677 quibus
1011 2605 1171 2659 vellet
1192 2605 1352 2659 rebus
1382 2620 1468 2658 me
1504 2604 1751 2658 enodare
1768 2602 1848 2657 at-

272 2718 372 2774 que
400 2701 820 2771 expedire,tunc
850 2696 1044 2751 Fabius
1067 2714 1082 2749 :
1106 2696 1390 2762 Quoniam,
1413 2694 1606 2763 inquit,
1640 2704 1849 2759 tempus

274 2794 334 2849 td
355 2793 531 2848 studia
565 2799 734 2854 vacat,
770 2797 827 2844 et
848 2787 951 2842 hoc
979 2788 1147 2842 otium
1190 2787 1241 2841 in
1267 2785 1549 2840 honestum
1581 2785 1848 2853 negotium

274 2886 508 2941 converti
532 2884 674 2949 licet,
714 2897 846 2952 rogo
874 2890 929 2936 ut
955 2881 1084 2934 mihi
1114 2879 1350 2948 explices
1374 2878 1425 2932 id
1452 2876 1593 2947 quod
1618 2876 1850 2930 Victori-

276 2993 369 3032 Ius
393 2985 580 3031 orator
605 2975 686 3028 sui
722 2971 981 3041 temporis
1012 2971 1179 3031 ferme
1201 2968 1541 3023 doctissimus
1560 2982 1588 3021 a
1612 2966 1851 3037 Porphy-

275 3069 353 3122 rio
408 3081 505 3136 per
549 3068 871 3137 εἰσαγωγὴ),
926 3060 978 3115 id
1027 3071 1109 3115 est
1154 3076 1251 3128 per
1299 3057 1601 3135 intrqductb
1625 3071 1746 3111 nem
1799 3056 1853 3110 in

276 3158 579 3215 Aristotelis
599 3154 907 3227 thegorias
935 3153 1124 3208 dicitur
1148 3152 1503 3206 transtulisse.
1533 3149 1603 3205 Et
1625 3150 1851 3218 primum

277 3248 572 3317 disciplinis
597 3243 933 3300 didascalicis
969 3242 1197 3313 quibusd
1236 3257 1287 3295 m
1324 3256 1410 3295 me
1440 3240 1639 3303 imbue,
1664 3239 1855 3310 quibus

278 3340 611 3408 cxpositores
641 3337 724 3391 vel
768 3336 929 3391 etiam
968 3341 1440 3395 commentatores,
1476 3340 1531 3386 ut
1566 3330 1858 3403 discipulo-

279 3446 390 3484 rum
418 3430 632 3483 animos
658 3426 931 3481 docilitate
971 3423 1198 3495 quadam
1240 3431 1572 3491 assuescant,
1616 3429 1859 3476 utuntur.

281 3521 424 3575 fune
460 3535 601 3589 ego:
633 3518 737 3573 Sex
780 3516 1016 3582 omnino,
1060 3515 1298 3583 inquam,
1334 3510 1572 3581 magistri
1618 3510 1668 3565 in
1714 3510 1859 3564 omni

282 3610 614 3679 expositione
645 3608 948 3677 prtelibant.
987 3605 1304 3659 Praedocent
1332 3605 1474 3658 enim
1507 3617 1627 3672 qua:
1666 3602 1738 3657 sit
1768 3617 1862 3657 cu-

280 3710 582 3769 'iuscunque
621 3698 799 3767 operis
840 3696 1086 3760 intentio,
1134 3694 1274 3764 quod
1321 3694 1459 3763 apud
1506 3693 1626 3748 illos
1669 3695 1863 3755 σκόπος

282 3800 522 3847 vocatur.
550 3788 857 3845 Secundum
880 3803 1000 3857 quae
1026 3787 1245 3852 utilitas,
1276 3785 1417 3854 quod
1442 3800 1472 3838 a
1498 3784 1699 3840 Graecis
1724 3788 1889 3860 χρή--

283 3905 429 3955 τιμον
461 3881 781 3950 appellatur.
819 3879 1060 3932 Tertium
1089 3879 1178 3948 qui
1222 3877 1378 3942 ordo,
1406 3877 1547 3946 quod
1580 3876 1751 3931 ϐτωοί
1778 3892 1866 3931 vo-

282 3983 410 4029 cant
454 3976 616 4037 τάξιν.
645 3972 881 4040 Quarum
912 3972 956 4025 si
986 3970 1102 4039 ejus
1145 3969 1297 4038 cujus
1335 3984 1455 4024 esse
1482 3984 1616 4037 opus
1647 3968 1866 4036 dicitur,

1944 1530 2102 1585 quam
2133 1530 2300 1584 genus
2324 1514 2415 1567 uni
2448 1516 2645 1584 speciei
2684 1530 2847 1586 genus
2879 1530 2998 1571 esse
3032 1530 3206 1586 posse,
3237 1518 3330 1573 sed
3359 1519 3517 1586 pluri-

1946 1606 2065 1660 bus.
2097 1605 2284 1659 Plures
2326 1613 2503 1659 autem
2540 1605 2749 1674 species
2792 1620 2895 1659 non
2928 1621 3085 1675 posse
3115 1621 3237 1662 esse
3266 1607 3520 1677 multipli-

1945 1712 2059 1769 ces,
2093 1697 2197 1751 nisi
2236 1712 2328 1753 eas
2354 1698 2530 1767 aliqua
2575 1697 2825 1753 discretio
2853 1708 3084 1768 separet.
3128 1698 3185 1756 Si
3210 1702 3355 1756 enim
3392 1699 3520 1757 nihil

1947 1793 2047 1847 sibi
2071 1791 2363 1847 dissimiles
2382 1790 2575 1855 forent,
2601 1806 2703 1845 una
2732 1793 2939 1860 species
2961 1807 3065 1846 non
3098 1791 3418 1862 multiplices
3440 1792 3520 1845 vi-

1948 1881 2224 1938 derentur.
2267 1882 2356 1936 illa
2388 1882 2553 1951 igitur
2579 1881 2771 1935 divisio
2820 1889 2875 1936 et
2906 1881 3281 1938 dissimilitudo
3317 1882 3521 1951 specie.

1949 1989 2067 2028 rum
2102 1972 2415 2029 differentiae
2443 1974 2658 2027 nomine
2690 1958 2989 2029 vocitantur
3035 1973 3222 2029 Omnia
3245 1989 3371 2029 ver.)
3405 1989 3523 2043 qua:

1951 2064 2126 2133 aliqua
2158 2080 2216 2119 re
2237 2064 2509 2128 differunt.
2544 2065 2659 2119 fieri
2686 2064 2843 2119 aliter
2882 2080 2987 2119 non
3017 2073 3244 2134 possunt
3273 2065 3369 2119 nisi
3403 2063 3522 2132 qui-

1951 2154 2175 2210 busdam
2211 2157 2441 2225 propriis
2470 2156 2828 2225 solitariisque
2871 2156 3073 2210 naturis
3104 2155 3351 2226 insignita
3393 2155 3521 2208 sint.

1952 2246 2129 2316 Atque
2164 2246 2276 2300 haec
2314 2247 2593 2302 hactenus.
2625 2246 2826 2302 Videns
2864 2261 2991 2316 ergo
3034 2246 3176 2316 quod
3208 2246 3383 2301 omnis
3412 2260 3527 2299 om-

1948 2338 2095 2391 nium
2125 2337 2453 2406 disparilitas
2484 2340 2534 2391 in
2561 2340 2768 2406 gemina
2798 2353 2977 2392 rerum
3019 2337 3277 2407 principia
3317 2352 3525 2393 secare-

1950 2436 2054 2491 tur,
2090 2427 2141 2481 in
2169 2427 2519 2481 substantiam
2544 2438 2704 2497 atque
2741 2428 3010 2495 accidens,
3042 2427 3113 2487 ita
3144 2436 3201 2481 ut
3240 2442 3411 2498 neque
3439 2443 3525 2483 ac-

1947 2518 2132 2573 cidens
2178 2519 2297 2574 sine
2341 2520 2655 2584 substantia,
2708 2535 2880 2589 neque
2924 2519 3042 2574 sine
3091 2518 3354 2575 accidenti
3401 2519 3527 2573 sub-

1949 2609 2146 2663 stantia
2204 2622 2321 2663 esse
2381 2610 2566 2677 possit.
2625 2609 2890 2665 Accidens
2935 2609 3133 2679 quippe
3181 2610 3297 2666 sine
3346 2610 3529 2679 aliqua

1878 2720 1927 2779 Β
1953 2700 2260 2755 substantia:
2292 2698 2637 2753 fundamento
2683 2714 2803 2754 esse
2842 2714 2946 2754 non
2990 2708 3204 2769 potest:
3229 2700 3529 2756 substantia

1958 2804 2088 2844 vero
2115 2791 2226 2857 ipsa
2249 2790 2364 2843 sine
2387 2791 2689 2857 superjecto
2715 2790 2991 2845 accidente
3011 2785 3179 2846 videri
3203 2790 3351 2846 nullo
3363 2792 3528 2847 modo

1955 2889 2149 2950 potest.
2185 2879 2254 2936 Ut
2279 2880 2423 2935 enim
2452 2881 2603 2935 color
2633 2880 2701 2934 sit
2729 2880 2870 2950 quod
2896 2889 2978 2935 est
3011 2881 3279 2948 accidens,
3306 2880 3366 2957 in
3408 2896 3530 2938 cor-

1954 2987 2085 3042 pore
2110 2971 2213 3026 erit
2237 2970 2378 3040 quod
2400 2982 2479 3025 est
2507 2969 2823 3026 substantia.
2856 2971 3024 3027 Porro
3052 2980 3227 3027 autem
3248 2985 3375 3029 cum
3405 2987 3529 3030 cor-

1955 3076 2090 3132 pus,
2123 3061 2178 3116 id
2233 3069 2315 3115 est
2361 3060 2712 3117 substantiam
2760 3061 2995 3129 videris,
3055 3063 3358 3135 insignitam
3406 3079 3556 3122 eam‘

1956 3153 2242 3216 accidenti,
2290 3151 2343 3206 id
2374 3162 2460 3207 est
2488 3153 2669 3221 aliquo
2709 3152 2892 3208 colore
2927 3154 3203 3226 reSpicies.
3252 3157 3432 3227 Itaque
3470 3157 3531 3213 fit

1958 3252 2015 3296 ut
2044 3257 2218 3313 neque
2244 3243 2540 3297 substantia
2571 3251 2764 3311 prmter
2792 3240 3041 3300 accidens
3062 3245 3161 3314 sit,
3185 3254 3356 3318 neque
3385 3247 3530 3302 acci-

1958 3334 2093 3389 dens
2132 3350 2162 3388 a
2201 3334 2499 3389 substantia
2538 3334 2888 3401 relinquatur.
2934 3335 3033 3392 Ubi
3063 3341 3206 3392 enim
3235 3339 3527 3394 substantia
3614 3326 3615 3329 “

1962 3426 2081 3491 fuit,
2109 3441 2232 3480 mox
2257 3425 2503 3481 accidens
2528 3437 2872 3483 consecutum
2899 3438 3002 3485 est.
3040 3430 3356 3499 Speculatus
3376 3430 3541 3501 igitur

1962 3515 2290 3585 Porphyrius
2320 3516 2374 3569 in
2414 3516 2498 3569 his
2536 3517 2739 3571 dubus
2766 3519 2946 3585 rebus,
2978 3520 3028 3574 id
3062 3529 3151 3575 est
3191 3521 3454 3577 accidenti
3482 3530 3538 3578 et

1961 3604 2279 3673 substantia,
2316 3619 2535 3675 genera,
2576 3608 2803 3675 species,
2833 3610 3069 3678 propria,
3098 3609 3538 3682 differentiasque

1964 3694 2187 3757 versari,
2216 3702 2271 3749 et
2298 3694 2438 3764 quod
2465 3696 2578 3764 ipsa
2608 3711 2701 3766 per
2729 3713 2789 3753 se
2832 3698 2940 3754 sint
2965 3714 3157 3770 genera
3200 3701 3454 3771 subjectis
3481 3711 3538 3759 et

1965 3784 2363 3854 sm'njaeentibus
2393 3787 2697 3855 speciebus,
2728 3804 2847 3859 quae
2880 3789 3197 3847 diﬂ'erentiis
3229 3801 3284 3847 et
3310 3795 3544 3864 prapriis

1966 3877 2231 3947 insigriitte
2261 3885 2417 3943 sunt,
2448 3879 2634 3933 statuit
2668 3880 3032 3949 principaliter
3060 3882 3129 3938 de
3158 3898 3384 3953 genere,
3417 3900 3541 3955 spe-

1969 3967 2071 4034 cie,
2114 3967 2432 4034 differentia,
2490 3971 2825 4040 propriisque
2877 3979 3127 4027 tractare.
3183 3974 3247 4028 Et
3290 3975 3541 4044 quoniam

276 4062 569 4135 geManus
596 4064 951 4134 propriusque
979 4062 1115 4117 liber
1149 4070 1252 4126 est,
1286 4060 1425 4132 quod
1449 4066 1658 4135 γνήσιον
1686 4063 1859 4117 inter-
1885 4049 1931 4111 C
1965 4066 2216 4113 tractatus
2253 4058 2340 4113 hic
2386 4058 2440 4112 in
2478 4060 2879 4117 definitionibus
2901 4100 2920 4127 ,
2966 4071 3025 4117 ut
3061 4072 3183 4133 post
3209 4059 3545 4131 docebimus,

280 4154 485 4226 pretari
505 4153 665 4209 solet.
694 4154 950 4219 Quintum
976 4167 1093 4221 qua}
1125 4152 1193 4205 sit
1219 4150 1335 4217 ejus
1364 4153 1540 4219 cperis
1567 4151 1865 4220 inscriptio,

283 4248 426 4318 quod
469 4248 745 4319 ἐπιγραφήν
787 4245 959 4299 Grarci
990 4244 1292 4299 nominant.
1330 4243 1383 4295 In
1418 4244 1517 4297 hoc
1544 4245 1702 4296 etiam
1730 4245 1869 4313 quod

283 4341 641 4398 mtentionem
682 4338 941 4407 cujusque
972 4337 1093 4391 libri
1134 4338 1321 4391 insolei
1338 4346 1417 4391 ter
1456 4337 1872 4407 interpretaren-

283 4444 396 4495 tur,
443 4431 512 4486 de
562 4430 913 4497 inscriptione
952 4442 1161 4497 quoque
1208 4428 1385 4496 operis
1427 4428 1566 4497 apud
1614 4432 1869 4497 quosdam

284 4522 469 4573 minus
497 4518 754 4572 callentes
777 4517 1077 4570 Imitatum
1108 4527 1210 4570 est.
1238 4517 1458 4572 Sextum
1484 4527 1567 4572 est
1589 4518 1641 4571 id
1666 4518 1868 4588 dicere,

286 4596 354 4664 ad
387 4627 545 4681 quam
567 4620 770 4679 partem
801 4609 1151 4677 philosophia:
1179 4610 1544 4679 cujuscunque
1566 4611 1684 4665 libri
1717 4611 1877 4665 duca-

287 4715 379 4758 tur
416 4705 665 4769 intentio,
716 4703 855 4771 quod
899 4702 1083 4758 Graeca
1128 4704 1368 4759 oratione
1415 4704 1607 4759 dicitur
1633 4708 1706 4767 εἰς
1736 4714 1879 4761 ποῖον

290 4802 448 4873 μέρος
474 4798 759 4870 pelea-cpia:
787 4799 1045 4869 ἀνάγκη.
1075 4796 1199 4851 Haec
1217 4812 1346 4867 ergo
1360 4797 1535 4851 omnia
1564 4798 1616 4851 in
1640 4799 1880 4867 quolibet

291 4888 650 4959 philosophia:
694 4886 827 4943 libro
865 4887 1034 4954 quaeri
1081 4888 1352 4951 convenit,
1404 4895 1565 4954 atque
1611 4889 1878 4957 expediri.

288 4980 450 5033 Tune
480 4978 696 5040 Fabius.
728 4992 846 5046 qua:
867 4985 1012 5032 esset
1032 4977 1439 5032 introductionis
1464 4978 1691 5033 intentio
1717 4979 1883 5034 inter-

292 5073 530 5142 rogavit.
570 5072 635 5125 Et
661 5086 763 5140 ego
804 5070 1062 5139 inquam:
1095 5071 1434 5134 Aristoteles,
1472 5072 1560 5139 qui
1592 5071 1763 5126 factus
1802 5079 1886 5125 est

294 5162 714 5220 introductionis
755 5176 913 5230 pons.
957 5176 1063 5216 non
1113 5163 1265 5216 aliter
1288 5161 1509 5232 intelligi
1541 5170 1739 5230 potest,
1781 5162 1885 5216 nisi

292 5259 453 5324 ipsas
480 5268 570 5307 res
598 5252 663 5307 de
699 5251 892 5319 quibus
930 5251 1299 5319 disputaturus
1341 5257 1443 5313 est,
1474 5251 1537 5304 ad
1585 5252 1888 5321 intelligen—

1977 4148 2237 4218 proderit,
2269 4148 2316 4203 si
2341 4150 2461 4220 quis
2491 4160 2666 4206 autem
2695 4151 2751 4206 in
2781 4152 3093 4209 definitione
3122 4157 3358 4225 generali
3386 4167 3548 4228 ponat

1976 4241 2244 4306 accidens,
2291 4256 2412 4296 eum
2462 4256 2568 4296 non
2612 4251 2759 4297 recte
2798 4242 3023 4299 definire
3070 4246 3408 4302 manifestum
3446 4257 3550 4316 est,

1975 4330 2116 4400 quod
2148 4347 2246 4385 suo
2272 4332 2388 4387 loco
2427 4333 2760 4400 tractabitur,
2794 4335 2977 4389 statuit
3016 4350 3180 4406 pauca
3211 4338 3277 4393 de
3305 4339 3552 4395 acciden-

1979 4426 2119 4479 tibus
2147 4427 2445 4494 praelibare.
2484 4427 2558 4481 Ita
2585 4428 2727 4482 enim
2761 4443 2859 4483 nos
2891 4429 3336 4498 prudentissimus
3367 4432 3553 4489 doctor

1980 4517 2228 4581 instituit,
2260 4526 2317 4571 ut
2339 4526 2464 4571 tunc
2495 4518 2544 4571 in
2571 4516 2969 4574 definitionibus
2989 4520 3313 4590 quibuslibet
3341 4523 3551 4592 plenam

1980 4609 2257 4662 scientirm
2306 4623 2561 4678 queamus
2609 4610 2872 4678 accipere,
2917 4627 3036 4666 cum
3084 4596 3225 4683 quod
3272 4615 3439 4683 prosit
3478 4615 3556 4669 di-

1982 4708 2123 4751 ctum
2157 4697 2246 4766 sit,
2277 4708 2331 4753 et
2358 4700 2499 4769 quod
2540 4715 2645 4754 non
2678 4702 2746 4755 sit
2774 4702 2924 4769 utile,
2952 4714 3279 4773 segregetur.
3312 4705 3434 4761 Haec
3462 4707 3557 4776 igi-

1985 4797 2071 4843 tur
2100 4789 2254 4858 hujus
2283 4791 2462 4858 operis
2503 4791 2725 4847 intentio
2754 4802 2858 4861 est,
2889 4793 2957 4849 de
2984 4808 3201 4865 genere,
3230 4796 3430 4866 specie,
3458 4796 3559 4851 dif-

1986 4878 2263 4945 ferentiis,’
2282 4883 2536 4951 propriis,
2564 4882 3038 4955 accidentibusque
3069 4894 3316 4943 tractare.
3350 4887 3445 4943 Hic
3467 4887 3561 4942 Fa-

1987 4971 2141 5025 bius:
2180 4971 2472 5041 Expedisti,
2504 4974 2698 5043 inquit,
2739 4974 2808 5029 de
2846 4976 3163 5043 intentione,
3204 4993 3341 5033 nunc
3366 4978 3562 5033 utilita-

1990 5069 2094 5116 tem
2145 5062 2374 5132 explica.
2431 5063 2611 5131 Varia,
2659 5064 2895 5132 inquam,
2944 5075 3000 5121 et
3043 5068 3319 5138 multiplex
3362 5068 3416 5122 in
3461 5068 3564 5124 hoc
3618 5084 3625 5089 ’

1988 5167 2154 5222 opere
2212 5154 2565 5209 commoditas
2623 5156 2931 5226 utilitasque
2992 5167 3255 5215 versatur.
3323 5159 3563 5216 Primum

1989 5244 2129 5300 enim
2185 5244 2237 5298 in
2291 5246 2595 5302 Aristotelis
2633 5249 2933 5318 categorias
2987 5265 3241 5320 perquam
3296 5251 3565 5307 uberrime

296 5346 437 5399 tiam
471 5356 852 5411 praeparemus.
887 5340 1086 5396 Videris
1130 5341 1269 5395 enim
1301 5341 1630 5412 Porphyrius
1663 5342 1805 5411 quod
1835 5342 1886 5396 in
1914 5346 1967 5404 Ι)
1993 5339 2231 5408 prodest.
2277 5339 2415 5405 Quid
2468 5352 2644 5396 autem
2676 5344 2843 5412 prosit
2878 5343 3139 5410 dicemus,
3180 5361 3301 5401 cum
3342 5345 3411 5403 de
3452 5346 3566 5417 ejus

296 5434 473 5487 rebus
492 5433 743 5486 omnibus
766 5440 948 5485 essent
975 5430 1222 5499 quaedam
1253 5430 1424 5500 prima
1452 5438 1661 5498 natura,
1694 5446 1761 5487 ex
1783 5434 1893 5501 qui-

222 5584 225 5585 ,
295 5523 409 5576 bus
456 5521 655 5583 omnia,
702 5520 847 5573 velut
875 5534 939 5574 ex
983 5520 1163 5589 aliquo
1211 5519 1357 5577 fonte
1391 5530 1689 5587 manarent,
1720 5531 1775 5577 et
1803 5522 1893 5577 illa

295 5627 432 5679 qua:
477 5612 646 5679 prima
694 5623 898 5678 essent,
929 5621 983 5667 et
1026 5612 1368 5668 subsistentia
1412 5630 1554 5680 esse,
1594 5625 1648 5669 et
1683 5618 1897 5686 generis

297 5700 577 5756 vocabulo
607 5701 923 5770 nuncupari.
964 5703 1133 5757 Porro
1164 5713 1341 5757 autem
1373 5719 1641 5774 nunquam
1666 5722 1786 5762 esse
1811 5723 1897 5775 ge-

298 5807 415 5846 nus
452 5806 628 5861 posse,
660 5792 759 5844 nisi
792 5793 839 5844 ei
871 5793 1112 5857 quaedam
1149 5794 1247 5847 alia
1292 5775 1668 5865 subderentur,
1696 5805 1752 5851 et
1775 5812 1901 5866 quae

679 5882 947 5941 PA'lltflL.
982 5882 1204 5943 LXIV.

1997 5429 2117 5484 libri
2167 5430 2519 5498 inscriptione
2568 5434 2933 5504 tractabimus,
2981 5436 3075 5491 sed
3120 5439 3171 5490 in
3212 5438 3404 5506 quibus
3449 5439 3568 5494 aliis

1997 5522 2186 5591 prosit,
2216 5523 2396 5590 paucis
2425 5523 2773 5593 philosophia;
2798 5524 2965 5594 ipsius
2994 5526 3255 5581 divisione
3285 5527 3421 5582 facta
3452 5542 3568 5597 per-

1998 5609 2274 5679 stringam.
2306 5611 2370 5664 Et
2398 5612 2544 5680 prius
2573 5612 2696 5682 quid
2724 5614 2794 5669 sit
2822 5614 2933 5683 ipsa
2966 5615 3298 5685 philosophia
3327 5618 3569 5672 conside-

1999 5691 2224 5757 randum
2254 5711 2356 5756 est.
2394 5703 2488 5758 Est
2531 5705 2671 5759 enim
2698 5706 3029 5776 philosophia
3058 5722 3210 5764 amor
3252 5717 3307 5764 et
3339 5708 3570 5764 studium

2004 5802 2059 5849 et
2097 5793 2327 5848 amicitia
2354 5794 2748 5864 quodammodo
2792 5798 3087 5867 sapientiae.
3132 5800 3416 5870 Sapientia:
3445 5813 3572 5855 vero

3106 5888 3139 5949 1
