4066 6328
476 351 535 407 i!
1686 356 1797 414 AN.
1843 356 2046 413 MANL.
2088 358 2236 413 sev.
2282 359 2501 416 nomn
3584 390 3587 391 κ
3670 380 3731 433 ,ε

476 482 582 531 non
610 466 767 539 hujus
795 484 911 540 qua:
943 469 995 525 in
1027 469 1230 531 artibus
1256 468 1571 538 quibusdam
1605 478 1659 525 et
1689 472 1738 525 in
1765 471 1941 541 aliqua
1971 471 2045 525 fa-
2077 474 2125 535 Α
2157 469 2353 527 faciens
2386 474 2773 543 pmnitendum.
2798 475 3045 531 Secunda
3079 494 3205 534 vero
3232 473 3313 536 est
3336 496 3451 551 quae
3481 484 3731 551 reipubli-

474 558 592 615 brili
635 561 855 615 scientia
897 560 1187 628 nolitiaque
1226 568 1492 627 versatur,
1524 560 1616 615 sed
1646 560 1788 616 illius
1830 563 2047 631 sapien-

474 650 581 719 tize,
607 666 726 720 qua:
757 648 956 706 nullius
982 649 1243 716 indigens,
1268 646 1417 703 vivat
1445 666 1615 716 mens,
1650 660 1705 705 et
1731 652 1845 705 sola
1874 667 2049 706 rerum

475 744 728 813 primaeva
767 744 902 796 ratio
949 753 1050 796 est.
1102 740 1197 795 Est
1249 751 1443 795 autem
1469 742 1554 795 hic
1591 756 1741 796 amor
1778 743 2051 809 sapientia:

474 828 824 906 i'ntelligentis
849 833 1013 885 animi
1043 832 1111 885 ab
1140 833 1229 886 illa
1260 847 1395 906 pura
1419 834 1681 906 sapientia
1713 832 2048 900 illuminatio,

472 934 526 979 et
554 903 947 993 quodammodo
976 922 1042 976 ad
1081 922 1312 990 seipsam
1344 903 1597 977 retr‘actio
1626 933 1784 992 atque
1819 924 2050 977 advoca-

404 1040 411 1045 -
475 1014 569 1081 tio,
600 1023 656 1068 ιιι
682 1013 925 1066 videatur
947 1012 1180 1067 studium
1214 1027 1366 1080 teque
1389 1012 1682 1081 sapientia,
1712 1014 1943 1067 studium
1971 1014 2053 1068 di-

472 1106 703 1159 vinitatis
742 1114 796 1159 et
836 1120 980 1173 pura:
1020 1104 1215 1158 mentis
1246 1104 1389 1158 illius
1434 1106 1688 1161 amicitia.
1736 1107 1860 1162 llazc
1894 1108 2051 1177 igitur

474 1195 732 1261 sapientia
764 1186 957 1246 cuncto
989 1194 1287 1247 animarum
1321 1196 1499 1262 generi
1533 1196 1782 1251 meritum
1812 1213 1925 1251 sua:
1968 1197 2049 1252 di-

470 1285 707 1339 vinitatis
733 1284 977 1353 imponit,
1012 1295 1066 1339 et
1091 1286 1156 1339 ad
1186 1287 1451 1356 propriam
1484 1296 1686 1342 natura:
1713 1290 1817 1344 vim
1848 1293 2049 1359 purita-

468 1384 682 1445 temqne
724 1375 947 1432 reducit.
1002 1378 1135 1432 Hinc
1174 1379 1410 1433 nascitur
1436 1380 1855 1448 Speculationum
1895 1382 2045 1452 cogi-

468 1468 829 1537 tationumque
871 1468 1091 1543 veritas,
1132 1478 1190 1525 et
1231 1480 1414 1525 sancta
1448 1486 1685 1542 puraque
1710 1484 1920 1529 actuum
1952 1490 2044 1529 ca-

466 1558 734 1612 stimonia.
768 1559 898 1625 Qua:
940 1576 1027 1615 res
1056 1561 1107 1614 in
1154 1561 1321 1630 ipsius
1348 1563 1694 1634 philosophice
1729 1565 2043 1621 divisionem

466 1648 866 1719 sectionemque
895 1652 1244 1707 convertitur.
1284 1652 1379 1707 Est
1411 1658 1550 1708 enim
1582 1655 1913 1725 philosophia
1949 1673 2044 1726 ge-

465 1754 585 1804 nus,
626 1742 833 1809 species
862 1756 991 1795 vero
1021 1742 1136 1811 ejus
1166 1742 1308 1807 duae,
1339 1759 1443 1797 una
1469 1759 1586 1814 qua:
1612 1748 1888 1821 θεωρητική
1920 1749 2047 1802 dici-

465 1838 570 1895 tur,
589 1830 756 1884 altera
780 1846 900 1900 qua:
921 1838 1199 1907 πρακτική.
1232 1833 1283 1887 id
1313 1843 1395 1888 est
1415 1836 1744 1904 speculativa
1773 1848 1827 1893 et
1845 1839 2039 1893 activa.

466 1923 633 1978 Erunt
671 1932 853 1979 autem
904 1935 981 1980 tot
1024 1925 1368 1995 speculativa:
1417 1928 1771 1999 philosophia:
1814 1932 2042 1999 species,

466 2022 593 2082 quot
622 2024 743 2069 sunt
767 2029 852 2072 res
882 2018 933 2070 in
958 2016 1149 2086 quibus
1166 2018 1322 2087 justae
1345 2020 1637 2084 speculatio
1657 2022 2047 2076 consideratio-

464 2111 547 2165 nis
570 2110 814 2165 habetur.
841 2111 1089 2181 Quotque
1109 2121 1321 2167 actuum
1345 2113 1702 2179 diversitates,
1737 2123 1814 2170 tot
1839 2115 2045 2185 species

464 2204 853 2272 varietatesque
884 2205 1162 2258 virtutum.
1208 2204 1300 2258 Est
1335 2203 1495 2273 igitur
1525 2207 1851 2283 θεωρητικῆς,
1885 2206 1935 2259 id
1964 2214 2046 2261 est

464 2295 888 2363 contemplativae
914 2294 995 2350 vel
1028 2294 1367 2363 speculativa:
1408 2296 1600 2365 triplex
1631 2297 1932 2360 diversitas,
1964 2306 2047 2350 at-

464 2400 566 2454 que
595 2386 706 2453 ipsa
752 2398 877 2452 pars
906 2384 1260 2454 philosophia:
1305 2385 1359 2439 in
1392 2394 1501 2440 tres
1535 2386 1744 2453 Species
1770 2386 2042 2440 dividitur.

464 2476 559 2529 Est
601 2476 741 2530 enim
808 2476 1111 2552 θεωρητικῆς
1154 2490 1279 2544 pars
1310 2491 1412 2530 una
1464 2476 1530 2531 de
1571 2476 2041 2545 intellectibilibus,

463 2566 564 2619 alia
596 2566 663 2620 de
694 2559 1141 2635 intelligibilibns,
1168 2567 1270 2621 alia
1299 2567 1367 2622 de
1398 2567 1746 2622 naturalibus.
1781 2567 1931 2621 Tunc
1966 2568 2047 2621 in-

464 2658 767 2725 terpellavit
787 2658 1003 2723 Fabius,
1037 2658 1365 2728 miratusque
1394 2668 1476 2714 est
1506 2661 1629 2728 quid
1662 2658 1763 2713 hoc
1786 2658 1912 2712 novi
1934 2673 2048 2712 ser-

466 2749 639 2805 monis
670 2758 833 2814 esset,
865 2749 1007 2817 quod
1039 2765 1199 2805 unam
1231 2750 1574 2819 speculativze
1604 2760 1807 2820 partem
1834 2749 2043 2803 intelle-

467 2842 698 2897 ctibilern
721 2843 1103 2898 nominassem.
1129 2842 1284 2908 Nota,
1317 2844 1554 2913 inquam,
1581 2841 2048 2909 quoniameLatino

465 2948 711 2989 sermone
736 2948 1006 3003 nunquam
1032 2932 1231 2987 dictum
1261 2933 1457 3000 reperi,
1491 2931 1899 2992 intellectibilia,
1923 2944 2049 2998 ego-

465 3034 573 3081 met
602 3039 718 3079 mea
748 3024 899 3079 verbi
920 3023 1315 3091 compositione
1346 3023 1551 3075 vocavi.
1594 3021 1690 3077 Est
1715 3020 1855 3074 enim
1887 3018 2043 3074 intel-

466 3114 697 3169 lectibile
736 3112 877 3182 quod
908 3127 1070 3166 unum
1112 3120 1271 3179 atque
1308 3110 1446 3164 idem
1493 3125 1587 3177 per
1620 3125 1692 3164 se
1736 3110 1790 3162 in
1838 3107 2046 3178 propria

466 3220 680 3273 semper
709 3202 991 3258 divinitate
1032 3201 1331 3257 consistens
1365 3217 1377 3253 :
1413 3200 1834 3269 nullis'unqnam
1877 3198 2050 3254 sensi-

466 3298 585 3362 bus,
631 3296 724 3350 sed
773 3295 893 3375 sola
928 3303 1130 3348 tantum
1177 3301 1356 3347 mente
1394 3292 1774 3360 intellectuque
1816 3292 2045 3360 capitur.

467 3390 597 3455 Quae
622 3403 706 3443 res
728 3386 794 3441 ad
817 3385 1237 3456 speculationem
1271 3382 1362 3436 Dei
1394 3389 1555 3451 atque
1584 3382 1646 3435 ad
1676 3383 1837 3436 animi
1873 3380 2053 3437 incor-

467 3476 802 3546 poralitatem
854 3474 1448 3542 considerationemque
1500 3487 1640 3528 verre
1698 3472 2051 3542 philosophia:

468 3568 805 3639 indagatione
848 3566 1208 3633 componitur.
1234 3564 1400 3630 Quam
1431 3572 1633 3632 partem
1667 3562 1840 3618 Graeci
1886 3563 2051 3647 grala-

469 3664 581 3734 γίαν
621 3661 918 3715 nominant.
950 3655 1193 3713 Secunda
1229 3670 1372 3711 vero.
1405 3668 1526 3723 pars
1566 3663 1646 3709 est
1676 3654 2048 3725 intelligihilis,

469 3767 585 3820 qua:
617 3752 841 3818 primam
876 3747 1293 3804 intellectihilcm
1334 3734 1657 3816 cogitatione
1686 3755 1846 3816 atque
1890 3747 2049 3801 intel-

470 3839 687 3911 ligentia
712 3840 1032 3908 suscipiens,
1076 3852 1137 3893 ea
1177 3837 1585 3907 comprehendit
1612 3853 1730 3907 qua:
1779 3848 1903 3892 sunt
1934 3852 2050 3891 om-

469 3932 616 3988 nium
661 3932 957 3988 caelestium
998 3946 1247 4001 superna:
1285 3931 1549 3985 divinitati
1596 3946 1816 4001 0pcrnm
1849 3945 2047 3998 causae,

470 4032 523 4078 et
549 4014 805 4093 quidquid
850 4022 949 4076 sub
988 4022 1159 4076 lunari
1190 4021 1348 4102 globo
1389 4022 1629 4077 beatiore
1654 4023 1851 4075 animo
1892 4029 2052 4093 atque

471 4115 684 4183 puriore
714 4114 1011 4169 substantia
1043 4114 1219 4179 .valet;
1250 4123 1524 4183 postremo
1555 4114 1904 4167 humanarum
1932 4113 2051 4165 ani-

470 4221 675 4260 marum
705 4205 1076 4260 conditionem
1122 4215 1280 4276 atque
1311 4214 1530 4268 statum.
1554 4221 1682 4275 qute
1708 4205 1887 4259 omnia
1930 4219 2050 4258 cum

471 4295 738 4365 prioribus
767 4296 868 4351 illis
900 4296 1298 4352 intellectibiles
1324 4298 1639 4351 substantia:
1683 4296 1927 4360 fuissent,
1956 4295 2052 4350 sed

470 4400 757 4455 corporum
798 4394 965 4451 tactu,
1012 4385 1079 4441 ab
1118 4386 1577 4441 intellectibilibus
1610 4384 1673 4437 ad
1705 4384 2053 4451 intelligibilia

470 4479 883 4547 degenerarunt,
926 4488 987 4534 ut
1015 4495 1119 4534 non
1152 4481 1318 4550 magis
1348 4479 1461 4549 ipsa
1495 4478 1856 4547 intelligantur
1892 4493 2049 4548 quam

470 4571 786 4641 intelligant,
842 4581 897 4627 et
938 4572 1304 4642 intelligentia:
1350 4571 1579 4638 puritate
1631 4578 1753 4622 tunc
1812 4569 2051 4623 beatiora

471 4673 615 4730 sunt,
657 4662 866 4733 quoties
896 4679 1016 4719 sese
1057 4660 1511 4719 intellectibilibus
1542 4662 1878 4731 applicarint.
1920 4664 2051 4718 Ter-

470 4757 542 4811 tia
570 4759 875 4834 οεωρητικῆς
915 4759 1121 4828 species
1168 4766 1273 4822 est,
1301 4772 1417 4824 quae
1447 4758 1588 4810 circa
1636 4771 1857 4822 corpora
1895 4766 2053 4826 atque

472 4865 656 4904 eorum
701 4852 979 4906 scientiam
1031 4849 1497 4918 cognitionemque
1542 4856 1810 4913 versatur,
1862 4848 1916 4902 id
1970 4856 2054 4902 est

474 4942 825 5012 physiologia,
849 4958 969 5014 qua:
992 4949 1206 4996 naturas
1229 4953 1515 5008 corp0rum
1548 4936 1933 5008 passionesque
1961 4939 2052 4995 de-

474 5032 658 5087 clarat.
694 5033 934 5089 Secunda
965 5047 1115 5094 vero,
1138 5030 1558 5098 intelligibilium
1591 5030 1913 5095 substantia,
1944 5048 2053 5087 ne-

474 5125 577 5177 rito
608 5124 659 5178 in
686 5124 862 5178 medio
888 5123 1145 5178 collocata
1175 5128 1276 5183 est,
1302 5119 1442 5188 quod
1474 5121 1665 5174 habeat
1693 5131 1746 5175 ct
1767 5136 2051 5189 corporum

475 5194 877 5279 animationem,
914 5222 968 5266 et
998 5210 1390 5280 quodammodo
1420 5210 1854 5277 vivificationem,
1888 5221 1945 5267 et
1974 5215 2052 5267 in.

476 5305 863 5363 tellectibilium
915 5302 1396 5357 considerationem
1439 5302 1938 5371 cognitionemque,
1997 5310 2053 5355 ut

475 5394 676 5451 dictum
706 5403 806 5448 est.
849 5392 1103 5449 l’ractica:
1148 5407 1278 5445 vero
1310 5392 1684 5461 philosOphize,
1716 5408 1874 5461 quam
1922 5392 2053 5446 acti-

478 5497 597 5537 vam
638 5481 882 5550 superius
913 5480 1017 5534 dici
1046 5480 1467 5537 demonstratum
1508 5494 1611 5549 est,
1658 5484 1814 5551 hujus
1843 5497 2054 5552 quoque

479 5572 670 5640 triplex
709 5581 793 5632 est
830 5572 1040 5627 divisio.
1075 5572 1170 5628 Est
1213 5572 1354 5628 enim
1396 5575 1568 5644 prima
1609 5590 1728 5643 quae
1756 5574 1837 5628 sui
1870 5587 2052 5626 curam

476 5675 668 5731 gerens
697 5664 903 5719 cunctis
941 5678 1062 5721 sese
1106 5665 1284 5735 erigit,
1316 5674 1563 5730 exornat,
1594 5673 1857 5735 augetque
1890 5664 2055 5717 virtu-

478 5752 641 5820 tibus,
671 5752 799 5811 nihil
840 5754 1002 5813 invita
1039 5756 1349 5826 admittens,
1376 5773 1482 5825 quo
1514 5772 1617 5814 non
1644 5756 1890 5825 gaudeat,
1923 5744 2077 5810 nihil

2082 4532 2129 4592 D

2153 579 2230 618 ca:
2276 580 2456 619 curam
2501 568 2820 636 suscipiens,
2862 579 3171 625 cunctorum
3211 574 3367 627 saluti
3409 590 3520 629 sua:
3553 578 3728 641 provi-

2154 656 2348 711 dentiae
2375 659 2610 727 solertia,
2639 670 2690 715 et
2712 661 2929 728 jusdtia:
2961 663 3114 729 libra,
3143 674 3197 718 et
3221 664 3545 721 fortitudinis
3567 667 3730 721 stabi-

2156 747 2324 814 litate,
2347 757 2399 803 et
2422 751 2787 817 temperantia:
2824 752 3074 820 patientia
3105 754 3365 811 medetur.
3392 757 3571 811 Tertia
3600 773 3728 812 vero

2156 854 2273 905 quae
2292 839 2368 893 rei
2401 839 2678 894 familiaris
2711 840 2947 896 officium
2977 841 3231 899 mediocri
3261 860 3587 913 componens
3618 847 3730 900 dis-

2106 997 2114 1009 ι
2155 930 2423 997 positione
2473 930 2828 984 distribuitur.
2864 930 3001 987 Sunt
3026 933 3211 987 harum
3256 935 3415 989 etiam
3446 936 3729 992 alim.sub—

2153 1016 2464 1082 divisiones,
2503 1034 2637 1087 quas
2680 1022 2819 1074 nunc
2850 1023 3096 1091 persequi
3136 1025 3591 1091 supersedendum
3623 1036 3727 1082 est.

2153 1111 2234 1165 Ad
2262 1113 2375 1165 haec
2405 1112 2562 1180 igitur
2592 1122 2643 1165 ut
2675 1113 2798 1167 sciri
2839 1114 3049 1183 possint
3091 1124 3146 1170 et
3182 1119 3457 1186 superiora
3502 1118 3729 1189 intelligi

2152 1210 2367 1271 queant,
2414 1204 2748 1261 necessarius
2798 1208 3028 1261 maxime
3076 1208 3483 1277 uberrimosque
3527 1209 3730 1265 fructus

2150 1299 2233 1343 est
2264 1290 2398 1344 artis
2425 1292 2562 1359 ejus,
2595 1294 2752 1361 quam
2795 1295 2969 1349 Graeci
2995 1298 3223 1369 λογικήν,
3270 1313 3366 1352 nos
3418 1300 3730 1355 rationalem

2153 1397 2435 1453 possumus
2464 1384 2663 1450 dicere,
2694 1386 2835 1455 quod
2884 1396 3027 1442 recta
3071 1389 3325 1443 orationis
3364 1392 3569 1445 ratione
3603 1392 3729 1460 quid

2151 1489 2357 1540 verum,
2402 1462 2638 1545 quidque
2667 1472 2865 1532 decens
2905 1478 2994 1544 sit,
3045 1479 3191 1533 nullo
3233 1482 3433 1534 erroris
3463 1480 3603 1535 ﬂexu
3643 1482 3730 1535 dis

2150 1564 2475 1620 verticulove
2524 1564 2757 1619 fallatur.
2809 1566 2978 1633 Quam
3027 1576 3196 1621 artem
3252 1570 3467 1637 quidam
3524 1579 3728 1639 partem

2126 1648 2523 1727 philosorihite,
2555 1656 2767 1726 quidam
2808 1673 2915 1711 non
2948 1667 3172 1727 partem,
3219 1659 3312 1712 sed
3344 1659 3726 1715 ferramentum

2149 1759 2205 1803 et
2245 1748 2638 1817 quodammodo
2680 1749 3064 1815 supellectilem
3101 1748 3427 1817 judicarnnt.
3477 1750 3589 1816 Qua
3638 1766 3731 1804 au-

2151 1853 2254 1897 tem
2282 1841 2334 1896 id
2368 1841 2583 1909 utrique
2613 1838 2822 1909 impulsi
2855 1842 3058 1894 ratione
3099 1841 3445 1908 crediderint,
3496 1842 3602 1895 alio
3631 1845 3730 1897 erit

2150 1947 2314 2000 opere
2355 1929 2902 1985 commemorandum.
2955 1929 3077 1984 Ha:c
3106 1941 3284 1983 autem
3326 1932 3560 1999 generis,
3604 1946 3728 1998 spe-

2146 2022 2271 2088 ciei,
2300 2021 2613 2076 differentia:
2632 2061 2646 2085 ,
2686 2021 2883 2089 proprii
2934 2032 3093 2089 atque
3122 2021 3415 2075 accidentis
3444 2020 3727 2091 disputatio

2145 2114 2197 2169 in
2245 2116 2391 2169 omni
2430 2116 2583 2169 nobis
2621 2114 2973 2183 philosophiae
3018 2114 3324 2183 cogn'tione
3369 2114 3521 2184 quasi
3550 2111 3729 2183 quani-

2145 2206 2265 2262 dam
2297 2208 2435 2260 viam
2470 2214 2639 2275 parat.
2672 2204 2801 2258 Nam
2834 2219 2954 2258 cum
2987 2205 3110 2273 quid
3144 2219 3310 2273 genus
3348 2206 3417 2257 sit
3443 2205 3726 2270 docemur,

2146 2298 2271 2368 quid
2301 2300 2527 2368 species,
2571 2297 2914 2366 intelligimus
2942 2311 3109 2364 genus
3152 2311 3272 2350 esse
3305 2295 3718 2365 philosophiam,
3751 2350 3760 2357 ,

2145 2390 2352 2458 species
2382 2403 2507 2442 vero
2536 2387 2895 2441 indubitanter
2921 2388 3220 2462 θεωρητικήν
3260 2395 3313 2439 et
3343 2392 3641 2461 πρακτικήν,
3674 2384 3727 2440 id

2146 2492 2227 2537 est
2266 2482 2647 2551 Speculativam
2680 2490 2735 2534 et
2772 2481 3022 2534 activam.
3070 2480 3142 2533 Dc
3171 2479 3336 2547 logica
3385 2493 3521 2537 vero,
3549 2487 3727 2532 utrum

2146 2576 2216 2629 sit
2246 2577 2475 2643 species,
2500 2574 2686 2628 eadem
2715 2572 2815 2627 hac
2839 2586 3119 2642 possumus
3138 2572 3344 2626 ratione
3376 2570 3727 2639 perpendere.

2148 2669 2372 2723 Prodest
2403 2667 2556 2721 nobis
2584 2666 2898 2721 differentia:
2924 2666 3155 2733 cognitio
3184 2665 3248 2717 ad
3283 2664 3517 2733 ipsarum
3550 2661 3729 2731 philo-

2147 2758 2350 2827 sophiae
2374 2759 2675 2826 Specierum
2702 2755 3031 2812 differentias
3053 2754 3471 2824 cognoscendas.
3504 2753 3730 2808 Prodest

2148 2850 2348 2920 proprii
2401 2850 2623 2903 scientia
2676 2848 2740 2901 ad
2790 2846 3219 2916 cognoscendum
3271 2845 3395 2913 quid
3446 2845 3729 2913 unicuique

2148 2941 2500 3012 philosophia:
2534 2940 2728 3010 Speciei
2757 2939 2990 2993 solitaria
3023 2946 3210 2990 natura
3243 2936 3487 2990 videatur
3516 2951 3578 2990 ac
3604 2937 3729 2992 sub-

2151 3036 2361 3090 stantia:
2412 3036 2674 3088 innatum.
2726 3031 2949 3085 Prodest
2992 3029 3283 3083 accidentis
3326 3030 3558 3099 cognitio
3593 3046 3608 3085 :
3640 3043 3730 3099 per

2158 3129 2259 3183 hoc
2287 3127 2427 3182 enim
2464 3124 2589 3194 quid
2632 3122 2993 3192 principaliter
3034 3122 3086 3175 in
3120 3120 3280 3175 rebus
3309 3121 3379 3175 sit
3404 3126 3647 3186 cernere,
3679 3129 3731 3176 et

2154 3220 2278 3291 quid
2310 3218 2546 3275 secundo
2574 3215 3005 3283 contingentique
3045 3214 3163 3268 loco
3198 3214 3500 3279 conveniat,
3533 3214 3731 3268 discer-

2154 3328 2285 3369 nere
2332 3312 2627 3365 valeamus.
2692 3308 2767 3361 ita
2818 3306 2973 3361 nobis
3020 3305 3213 3360 harum
3270 3307 3505 3375 quinque
3551 3319 3731 3361 rerum

2155 3405 2399 3467 scientia,
2433 3417 2643 3458 ramosa
2673 3399 2899 3469 quadam
2925 3408 2980 3455 et
3006 3398 3266 3454 multifida
3298 3399 3368 3467 vi,
3402 3400 3453 3453 in
3485 3400 3731 3453 omnibus

2153 3511 2271 3552 sese
2304 3494 2655 3564 philosophim
2697 3502 2875 3562 partes
2918 3492 3167 3551 infundit.
3221 3491 3299 3545 Ad
3321 3491 3732 3563 grammaticam

2155 3605 2304 3652 vero,
2337 3602 2440 3641 non
2483 3588 2656 3639 minor
2696 3584 2853 3652 hujus
2891 3583 2966 3638 rei
3012 3595 3136 3637 usus
3165 3593 3268 3649 est,
3300 3582 3513 3650 quando
3540 3581 3732 3635 oratio.

2154 3696 2275 3736 nem
2307 3693 2474 3749 genus
2514 3676 2740 3731 dicimus
2767 3694 2781 3728 :
2806 3684 2925 3728 octo
2973 3690 3097 3727 vero
3122 3683 3298 3742 partes
3332 3673 3609 3737 orationis,
3641 3685 3733 3740 per

2154 3772 2381 3841 species,
2416 3769 2765 3830 differentias,
2813 3766 3135 3835 propriaque
3173 3764 3445 3818 metimur.
3482 3763 3576 3816 Est
3608 3775 3735 3815 vero

2155 3863 2312 3930 hujus
2338 3864 2414 3916 rei
2440 3874 2690 3930 perquam
2725 3857 2993 3912 rhetorice
3019 3856 3201 3917 amica
3222 3857 3613 3923 conjunctaque
3642 3867 3735 3907 co-

2155 3950 2341 4021 gnitio.
2377 3950 2451 4003 lta
2480 3950 2623 4004 enim
2661 3947 2977 4001 rhetoricam
3009 3946 3068 3998 in
3106 3945 3276 3998 tribus
3299 3952 3579 3998 cauSarum
3614 3957 3735 4011 pos-

2080 4096 2100 4115 ,
2156 4056 2338 4096 sumus
2368 4053 2620 4110 separare
2649 4037 2953 4107 generibus,
3007 4044 3060 4089 et
3104 4050 3195 4089 eas
3236 4036 3285 4087 in
3319 4033 3576 4103 subjectis
3605 4048 3736 4087 con-

2156 4130 2520 4187 stitutionibus
2549 4128 2841 4182 dissecare.
2876 4124 3253 4179 Deﬁnitionum
3282 4138 3495 4193 quoque
3523 4137 3641 4191 quae
3669 4120 3735 4175 ad

2156 4224 2384 4294 logicam
2426 4222 2697 4290 pertinent
2745 4230 2936 4286 magna
2988 4224 3147 4284 atque
3186 4214 3328 4267 utilis
3360 4212 3736 4281 uberrimaque

2158 4314 2389 4382 cognitio
2418 4320 2518 4373 est,
2552 4323 2685 4379 quas
2710 4307 3072 4371 definitiones,
3117 4305 3217 4358 nisi
3250 4319 3343 4371 per
3372 4318 3590 4372 genera,
3618 4317 3736 4371 spe-

2157 4407 2286 4469 cies,
2321 4402 2672 4464 differentias,
2710 4398 3169 4467 prOprietutesquc
3200 4395 3528 4457 tractaveris,
3556 4393 3736 4446 nullus

2160 4509 2389 4561 unquam
2428 4489 2826 4545 definitionibus
2858 4487 3120 4540 terminus
3150 4485 3472 4553 imponetur.
3516 4484 3646 4537 Nam
3690 4482 3735 4536 si

2158 4582 2281 4651 quid
2314 4582 2524 4644 definis,
2561 4594 2622 4632 ex
2656 4593 2761 4648 quo
2792 4577 2859 4630 sit
2898 4590 3094 4645 genere
3138 4576 3368 4643 primum
3418 4574 3511 4627 tibi
3544 4574 3733 4627 dicen-

2158 4673 2280 4728 dum
2304 4682 2406 4738 εει,
2438 4679 2596 4740 atque
2627 4670 2677 4723 in
2709 4668 2809 4721 hoc
2830 4682 3001 4737 genus
3024 4666 3337 4735 speciesque
3368 4672 3735 4718 consummata

2158 4773 2294 4818 sunt.
2317 4763 2445 4817 Nam
2463 4763 2826 4829 cujuscunque
2850 4757 2924 4811 rei
2943 4772 3109 4826 genus
3126 4756 3346 4817 dixeris,
3366 4756 3600 4822 adquam
3621 4766 3733 4806 rem

2158 4851 2289 4904 illud
2317 4851 2538 4913 dixeris,
2567 4849 2796 4917 speciem
2823 4848 2969 4900 facis.
3005 4844 3070 4899 Ut
3096 4844 3141 4898 si
3167 4843 3292 4912 quid
3320 4844 3383 4895 sit
3420 4843 3579 4895 homo
3606 4841 3738 4895 defi-

2159 4942 2296 5006 nias,
2326 4942 2473 4995 dicas
2505 4941 2775 4994 hominem
2799 4951 2920 4991 esse
2946 4934 3162 4988 animal.
3199 4933 3359 5000 Igitur
3386 4933 3637 5000 quoniam
3668 4929 3739 4983 ad

2163 5028 2433 5085 hominem
2464 5029 2657 5098 aptasti
2694 5026 2912 5087 animal,
2939 5037 3106 5092 genus
3149 5035 3269 5075 esse
3296 5022 3511 5085 animal,
3543 5031 3597 5075 et
3643 5021 3738 5072 ho-

2163 5120 2362 5175 minem
2392 5120 2624 5188 speciem
2650 5132 2683 5171 a
2710 5126 2761 5169 te
2788 5114 3116 5168 declaratum
3148 5119 3253 5175 est,
3284 5111 3378 5165 sed
3404 5126 3508 5164 non
3540 5110 3739 5164 sufficit

2162 5209 2508 5279 solageneris
2535 5208 2589 5261 in
2620 5203 2929 5259 definitione
2950 5204 3287 5255 tnonstratio.
3314 5200 3369 5255 Si
3394 5202 3534 5255 enim
3564 5200 3735 5255 solum

2163 5302 2360 5356 animal
2392 5302 2660 5353 hominem
2690 5304 2825 5351 esse
2849 5295 3073 5361 dixeris,
3105 5309 3229 5347 num
3262 5294 3439 5363 potius
3466 5292 3736 5346 hominem

2162 5406 2319 5459 quam
2349 5390 2539 5443 bovem
2581 5386 2896 5454 asinumque
2934 5392 3033 5437 ‘ant
3072 5399 3267 5453 equum
3298 5383 3608 5437 definitione
3649 5381 3740 5435 de-

2164 5479 2436 5546 pinxeris?
2465 5476 2688 5529 Prodest
2720 5476 2877 5542 igitnr
2905 5474 3064 5528 etiam
3095 5473 3425 5527 differentias
3456 5471 3734 5535 adhibere,

2162 5581 2255 5636 per
2280 5582 2411 5635 quas
2440 5566 2490 5620 id
2531 5564 2670 5635 quod
2701 5563 2927 5618 definies
2970 5578 2999 5615 a
3028 5564 3306 5632 speciebus
3336 5563 3453 5616 aliis
3492 5562 3739 5631 Sejunga-

2162 5669 2269 5724 tur,
2315 5668 2371 5713 ut
2408 5658 2555 5713 dicas
2605 5657 2872 5711 hominem
2921 5669 3037 5709 esse
3096 5654 3293 5708 animal
3343 5654 3620 5708 rationale.
3673 5651 3740 5707 Et

2160 5751 2409 5822 quoniam
2435 5752 2533 5807 sub
2555 5749 2739 5805 eadem
2763 5746 3063 5803 differentia
3086 5746 3267 5816 plures
3291 5745 3598 5815 frequenter
3618 5758 3739 5812 spe-
