4106 6336
326 313 392 370 n
1300 378 1307 384 ,
1483 308 1550 367 IN
1586 301 1929 365 ponruvm

2073 304 2408 367 DIALOCUS
2444 309 2485 363 1.
2566 296 2577 304 ”
3526 313 3591 365 l8

327 434 427 486 hus
456 426 845 501 specielutsque
889 430 1170 484 noscatur?
1220 428 1275 482 In
1304 427 1408 482 illis
1437 428 1595 498 igitur
1624 427 1676 480 in
1717 425 1908 494 quibus
1936 420 1983 479 A
2013 431 2283 491 separent,
2307 425 2494 495 quales
2515 432 2640 480 sunt
2662 425 3228 493 formarum,additum
3252 436 3422 482 tamen
3448 444 3590 495 equo

327 536 495 591 genus
548 520 696 574 aliud
747 521 987 587 superius
1040 519 1260 575 inveniri
1295 535 1398 573 non
1449 526 1652 587 potest,
1710 513 1908 571 nullius

330 628 565 679 unquam
602 614 860 667 terminus
896 602 1224 665 definitionis
1249 610 1535 679 aptabitur,
1568 618 1622 663 et
1660 608 1712 662 in
1742 606 1909 675 ipsius

330 703 645 758 deﬁnitione
699 719 889 773 genera
944 704 1259 773 speciesque
1311 703 1619 766 cessabunt,
1678 709 1731 755 et
1778 699 1908 754 snltn

336 793 649 846 dilfercntize
698 794 1018 863 propriaque
1061 794 1202 847 illius
1257 794 1538 848 terminum
1586 790 1911 846 definitionis

336 883 643 936 informant.
678 882 809 937 Cum
838 885 979 937 enini
1016 884 1065 937 id
1107 884 1247 951 quod
1293 884 1448 945 dicis,
1494 884 1561 939 ab
1588 883 1708 938 aliis
1750 882 1911 937 rebus

333 975 579 1027 omnibus
626 975 896 1042 adjunctis
943 975 1262 1030 differentiis
1287 975 1674 1045 segregaveris,
1707 983 1762 1029 et
1794 990 1912 1043 pro-

336 1066 464 1133 priis
494 1067 765 1132 impressis
796 1069 1019 1139 formam
1061 1067 1177 1135 ejus
1208 1066 1534 1137 ﬁguramque
1577 1077 1911 1122 monstrave-

338 1159 432 1220 ris,
465 1174 631 1228 genus
658 1160 795 1228 quod
829 1160 1070 1214 invenire
1102 1175 1206 1213 non
1233 1160 1432 1229 poteris
1461 1158 1771 1229 perquirere
1805 1174 1914 1214 non

339 1231 567 1301 labor-es.
594 1248 701 1304 Sed
729 1248 780 1302 in
811 1247 891 1302 his
917 1248 1126 1316 species
1139 1256 1199 1303 et
1215 1262 1412 1318 genera
1433 1263 1537 1301 non
1557 1248 1915 1315 requiruntur,

342 1337 392 1389 in
423 1335 636 1405 quibus,
657 1336 795 1406 quod
830 1338 940 1403 ipsa
964 1337 1361 1406 generalissima
1385 1339 1488 1391 sint
1510 1352 1728 1406 genera,
1750 1352 1919 1406 genus

342 1428 567 1481 inveniri
604 1443 708 1482 non
735 1437 915 1497 queat.
944 1428 1113 1482 Porro
1138 1438 1314 1482 autem
1335 1429 1385 1481 in
1408 1427 1488 1482 his
1508 1443 1728 1497 quorum
1753 1443 1917 1498 genus

342 1529 423 1571 est
456 1518 675 1585 aliquid,
708 1521 809 1575 nisi
841 1533 871 1571 a
897 1534 1094 1589 genere
1114 1518 1355 1573 deﬁnitio
1384 1519 1626 1582 duratur,
1660 1519 1778 1572 linis
1806 1520 1921 1587 ejus

344 1607 671 1663 deﬁn’tiouis
713 1609 905 1661 vitiosa
952 1608 1296 1662 conclusione
1339 1606 1621 1676 colligitur.
1657 1606 1921 1661 Accidens

346 1712 476 1752 vero
501 1698 567 1751 ad
595 1698 934 1753 deﬁnitiones
963 1699 1091 1752 nihil
1126 1699 1380 1768 prodesse
1409 1713 1513 1752 non
1554 1697 1771 1752 dubium
1817 1705 1919 1752 est.

2013 515 2284 587 proprium
2316 516 2597 582 hinnibile,
2629 532 2822 587 equum
2854 519 2928 573 ab
2942 519 3061 574 a~liis
3089 519 3189 574 sub
3219 518 3405 575 eadem
3438 519 3591 573 diffe-

2012 607 2180 661 rentia
2222 606 2503 677 speciebus
2536 610 2875 676 proprietatis
2901 610 3069 680 ipsius
3104 610 3443 681 separatione
3481 610 3591 665 dis-

2005 695 2206 766 junxit.
2263 697 2631 767 Repetendum
2678 710 2761 755 est
2806 701 2965 772 igitur
3009 716 3051 755 a-
3080 701 3391 770 primordio,
3447 702 3591 772 quod

2013 802 2207 858 genera
2234 789 2290 842 in
2316 788 2715 843 deﬁnitionibus
2750 800 2819 845 ab
2842 791 2963 846 aliis
2991 792 3277 861 generibus
3315 801 3593 860 seriorem,

2015 879 2331 936 diﬁ'erentite
2360 881 2428 936 ab
2458 882 2586 957 ipsis
2607 883 2914 949 s;-eciebus,
2942 899 3059 952 quae
3085 883 3185 938 sub
3201 884 3403 939 eisdem
3432 898 3598 954 genen

2015 971 2163 1025 ribus
2195 972 2381 1040 positas
2409 980 2557 1038 sunt,
2591 974 2799 1043 propria
2831 989 2865 1027 θ
2889 973 3189 1043 Speciebus,
3223 990 3342 1044 qure
3370 973 3476 1029 sub
3491 975 3597 1030 eis.

2016 1062 2141 1116 dem
2171 1063 2483 1119 differentiis
2513 1075 2907 1133 supponuntur.
2941 1065 3046 1120 Sed
3075 1066 3322 1135 quoniam
3347 1066 3503 1135 plene
3528 1065 3598 1122 de

2017 1152 2338 1209 difﬁnitione
2382 1164 2662 1209 tractatum
2695 1163 2796 1221 est,
2843 1155 3174 1227 probationis
3204 1156 3288 1211 vel
3318 1155 3598 1213 divisionis

2020 1246 2124 1299 vim
2172 1247 2628 1318 subtilitatemque
2676 1256 2990 1304 tractemus.
3042 1248 3157 1305 Sed
3181 1248 3356 1304 omnis
3406 1248 3599 1305 divisio

2021 1335 2215 1405 duplex
2253 1346 2355 1405 est,
2385 1346 2474 1391 aut
2504 1353 2627 1393 cum
2657 1347 2825 1395 totum
2854 1354 3049 1409 corpus
3075 1341 3127 1394 in
3154 1339 3364 1394 diversa
3392 1341 3599 1410 disjun—

2022 1430 2125 1499 gis,
2173 1440 2263 1484 aut
2303 1446 2424 1485 cum
2454 1447 2646 1498 genera
2680 1447 2778 1502 per
2807 1427 3017 1503 species
3058 1431 3354 1507 distribuis.
3398 1431 3453 1487 Si
3483 1433 3601 1503 quis

2027 1519 2183 1587 igitur
2215 1519 2399 1573 ltarum
2430 1521 2664 1591 quinque
2699 1537 2876 1577 rerum
2900 1522 3076 1576 minus
3106 1522 3280 1578 solers
3314 1521 3602 1577 divisiones

2027 1626 2205 1665 rerum
2236 1610 2409 1667 facere
2439 1613 2693 1680 voluerit,
2723 1627 2831 1677 non
2857 1622 2939 1668 est
2967 1613 3189 1668 dubium
3231 1614 3357 1683 quin
3380 1626 3473 1669 eas
3510 1628 3602 1682 per
3682 1652 3687 1653 κ

2027 1702 2361 1758 inscientiam
2388 1719 2530 1773 saepe
2557 1718 2585 1757 a
2616 1702 2898 1773 speciebus
2929 1704 2980 1757 in
3008 1705 3203 1774 genera
3240 1704 3431 1771 solvat,
3463 1703 3604 1773 quod

354 1791 601 1865 Deﬁnitio
631 1791 771 1844 enim
809 1791 1159 1845 substantiam
1192 1790 1478 1845 informare
1510 1790 1800 1855 desiderat,
1832 1805 1915 1844 ac-
1948 1785 1997 1845 B
2026 1802 2107 1848 est
2155 1794 2296 1849 factu
2352 1795 2732 1863 fcedissimum,
2762 1794 2904 1866 quod
2961 1795 3304 1868 Hermagorae
3343 1798 3396 1852 in
3438 1796 3604 1865 prima

348 1882 531 1936 cidens
562 1898 689 1935 vero
728 1882 1079 1936 substantiam
1108 1898 1214 1937 non
1241 1883 1503 1951 designat.
1532 1883 1796 1937 Accidens
1820 1880 1919 1949 igi-

351 1982 437 2027 tur
467 1973 517 2025 in
548 1972 857 2028 deﬁnitione
881 1973 1010 2028 nihil
1041 1974 1273 2042 prodest.
1304 1974 1396 2027 Est
1424 1974 1600 2042 itaque
1620 1968 1921 2027 necessiria

350 2064 561 2131 generis
587 2078 634 2130 ει
653 2064 893 2131 ecieique
917 2065 1172 2133 cognitio,
1203 2076 1261 2119 ut
1283 2064 1325 2119 si
1366 2064 1765 2133 generalissima
1816 2076 1920 2115 non

350 2155 457 2208 sint
480 2170 599 2223 qua:
628 2156 853 2224 quisque
897 2156 1214 2211 deﬁniturus
1243 2166 1346 2223 est,
1377 2171 1404 2209 a
1436 2170 1630 2226 genere
1660 2154 1924 2208 definitio-

352 2259 473 2298 nem
519 2245 717 2302 trahat.
767 2246 822 2301 Si
853 2261 984 2301 vero
1010 2247 1409 2316 generalissima
1437 2248 1564 2311 sint,
1597 2246 1710 2315 ejus
1758 2259 1925 2314 genus

351 2349 615 2402 quaerere,
643 2334 782 2404 quod
804 2334 1028 2390 inveniri
1046 2352 1149 2390 non
1174 2347 1369 2406 potest,
1386 2353 1491 2392 non
1511 2338 1731 2392 laboret.
1752 2334 1926 2403 )Eque

352 2424 494 2479 enim
526 2410 782 2480 ’vitiosum
810 2436 893 2481 est
923 2428 1006 2482 vel
1035 2427 1089 2482 in
1117 2427 1533 2498 generalissimis
1556 2441 1751 2497 genera
1782 2441 1929 2495 qna:-

353 2530 496 2580 rere,
532 2515 616 2569 vel
646 2515 702 2569 in
728 2516 1046 2571 subalternis
1069 2518 1356 2587 generibus
1385 2534 1413 2571 a
1436 2518 1721 2588 generibus
1741 2516 1930 2571 deﬁni-

358 2607 555 2661 tionem
582 2607 777 2663 ducere
807 2610 1179 2678 supersedere.
1210 2610 1531 2666 Diiferentiae
1560 2624 1688 2664 vero
1716 2619 1770 2666 et
1808 2625 1930 2679 pro-

358 2696 492 2763 pria,
528 2698 608 2750 vel
657 2698 702 2752 si
753 2699 922 2768 magis
974 2713 1167 2768 genera
1218 2710 1361 2764 sunt,
1394 2700 1475 2753 vel
1515 2701 1558 2754 si
1601 2700 1929 2763 subalterna,

360 2786 645 2840 maximam
676 2788 909 2843 retinent
937 2788 1218 2844 utilitatem
1250 2804 1263 2841 :
1294 2799 1348 2842 et
1376 2789 1624 2858 quoniam
1649 2790 1713 2842 ad
1744 2786 1933 2842 deﬁni-

360 2875 534 2930 tiones
564 2892 679 2944 qua:
708 2877 1227 2948 pertinentqutedam
1253 2877 1392 2933 dicta
1415 2887 1560 2944 Sunt,
1586 2892 1749 2945 pauca
1771 2875 1931 2931 etiam

356 2956 424 3022 de
454 2967 536 3021 his
562 2967 691 3037 ipsis
718 2970 1086 3025 rationabilius
1116 2970 1468 3040 subtiliusque
1493 2972 1822 3040 colligemus.
1853 2969 1934 3025 Sit

355 3072 524 3127 genus
552 3058 767 3125 animal,
798 3060 866 3113 sit
893 3060 1099 3129 species
1132 3059 1316 3127 homo,
1343 3060 1412 3115 sit
1439 3060 1735 3115 differentia
1767 3060 1935 3115 ratio-

2028 1884 2430 1940 Rheloricorum
2480 1886 2839 1955 disputatione
2870 1902 2966 1941 usu
3009 1889 3176 1942 venit.
3210 1887 3266 1942 In
3299 1888 3433 1943 tales
3458 1888 3601 1942 enim

2026 1975 2223 2030 erroris
2260 1976 2478 2031 nebulas
2527 1977 2732 2046 incidit,
2762 1979 2970 2049 arduo
3000 1992 3198 2047 genera
3238 1977 3339 2032 sub
3386 1978 3605 2047 aequalis

2025 2067 2234 2136 generis
2257 2078 2406 2146 parte
2433 2079 2671 2135 poneret.
2703 2069 2854 2135 Quod
2886 2070 2928 2123 si
2964 2067 3245 2123 divisionis
3270 2068 3377 2121 vim
3408 2066 3604 2120 verita-

2030 2170 2242 2229 temque
2261 2160 2504 2226 vidisset,
2536 2170 2591 2216 et
2610 2160 2947 2230 disciplinam
2977 2174 3255 2229 generum,
3274 2157 3606 2228 specierum-

2026 2266 2149 2321 que,
2183 2250 2521 2321 propriorum
2567 2262 2621 2306 et
2647 2250 3069 2306 differentiarum
3116 2251 3425 2318 recepisset,
3476 2263 3605 2302 nun.

2028 2357 2186 2411 quam
2238 2353 2340 2395 tam
2394 2341 2611 2397 insulsae
2661 2342 2939 2396 divisionis
2992 2354 3177 2396 errore
3215 2337 3607 2394 vivacissimea

2018 2432 2208 2486 ’Marco
2236 2430 2412 2486 Tullio
2429 2433 2754 2501 culparetur.
2781 2430 2836 2485 ιη
2860 2430 3260 2500 probationibus
3285 2444 3413 2484 vero
3435 2437 3607 2483 tantus

2029 2531 2112 2579 est
2138 2521 2298 2592 h‘ujus
2328 2524 2507 2590 operis
2540 2521 2763 2590 fruetus,
2797 2529 2855 2575 ut
2904 2528 3096 2587 praeter
3127 2520 3243 2575 haec
3269 2519 3469 2574 nullius
3512 2534 3607 2574 un-

2031 2628 2188 2681 quam
2220 2613 2293 2667 rei
2320 2614 2488 2682 possit
2510 2614 2794 2682 provenire
2824 2611 3088 2682 probatio.
3120 2610 3255 2677 Quid
3287 2610 3428 2664 enim
3452 2622 3608 2663 mon-

2033 2703 2206 2757 st'aie
2242 2702 2399 2771 digne
2430 2717 2615 2769 queas,
2660 2710 2782 2755 cum
2825 2701 2976 2769 cujus
3022 2699 3348 2755 dil’erentias
3379 2698 3609 2762 nescias,

2036 2794 2260 2863 idipsum
2280 2792 2435 2862 duale
2451 2793 2521 2847 sit
2550 2793 2689 2847 scire
2719 2807 2824 2845 non
2853 2790 3065 2860 possis?
3092 2790 3227 2858 Quid
3254 2799 3428 2846 autem
3452 2789 3608 2859 digne

2032 2885 2368 2956 exsequeris,
2414 2884 2566 2955 cujus
2603 2884 2651 2937 si
2679 2898 2848 2955 genus
2878 2884 3109 2948 nescias,
3150 2898 3217 2937 ex
3251 2896 3355 2952 quo
3381 2881 3608 2951 idipsum

2035 2979 2182 3034 fonte
2225 2985 2405 3033 manet
2434 2975 2683 3047 ignores?
2716 2976 2808 3030 Vel
2840 2974 2967 3045 q'uid
3002 2974 3053 3029 in
3094 2971 3492 3043 probationibus
3528 2984 3608 3024 ra-

2040 3072 2184 3125 tione
2229 3066 2401 3137 possis
2443 3060 2786 3132 ostendere,’
2812 3065 2966 3134 cujus
3010 3064 3054 3118 si
3105 3064 3334 3132 speciem
3381 3061 3606 3128 nescias,

358 3138 487 3201 nale’
506 3147 592 3202 vel
616 3148 858 3216 mortale,
884 3150 947 3203 sit
974 3151 1241 3220 pr0prium
1270 3152 1473 3205 risibile
1498 3168 1510 3204 :
1536 3151 1785 3207 accidens
1807 3166 1935 3208 vero
1963 3140 2008 3204 C
2040 3157 2268 3228 idipsum
2312 3156 2379 3211 de
2417 3171 2522 3227 quo
2569 3155 2763 3223 aliquid
2809 3154 3034 3223 probare
3071 3153 3181 3219 vis,
3230 3150 3353 3221 quid
3392 3152 3459 3204 sit
3505 3164 3610 3205 non

361 3236 613 3304 quoniam
661 3237 728 3290 ad
774 3237 1115 3294 deﬁnitiones
1160 3240 1556 3294 incommodum
1590 3249 1673 3295 est
1720 3252 1939 3310 praeter-

358 3328 652 3383 mittamus.
684 3328 933 3400 Quisquis
971 3347 1099 3402 ergo
1129 3334 1361 3402 speciem
1391 3333 1602 3400 deﬁnit,
1632 3335 1703 3390 ita
1744 3335 1809 3387 de
1837 3351 1931 3405 ge.

364 3432 492 3473 nere
518 3418 588 3473 ab
612 3418 732 3472 aliis
759 3434 874 3473 eam
916 3422 1200 3489 generibus
1229 3434 1457 3492 separat,
1486 3433 1543 3476 ut
1574 3423 1619 3478 si
1652 3424 1770 3492 quis
1795 3422 1940 3478 dicat

362 3509 488 3577 quid
522 3519 605 3564 est
651 3509 846 3565 homo?
875 3511 1093 3567 animal.
1129 3512 1320 3568 Dicens
1366 3513 1507 3568 enim
1536 3513 1753 3579 animal,
1785 3529 1938 3584 sepa-

358 3599 497 3652 ravit
550 3598 821 3655 hominem
869 3601 936 3655 ab
986 3603 1233 3657 omnibus
1283 3604 1566 3672 generibus
1611 3620 1936 3674 quaecunque

360 3689 609 3743 animalia
631 3704 737 3744 non
762 3700 903 3745 sunt.
938 3691 994 3746 Si
1018 3693 1135 3761 quis
1167 3708 1293 3747 vero
1322 3693 1669 3747 diﬁ'erentiam
1700 3695 1861 3765 dicat,
1885 3704 1938 3750 et

359 3796 476 3836 eam
502 3782 570 3837 ad
595 3785 828 3852 Speciem
858 3788 1245 3852 accommodet,
1278 3802 1364 3842 res
1384 3790 1481 3842 sub
1504 3789 1703 3843 eisdem
1727 3791 1939 3860 generi-

361 3876 461 3928 hus
488 3890 581 3942 per
601 3874 926 3931 diﬁ'erentias
953 3879 1268 3947 segregavit.
1302 3878 1434 3933 Nam
1458 3894 1579 3934 cuin
1603 3881 1736 3935 dicis
1765 3882 1932 3937 homi-

361 3979 483 4019 nem
514 3979 634 4020 esse
680 3967 878 4020 animal
908 3968 1186 4035 rationale,
1214 3984 1335 4024 cum
1368 3971 1526 4024 etiam
1561 3971 1656 4026 hos
1680 3980 1734 4027 et
1771 3987 1937 4043 equus

360 4057 571 4125 species
612 4057 859 4112 animalis
887 4057 1015 4123 sint,
1046 4059 1285 4114 additum
1320 4071 1495 4115 tamen
1539 4062 1799 4117 rationale
1838 4064 1938 4119 ho-

362 4147 513 4212 mini,
548 4146 615 4203 ab
639 4150 761 4203 aliis
790 4152 889 4205 sub
919 4145 1106 4206 eodem
1136 4168 1332 4222 genere
1366 4154 1664 4223 speciebus»,
1707 4155 1936 4212 hominis

360 4240 593 4305 speciem
625 4241 921 4309 segregavit
943 4250 1103 4311 atque
1125 4242 1367 4296 distinxit
1393 4260 1405 4297 :
1433 4242 1642 4311 propria
1666 4259 1791 4299 vero
1815 4260 1936 4299 cum

360 4325 597 4395 dederis,
632 4343 716 4383 res
743 4345 858 4397 qua:
883 4339 1005 4383 sunt
1034 4330 1133 4383 sub
1154 4329 1380 4395 eisdem,
1413 4329 1725 4386 differentiis
1758 4347 1938 4400 segre-

361 4419 532 4489 gabis.
583 4420 713 4475 Nam
744 4436 865 4475 cum
915 4422 1118 4476 dixeris
1157 4420 1414 4477 hinnibile
1439 4423 1520 4478 vel
1548 4423 1767 4491 risibile,
1805 4424 1935 4479 illud

2044 3248 2214 3318 possis
2256 3246 2584 3317 agnoscere?
2639 3245 2774 3309 Quid
2828 3244 2871 3297 si
2921 3244 3133 3312 propria
3188 3240 3611 3311 prtetermittas?

2040 3339 2216 3393 nullas
2246 3350 2477 3406 unquam
2503 3350 2589 3390 res
2612 3335 2819 3397 valebis
2845 3349 2876 3403 p
2908 3332 3072 3401 oprize
3093 3331 3321 3386 termino
3346 3330 3612 3399 probatio-

2041 3429 2124 3483 nis
2152 3426 2446 3483 includere.
2478 3426 2547 3479 At
2569 3440 2698 3479 vero
2727 3425 2771 3480 si
2803 3438 2911 3477 non
2938 3423 3043 3477 vim
3075 3421 3427 3475 accidentium
3460 3429 3612 3473 natu-

2041 3534 2261 3589 ramque
2285 3517 2596 3588 perspicias,
2626 3522 2744 3569 cum
2777 3514 2843 3568 de
2883 3513 3140 3582 cujusque
3169 3509 3460 3565 subman'ia
3507 3517 3607 3563 tra-

2038 3624 2174 3677 ctes,
2215 3610 2373 3665 inane
2400 3608 2690 3664 accidentis
2720 3620 2911 3660 nomen
2955 3619 3105 3674 teque
3135 3604 3186 3657 in
3217 3602 3613 3658 definitionibus

2040 3698 2542 3769 probationibusque
2574 3697 2839 3751 miscebis.
2871 3695 2945 3749 Ita
2976 3694 3059 3747 bis
3081 3691 3240 3749 rebus
3261 3691 3508 3762 cognitis,
3536 3690 3610 3744 in-

2042 3802 2189 3863 tegra
2216 3790 2528 3865 stabilisque
2556 3788 2757 3865 divisio
2786 3797 2840 3845 et
2870 3787 3111 3843 deﬁnitio
3145 3785 3496 3854 permanebit,
3527 3784 3612 3838 in-

2038 3881 2286 3951 cognitis,
2321 3879 2512 3934 debilis
2551 3864 2748 3934 iabahit
2781 3888 2835 3934 et
2864 3886 3047 3933 trunca
3089 3874 3356 3944 probatio.
3398 3874 3521 3928 llzec
3558 3887 3615 3927 se

2038 3972 2195 4043 igitur
2227 3970 2550 4040 Porphyrius
2568 3970 2697 4039 (non
2723 3965 3045 4036 Vielorinus)
3074 3963 3312 4020 breviter
3336 3961 3615 4018 mediocri-

2041 4070 2227 4132 terque
2268 4057 2528 4130 proiiittit'
2559 4074 2848 4129 exponere.
2883 4058 2998 4113 Non
3024 4057 3166 4110 enim
3209 4054 3615 4109 introductionis

2039 4152 2157 4206 vice
2185 4150 2515 4216 fungeretur,
2547 4150 2590 4202 si
2624 4164 2683 4203 ea
2716 4149 2869 4203 nobis
2898 4162 2927 4200 a
2949 4144 3240 4215 primordio
3265 4142 3529 4207 fundaret,
3547 4142 3614 4196 ad

2040 4257 2157 4310 quae
2189 4243 2341 4295 nobis
2386 4240 2499 4295 haec
2545 4249 2649 4294 tam
2701 4240 2842 4295 clara
2894 4236 3217 4292 introductio
3268 4243 3613 4304 praeparatur.

2041 4332 2233 4386 Servat
2261 4331 2418 4402 igitur
2448 4329 2862 4385 introductionis
2911 4325 3126 4381 modum
3157 4324 3462 4379 doctissima
3490 4338 3615 4393 par-

2039 4422 2172 4477 citas
2202 4419 2532 4491 disputandi,
2565 4429 2621 4474 ut
2645 4418 3053 4488 ingredientium
3081 4416 3218 4470 viam
3254 4414 3318 4469 ad
3350 4414 3618 4471 obscuris-

362 4519 444 4565 est
471 4511 590 4578 equi
622 4512 915 4580 proprium,
950 4511 1075 4565 illud
1107 4511 1355 4566 hominis.
1392 4512 1598 4568 Etcum
1623 4529 1790 4583 equus
1812 4530 1931 4569 cum
1959 4502 2015 4564 Β
2043 4512 2207 4567 simas
2256 4526 2432 4566 rerum
2486 4508 2744 4578 caligines
2796 4508 2974 4576 aliquo
3016 4506 3166 4575 quasi
3207 4504 3465 4560 doctrina:
3509 4519 3619 4557 suae

364 4600 501 4654 bove
530 4611 688 4670 atque
730 4616 861 4655 cane
885 4603 986 4656 sub
1014 4602 1201 4657 eadem
1241 4602 1540 4658 diﬁ‘erentia
1572 4604 1663 4670 sit,
1693 4605 1831 4675 quod
1864 4606 1930 4660 ir-

365 4691 699 4746 rationabilia
730 4701 854 4746 sunt
878 4693 1077 4760 omnia,
1106 4693 1369 4762 adjectum
1399 4693 1702 4748 hinnibilea
1725 4696 1935 4751 ets-teris

366 4797 560 4854 equum
590 4783 689 4838 sub
709 4784 893 4839 eadem
916 4784 1210 4840 differentia
1229 4786 1505 4855 speciebus
1524 4786 1737 4841 dividit.
1766 4787 1936 4842 llomo

366 4889 496 4931 vero
523 4883 577 4931 et
606 4875 747 4931 Deus
782 4876 882 4931 sub
912 4875 1097 4931 eadem
1127 4875 1425 4931 diﬁerentia
1466 4886 1608 4942 sunt,
1658 4876 1709 4931 id
1740 4886 1820 4932 est
1847 4893 1937 4932 ra-

368 4964 570 5033 tionali,
598 4966 737 5036 quod
767 4967 981 5037 utrique
1020 4968 1307 5023 rationales
1330 4978 1473 5036 sunt,
1507 4969 1748 5039 quamvis
1779 4970 1939 5025 homo

368 5063 424 5111 et
475 5055 616 5110 Deus
669 5056 916 5125 adjuncta
962 5058 1173 5112 mortali
1224 5058 1520 5113 diﬁ‘eren‘ia
1575 5070 1935 5130 separentur:

370 5148 581 5218 praprio
598 5157 798 5216 tamen,
831 5149 882 5203 id
902 5158 986 5204 est
1013 5148 1222 5215 risihili,
1245 5150 1385 5220 quod
1405 5152 1548 5205 solus
1574 5152 1733 5206 habet
1758 5138 1939 5218 homo,

371 5240 664 5295 naturalius
689 5240 1195 5312 Subslantialiusque
1216 5242 1552 5311 disjungitur,
1584 5242 1724 5312 quod
1750 5244 1799 5297 in
1822 5244 1941 5299 aliis

372 5330 531 5383 rebus
551 5330 603 5383 in
631 5330 823 5400 quibus
854 5330 993 5384 nulla
1018 5332 1226 5400 species
1250 5332 1338 5387 tali
1356 5332 1654 5387 diﬁ'erentia
1670 5342 1946 5402 separatur

371 5420 559 5475 melius
603 5423 851 5491 cognosci
886 5431 1083 5491 potest.
1132 5424 1263 5479 Nam
1304 5440 1425 5479 cum
1456 5425 1554 5480 sub
1581 5425 1765 5481 eadem
1794 5412 1959 5481 diﬁ'e-l

375 5513 547 5585 rentia
588 5514 691 5568 sint
738 5514 1085 5582 irrationalia,
1136 5532 1326 5586 equus,
1359 5516 1473 5581 bos,
1523 5517 1689 5581 canis,
1740 5534 1838 5573 nec
1867 5529 1977 5573 est.

361 5606 483 5660 ‘ulla
511 5606 613 5661 alia
656 5622 775 5677 qua:
825 5622 921 5663 eos
971 5616 1184 5677 separet
1228 5609 1525 5663 differentia
1556 5610 1946 5665 substantialis.

374 5698 604 5755 Possunt
633 5699 778 5755 enim
806 5700 1099 5757 accidentis
1118 5715 1234 5757 esse
1261 5699 1591 5766 differentir,
1627 5715 1685 5755 ea
1718 5716 1834 5771 quae
1856 5716 1948 5759 eos

2044 4602 2242 4657 lumine
2273 4607 2610 4667 temperaret.
2646 4599 2786 4653 Dicit
2810 4601 2952 4653 enim
2976 4596 3113 4666 apud
3154 4596 3397 4663 antiquos
3427 4595 3535 4649 alta
3564 4603 3620 4650 et

2044 4690 2323 4761 magniﬁca
2354 4690 2648 4761 quaestione
2686 4690 2935 4754 disserta,
2967 4705 3087 4758 qua:
3125 4688 3239 4757 ipse
3280 4702 3420 4743 nunc
3460 4702 3620 4758 parco

2047 4782 2384 4850 breviterque
2425 4779 2741 4849 composuit.
2787 4779 2922 4846 Quid
2955 4787 3130 4833 autem
3163 4776 3337 4833 dehis
3363 4792 3391 4830 a
3434 4775 3620 4846 priscis

2048 4862 2397 4944 philosophia:
2431 4872 2804 4927 traetatoribus
2828 4871 3116 4927 dissertum
3140 4872 3231 4933 sit,
3255 4870 3488 4925 breviter
3508 4870 3621 4940 ipse

2048 4966 2214 5036 tangit
2256 4973 2311 5020 et
2339 4964 2598 5035 prteterit.
2631 4963 2766 5018 Tum
2798 4962 2994 5018 Fabius
3027 4961 3203 5030 :Quid
3247 4960 3397 5030 illud,
3431 4959 3619 5030 inquit,

2045 5056 2162 5112 est?
2193 5055 2258 5110 Et
2282 5068 2380 5125 ego
2414 5070 2427 5106 :
2460 5053 2593 5119 Hoc,
2624 5053 2859 5122 inquam,
2893 5050 3031 5121 quod
3061 5051 3134 5106 ait
3162 5066 3221 5105 se
3251 5051 3466 5105 omnino
3483 5062 3620 5118 prac-

2048 5146 2345 5203 termittere
2385 5160 2578 5215 genera
2621 5145 2733 5213 ipsa
2761 5151 2813 5198 et
2842 5141 3071 5211 species,
3109 5150 3283 5196 utrum
3330 5154 3454 5195 vere
3496 5136 3621 5191 sub-

2046 5239 2257 5302 sistant,
2301 5251 2367 5290 an
2419 5234 2693 5289 intellectu
2724 5233 2841 5287 solo
2870 5243 2923 5286 et
2963 5240 3141 5287 mente
3194 5239 3505 5295 teneantur,
3553 5242 3621 5281 an

2049 5332 2345 5401 corporalia
2375 5330 2474 5383 ista
2515 5329 2623 5382 sint
2650 5342 2717 5380 an
2749 5326 3105 5395 incorporalia
3138 5341 3151 5378 :
3184 5335 3235 5379 et
3263 5330 3437 5376 utrum
3464 5334 3623 5390 sepa-

2048 5434 2184 5491 rata,
2206 5438 2271 5478 an
2296 5423 2424 5494 ipsis
2441 5419 2778 5476 sensibilibus
2799 5418 3000 5487 juncta.
3018 5419 3092 5473 De
3111 5419 3192 5472 his
3215 5430 3354 5479 sese,
3372 5414 3623 5485 quoniam

2051 5513 2156 5567 alta
2206 5521 2348 5568 esset
2389 5508 2693 5579 disputatio,
2746 5516 2918 5563 tacere
2970 5506 3258 5578 promisit:
3301 5521 3397 5559 nos
3444 5512 3623 5559 autem

2051 5603 2287 5658 adhibito
2335 5598 2712 5657 moderationis
2737 5597 2906 5665 freno,
2934 5594 3273 5651 mediocriter
3294 5592 3625 5663 unumquod-

2052 5710 2153 5766 que
2182 5704 2479 5764 tangamus.
2535 5691 2729 5746 Eorum
2762 5704 2888 5758 ergo
2918 5702 3035 5755 qum
3067 5699 3123 5740 se
3152 5684 3377 5740 transire
3403 5692 3455 5740 ct
3485 5697 3623 5753 pm-
