  <div class='ocr_page' id='page_1' title='image "/cluster/home/n/w/nwhite01/storage/ocr_20150623/64/hvd.32044024222309/017.png"; bbox 0 0 4106 6336; ppageno 0'>
   <div class='ocr_carea' id='block_1_1' title="bbox 489 244 2085 322">
    <p class='ocr_par' dir='ltr' id='par_1_1' title="bbox 489 244 2077 322">
     <span class='ocr_line' id='line_1_1' title="bbox 489 244 2077 322; baseline -0.002 -18"><span class='ocrx_word' id='word_1_1' title='bbox 489 266 548 322; x_wconf 54' lang='grc' dir='ltr'><strong>,ο</strong></span> <span class='ocrx_word' id='word_1_2' title='bbox 938 244 947 253; x_wconf 83' lang='lat'><strong>‘</strong></span> <span class='ocrx_word' id='word_1_3' title='bbox 1736 249 1847 303; x_wconf 65' lang='lat' dir='ltr'><strong>AN.</strong></span> <span class='ocrx_word' id='word_1_4' title='bbox 1893 247 2077 301; x_wconf 68' lang='lat' dir='ltr'><strong>sum,</strong></span> 
     </span>
    </p>
   </div>
   <div class='ocr_carea' id='block_1_2' title="bbox 2191 244 3761 322">
    <p class='ocr_par' dir='ltr' id='par_1_2' title="bbox 2191 247 3761 308">
     <span class='ocr_line' id='line_1_2' title="bbox 2191 247 3761 308; baseline 0 -7"><span class='ocrx_word' id='word_1_5' title='bbox 2191 247 2292 302; x_wconf 77' lang='lat' dir='ltr'><strong>F.\&#39;.</strong></span> <span class='ocrx_word' id='word_1_6' title='bbox 2338 249 2562 304; x_wconf 76' lang='grc' dir='ltr'><strong>ΙῖΟΙῐΤΠ</strong></span> <span class='ocrx_word' id='word_1_7' title='bbox 3692 257 3761 308; x_wconf 69' lang='lat'>90</span> 
     </span>
    </p>
   </div>
   <div class='ocr_carea' id='block_1_3' title="bbox 486 363 3759 439">
    <p class='ocr_par' dir='ltr' id='par_1_3' title="bbox 486 363 3759 439">
     <span class='ocr_line' id='line_1_3' title="bbox 486 363 3759 439; baseline 0.003 -27"><span class='ocrx_word' id='word_1_8' title='bbox 486 373 794 432; x_wconf 57' lang='grc' dir='ltr'><strong>ωηηίιιρω</strong></span> <span class='ocrx_word' id='word_1_9' title='bbox 841 371 1154 436; x_wconf 66' lang='lat' dir='ltr'><strong>pollicetur,</strong></span> <span class='ocrx_word' id='word_1_10' title='bbox 1185 367 1355 439; x_wconf 83' lang='lat' dir='ltr'><strong>prima</strong></span> <span class='ocrx_word' id='word_1_11' title='bbox 1380 372 1463 419; x_wconf 91' lang='lat' dir='ltr'><strong>est</strong></span> <span class='ocrx_word' id='word_1_12' title='bbox 1489 364 1735 433; x_wconf 80' lang='lat' dir='ltr'><strong>quaestio,</strong></span> <span class='ocrx_word' id='word_1_13' title='bbox 1764 372 1942 417; x_wconf 89' lang='lat' dir='ltr'><strong>utrum</strong></span> <span class='ocrx_word' id='word_1_14' title='bbox 1984 378 2073 432; x_wconf 80' lang='lat' dir='ltr'><strong>ge-</strong></span> <span class='ocrx_word' id='word_1_15' title='bbox 2103 363 2155 422; x_wconf 80' lang='grc' dir='ltr'><strong>Α</strong></span> <span class='ocrx_word' id='word_1_16' title='bbox 2182 372 2266 416; x_wconf 93' lang='lat' dir='ltr'><strong>tur</strong></span> <span class='ocrx_word' id='word_1_17' title='bbox 2296 382 2306 415; x_wconf 93' lang='lat'>:</span> <span class='ocrx_word' id='word_1_18' title='bbox 2341 365 2701 433; x_wconf 82' lang='lat' dir='ltr'><strong>lucorporalia</strong></span> <span class='ocrx_word' id='word_1_19' title='bbox 2735 379 2853 419; x_wconf 90' lang='lat' dir='ltr'><strong>esse</strong></span> <span class='ocrx_word' id='word_1_20' title='bbox 2886 366 3059 420; x_wconf 73' lang='lat' dir='ltr'><strong>nullus</strong></span> <span class='ocrx_word' id='word_1_21' title='bbox 3106 367 3330 433; x_wconf 86' lang='lat' dir='ltr'><strong>dubitat,</strong></span> <span class='ocrx_word' id='word_1_22' title='bbox 3378 382 3606 438; x_wconf 76' lang='lat' dir='ltr'><strong>euntque</strong></span> <span class='ocrx_word' id='word_1_23' title='bbox 3648 371 3759 437; x_wconf 85' lang='lat' dir='ltr'><strong>ipsa</strong></span> 
     </span>
    </p>
   </div>
   <div class='ocr_carea' id='block_1_4' title="bbox 486 456 2068 537">
    <p class='ocr_par' dir='ltr' id='par_1_4' title="bbox 486 456 2068 537">
     <span class='ocr_line' id='line_1_4' title="bbox 486 456 2068 537; baseline -0.008 -14"><span class='ocrx_word' id='word_1_24' title='bbox 486 482 608 523; x_wconf 89' lang='lat' dir='ltr'><strong>nera</strong></span> <span class='ocrx_word' id='word_1_25' title='bbox 626 464 741 535; x_wconf 88' lang='lat' dir='ltr'><strong>ipsa</strong></span> <span class='ocrx_word' id='word_1_26' title='bbox 762 469 817 517; x_wconf 89' lang='lat' dir='ltr'><strong>et</strong></span> <span class='ocrx_word' id='word_1_27' title='bbox 841 476 865 514; x_wconf 89' lang='lat' dir='ltr'><strong>s</strong></span> <span class='ocrx_word' id='word_1_28' title='bbox 880 466 1057 537; x_wconf 80' lang='lat' dir='ltr'><strong>pecies</strong></span> <span class='ocrx_word' id='word_1_29' title='bbox 1078 476 1219 518; x_wconf 73' lang='lat' dir='ltr'><strong>verte</strong></span> <span class='ocrx_word' id='word_1_30' title='bbox 1235 461 1363 528; x_wconf 90' lang='lat' dir='ltr'><strong>sint,</strong></span> <span class='ocrx_word' id='word_1_31' title='bbox 1378 474 1443 515; x_wconf 90' lang='lat' dir='ltr'><strong>an</strong></span> <span class='ocrx_word' id='word_1_32' title='bbox 1462 459 1514 514; x_wconf 92' lang='lat' dir='ltr'><strong>in</strong></span> <span class='ocrx_word' id='word_1_33' title='bbox 1542 457 1668 513; x_wconf 89' lang='lat' dir='ltr'><strong>solis</strong></span> <span class='ocrx_word' id='word_1_34' title='bbox 1690 456 2068 523; x_wconf 88' lang='lat' dir='ltr'><strong>intellectibus,</strong></span> 
     </span>
    </p>
   </div>
   <div class='ocr_carea' id='block_1_5' title="bbox 486 549 2071 629">
    <p class='ocr_par' dir='ltr' id='par_1_5' title="bbox 486 549 2071 629">
     <span class='ocr_line' id='line_1_5' title="bbox 486 549 2071 629; baseline -0.008 -12"><span class='ocrx_word' id='word_1_35' title='bbox 486 558 621 614; x_wconf 77' lang='lat' dir='ltr'><strong>nuda</strong></span> <span class='ocrx_word' id='word_1_36' title='bbox 672 555 962 629; x_wconf 74' lang='lat' dir='ltr'><strong>inaniaque</strong></span> <span class='ocrx_word' id='word_1_37' title='bbox 1007 556 1293 625; x_wconf 94' lang='lat' dir='ltr'><strong>ﬁngantur,</strong></span> <span class='ocrx_word' id='word_1_38' title='bbox 1342 568 1462 621; x_wconf 74' lang='lat' dir='ltr'><strong>qua:</strong></span> <span class='ocrx_word' id='word_1_39' title='bbox 1498 551 1722 621; x_wconf 70' lang='lat' dir='ltr'><strong>quaestio</strong></span> <span class='ocrx_word' id='word_1_40' title='bbox 1770 549 2071 621; x_wconf 74' lang='lat' dir='ltr'><strong>huiusmodi</strong></span> 
     </span>
    </p>
   </div>
   <div class='ocr_carea' id='block_1_6' title="bbox 486 645 2073 718">
    <p class='ocr_par' dir='ltr' id='par_1_6' title="bbox 486 645 2073 718">
     <span class='ocr_line' id='line_1_6' title="bbox 486 645 2073 718; baseline -0.008 -8"><span class='ocrx_word' id='word_1_41' title='bbox 486 662 568 709; x_wconf 87' lang='lat' dir='ltr'><strong>est</strong></span> <span class='ocrx_word' id='word_1_42' title='bbox 599 670 612 704; x_wconf 90' lang='lat'>:</span> <span class='ocrx_word' id='word_1_43' title='bbox 646 650 915 718; x_wconf 78' lang='lat' dir='ltr'><strong>Quoniam</strong></span> <span class='ocrx_word' id='word_1_44' title='bbox 948 650 1219 705; x_wconf 87' lang='lat' dir='ltr'><strong>hominum</strong></span> <span class='ocrx_word' id='word_1_45' title='bbox 1252 646 1594 702; x_wconf 74' lang='lat' dir='ltr'><strong>multiformis</strong></span> <span class='ocrx_word' id='word_1_46' title='bbox 1624 653 1709 701; x_wconf 88' lang='lat' dir='ltr'><strong>est</strong></span> <span class='ocrx_word' id='word_1_47' title='bbox 1736 645 1948 699; x_wconf 90' lang='lat' dir='ltr'><strong>animus</strong></span> <span class='ocrx_word' id='word_1_48' title='bbox 1978 659 2073 713; x_wconf 91' lang='lat' dir='ltr'><strong>per</strong></span> 
     </span>
    </p>
   </div>
   <div class='ocr_carea' id='block_1_7' title="bbox 485 734 2069 814">
    <p class='ocr_par' dir='ltr' id='par_1_7' title="bbox 485 734 2069 814">
     <span class='ocr_line' id='line_1_7' title="bbox 485 734 2069 814; baseline -0.008 -16"><span class='ocrx_word' id='word_1_49' title='bbox 485 754 737 798; x_wconf 80' lang='lat' dir='ltr'><strong>sensuum</strong></span> <span class='ocrx_word' id='word_1_50' title='bbox 765 743 1078 814; x_wconf 67' lang='lat' dir='ltr'><strong>Qualitatem</strong></span> <span class='ocrx_word' id='word_1_51' title='bbox 1109 752 1195 793; x_wconf 90' lang='lat' dir='ltr'><strong>res</strong></span> <span class='ocrx_word' id='word_1_52' title='bbox 1223 737 1471 792; x_wconf 86' lang='lat' dir='ltr'><strong>sensibus</strong></span> <span class='ocrx_word' id='word_1_53' title='bbox 1499 735 1769 806; x_wconf 75' lang='lat' dir='ltr'><strong>subiectas</strong></span> <span class='ocrx_word' id='word_1_54' title='bbox 1803 734 2069 804; x_wconf 71' lang='lat' dir='ltr'><strong>intellig’t,</strong></span> 
     </span>
    </p>
   </div>
   <div class='ocr_carea' id='block_1_8' title="bbox 486 826 2069 901">
    <p class='ocr_par' dir='ltr' id='par_1_8' title="bbox 486 826 2069 901">
     <span class='ocr_line' id='line_1_8' title="bbox 486 826 2069 901; baseline -0.003 -16"><span class='ocrx_word' id='word_1_55' title='bbox 486 842 538 886; x_wconf 92' lang='lat' dir='ltr'><strong>et</strong></span> <span class='ocrx_word' id='word_1_56' title='bbox 567 848 630 885; x_wconf 81' lang='lat' dir='ltr'><strong>ex</strong></span> <span class='ocrx_word' id='word_1_57' title='bbox 657 830 739 883; x_wconf 89' lang='lat' dir='ltr'><strong>his</strong></span> <span class='ocrx_word' id='word_1_58' title='bbox 770 831 995 901; x_wconf 88' lang='lat' dir='ltr'><strong>quadam</strong></span> <span class='ocrx_word' id='word_1_59' title='bbox 1027 830 1392 899; x_wconf 77' lang='lat' dir='ltr'><strong>speculatione</strong></span> <span class='ocrx_word' id='word_1_60' title='bbox 1413 836 1691 895; x_wconf 85' lang='lat' dir='ltr'><strong>concepta,</strong></span> <span class='ocrx_word' id='word_1_61' title='bbox 1714 829 1853 880; x_wconf 86' lang='lat' dir='ltr'><strong>viam</strong></span> <span class='ocrx_word' id='word_1_62' title='bbox 1881 826 1980 881; x_wconf 88' lang='lat' dir='ltr'><strong>sibi</strong></span> <span class='ocrx_word' id='word_1_63' title='bbox 2004 826 2069 880; x_wconf 88' lang='lat' dir='ltr'><strong>ad</strong></span> 
     </span>
    </p>
   </div>
   <div class='ocr_carea' id='block_1_9' title="bbox 494 916 2073 992">
    <p class='ocr_par' dir='ltr' id='par_1_9' title="bbox 494 916 2073 992">
     <span class='ocr_line' id='line_1_9' title="bbox 494 916 2073 992; baseline -0.003 -17"><span class='ocrx_word' id='word_1_64' title='bbox 494 921 847 988; x_wconf 75' lang='lat' dir='ltr'><strong>&#39;ncorporalia</strong></span> <span class='ocrx_word' id='word_1_65' title='bbox 879 919 1219 992; x_wconf 82' lang='lat' dir='ltr'><strong>intelligenda</strong></span> <span class='ocrx_word' id='word_1_66' title='bbox 1243 918 1529 990; x_wconf 62' lang='lat' dir='ltr'><strong>praemunit</strong></span> <span class='ocrx_word' id='word_1_67' title='bbox 1559 934 1574 971; x_wconf 89' lang='lat'><strong>:</strong></span> <span class='ocrx_word' id='word_1_68' title='bbox 1601 926 1659 971; x_wconf 90' lang='lat' dir='ltr'><strong>ut</strong></span> <span class='ocrx_word' id='word_1_69' title='bbox 1678 930 1796 971; x_wconf 91' lang='lat' dir='ltr'><strong>cum</strong></span> <span class='ocrx_word' id='word_1_70' title='bbox 1836 916 2073 984; x_wconf 89' lang='lat' dir='ltr'><strong>singulos</strong></span> 
     </span>
    </p>
   </div>
   <div class='ocr_carea' id='block_1_10' title="bbox 429 1005 2070 1081">
    <p class='ocr_par' dir='ltr' id='par_1_10' title="bbox 429 1005 2070 1081">
     <span class='ocr_line' id='line_1_10' title="bbox 429 1005 2070 1081; baseline -0.005 -18"><span class='ocrx_word' id='word_1_71' title='bbox 429 1035 432 1039; x_wconf 57' lang='grc' dir='ltr'><strong><em>η</em></strong></span> <span class='ocrx_word' id='word_1_72' title='bbox 488 1011 733 1070; x_wconf 76' lang='lat' dir='ltr'><strong>homines</strong></span> <span class='ocrx_word' id='word_1_73' title='bbox 761 1012 999 1076; x_wconf 90' lang='lat' dir='ltr'><strong>videam,</strong></span> <span class='ocrx_word' id='word_1_74' title='bbox 1028 1026 1120 1066; x_wconf 93' lang='lat' dir='ltr'><strong>eos</strong></span> <span class='ocrx_word' id='word_1_75' title='bbox 1143 1024 1355 1081; x_wconf 88' lang='lat' dir='ltr'><strong>quoque</strong></span> <span class='ocrx_word' id='word_1_76' title='bbox 1384 1022 1469 1063; x_wconf 91' lang='lat' dir='ltr'><strong>me</strong></span> <span class='ocrx_word' id='word_1_77' title='bbox 1495 1005 1691 1062; x_wconf 78' lang='lat' dir='ltr'><strong>vidisse</strong></span> <span class='ocrx_word' id='word_1_78' title='bbox 1730 1019 2070 1074; x_wconf 78' lang='lat' dir='ltr'><strong>cognoscam,</strong></span> 
     </span>
    </p>
   </div>
   <div class='ocr_carea' id='block_1_11' title="bbox 489 1093 2075 1177">
    <p class='ocr_par' dir='ltr' id='par_1_11' title="bbox 489 1093 2075 1177">
     <span class='ocr_line' id='line_1_11' title="bbox 489 1093 2075 1177; baseline -0.005 -21"><span class='ocrx_word' id='word_1_79' title='bbox 489 1108 538 1157; x_wconf 80' lang='lat' dir='ltr'><strong>e’t</strong></span> <span class='ocrx_word' id='word_1_80' title='bbox 567 1108 694 1177; x_wconf 84' lang='lat' dir='ltr'><strong>quia</strong></span> <span class='ocrx_word' id='word_1_81' title='bbox 720 1103 964 1159; x_wconf 88' lang='lat' dir='ltr'><strong>homines</strong></span> <span class='ocrx_word' id='word_1_82' title='bbox 992 1110 1139 1169; x_wconf 89' lang='lat' dir='ltr'><strong>sunt,</strong></span> <span class='ocrx_word' id='word_1_83' title='bbox 1170 1115 1256 1155; x_wconf 92' lang='lat' dir='ltr'><strong>me</strong></span> <span class='ocrx_word' id='word_1_84' title='bbox 1286 1097 1610 1154; x_wconf 79' lang='lat' dir='ltr'><strong>intellexisse</strong></span> <span class='ocrx_word' id='word_1_85' title='bbox 1640 1094 1911 1165; x_wconf 91' lang='lat' dir='ltr'><strong>proﬁtear.</strong></span> <span class='ocrx_word' id='word_1_86' title='bbox 1939 1093 2075 1148; x_wconf 84' lang='lat' dir='ltr'><strong>Hinc</strong></span> 
     </span>
    </p>
   </div>
   <div class='ocr_carea' id='block_1_12' title="bbox 489 1187 2073 1270">
    <p class='ocr_par' dir='ltr' id='par_1_12' title="bbox 489 1187 2073 1270">
     <span class='ocr_line' id='line_1_12' title="bbox 489 1187 2073 1270; baseline -0.008 -17"><span class='ocrx_word' id='word_1_87' title='bbox 489 1197 649 1270; x_wconf 69' lang='lat' dir='ltr'><strong>igitur</strong></span> <span class='ocrx_word' id='word_1_88' title='bbox 677 1198 836 1253; x_wconf 86' lang='lat' dir='ltr'><strong>ducta</strong></span> <span class='ocrx_word' id='word_1_89' title='bbox 885 1194 1254 1264; x_wconf 67' lang='lat' dir='ltr'><strong>intelligentia,</strong></span> <span class='ocrx_word' id='word_1_90' title='bbox 1295 1192 1437 1247; x_wconf 80' lang='lat' dir='ltr'><strong>velut</strong></span> <span class='ocrx_word' id='word_1_91' title='bbox 1470 1189 1580 1260; x_wconf 88' lang='lat' dir='ltr'><strong>jam</strong></span> <span class='ocrx_word' id='word_1_92' title='bbox 1613 1187 1943 1243; x_wconf 87' lang='lat' dir='ltr'><strong>sensibilium</strong></span> <span class='ocrx_word' id='word_1_93' title='bbox 1977 1201 2073 1241; x_wconf 88' lang='lat' dir='ltr'><strong>co-</strong></span> 
     </span>
    </p>
   </div>
   <div class='ocr_carea' id='block_1_13' title="bbox 491 1277 2077 1365">
    <p class='ocr_par' dir='ltr' id='par_1_13' title="bbox 491 1277 2077 1365">
     <span class='ocr_line' id='line_1_13' title="bbox 491 1277 2077 1365; baseline -0.01 -17"><span class='ocrx_word' id='word_1_94' title='bbox 491 1294 729 1365; x_wconf 89' lang='lat' dir='ltr'><strong>gnitione</strong></span> <span class='ocrx_word' id='word_1_95' title='bbox 776 1289 1049 1353; x_wconf 86' lang='lat' dir='ltr'><strong>roborata,</strong></span> <span class='ocrx_word' id='word_1_96' title='bbox 1100 1284 1396 1343; x_wconf 89' lang='lat' dir='ltr'><strong>sublimiori</strong></span> <span class='ocrx_word' id='word_1_97' title='bbox 1428 1299 1551 1338; x_wconf 88' lang='lat' dir='ltr'><strong>sese</strong></span> <span class='ocrx_word' id='word_1_98' title='bbox 1595 1281 1865 1336; x_wconf 90' lang='lat' dir='ltr'><strong>intellectu</strong></span> <span class='ocrx_word' id='word_1_99' title='bbox 1899 1277 2077 1333; x_wconf 88' lang='lat' dir='ltr'><strong>consi-</strong></span> 
     </span>
    </p>
   </div>
   <div class='ocr_carea' id='block_1_14' title="bbox 492 1367 2069 1446">
    <p class='ocr_par' dir='ltr' id='par_1_14' title="bbox 492 1367 2069 1446">
     <span class='ocr_line' id='line_1_14' title="bbox 492 1367 2069 1446; baseline -0.01 -9"><span class='ocrx_word' id='word_1_100' title='bbox 492 1381 786 1438; x_wconf 87' lang='lat' dir='ltr'><strong>derationis</strong></span> <span class='ocrx_word' id='word_1_101' title='bbox 836 1378 1066 1441; x_wconf 80' lang='lat' dir='ltr'><strong>extollit,</strong></span> <span class='ocrx_word' id='word_1_102' title='bbox 1112 1387 1165 1431; x_wconf 94' lang='lat' dir='ltr'><strong>et</strong></span> <span class='ocrx_word' id='word_1_103' title='bbox 1189 1376 1298 1446; x_wconf 83' lang='lat' dir='ltr'><strong>jam</strong></span> <span class='ocrx_word' id='word_1_104' title='bbox 1332 1374 1564 1445; x_wconf 84' lang='lat' dir='ltr'><strong>speciem</strong></span> <span class='ocrx_word' id='word_1_105' title='bbox 1604 1372 1774 1442; x_wconf 85' lang='lat' dir='ltr'><strong>ipsam</strong></span> <span class='ocrx_word' id='word_1_106' title='bbox 1818 1367 2069 1432; x_wconf 85' lang='lat' dir='ltr'><strong>hominis,</strong></span> 
     </span>
    </p>
   </div>
   <div class='ocr_carea' id='block_1_15' title="bbox 492 1461 2076 1542">
    <p class='ocr_par' dir='ltr' id='par_1_15' title="bbox 492 1461 2076 1542">
     <span class='ocr_line' id='line_1_15' title="bbox 492 1461 2076 1542; baseline -0.008 -15"><span class='ocrx_word' id='word_1_107' title='bbox 492 1488 610 1542; x_wconf 68' lang='lat' dir='ltr'><strong>quae</strong></span> <span class='ocrx_word' id='word_1_108' title='bbox 656 1472 755 1527; x_wconf 90' lang='lat' dir='ltr'><strong>sub</strong></span> <span class='ocrx_word' id='word_1_109' title='bbox 803 1469 1018 1524; x_wconf 83' lang='lat' dir='ltr'><strong>animali</strong></span> <span class='ocrx_word' id='word_1_110' title='bbox 1058 1475 1142 1523; x_wconf 90' lang='lat' dir='ltr'><strong>est</strong></span> <span class='ocrx_word' id='word_1_111' title='bbox 1189 1467 1394 1535; x_wconf 82' lang='lat' dir='ltr'><strong>posita,</strong></span> <span class='ocrx_word' id='word_1_112' title='bbox 1447 1475 1501 1520; x_wconf 87' lang='lat' dir='ltr'><strong>et</strong></span> <span class='ocrx_word' id='word_1_113' title='bbox 1553 1463 1791 1533; x_wconf 88' lang='lat' dir='ltr'><strong>singulos</strong></span> <span class='ocrx_word' id='word_1_114' title='bbox 1830 1461 2076 1517; x_wconf 82' lang='lat' dir='ltr'><strong>homines</strong></span> 
     </span>
    </p>
   </div>
   <div class='ocr_carea' id='block_1_16' title="bbox 493 1551 2071 1626">
    <p class='ocr_par' dir='ltr' id='par_1_16' title="bbox 493 1551 2071 1626">
     <span class='ocr_line' id='line_1_16' title="bbox 493 1551 2071 1626; baseline -0.01 -8"><span class='ocrx_word' id='word_1_115' title='bbox 493 1562 752 1626; x_wconf 84' lang='lat' dir='ltr'><strong>continet,</strong></span> <span class='ocrx_word' id='word_1_116' title='bbox 788 1560 1115 1626; x_wconf 81' lang='lat' dir='ltr'><strong>suSpicatur,</strong></span> <span class='ocrx_word' id='word_1_117' title='bbox 1158 1566 1212 1612; x_wconf 90' lang='lat' dir='ltr'><strong>et</strong></span> <span class='ocrx_word' id='word_1_118' title='bbox 1242 1557 1375 1611; x_wconf 90' lang='lat' dir='ltr'><strong>illud</strong></span> <span class='ocrx_word' id='word_1_119' title='bbox 1405 1556 1775 1625; x_wconf 86' lang='lat' dir='ltr'><strong>incorporeum</strong></span> <span class='ocrx_word' id='word_1_120' title='bbox 1805 1551 2071 1621; x_wconf 83' lang='lat' dir='ltr'><strong>intelligit,</strong></span> 
     </span>
    </p>
   </div>
   <div class='ocr_carea' id='block_1_17' title="bbox 494 1644 2074 1726">
    <p class='ocr_par' dir='ltr' id='par_1_17' title="bbox 494 1644 2074 1726">
     <span class='ocr_line' id='line_1_17' title="bbox 494 1644 2074 1726; baseline -0.008 -15"><span class='ocrx_word' id='word_1_121' title='bbox 494 1656 645 1726; x_wconf 78' lang='lat' dir='ltr'><strong>cujus</strong></span> <span class='ocrx_word' id='word_1_122' title='bbox 673 1662 793 1708; x_wconf 89' lang='lat' dir='ltr'><strong>ante</strong></span> <span class='ocrx_word' id='word_1_123' title='bbox 811 1650 1099 1723; x_wconf 87' lang='lat' dir='ltr'><strong>particulas</strong></span> <span class='ocrx_word' id='word_1_124' title='bbox 1112 1647 1419 1717; x_wconf 81' lang='lat' dir='ltr'><strong>corporales</strong></span> <span class='ocrx_word' id='word_1_125' title='bbox 1441 1647 1491 1701; x_wconf 91' lang='lat' dir='ltr'><strong>in</strong></span> <span class='ocrx_word' id='word_1_126' title='bbox 1516 1647 1739 1716; x_wconf 89' lang='lat' dir='ltr'><strong>singulis</strong></span> <span class='ocrx_word' id='word_1_127' title='bbox 1768 1644 2074 1701; x_wconf 87' lang='lat' dir='ltr'><strong>hominibus</strong></span> 
     </span>
    </p>
   </div>
   <div class='ocr_carea' id='block_1_18' title="bbox 2176 455 3761 524">
    <p class='ocr_par' dir='ltr' id='par_1_18' title="bbox 2176 455 3761 524">
     <span class='ocr_line' id='line_1_18' title="bbox 2176 455 3761 524; baseline 0.003 -17"><span class='ocrx_word' id='word_1_128' title='bbox 2176 456 2338 509; x_wconf 89' lang='lat' dir='ltr'><strong>nullis</strong></span> <span class='ocrx_word' id='word_1_129' title='bbox 2377 456 2623 510; x_wconf 88' lang='lat' dir='ltr'><strong>sensibus</strong></span> <span class='ocrx_word' id='word_1_130' title='bbox 2672 455 2971 524; x_wconf 89' lang='lat' dir='ltr'><strong>capiantur,</strong></span> <span class='ocrx_word' id='word_1_131' title='bbox 3020 457 3180 510; x_wconf 89' lang='lat' dir='ltr'><strong>animi</strong></span> <span class='ocrx_word' id='word_1_132' title='bbox 3224 465 3397 509; x_wconf 85' lang='lat' dir='ltr'><strong>tamen</strong></span> <span class='ocrx_word' id='word_1_133' title='bbox 3432 459 3605 524; x_wconf 89' lang='lat' dir='ltr'><strong>qualia</strong></span> <span class='ocrx_word' id='word_1_134' title='bbox 3652 459 3761 512; x_wconf 85' lang='lat' dir='ltr'><strong>sint</strong></span> 
     </span>
    </p>
   </div>
   <div class='ocr_carea' id='block_1_19' title="bbox 2178 544 3755 616">
    <p class='ocr_par' dir='ltr' id='par_1_19' title="bbox 2178 544 3755 616">
     <span class='ocr_line' id='line_1_19' title="bbox 2178 544 3755 616; baseline 0.001 -18"><span class='ocrx_word' id='word_1_135' title='bbox 2178 544 2608 600; x_wconf 89' lang='lat' dir='ltr'><strong>consideratione</strong></span> <span class='ocrx_word' id='word_1_136' title='bbox 2635 546 2955 601; x_wconf 86' lang='lat' dir='ltr'><strong>clarescunt.</strong></span> <span class='ocrx_word' id='word_1_137' title='bbox 2991 546 3120 600; x_wconf 83' lang='lat' dir='ltr'><strong>Nam</strong></span> <span class='ocrx_word' id='word_1_138' title='bbox 3148 547 3267 615; x_wconf 86' lang='lat' dir='ltr'><strong>quia</strong></span> <span class='ocrx_word' id='word_1_139' title='bbox 3299 548 3755 616; x_wconf 75' lang='lat' dir='ltr'><strong>incmporeorum,</strong></span> 
     </span>
    </p>
   </div>
   <div class='ocr_carea' id='block_1_20' title="bbox 2177 639 3755 709">
    <p class='ocr_par' dir='ltr' id='par_1_20' title="bbox 2177 639 3755 709">
     <span class='ocr_line' id='line_1_20' title="bbox 2177 639 3755 709; baseline 0.001 -17"><span class='ocrx_word' id='word_1_140' title='bbox 2177 639 2347 707; x_wconf 90' lang='lat' dir='ltr'><strong>prima</strong></span> <span class='ocrx_word' id='word_1_141' title='bbox 2378 647 2565 693; x_wconf 89' lang='lat' dir='ltr'><strong>natura</strong></span> <span class='ocrx_word' id='word_1_142' title='bbox 2594 648 2706 707; x_wconf 89' lang='lat' dir='ltr'><strong>est,</strong></span> <span class='ocrx_word' id='word_1_143' title='bbox 2741 648 2915 707; x_wconf 87' lang='lat' dir='ltr'><strong>potest</strong></span> <span class='ocrx_word' id='word_1_144' title='bbox 2944 656 3032 694; x_wconf 90' lang='lat' dir='ltr'><strong>res</strong></span> <span class='ocrx_word' id='word_1_145' title='bbox 3063 641 3378 708; x_wconf 86' lang='lat' dir='ltr'><strong>incorporea</strong></span> <span class='ocrx_word' id='word_1_146' title='bbox 3410 656 3602 709; x_wconf 89' lang='lat' dir='ltr'><strong>parens</strong></span> <span class='ocrx_word' id='word_1_147' title='bbox 3632 657 3755 695; x_wconf 80' lang='lat' dir='ltr'><strong>esse</strong></span> 
     </span>
    </p>
   </div>
   <div class='ocr_carea' id='block_1_21' title="bbox 2178 730 3759 802">
    <p class='ocr_par' dir='ltr' id='par_1_21' title="bbox 2178 730 3759 802">
     <span class='ocr_line' id='line_1_21' title="bbox 2178 730 3759 802; baseline 0.001 -17"><span class='ocrx_word' id='word_1_148' title='bbox 2178 731 2575 801; x_wconf 88' lang='lat' dir='ltr'><strong>quodammodo</strong></span> <span class='ocrx_word' id='word_1_149' title='bbox 2615 747 2907 801; x_wconf 63' lang='lat' dir='ltr'><strong>corporeae.</strong></span> <span class='ocrx_word' id='word_1_150' title='bbox 2951 730 3217 802; x_wconf 89' lang='lat' dir='ltr'><strong>Corporea</strong></span> <span class='ocrx_word' id='word_1_151' title='bbox 3260 749 3389 787; x_wconf 87' lang='lat' dir='ltr'><strong>vero</strong></span> <span class='ocrx_word' id='word_1_152' title='bbox 3429 734 3759 800; x_wconf 87' lang='lat' dir='ltr'><strong>incorporeis</strong></span> 
     </span>
    </p>
   </div>
   <div class='ocr_carea' id='block_1_22' title="bbox 2179 821 3758 892">
    <p class='ocr_par' dir='ltr' id='par_1_22' title="bbox 2179 821 3758 892">
     <span class='ocr_line' id='line_1_22' title="bbox 2179 821 3758 892; baseline 0 -17"><span class='ocrx_word' id='word_1_153' title='bbox 2179 836 2415 892; x_wconf 60' lang='lat' dir='ltr'><strong>pratesse</strong></span> <span class='ocrx_word' id='word_1_154' title='bbox 2439 835 2549 875; x_wconf 86' lang='lat' dir='ltr'><strong>non</strong></span> <span class='ocrx_word' id='word_1_155' title='bbox 2579 830 2865 889; x_wconf 87' lang='lat' dir='ltr'><strong>poterunt,</strong></span> <span class='ocrx_word' id='word_1_156' title='bbox 2895 821 3034 890; x_wconf 89' lang='lat' dir='ltr'><strong>quod</strong></span> <span class='ocrx_word' id='word_1_157' title='bbox 3065 822 3312 891; x_wconf 85' lang='lat' dir='ltr'><strong>quoniam</strong></span> <span class='ocrx_word' id='word_1_158' title='bbox 3342 822 3638 876; x_wconf 87' lang='lat' dir='ltr'><strong>substantia</strong></span> <span class='ocrx_word' id='word_1_159' title='bbox 3668 836 3758 888; x_wconf 77' lang='lat' dir='ltr'><strong>ge-</strong></span> 
     </span>
    </p>
   </div>
   <div class='ocr_carea' id='block_1_23' title="bbox 2177 911 3759 982">
    <p class='ocr_par' dir='ltr' id='par_1_23' title="bbox 2177 911 3759 982">
     <span class='ocr_line' id='line_1_23' title="bbox 2177 911 3759 982; baseline -0.001 -16"><span class='ocrx_word' id='word_1_160' title='bbox 2177 926 2279 966; x_wconf 89' lang='lat' dir='ltr'><strong>nus</strong></span> <span class='ocrx_word' id='word_1_161' title='bbox 2309 919 2392 966; x_wconf 91' lang='lat' dir='ltr'><strong>est</strong></span> <span class='ocrx_word' id='word_1_162' title='bbox 2416 950 2431 975; x_wconf 88' lang='lat'><strong>,</strong></span> <span class='ocrx_word' id='word_1_163' title='bbox 2460 911 2743 981; x_wconf 88' lang='lat' dir='ltr'><strong>corporale</strong></span> <span class='ocrx_word' id='word_1_164' title='bbox 2773 927 2900 966; x_wconf 92' lang='lat' dir='ltr'><strong>vero</strong></span> <span class='ocrx_word' id='word_1_165' title='bbox 2927 922 2980 967; x_wconf 90' lang='lat' dir='ltr'><strong>et</strong></span> <span class='ocrx_word' id='word_1_166' title='bbox 3020 914 3355 982; x_wconf 89' lang='lat' dir='ltr'><strong>incorporale</strong></span> <span class='ocrx_word' id='word_1_167' title='bbox 3399 912 3609 981; x_wconf 74' lang='lat' dir='ltr'><strong>species</strong></span> <span class='ocrx_word' id='word_1_168' title='bbox 3634 919 3759 965; x_wconf 90' lang='lat' dir='ltr'><strong>sunt</strong></span> 
     </span>
    </p>
   </div>
   <div class='ocr_carea' id='block_1_24' title="bbox 2176 1004 3759 1075">
    <p class='ocr_par' dir='ltr' id='par_1_24' title="bbox 2176 1004 3759 1075">
     <span class='ocr_line' id='line_1_24' title="bbox 2176 1004 3759 1075; baseline 0.002 -18"><span class='ocrx_word' id='word_1_169' title='bbox 2176 1004 2523 1070; x_wconf 63' lang='lat' dir='ltr'><strong>substantiae,</strong></span> <span class='ocrx_word' id='word_1_170' title='bbox 2571 1004 2853 1074; x_wconf 87' lang='lat' dir='ltr'><strong>corporale</strong></span> <span class='ocrx_word' id='word_1_171' title='bbox 2898 1019 3003 1059; x_wconf 89' lang='lat' dir='ltr'><strong>non</strong></span> <span class='ocrx_word' id='word_1_172' title='bbox 3047 1020 3165 1060; x_wconf 90' lang='lat' dir='ltr'><strong>esse</strong></span> <span class='ocrx_word' id='word_1_173' title='bbox 3190 1020 3356 1075; x_wconf 88' lang='lat' dir='ltr'><strong>genus</strong></span> <span class='ocrx_word' id='word_1_174' title='bbox 3385 1006 3497 1059; x_wconf 61' lang='lat' dir='ltr'><strong>haec</strong></span> <span class='ocrx_word' id='word_1_175' title='bbox 3541 1019 3628 1059; x_wconf 92' lang='lat' dir='ltr'><strong>res</strong></span> <span class='ocrx_word' id='word_1_176' title='bbox 3665 1010 3759 1060; x_wconf 88' lang='lat' dir='ltr'><strong>de-</strong></span> 
     </span>
    </p>
   </div>
   <div class='ocr_carea' id='block_1_25' title="bbox 2175 1095 3757 1167">
    <p class='ocr_par' dir='ltr' id='par_1_25' title="bbox 2175 1095 3757 1167">
     <span class='ocr_line' id='line_1_25' title="bbox 2175 1095 3757 1167; baseline 0 -16"><span class='ocrx_word' id='word_1_177' title='bbox 2175 1095 2375 1162; x_wconf 86' lang='lat' dir='ltr'><strong>clarat,</strong></span> <span class='ocrx_word' id='word_1_178' title='bbox 2408 1097 2549 1165; x_wconf 90' lang='lat' dir='ltr'><strong>quod</strong></span> <span class='ocrx_word' id='word_1_179' title='bbox 2581 1097 2923 1163; x_wconf 77' lang='lat' dir='ltr'><strong>substantize,</strong></span> <span class='ocrx_word' id='word_1_180' title='bbox 2956 1096 3010 1151; x_wconf 88' lang='lat' dir='ltr'><strong>id</strong></span> <span class='ocrx_word' id='word_1_181' title='bbox 3041 1106 3123 1152; x_wconf 91' lang='lat' dir='ltr'><strong>est</strong></span> <span class='ocrx_word' id='word_1_182' title='bbox 3159 1099 3381 1167; x_wconf 91' lang='lat' dir='ltr'><strong>generi,</strong></span> <span class='ocrx_word' id='word_1_183' title='bbox 3421 1098 3757 1165; x_wconf 87' lang='lat' dir='ltr'><strong>incorporale</strong></span> 
     </span>
    </p>
   </div>
   <div class='ocr_carea' id='block_1_26' title="bbox 2175 1187 3754 1259">
    <p class='ocr_par' dir='ltr' id='par_1_26' title="bbox 2175 1187 3754 1259">
     <span class='ocr_line' id='line_1_26' title="bbox 2175 1187 3754 1259; baseline 0.002 -19"><span class='ocrx_word' id='word_1_184' title='bbox 2175 1187 2511 1257; x_wconf 81' lang='lat' dir='ltr'><strong>supponitur.</strong></span> <span class='ocrx_word' id='word_1_185' title='bbox 2537 1187 2688 1255; x_wconf 85' lang='lat' dir='ltr'><strong>Quod</strong></span> <span class='ocrx_word' id='word_1_186' title='bbox 2714 1188 2757 1241; x_wconf 89' lang='lat' dir='ltr'><strong>si</strong></span> <span class='ocrx_word' id='word_1_187' title='bbox 2782 1190 3061 1256; x_wconf 85' lang='lat' dir='ltr'><strong>corporale</strong></span> <span class='ocrx_word' id='word_1_188' title='bbox 3087 1198 3229 1244; x_wconf 86' lang='lat' dir='ltr'><strong>esset</strong></span> <span class='ocrx_word' id='word_1_189' title='bbox 3252 1204 3420 1259; x_wconf 90' lang='lat' dir='ltr'><strong>genus</strong></span> <span class='ocrx_word' id='word_1_190' title='bbox 3439 1230 3452 1253; x_wconf 97' lang='lat'><strong>,</strong></span> <span class='ocrx_word' id='word_1_191' title='bbox 3483 1202 3754 1257; x_wconf 83' lang='lat' dir='ltr'><strong>nunquam</strong></span> 
     </span>
    </p>
   </div>
   <div class='ocr_carea' id='block_1_27' title="bbox 2176 1276 3757 1351">
    <p class='ocr_par' dir='ltr' id='par_1_27' title="bbox 2176 1276 3757 1351">
     <span class='ocr_line' id='line_1_27' title="bbox 2176 1276 3757 1351; baseline 0.004 -22"><span class='ocrx_word' id='word_1_192' title='bbox 2176 1276 2276 1331; x_wconf 89' lang='lat' dir='ltr'><strong>sub</strong></span> <span class='ocrx_word' id='word_1_193' title='bbox 2306 1293 2370 1332; x_wconf 91' lang='lat' dir='ltr'><strong>eo</strong></span> <span class='ocrx_word' id='word_1_194' title='bbox 2400 1282 2609 1348; x_wconf 89' lang='lat' dir='ltr'><strong>species</strong></span> <span class='ocrx_word' id='word_1_195' title='bbox 2635 1277 2946 1350; x_wconf 88' lang='lat' dir='ltr'><strong>incorporea</strong></span> <span class='ocrx_word' id='word_1_196' title='bbox 2978 1290 3284 1351; x_wconf 88' lang='lat' dir='ltr'><strong>poneretur.</strong></span> <span class='ocrx_word' id='word_1_197' title='bbox 3317 1280 3757 1335; x_wconf 85' lang='lat' dir='ltr'><strong>Auimadvertere</strong></span> 
     </span>
    </p>
   </div>
   <div class='ocr_carea' id='block_1_28' title="bbox 2178 1367 3755 1442">
    <p class='ocr_par' dir='ltr' id='par_1_28' title="bbox 2178 1367 3755 1442">
     <span class='ocr_line' id='line_1_28' title="bbox 2178 1367 3755 1442; baseline 0.001 -20"><span class='ocrx_word' id='word_1_198' title='bbox 2178 1367 2338 1437; x_wconf 84' lang='lat' dir='ltr'><strong>igitur</strong></span> <span class='ocrx_word' id='word_1_199' title='bbox 2364 1368 2839 1425; x_wconf 85' lang='lat' dir='ltr'><strong>vehementissime</strong></span> <span class='ocrx_word' id='word_1_200' title='bbox 2859 1414 2873 1433; x_wconf 87' lang='lat'><strong>,</strong></span> <span class='ocrx_word' id='word_1_201' title='bbox 2916 1387 3073 1441; x_wconf 88' lang='lat' dir='ltr'><strong>quam</strong></span> <span class='ocrx_word' id='word_1_202' title='bbox 3109 1386 3375 1442; x_wconf 91' lang='lat' dir='ltr'><strong>nunquam</strong></span> <span class='ocrx_word' id='word_1_203' title='bbox 3403 1371 3693 1440; x_wconf 80' lang='lat' dir='ltr'><strong>quidquain</strong></span> <span class='ocrx_word' id='word_1_204' title='bbox 3724 1384 3755 1424; x_wconf 89' lang='lat' dir='ltr'><strong>a</strong></span> 
     </span>
    </p>
   </div>
   <div class='ocr_carea' id='block_1_29' title="bbox 2178 1460 3755 1532">
    <p class='ocr_par' dir='ltr' id='par_1_29' title="bbox 2178 1460 3755 1532">
     <span class='ocr_line' id='line_1_29' title="bbox 2178 1460 3755 1532; baseline 0.001 -19"><span class='ocrx_word' id='word_1_205' title='bbox 2178 1470 2232 1515; x_wconf 88' lang='lat' dir='ltr'><strong>te</strong></span> <span class='ocrx_word' id='word_1_206' title='bbox 2261 1460 2696 1516; x_wconf 86' lang='lat' dir='ltr'><strong>animadversum</strong></span> <span class='ocrx_word' id='word_1_207' title='bbox 2738 1462 2855 1516; x_wconf 87' lang='lat' dir='ltr'><strong>fttit.</strong></span> <span class='ocrx_word' id='word_1_208' title='bbox 2918 1461 3098 1517; x_wconf 88' lang='lat' dir='ltr'><strong>Genus</strong></span> <span class='ocrx_word' id='word_1_209' title='bbox 3138 1464 3311 1531; x_wconf 91' lang='lat' dir='ltr'><strong>ipsum</strong></span> <span class='ocrx_word' id='word_1_210' title='bbox 3352 1463 3604 1532; x_wconf 89' lang='lat' dir='ltr'><strong>quoniam</strong></span> <span class='ocrx_word' id='word_1_211' title='bbox 3635 1476 3755 1532; x_wconf 71' lang='lat' dir='ltr'><strong>spe~</strong></span> 
     </span>
    </p>
   </div>
   <div class='ocr_carea' id='block_1_30' title="bbox 2178 1551 3760 1625">
    <p class='ocr_par' dir='ltr' id='par_1_30' title="bbox 2178 1551 3760 1625">
     <span class='ocr_line' id='line_1_30' title="bbox 2178 1551 3760 1625; baseline 0.003 -18"><span class='ocrx_word' id='word_1_212' title='bbox 2178 1552 2288 1607; x_wconf 85' lang='lat' dir='ltr'><strong>cies</strong></span> <span class='ocrx_word' id='word_1_213' title='bbox 2316 1551 2501 1621; x_wconf 88' lang='lat' dir='ltr'><strong>habet,</strong></span> <span class='ocrx_word' id='word_1_214' title='bbox 2534 1553 2740 1623; x_wconf 87' lang='lat' dir='ltr'><strong>species</strong></span> <span class='ocrx_word' id='word_1_215' title='bbox 2767 1568 2895 1609; x_wconf 85' lang='lat' dir='ltr'><strong>vero</strong></span> <span class='ocrx_word' id='word_1_216' title='bbox 2923 1554 3235 1610; x_wconf 80' lang='lat' dir='ltr'><strong>differentiis</strong></span> <span class='ocrx_word' id='word_1_217' title='bbox 3268 1554 3660 1625; x_wconf 83' lang='lat' dir='ltr'><strong>disjungantur,</strong></span> <span class='ocrx_word' id='word_1_218' title='bbox 3701 1562 3760 1611; x_wconf 84' lang='lat' dir='ltr'><strong>et</strong></span> 
     </span>
    </p>
   </div>
   <div class='ocr_carea' id='block_1_31' title="bbox 2179 1643 3761 1717">
    <p class='ocr_par' dir='ltr' id='par_1_31' title="bbox 2179 1643 3761 1717">
     <span class='ocr_line' id='line_1_31' title="bbox 2179 1643 3761 1717; baseline 0.004 -21"><span class='ocrx_word' id='word_1_219' title='bbox 2179 1643 2594 1711; x_wconf 87' lang='lat' dir='ltr'><strong>proprietatibus</strong></span> <span class='ocrx_word' id='word_1_220' title='bbox 2634 1645 3007 1708; x_wconf 90' lang='lat' dir='ltr'><strong>informentur,</strong></span> <span class='ocrx_word' id='word_1_221' title='bbox 3050 1645 3304 1715; x_wconf 88' lang='lat' dir='ltr'><strong>quoniam</strong></span> <span class='ocrx_word' id='word_1_222' title='bbox 3349 1648 3590 1715; x_wconf 73' lang='lat' dir='ltr'><strong>quaedam</strong></span> <span class='ocrx_word' id='word_1_223' title='bbox 3637 1663 3761 1717; x_wconf 79' lang='lat' dir='ltr'><strong>spe-</strong></span> 
     </span>
    </p>
   </div>
   <div class='ocr_carea' id='block_1_32' title="bbox 494 1725 3759 1811">
    <p class='ocr_par' dir='ltr' id='par_1_32' title="bbox 494 1725 3759 1811">
     <span class='ocr_line' id='line_1_32' title="bbox 494 1725 3759 1811; baseline -0.003 -10"><span class='ocrx_word' id='word_1_224' title='bbox 494 1725 787 1802; x_wconf 87' lang='lat' dir='ltr'><strong>sentiendis</strong></span> <span class='ocrx_word' id='word_1_225' title='bbox 815 1752 871 1798; x_wconf 90' lang='lat' dir='ltr'><strong>et</strong></span> <span class='ocrx_word' id='word_1_226' title='bbox 912 1730 1269 1811; x_wconf 87' lang='lat' dir='ltr'><strong>intelligendis</strong></span> <span class='ocrx_word' id='word_1_227' title='bbox 1298 1745 1679 1806; x_wconf 88' lang='lat' dir='ltr'><strong>assumpserat.</strong></span> <span class='ocrx_word' id='word_1_228' title='bbox 1732 1737 1866 1793; x_wconf 83' lang='lat' dir='ltr'><strong>Nam</strong></span> <span class='ocrx_word' id='word_1_229' title='bbox 1898 1737 2071 1793; x_wconf 89' lang='lat' dir='ltr'><strong>homi-</strong></span> <span class='ocrx_word' id='word_1_230' title='bbox 2105 1725 2153 1788; x_wconf 87' lang='grc' dir='ltr'><strong>Β</strong></span> <span class='ocrx_word' id='word_1_231' title='bbox 2178 1735 2289 1790; x_wconf 87' lang='lat' dir='ltr'><strong>cies</strong></span> <span class='ocrx_word' id='word_1_232' title='bbox 2336 1735 2676 1803; x_wconf 79' lang='lat' dir='ltr'><strong>reperiuntur</strong></span> <span class='ocrx_word' id='word_1_233' title='bbox 2725 1751 2842 1805; x_wconf 75' lang='lat' dir='ltr'><strong>qua:</strong></span> <span class='ocrx_word' id='word_1_234' title='bbox 2882 1736 2935 1789; x_wconf 92' lang='lat' dir='ltr'><strong>in</strong></span> <span class='ocrx_word' id='word_1_235' title='bbox 2976 1736 3245 1790; x_wconf 88' lang='lat' dir='ltr'><strong>contraria</strong></span> <span class='ocrx_word' id='word_1_236' title='bbox 3286 1736 3385 1790; x_wconf 89' lang='lat' dir='ltr'><strong>sub</strong></span> <span class='ocrx_word' id='word_1_237' title='bbox 3428 1736 3641 1806; x_wconf 84' lang='lat' dir='ltr'><strong>generis</strong></span> <span class='ocrx_word' id='word_1_238' title='bbox 3677 1737 3759 1791; x_wconf 61' lang='lat' dir='ltr'><strong>di1</strong></span> 
     </span>
    </p>
   </div>
   <div class='ocr_carea' id='block_1_33' title="bbox 494 1828 2070 1907">
    <p class='ocr_par' dir='ltr' id='par_1_33' title="bbox 494 1828 2070 1907">
     <span class='ocr_line' id='line_1_33' title="bbox 494 1828 2070 1907; baseline -0.006 -15"><span class='ocrx_word' id='word_1_239' title='bbox 494 1851 615 1892; x_wconf 89' lang='lat' dir='ltr'><strong>nem</strong></span> <span class='ocrx_word' id='word_1_240' title='bbox 643 1834 860 1907; x_wconf 85' lang='lat' dir='ltr'><strong>quidem</strong></span> <span class='ocrx_word' id='word_1_241' title='bbox 909 1832 1058 1887; x_wconf 89' lang='lat' dir='ltr'><strong>illum</strong></span> <span class='ocrx_word' id='word_1_242' title='bbox 1086 1829 1396 1900; x_wconf 89' lang='lat' dir='ltr'><strong>specialem,</strong></span> <span class='ocrx_word' id='word_1_243' title='bbox 1446 1828 1534 1899; x_wconf 92' lang='lat' dir='ltr'><strong>qui</strong></span> <span class='ocrx_word' id='word_1_244' title='bbox 1575 1842 1673 1883; x_wconf 90' lang='lat' dir='ltr'><strong>nos</strong></span> <span class='ocrx_word' id='word_1_245' title='bbox 1702 1843 1891 1884; x_wconf 89' lang='lat' dir='ltr'><strong>omnes</strong></span> <span class='ocrx_word' id='word_1_246' title='bbox 1929 1828 2070 1883; x_wconf 81' lang='lat' dir='ltr'><strong>intra</strong></span> 
     </span>
    </p>
   </div>
   <div class='ocr_carea' id='block_1_34' title="bbox 495 1920 2075 1991">
    <p class='ocr_par' dir='ltr' id='par_1_34' title="bbox 495 1920 2075 1991">
     <span class='ocr_line' id='line_1_34' title="bbox 495 1920 2075 1991; baseline -0.004 -9"><span class='ocrx_word' id='word_1_247' title='bbox 495 1928 574 1982; x_wconf 92' lang='lat' dir='ltr'><strong>sui</strong></span> <span class='ocrx_word' id='word_1_248' title='bbox 607 1924 841 1980; x_wconf 88' lang='lat' dir='ltr'><strong>nominis</strong></span> <span class='ocrx_word' id='word_1_249' title='bbox 870 1922 1132 1977; x_wconf 89' lang='lat' dir='ltr'><strong>ambitum</strong></span> <span class='ocrx_word' id='word_1_250' title='bbox 1161 1932 1398 1985; x_wconf 90' lang='lat' dir='ltr'><strong>coercet,</strong></span> <span class='ocrx_word' id='word_1_251' title='bbox 1432 1936 1536 1975; x_wconf 89' lang='lat' dir='ltr'><strong>non</strong></span> <span class='ocrx_word' id='word_1_252' title='bbox 1576 1929 1657 1976; x_wconf 91' lang='lat' dir='ltr'><strong>est</strong></span> <span class='ocrx_word' id='word_1_253' title='bbox 1685 1920 1863 1975; x_wconf 90' lang='lat' dir='ltr'><strong>dicere</strong></span> <span class='ocrx_word' id='word_1_254' title='bbox 1885 1935 2075 1991; x_wconf 81' lang='lat' dir='ltr'><strong>corpo-</strong></span> 
     </span>
    </p>
   </div>
   <div class='ocr_carea' id='block_1_35' title="bbox 495 2010 2077 2083">
    <p class='ocr_par' dir='ltr' id='par_1_35' title="bbox 495 2010 2077 2083">
     <span class='ocr_line' id='line_1_35' title="bbox 495 2010 2077 2083; baseline -0.005 -10"><span class='ocrx_word' id='word_1_255' title='bbox 495 2017 690 2080; x_wconf 89' lang='lat' dir='ltr'><strong>ralem,</strong></span> <span class='ocrx_word' id='word_1_256' title='bbox 718 2014 913 2083; x_wconf 88' lang='lat' dir='ltr'><strong>quippe</strong></span> <span class='ocrx_word' id='word_1_257' title='bbox 942 2026 1099 2080; x_wconf 88' lang='lat' dir='ltr'><strong>quem</strong></span> <span class='ocrx_word' id='word_1_258' title='bbox 1122 2010 1233 2065; x_wconf 86' lang='lat' dir='ltr'><strong>sola</strong></span> <span class='ocrx_word' id='word_1_259' title='bbox 1246 2017 1443 2066; x_wconf 80' lang='lat' dir='ltr'><strong>&#39;mente</strong></span> <span class='ocrx_word' id='word_1_260' title='bbox 1464 2010 1923 2081; x_wconf 89' lang='lat' dir='ltr'><strong>intelligentiaque</strong></span> <span class='ocrx_word' id='word_1_261' title='bbox 1948 2025 2077 2065; x_wconf 84' lang='lat' dir='ltr'><strong>con-</strong></span> 
     </span>
    </p>
   </div>
   <div class='ocr_carea' id='block_1_36' title="bbox 497 2099 2076 2176">
    <p class='ocr_par' dir='ltr' id='par_1_36' title="bbox 497 2099 2076 2176">
     <span class='ocr_line' id='line_1_36' title="bbox 497 2099 2076 2176; baseline -0.004 -13"><span class='ocrx_word' id='word_1_262' title='bbox 497 2108 753 2176; x_wconf 84' lang='lat' dir='ltr'><strong>cepimus.</strong></span> <span class='ocrx_word' id='word_1_263' title='bbox 782 2103 869 2159; x_wconf 88' lang='lat' dir='ltr'><strong>Sic</strong></span> <span class='ocrx_word' id='word_1_264' title='bbox 888 2102 1047 2170; x_wconf 89' lang='lat' dir='ltr'><strong>igitur</strong></span> <span class='ocrx_word' id='word_1_265' title='bbox 1064 2116 1216 2156; x_wconf 89' lang='lat' dir='ltr'><strong>mens</strong></span> <span class='ocrx_word' id='word_1_266' title='bbox 1237 2114 1414 2157; x_wconf 89' lang='lat' dir='ltr'><strong>rerum</strong></span> <span class='ocrx_word' id='word_1_267' title='bbox 1433 2101 1553 2156; x_wconf 83' lang='lat' dir='ltr'><strong>nixa</strong></span> <span class='ocrx_word' id='word_1_268' title='bbox 1574 2099 1883 2170; x_wconf 83' lang='lat' dir='ltr'><strong>primordiis</strong></span> <span class='ocrx_word' id='word_1_269' title='bbox 1902 2100 2076 2157; x_wconf 89' lang='lat' dir='ltr'><strong>altiori</strong></span> 
     </span>
    </p>
   </div>
   <div class='ocr_carea' id='block_1_37' title="bbox 497 2190 2079 2271">
    <p class='ocr_par' dir='ltr' id='par_1_37' title="bbox 497 2190 2079 2271">
     <span class='ocr_line' id='line_1_37' title="bbox 497 2190 2079 2271; baseline -0.005 -17"><span class='ocrx_word' id='word_1_270' title='bbox 497 2208 654 2271; x_wconf 85' lang='lat' dir='ltr'><strong>atque</strong></span> <span class='ocrx_word' id='word_1_271' title='bbox 675 2193 1049 2265; x_wconf 92' lang='lat' dir='ltr'><strong>incorporabili</strong></span> <span class='ocrx_word' id='word_1_272' title='bbox 1073 2191 1422 2264; x_wconf 86' lang='lat' dir='ltr'><strong>intelligentia</strong></span> <span class='ocrx_word' id='word_1_273' title='bbox 1438 2192 1773 2248; x_wconf 90' lang='lat' dir='ltr'><strong>sublimatur.</strong></span> <span class='ocrx_word' id='word_1_274' title='bbox 1793 2190 1929 2245; x_wconf 86' lang='lat' dir='ltr'><strong>Hinc</strong></span> <span class='ocrx_word' id='word_1_275' title='bbox 1950 2205 2079 2261; x_wconf 88' lang='lat' dir='ltr'><strong>ergo</strong></span> 
     </span>
    </p>
   </div>
   <div class='ocr_carea' id='block_1_38' title="bbox 498 2281 2081 2355">
    <p class='ocr_par' dir='ltr' id='par_1_38' title="bbox 498 2281 2081 2355">
     <span class='ocr_line' id='line_1_38' title="bbox 498 2281 2081 2355; baseline -0.008 -7"><span class='ocrx_word' id='word_1_276' title='bbox 498 2294 710 2348; x_wconf 82' lang='lat' dir='ltr'><strong>animus</strong></span> <span class='ocrx_word' id='word_1_277' title='bbox 753 2303 858 2344; x_wconf 93' lang='lat' dir='ltr'><strong>non</strong></span> <span class='ocrx_word' id='word_1_278' title='bbox 916 2286 1087 2341; x_wconf 92' lang='lat' dir='ltr'><strong>solum</strong></span> <span class='ocrx_word' id='word_1_279' title='bbox 1137 2300 1233 2355; x_wconf 88' lang='lat' dir='ltr'><strong>per</strong></span> <span class='ocrx_word' id='word_1_280' title='bbox 1274 2284 1545 2340; x_wconf 85' lang='lat' dir='ltr'><strong>sensibilia</strong></span> <span class='ocrx_word' id='word_1_281' title='bbox 1591 2298 1679 2338; x_wconf 90' lang='lat' dir='ltr'><strong>res</strong></span> <span class='ocrx_word' id='word_1_282' title='bbox 1716 2281 2081 2350; x_wconf 87' lang='lat' dir='ltr'><strong>incorporales</strong></span> 
     </span>
    </p>
   </div>
   <div class='ocr_carea' id='block_1_39' title="bbox 500 2373 2083 2454">
    <p class='ocr_par' dir='ltr' id='par_1_39' title="bbox 500 2373 2083 2454">
     <span class='ocr_line' id='line_1_39' title="bbox 500 2373 2083 2454; baseline -0.009 -12"><span class='ocrx_word' id='word_1_283' title='bbox 500 2380 829 2454; x_wconf 88' lang='lat' dir='ltr'><strong>lntelligendi</strong></span> <span class='ocrx_word' id='word_1_284' title='bbox 852 2388 935 2436; x_wconf 91' lang='lat' dir='ltr'><strong>est</strong></span> <span class='ocrx_word' id='word_1_285' title='bbox 962 2378 1174 2442; x_wconf 78' lang='lat' dir='ltr'><strong>artifex,</strong></span> <span class='ocrx_word' id='word_1_286' title='bbox 1200 2377 1294 2432; x_wconf 90' lang='lat' dir='ltr'><strong>sed</strong></span> <span class='ocrx_word' id='word_1_287' title='bbox 1326 2377 1485 2431; x_wconf 90' lang='lat' dir='ltr'><strong>etiam</strong></span> <span class='ocrx_word' id='word_1_288' title='bbox 1530 2374 1762 2445; x_wconf 89' lang='lat' dir='ltr'><strong>ﬁngendi</strong></span> <span class='ocrx_word' id='word_1_289' title='bbox 1794 2373 1894 2428; x_wconf 86' lang='lat' dir='ltr'><strong>sibi</strong></span> <span class='ocrx_word' id='word_1_290' title='bbox 1922 2383 2083 2442; x_wconf 87' lang='lat' dir='ltr'><strong>atque</strong></span> 
     </span>
    </p>
   </div>
   <div class='ocr_carea' id='block_1_40' title="bbox 500 2465 2084 2536">
    <p class='ocr_par' dir='ltr' id='par_1_40' title="bbox 500 2465 2084 2536">
     <span class='ocr_line' id='line_1_40' title="bbox 500 2465 2084 2536; baseline -0.009 -2"><span class='ocrx_word' id='word_1_291' title='bbox 500 2479 661 2534; x_wconf 87' lang='lat' dir='ltr'><strong>etiam</strong></span> <span class='ocrx_word' id='word_1_292' title='bbox 690 2470 1006 2530; x_wconf 88' lang='lat' dir='ltr'><strong>mentiendi.</strong></span> <span class='ocrx_word' id='word_1_293' title='bbox 1038 2468 1163 2524; x_wconf 92' lang='lat' dir='ltr'><strong>lnde</strong></span> <span class='ocrx_word' id='word_1_294' title='bbox 1178 2469 1318 2523; x_wconf 90' lang='lat' dir='ltr'><strong>enim</strong></span> <span class='ocrx_word' id='word_1_295' title='bbox 1342 2483 1406 2523; x_wconf 82' lang='lat' dir='ltr'><strong>ex</strong></span> <span class='ocrx_word' id='word_1_296' title='bbox 1438 2467 1607 2521; x_wconf 87' lang='lat' dir='ltr'><strong>forma</strong></span> <span class='ocrx_word' id='word_1_297' title='bbox 1631 2466 1749 2536; x_wconf 86' lang='lat' dir='ltr'><strong>equi</strong></span> <span class='ocrx_word' id='word_1_298' title='bbox 1774 2475 1828 2521; x_wconf 93' lang='lat' dir='ltr'><strong>et</strong></span> <span class='ocrx_word' id='word_1_299' title='bbox 1852 2465 2084 2520; x_wconf 86' lang='lat' dir='ltr'><strong>hominis</strong></span> 
     </span>
    </p>
   </div>
   <div class='ocr_carea' id='block_1_41' title="bbox 503 2557 2082 2629">
    <p class='ocr_par' dir='ltr' id='par_1_41' title="bbox 503 2557 2082 2629">
     <span class='ocr_line' id='line_1_41' title="bbox 503 2557 2082 2629; baseline -0.008 -5"><span class='ocrx_word' id='word_1_300' title='bbox 503 2569 690 2623; x_wconf 80' lang='lat' dir='ltr'><strong>falsam</strong></span> <span class='ocrx_word' id='word_1_301' title='bbox 739 2573 1112 2619; x_wconf 89' lang='lat' dir='ltr'><strong>centaurorum</strong></span> <span class='ocrx_word' id='word_1_302' title='bbox 1161 2559 1395 2629; x_wconf 85' lang='lat' dir='ltr'><strong>speciem</strong></span> <span class='ocrx_word' id='word_1_303' title='bbox 1439 2560 1539 2613; x_wconf 89' lang='lat' dir='ltr'><strong>sibi</strong></span> <span class='ocrx_word' id='word_1_304' title='bbox 1590 2558 1702 2627; x_wconf 90' lang='lat' dir='ltr'><strong>ipsa</strong></span> <span class='ocrx_word' id='word_1_305' title='bbox 1733 2557 2082 2627; x_wconf 86' lang='lat' dir='ltr'><strong>intelligentia</strong></span> 
     </span>
    </p>
   </div>
   <div class='ocr_carea' id='block_1_42' title="bbox 505 2648 2083 2732">
    <p class='ocr_par' dir='ltr' id='par_1_42' title="bbox 505 2648 2083 2732">
     <span class='ocr_line' id='line_1_42' title="bbox 505 2648 2083 2732; baseline -0.01 -14"><span class='ocrx_word' id='word_1_306' title='bbox 505 2658 853 2732; x_wconf 83' lang='lat' dir='ltr'><strong>comparavit.</strong></span> <span class='ocrx_word' id='word_1_307' title='bbox 887 2656 993 2709; x_wconf 90' lang='lat' dir='ltr'><strong>Has</strong></span> <span class='ocrx_word' id='word_1_308' title='bbox 1020 2655 1182 2727; x_wconf 79' lang='lat' dir='ltr'><strong>igitur</strong></span> <span class='ocrx_word' id='word_1_309' title='bbox 1223 2651 1416 2707; x_wconf 84' lang='lat' dir='ltr'><strong>mentis</strong></span> <span class='ocrx_word' id='word_1_310' title='bbox 1443 2648 1924 2725; x_wconf 82' lang='lat' dir='ltr'><strong>considerationes,</strong></span> <span class='ocrx_word' id='word_1_311' title='bbox 1964 2662 2083 2718; x_wconf 71' lang='lat' dir='ltr'><strong>quae</strong></span> 
     </span>
    </p>
   </div>
   <div class='ocr_carea' id='block_1_43' title="bbox 507 2730 2086 2817">
    <p class='ocr_par' dir='ltr' id='par_1_43' title="bbox 507 2730 2086 2817">
     <span class='ocr_line' id='line_1_43' title="bbox 507 2730 2086 2817; baseline -0.013 -6"><span class='ocrx_word' id='word_1_312' title='bbox 507 2771 535 2810; x_wconf 84' lang='lat' dir='ltr'><strong>a</strong></span> <span class='ocrx_word' id='word_1_313' title='bbox 564 2730 741 2817; x_wconf 77' lang='lat' dir='ltr'><strong>rerum</strong></span> <span class='ocrx_word' id='word_1_314' title='bbox 771 2765 929 2805; x_wconf 88' lang='lat' dir='ltr'><strong>sensu</strong></span> <span class='ocrx_word' id='word_1_315' title='bbox 959 2743 1024 2801; x_wconf 86' lang='lat' dir='ltr'><strong>ad</strong></span> <span class='ocrx_word' id='word_1_316' title='bbox 1071 2743 1475 2813; x_wconf 85' lang='lat' dir='ltr'><strong>intelligentiam</strong></span> <span class='ocrx_word' id='word_1_317' title='bbox 1507 2744 1784 2811; x_wconf 82' lang='lat' dir='ltr'><strong>profectae,</strong></span> <span class='ocrx_word' id='word_1_318' title='bbox 1818 2740 1899 2793; x_wconf 91' lang='lat' dir='ltr'><strong>vel</strong></span> <span class='ocrx_word' id='word_1_319' title='bbox 1932 2730 2086 2792; x_wconf 83' lang='lat' dir='ltr'><strong>intel-</strong></span> 
     </span>
    </p>
   </div>
   <div class='ocr_carea' id='block_1_44' title="bbox 508 2828 2084 2921">
    <p class='ocr_par' dir='ltr' id='par_1_44' title="bbox 508 2828 2084 2921">
     <span class='ocr_line' id='line_1_44' title="bbox 508 2828 2084 2921; baseline -0.014 -18"><span class='ocrx_word' id='word_1_320' title='bbox 508 2828 860 2921; x_wconf 84' lang='lat' dir='ltr'><strong>liguntur,vel</strong></span> <span class='ocrx_word' id='word_1_321' title='bbox 884 2830 1029 2897; x_wconf 88' lang='lat' dir='ltr'><strong>certe</strong></span> <span class='ocrx_word' id='word_1_322' title='bbox 1056 2838 1344 2921; x_wconf 84' lang='lat' dir='ltr'><strong>ﬁnguntur.</strong></span> <span class='ocrx_word' id='word_1_323' title='bbox 1369 2839 1655 2897; x_wconf 76' lang='grc' dir='ltr'><strong>Φαντασὶας</strong></span> <span class='ocrx_word' id='word_1_324' title='bbox 1686 2830 1858 2887; x_wconf 70' lang='grc' dir='ltr'><strong>ϐηεεί</strong></span> <span class='ocrx_word' id='word_1_325' title='bbox 1882 2830 2084 2921; x_wconf 85' lang='lat' dir='ltr'><strong>dicunt,</strong></span> 
     </span>
    </p>
   </div>
   <div class='ocr_carea' id='block_1_45' title="bbox 511 2920 2089 3001">
    <p class='ocr_par' dir='ltr' id='par_1_45' title="bbox 511 2920 2089 3001">
     <span class='ocr_line' id='line_1_45' title="bbox 511 2920 2089 3001; baseline -0.012 -9"><span class='ocrx_word' id='word_1_326' title='bbox 511 2920 729 2994; x_wconf 12' lang='lat' dir='ltr'><strong>aiuobis</strong></span> <span class='ocrx_word' id='word_1_327' title='bbox 778 2934 889 2989; x_wconf 86' lang='lat' dir='ltr'><strong>visa</strong></span> <span class='ocrx_word' id='word_1_328' title='bbox 935 2938 1188 3001; x_wconf 82' lang='lat' dir='ltr'><strong>poterunt</strong></span> <span class='ocrx_word' id='word_1_329' title='bbox 1216 2920 1521 2982; x_wconf 82' lang='lat' dir='ltr'><strong>neminari.</strong></span> <span class='ocrx_word' id='word_1_330' title='bbox 1575 2925 1650 2978; x_wconf 89' lang='lat' dir='ltr'><strong>Ita</strong></span> <span class='ocrx_word' id='word_1_331' title='bbox 1694 2938 1821 2993; x_wconf 91' lang='lat' dir='ltr'><strong>ergo</strong></span> <span class='ocrx_word' id='word_1_332' title='bbox 1853 2937 1990 2975; x_wconf 91' lang='lat' dir='ltr'><strong>nunc</strong></span> <span class='ocrx_word' id='word_1_333' title='bbox 2021 2920 2089 2974; x_wconf 89' lang='lat' dir='ltr'><strong>de</strong></span> 
     </span>
    </p>
   </div>
   <div class='ocr_carea' id='block_1_46' title="bbox 511 3013 2088 3103">
    <p class='ocr_par' dir='ltr' id='par_1_46' title="bbox 511 3013 2088 3103">
     <span class='ocr_line' id='line_1_46' title="bbox 511 3013 2088 3103; baseline -0.013 -18"><span class='ocrx_word' id='word_1_334' title='bbox 511 3027 817 3103; x_wconf 79' lang='lat' dir='ltr'><strong>generibus,</strong></span> <span class='ocrx_word' id='word_1_335' title='bbox 843 3022 1124 3093; x_wconf 85' lang='lat' dir='ltr'><strong>speciebus</strong></span> <span class='ocrx_word' id='word_1_336' title='bbox 1153 3029 1208 3074; x_wconf 92' lang='lat' dir='ltr'><strong>et</strong></span> <span class='ocrx_word' id='word_1_337' title='bbox 1238 3018 1447 3082; x_wconf 70' lang='lat' dir='ltr'><strong>cmteris</strong></span> <span class='ocrx_word' id='word_1_338' title='bbox 1474 3024 1744 3085; x_wconf 67' lang='lat' dir='ltr'><strong>qumrunt,</strong></span> <span class='ocrx_word' id='word_1_339' title='bbox 1777 3024 1950 3069; x_wconf 79' lang='lat' dir='ltr'><strong>utinm</strong></span> <span class='ocrx_word' id='word_1_340' title='bbox 1976 3013 2088 3065; x_wconf 81' lang='lat' dir='ltr'><strong>haec</strong></span> 
     </span>
    </p>
   </div>
   <div class='ocr_carea' id='block_1_47' title="bbox 2178 1828 3763 1884">
    <p class='ocr_par' dir='ltr' id='par_1_47' title="bbox 2178 1828 3763 1884">
     <span class='ocr_line' id='line_1_47' title="bbox 2178 1828 3763 1884; baseline 0.003 -4"><span class='ocrx_word' id='word_1_341' title='bbox 2178 1828 2386 1883; x_wconf 83' lang='lat' dir='ltr'><strong>visione</strong></span> <span class='ocrx_word' id='word_1_342' title='bbox 2431 1830 2735 1883; x_wconf 90' lang='lat' dir='ltr'><strong>contrarias</strong></span> <span class='ocrx_word' id='word_1_343' title='bbox 2782 1828 3027 1884; x_wconf 91' lang='lat' dir='ltr'><strong>obtinent</strong></span> <span class='ocrx_word' id='word_1_344' title='bbox 3076 1828 3264 1883; x_wconf 89' lang='lat' dir='ltr'><strong>vices:</strong></span> <span class='ocrx_word' id='word_1_345' title='bbox 3302 1837 3361 1882; x_wconf 91' lang='lat' dir='ltr'><strong>ut</strong></span> <span class='ocrx_word' id='word_1_346' title='bbox 3402 1829 3502 1883; x_wconf 91' lang='lat' dir='ltr'><strong>sub</strong></span> <span class='ocrx_word' id='word_1_347' title='bbox 3540 1830 3763 1884; x_wconf 86' lang='lat' dir='ltr'><strong>animali</strong></span> 
     </span>
    </p>
   </div>
   <div class='ocr_carea' id='block_1_48' title="bbox 2176 1912 3760 1988">
    <p class='ocr_par' dir='ltr' id='par_1_48' title="bbox 2176 1912 3760 1988">
     <span class='ocr_line' id='line_1_48' title="bbox 2176 1912 3760 1988; baseline -0.001 -15"><span class='ocrx_word' id='word_1_348' title='bbox 2176 1917 2441 1973; x_wconf 84' lang='lat' dir='ltr'><strong>rationale</strong></span> <span class='ocrx_word' id='word_1_349' title='bbox 2478 1928 2636 1988; x_wconf 90' lang='lat' dir='ltr'><strong>atque</strong></span> <span class='ocrx_word' id='word_1_350' title='bbox 2674 1918 2983 1973; x_wconf 86' lang='lat' dir='ltr'><strong>irrationale</strong></span> <span class='ocrx_word' id='word_1_351' title='bbox 3022 1912 3290 1973; x_wconf 60' lang='lat' dir='ltr'><strong>contraria</strong></span> <span class='ocrx_word' id='word_1_352' title='bbox 3327 1928 3487 1986; x_wconf 83' lang='lat' dir='ltr'><strong>sunt,</strong></span> <span class='ocrx_word' id='word_1_353' title='bbox 3532 1918 3633 1973; x_wconf 92' lang='lat' dir='ltr'><strong>sub</strong></span> <span class='ocrx_word' id='word_1_354' title='bbox 3670 1933 3760 1971; x_wconf 86' lang='lat' dir='ltr'><strong>ra-</strong></span> 
     </span>
    </p>
   </div>
   <div class='ocr_carea' id='block_1_49' title="bbox 2179 2010 3761 2080">
    <p class='ocr_par' dir='ltr' id='par_1_49' title="bbox 2179 2010 3761 2080">
     <span class='ocr_line' id='line_1_49' title="bbox 2179 2010 3761 2080; baseline -0.001 -14"><span class='ocrx_word' id='word_1_355' title='bbox 2179 2010 2397 2077; x_wconf 90' lang='lat' dir='ltr'><strong>tionali,</strong></span> <span class='ocrx_word' id='word_1_356' title='bbox 2445 2010 2673 2065; x_wconf 87' lang='lat' dir='ltr'><strong>mortale</strong></span> <span class='ocrx_word' id='word_1_357' title='bbox 2716 2020 2877 2080; x_wconf 88' lang='lat' dir='ltr'><strong>atque</strong></span> <span class='ocrx_word' id='word_1_358' title='bbox 2925 2011 3263 2076; x_wconf 86' lang='lat' dir='ltr'><strong>immortale,</strong></span> <span class='ocrx_word' id='word_1_359' title='bbox 3304 2020 3357 2065; x_wconf 92' lang='lat' dir='ltr'><strong>et</strong></span> <span class='ocrx_word' id='word_1_360' title='bbox 3398 2011 3513 2065; x_wconf 71' lang='lat' dir='ltr'><strong>[nec</strong></span> <span class='ocrx_word' id='word_1_361' title='bbox 3549 2024 3761 2079; x_wconf 84' lang='lat' dir='ltr'><strong>quoque</strong></span> 
     </span>
    </p>
   </div>
   <div class='ocr_carea' id='block_1_50' title="bbox 2178 2101 3764 2171">
    <p class='ocr_par' dir='ltr' id='par_1_50' title="bbox 2178 2101 3764 2171">
     <span class='ocr_line' id='line_1_50' title="bbox 2178 2101 3764 2171; baseline -0.001 -14"><span class='ocrx_word' id='word_1_362' title='bbox 2178 2102 2467 2157; x_wconf 88' lang='lat' dir='ltr'><strong>contraria.</strong></span> <span class='ocrx_word' id='word_1_363' title='bbox 2503 2101 2785 2168; x_wconf 76' lang='lat' dir='ltr'><strong>Qttzeritur,</strong></span> <span class='ocrx_word' id='word_1_364' title='bbox 2811 2101 2853 2155; x_wconf 89' lang='lat' dir='ltr'><strong>si</strong></span> <span class='ocrx_word' id='word_1_365' title='bbox 2882 2102 3076 2156; x_wconf 87' lang='lat' dir='ltr'><strong>animal</strong></span> <span class='ocrx_word' id='word_1_366' title='bbox 3105 2102 3342 2171; x_wconf 88' lang='lat' dir='ltr'><strong>solitario</strong></span> <span class='ocrx_word' id='word_1_367' title='bbox 3367 2101 3638 2155; x_wconf 88' lang='lat' dir='ltr'><strong>intellectu</strong></span> <span class='ocrx_word' id='word_1_368' title='bbox 3669 2116 3764 2155; x_wconf 72' lang='lat' dir='ltr'><strong>ne—</strong></span> 
     </span>
    </p>
   </div>
   <div class='ocr_carea' id='block_1_51' title="bbox 2179 2193 3764 2266">
    <p class='ocr_par' dir='ltr' id='par_1_51' title="bbox 2179 2193 3764 2266">
     <span class='ocr_line' id='line_1_51' title="bbox 2179 2193 3764 2266; baseline -0.001 -17"><span class='ocrx_word' id='word_1_369' title='bbox 2179 2210 2284 2266; x_wconf 92' lang='lat' dir='ltr'><strong>que</strong></span> <span class='ocrx_word' id='word_1_370' title='bbox 2310 2194 2571 2250; x_wconf 84' lang='lat' dir='ltr'><strong>rationale</strong></span> <span class='ocrx_word' id='word_1_371' title='bbox 2598 2209 2770 2263; x_wconf 88' lang='lat' dir='ltr'><strong>neque</strong></span> <span class='ocrx_word' id='word_1_372' title='bbox 2799 2194 3109 2249; x_wconf 86' lang='lat' dir='ltr'><strong>irrationale</strong></span> <span class='ocrx_word' id='word_1_373' title='bbox 3150 2195 3259 2258; x_wconf 87' lang='lat' dir='ltr'><strong>sit,</strong></span> <span class='ocrx_word' id='word_1_374' title='bbox 3301 2193 3444 2249; x_wconf 86' lang='lat' dir='ltr'><strong>unde</strong></span> <span class='ocrx_word' id='word_1_375' title='bbox 3485 2195 3567 2249; x_wconf 67' lang='lat' dir='ltr'><strong>hcc</strong></span> <span class='ocrx_word' id='word_1_376' title='bbox 3608 2193 3764 2248; x_wconf 82' lang='lat' dir='ltr'><strong>diffe-</strong></span> 
     </span>
    </p>
   </div>
   <div class='ocr_carea' id='block_1_52' title="bbox 2184 2287 3765 2358">
    <p class='ocr_par' dir='ltr' id='par_1_52' title="bbox 2184 2287 3765 2358">
     <span class='ocr_line' id='line_1_52' title="bbox 2184 2287 3765 2358; baseline -0.002 -14"><span class='ocrx_word' id='word_1_377' title='bbox 2184 2290 2370 2345; x_wconf 69' lang='lat' dir='ltr'><strong>rentim</strong></span> <span class='ocrx_word' id='word_1_378' title='bbox 2410 2290 2463 2344; x_wconf 92' lang='lat' dir='ltr'><strong>in</strong></span> <span class='ocrx_word' id='word_1_379' title='bbox 2495 2289 2776 2358; x_wconf 86' lang='lat' dir='ltr'><strong>speciebus</strong></span> <span class='ocrx_word' id='word_1_380' title='bbox 2814 2298 2952 2343; x_wconf 67' lang='lat' dir='ltr'><strong>natae</strong></span> <span class='ocrx_word' id='word_1_381' title='bbox 2981 2289 3124 2350; x_wconf 87' lang='lat' dir='ltr'><strong>sint,</strong></span> <span class='ocrx_word' id='word_1_382' title='bbox 3158 2303 3276 2358; x_wconf 78' lang='lat' dir='ltr'><strong>qua:</strong></span> <span class='ocrx_word' id='word_1_383' title='bbox 3315 2287 3367 2341; x_wconf 91' lang='lat' dir='ltr'><strong>in</strong></span> <span class='ocrx_word' id='word_1_384' title='bbox 3408 2301 3602 2357; x_wconf 89' lang='lat' dir='ltr'><strong>genere</strong></span> <span class='ocrx_word' id='word_1_385' title='bbox 3640 2297 3765 2341; x_wconf 82' lang='lat' dir='ltr'><strong>ante</strong></span> 
     </span>
    </p>
   </div>
   <div class='ocr_carea' id='block_1_53' title="bbox 2184 2378 3772 2449">
    <p class='ocr_par' dir='ltr' id='par_1_53' title="bbox 2184 2378 3772 2449">
     <span class='ocr_line' id='line_1_53' title="bbox 2184 2378 3772 2449; baseline -0.003 -13"><span class='ocrx_word' id='word_1_386' title='bbox 2184 2397 2290 2436; x_wconf 90' lang='lat' dir='ltr'><strong>non</strong></span> <span class='ocrx_word' id='word_1_387' title='bbox 2320 2381 2565 2436; x_wconf 76' lang='lat' dir='ltr'><strong>fuerant?</strong></span> <span class='ocrx_word' id='word_1_388' title='bbox 2595 2379 2743 2446; x_wconf 86' lang='lat' dir='ltr'><strong>Quod</strong></span> <span class='ocrx_word' id='word_1_389' title='bbox 2776 2380 2817 2433; x_wconf 92' lang='lat' dir='ltr'><strong>si</strong></span> <span class='ocrx_word' id='word_1_390' title='bbox 2845 2393 3014 2449; x_wconf 89' lang='lat' dir='ltr'><strong>genus</strong></span> <span class='ocrx_word' id='word_1_391' title='bbox 3038 2420 3055 2447; x_wconf 91' lang='lat'><strong>,</strong></span> <span class='ocrx_word' id='word_1_392' title='bbox 3083 2379 3135 2432; x_wconf 94' lang='lat' dir='ltr'><strong>id</strong></span> <span class='ocrx_word' id='word_1_393' title='bbox 3166 2387 3249 2433; x_wconf 92' lang='lat' dir='ltr'><strong>est</strong></span> <span class='ocrx_word' id='word_1_394' title='bbox 3290 2378 3484 2432; x_wconf 89' lang='lat' dir='ltr'><strong>animal</strong></span> <span class='ocrx_word' id='word_1_395' title='bbox 3513 2387 3772 2446; x_wconf 79' lang='lat' dir='ltr'><strong>utrasque</strong></span> 
     </span>
    </p>
   </div>
   <div class='ocr_carea' id='block_1_54' title="bbox 2186 2469 3764 2536">
    <p class='ocr_par' dir='ltr' id='par_1_54' title="bbox 2186 2469 3764 2536">
     <span class='ocr_line' id='line_1_54' title="bbox 2186 2469 3764 2536; baseline -0.004 -9"><span class='ocrx_word' id='word_1_396' title='bbox 2186 2486 2281 2528; x_wconf 88' lang='lat' dir='ltr'><strong>res</strong></span> <span class='ocrx_word' id='word_1_397' title='bbox 2309 2472 2361 2526; x_wconf 90' lang='lat' dir='ltr'><strong>in</strong></span> <span class='ocrx_word' id='word_1_398' title='bbox 2393 2486 2451 2527; x_wconf 87' lang='lat' dir='ltr'><strong>se</strong></span> <span class='ocrx_word' id='word_1_399' title='bbox 2484 2472 2678 2535; x_wconf 89' lang='lat' dir='ltr'><strong>habet,</strong></span> <span class='ocrx_word' id='word_1_400' title='bbox 2712 2479 2769 2524; x_wconf 92' lang='lat' dir='ltr'><strong>ut</strong></span> <span class='ocrx_word' id='word_1_401' title='bbox 2796 2480 2849 2524; x_wconf 90' lang='lat' dir='ltr'><strong>et</strong></span> <span class='ocrx_word' id='word_1_402' title='bbox 2877 2470 3136 2524; x_wconf 87' lang='lat' dir='ltr'><strong>rationale</strong></span> <span class='ocrx_word' id='word_1_403' title='bbox 3163 2480 3215 2523; x_wconf 91' lang='lat' dir='ltr'><strong>et</strong></span> <span class='ocrx_word' id='word_1_404' title='bbox 3246 2470 3555 2523; x_wconf 89' lang='lat' dir='ltr'><strong>irrationale</strong></span> <span class='ocrx_word' id='word_1_405' title='bbox 3583 2469 3681 2536; x_wconf 89' lang='lat' dir='ltr'><strong>sit,</strong></span> <span class='ocrx_word' id='word_1_406' title='bbox 3713 2469 3764 2521; x_wconf 90' lang='lat' dir='ltr'><strong>in</strong></span> 
     </span>
    </p>
   </div>
   <div class='ocr_carea' id='block_1_55' title="bbox 2188 2559 3767 2631">
    <p class='ocr_par' dir='ltr' id='par_1_55' title="bbox 2188 2559 3767 2631">
     <span class='ocr_line' id='line_1_55' title="bbox 2188 2559 3767 2631; baseline -0.004 -15"><span class='ocrx_word' id='word_1_407' title='bbox 2188 2578 2293 2617; x_wconf 90' lang='lat' dir='ltr'><strong>uno</strong></span> <span class='ocrx_word' id='word_1_408' title='bbox 2325 2563 2623 2631; x_wconf 90' lang='lat' dir='ltr'><strong>eodemque</strong></span> <span class='ocrx_word' id='word_1_409' title='bbox 2650 2562 2756 2616; x_wconf 91' lang='lat' dir='ltr'><strong>duo</strong></span> <span class='ocrx_word' id='word_1_410' title='bbox 2785 2561 3049 2615; x_wconf 89' lang='lat' dir='ltr'><strong>contraria</strong></span> <span class='ocrx_word' id='word_1_411' title='bbox 3079 2560 3365 2627; x_wconf 90' lang='lat' dir='ltr'><strong>eveniunt,</strong></span> <span class='ocrx_word' id='word_1_412' title='bbox 3390 2559 3531 2629; x_wconf 89' lang='lat' dir='ltr'><strong>quod</strong></span> <span class='ocrx_word' id='word_1_413' title='bbox 3561 2571 3641 2613; x_wconf 88' lang='lat' dir='ltr'><strong>est</strong></span> <span class='ocrx_word' id='word_1_414' title='bbox 3671 2560 3767 2611; x_wconf 80' lang='lat' dir='ltr'><strong>im-</strong></span> 
     </span>
    </p>
   </div>
   <div class='ocr_carea' id='block_1_56' title="bbox 2188 2651 3768 2725">
    <p class='ocr_par' dir='ltr' id='par_1_56' title="bbox 2188 2651 3768 2725">
     <span class='ocr_line' id='line_1_56' title="bbox 2188 2651 3768 2725; baseline 0 -20"><span class='ocrx_word' id='word_1_415' title='bbox 2188 2653 2467 2725; x_wconf 88' lang='lat' dir='ltr'><strong>possibile.</strong></span> <span class='ocrx_word' id='word_1_416' title='bbox 2512 2654 2784 2722; x_wconf 80' lang='lat' dir='ltr'><strong>Attingam</strong></span> <span class='ocrx_word' id='word_1_417' title='bbox 2826 2651 2989 2722; x_wconf 86' lang='lat' dir='ltr'><strong>igitur</strong></span> <span class='ocrx_word' id='word_1_418' title='bbox 3029 2652 3265 2707; x_wconf 76' lang='lat' dir='ltr'><strong>breviter</strong></span> <span class='ocrx_word' id='word_1_419' title='bbox 3304 2652 3683 2721; x_wconf 25' lang='lat' dir='ltr'><strong>qux‘stionetn,</strong></span> <span class='ocrx_word' id='word_1_420' title='bbox 3716 2660 3768 2705; x_wconf 88' lang='lat' dir='ltr'><strong>et</strong></span> 
     </span>
    </p>
   </div>
   <div class='ocr_carea' id='block_1_57' title="bbox 2190 2741 3770 2813">
    <p class='ocr_par' dir='ltr' id='par_1_57' title="bbox 2190 2741 3770 2813">
     <span class='ocr_line' id='line_1_57' title="bbox 2190 2741 3770 2813; baseline -0.004 -15"><span class='ocrx_word' id='word_1_421' title='bbox 2190 2743 2365 2798; x_wconf 90' lang='lat' dir='ltr'><strong>dicam</strong></span> <span class='ocrx_word' id='word_1_422' title='bbox 2410 2742 2553 2812; x_wconf 91' lang='lat' dir='ltr'><strong>quod</strong></span> <span class='ocrx_word' id='word_1_423' title='bbox 2600 2759 2704 2797; x_wconf 92' lang='lat' dir='ltr'><strong>non</strong></span> <span class='ocrx_word' id='word_1_424' title='bbox 2749 2756 2918 2813; x_wconf 90' lang='lat' dir='ltr'><strong>genus</strong></span> <span class='ocrx_word' id='word_1_425' title='bbox 2959 2748 3245 2811; x_wconf 82' lang='lat' dir='ltr'><strong>utrumque</strong></span> <span class='ocrx_word' id='word_1_426' title='bbox 3289 2741 3392 2805; x_wconf 90' lang='lat' dir='ltr'><strong>sit,</strong></span> <span class='ocrx_word' id='word_1_427' title='bbox 3422 2741 3470 2794; x_wconf 87' lang='lat' dir='ltr'><strong>id</strong></span> <span class='ocrx_word' id='word_1_428' title='bbox 3500 2750 3582 2794; x_wconf 91' lang='lat' dir='ltr'><strong>est</strong></span> <span class='ocrx_word' id='word_1_429' title='bbox 3608 2742 3770 2794; x_wconf 78' lang='lat' dir='ltr'><strong>ratio-</strong></span> 
     </span>
    </p>
   </div>
   <div class='ocr_carea' id='block_1_58' title="bbox 2194 2832 3770 2903">
    <p class='ocr_par' dir='ltr' id='par_1_58' title="bbox 2194 2832 3770 2903">
     <span class='ocr_line' id='line_1_58' title="bbox 2194 2832 3770 2903; baseline -0.002 -14"><span class='ocrx_word' id='word_1_430' title='bbox 2194 2835 2316 2889; x_wconf 75' lang='lat' dir='ltr'><strong>nale</strong></span> <span class='ocrx_word' id='word_1_431' title='bbox 2350 2833 2433 2886; x_wconf 92' lang='lat' dir='ltr'><strong>vel</strong></span> <span class='ocrx_word' id='word_1_432' title='bbox 2464 2834 2796 2900; x_wconf 88' lang='lat' dir='ltr'><strong>irrationale,</strong></span> <span class='ocrx_word' id='word_1_433' title='bbox 2828 2833 2915 2887; x_wconf 89' lang='lat' dir='ltr'><strong>vel</strong></span> <span class='ocrx_word' id='word_1_434' title='bbox 2943 2833 3200 2903; x_wconf 89' lang='lat' dir='ltr'><strong>quidquid</strong></span> <span class='ocrx_word' id='word_1_435' title='bbox 3227 2832 3366 2885; x_wconf 85' lang='lat' dir='ltr'><strong>aliud</strong></span> <span class='ocrx_word' id='word_1_436' title='bbox 3399 2833 3535 2886; x_wconf 86' lang='lat' dir='ltr'><strong>inter</strong></span> <span class='ocrx_word' id='word_1_437' title='bbox 3565 2848 3621 2887; x_wconf 92' lang='lat' dir='ltr'><strong>se</strong></span> <span class='ocrx_word' id='word_1_438' title='bbox 3648 2847 3770 2899; x_wconf 47' lang='lat' dir='ltr'><strong>sub</strong></span> 
     </span>
    </p>
   </div>
   <div class='ocr_carea' id='block_1_59' title="bbox 2192 2922 3770 2992">
    <p class='ocr_par' dir='ltr' id='par_1_59' title="bbox 2192 2922 3770 2992">
     <span class='ocr_line' id='line_1_59' title="bbox 2192 2922 3770 2992; baseline -0.001 -15"><span class='ocrx_word' id='word_1_439' title='bbox 2192 2925 2303 2978; x_wconf 88' lang='lat' dir='ltr'><strong>cies</strong></span> <span class='ocrx_word' id='word_1_440' title='bbox 2334 2939 2429 2992; x_wconf 92' lang='lat' dir='ltr'><strong>per</strong></span> <span class='ocrx_word' id='word_1_441' title='bbox 2455 2925 2864 2977; x_wconf 84' lang='lat' dir='ltr'><strong>contrarietatés</strong></span> <span class='ocrx_word' id='word_1_442' title='bbox 2890 2923 3164 2987; x_wconf 79' lang='lat' dir='ltr'><strong>dividunt,</strong></span> <span class='ocrx_word' id='word_1_443' title='bbox 3191 2922 3285 2976; x_wconf 91' lang='lat' dir='ltr'><strong>sed</strong></span> <span class='ocrx_word' id='word_1_444' title='bbox 3309 2925 3354 2975; x_wconf 88' lang='lat' dir='ltr'><strong>vi</strong></span> <span class='ocrx_word' id='word_1_445' title='bbox 3382 2937 3479 2975; x_wconf 84' lang='lat' dir='ltr'><strong>sua</strong></span> <span class='ocrx_word' id='word_1_446' title='bbox 3506 2933 3556 2977; x_wconf 91' lang='lat' dir='ltr'><strong>et</strong></span> <span class='ocrx_word' id='word_1_447' title='bbox 3589 2932 3770 2991; x_wconf 77' lang='lat' dir='ltr'><strong>potes-</strong></span> 
     </span>
    </p>
   </div>
   <div class='ocr_carea' id='block_1_60' title="bbox 2196 3013 3769 3085">
    <p class='ocr_par' dir='ltr' id='par_1_60' title="bbox 2196 3013 3769 3085">
     <span class='ocr_line' id='line_1_60' title="bbox 2196 3013 3769 3085; baseline -0.003 -16"><span class='ocrx_word' id='word_1_448' title='bbox 2196 3024 2303 3069; x_wconf 86' lang='lat' dir='ltr'><strong>tate</strong></span> <span class='ocrx_word' id='word_1_449' title='bbox 2344 3031 2509 3085; x_wconf 87' lang='lat' dir='ltr'><strong>genus</strong></span> <span class='ocrx_word' id='word_1_450' title='bbox 2550 3016 2648 3069; x_wconf 90' lang='lat' dir='ltr'><strong>hoc</strong></span> <span class='ocrx_word' id='word_1_451' title='bbox 2689 3016 2967 3080; x_wconf 88' lang='lat' dir='ltr'><strong>continet,</strong></span> <span class='ocrx_word' id='word_1_452' title='bbox 3015 3015 3187 3084; x_wconf 90' lang='lat' dir='ltr'><strong>ipsum</strong></span> <span class='ocrx_word' id='word_1_453' title='bbox 3229 3029 3355 3068; x_wconf 91' lang='lat' dir='ltr'><strong>vero</strong></span> <span class='ocrx_word' id='word_1_454' title='bbox 3400 3014 3531 3067; x_wconf 86' lang='lat' dir='ltr'><strong>nihil</strong></span> <span class='ocrx_word' id='word_1_455' title='bbox 3576 3013 3769 3068; x_wconf 81' lang='lat' dir='ltr'><strong>horum</strong></span> 
     </span>
    </p>
   </div>
   <div class='ocr_carea' id='block_1_61' title="bbox 511 3092 3771 3181">
    <p class='ocr_par' dir='ltr' id='par_1_61' title="bbox 511 3092 3771 3181">
     <span class='ocr_line' id='line_1_61' title="bbox 511 3092 3771 3181; baseline -0.003 -11"><span class='ocrx_word' id='word_1_456' title='bbox 511 3092 637 3171; x_wconf 65' lang='lat' dir='ltr'><strong>vere</strong></span> <span class='ocrx_word' id='word_1_457' title='bbox 663 3092 1027 3178; x_wconf 87' lang='lat' dir='ltr'><strong>subsistentia,</strong></span> <span class='ocrx_word' id='word_1_458' title='bbox 1058 3121 1111 3166; x_wconf 85' lang='lat' dir='ltr'><strong>et</strong></span> <span class='ocrx_word' id='word_1_459' title='bbox 1139 3109 1531 3181; x_wconf 88' lang='lat' dir='ltr'><strong>quodammodo</strong></span> <span class='ocrx_word' id='word_1_460' title='bbox 1557 3109 1791 3164; x_wconf 87' lang='lat' dir='ltr'><strong>essentia</strong></span> <span class='ocrx_word' id='word_1_461' title='bbox 1839 3114 2089 3162; x_wconf 84' lang='lat' dir='ltr'><strong>constan—</strong></span> <span class='ocrx_word' id='word_1_462' title='bbox 2118 3092 2164 3155; x_wconf 89' lang='lat' dir='ltr'>C</span> <span class='ocrx_word' id='word_1_463' title='bbox 2196 3116 2297 3162; x_wconf 89' lang='lat' dir='ltr'><strong>est.</strong></span> <span class='ocrx_word' id='word_1_464' title='bbox 2329 3109 2404 3162; x_wconf 89' lang='lat' dir='ltr'><strong>Ita</strong></span> <span class='ocrx_word' id='word_1_465' title='bbox 2432 3122 2559 3174; x_wconf 86' lang='lat' dir='ltr'><strong>ergo</strong></span> <span class='ocrx_word' id='word_1_466' title='bbox 2587 3121 2753 3175; x_wconf 90' lang='lat' dir='ltr'><strong>genus</strong></span> <span class='ocrx_word' id='word_1_467' title='bbox 2785 3107 2891 3161; x_wconf 89' lang='lat' dir='ltr'><strong>tale</strong></span> <span class='ocrx_word' id='word_1_468' title='bbox 2918 3115 3032 3173; x_wconf 88' lang='lat' dir='ltr'><strong>cst,</strong></span> <span class='ocrx_word' id='word_1_469' title='bbox 3064 3117 3121 3161; x_wconf 92' lang='lat' dir='ltr'><strong>ut</strong></span> <span class='ocrx_word' id='word_1_470' title='bbox 3160 3108 3331 3176; x_wconf 90' lang='lat' dir='ltr'><strong>ipsum</strong></span> <span class='ocrx_word' id='word_1_471' title='bbox 3378 3122 3550 3176; x_wconf 90' lang='lat' dir='ltr'><strong>neque</strong></span> <span class='ocrx_word' id='word_1_472' title='bbox 3593 3107 3771 3161; x_wconf 86' lang='lat' dir='ltr'><strong>incor-</strong></span> 
     </span>
    </p>
   </div>
   <div class='ocr_carea' id='block_1_62' title="bbox 514 3197 2092 3274">
    <p class='ocr_par' dir='ltr' id='par_1_62' title="bbox 514 3197 2092 3274">
     <span class='ocr_line' id='line_1_62' title="bbox 514 3197 2092 3274; baseline -0.008 -13"><span class='ocrx_word' id='word_1_473' title='bbox 514 3205 691 3274; x_wconf 85' lang='lat' dir='ltr'><strong>tiaque</strong></span> <span class='ocrx_word' id='word_1_474' title='bbox 740 3204 1127 3273; x_wconf 88' lang='lat' dir='ltr'><strong>intelligantur,</strong></span> <span class='ocrx_word' id='word_1_475' title='bbox 1174 3210 1229 3255; x_wconf 91' lang='lat' dir='ltr'><strong>ut</strong></span> <span class='ocrx_word' id='word_1_476' title='bbox 1268 3215 1295 3253; x_wconf 88' lang='lat' dir='ltr'><strong>a</strong></span> <span class='ocrx_word' id='word_1_477' title='bbox 1340 3199 1654 3267; x_wconf 76' lang='lat' dir='ltr'><strong>corporibus</strong></span> <span class='ocrx_word' id='word_1_478' title='bbox 1701 3197 1924 3268; x_wconf 87' lang='lat' dir='ltr'><strong>singulis</strong></span> <span class='ocrx_word' id='word_1_479' title='bbox 1968 3209 2092 3249; x_wconf 83' lang='lat' dir='ltr'><strong>vere</strong></span> 
     </span>
    </p>
   </div>
   <div class='ocr_carea' id='block_1_63' title="bbox 514 3288 2088 3368">
    <p class='ocr_par' dir='ltr' id='par_1_63' title="bbox 514 3288 2088 3368">
     <span class='ocr_line' id='line_1_63' title="bbox 514 3288 2088 3368; baseline -0.008 -16"><span class='ocrx_word' id='word_1_480' title='bbox 514 3307 674 3368; x_wconf 90' lang='lat' dir='ltr'><strong>atque</strong></span> <span class='ocrx_word' id='word_1_481' title='bbox 703 3295 908 3365; x_wconf 83' lang='lat' dir='ltr'><strong>integre</strong></span> <span class='ocrx_word' id='word_1_482' title='bbox 933 3294 1142 3348; x_wconf 89' lang='lat' dir='ltr'><strong>ductam</strong></span> <span class='ocrx_word' id='word_1_483' title='bbox 1176 3291 1405 3345; x_wconf 90' lang='lat' dir='ltr'><strong>hominis</strong></span> <span class='ocrx_word' id='word_1_484' title='bbox 1443 3289 1675 3359; x_wconf 90' lang='lat' dir='ltr'><strong>speciem</strong></span> <span class='ocrx_word' id='word_1_485' title='bbox 1708 3288 2088 3357; x_wconf 87' lang='lat' dir='ltr'><strong>intelligamus,</strong></span> 
     </span>
    </p>
   </div>
   <div class='ocr_carea' id='block_1_64' title="bbox 515 3381 2095 3456">
    <p class='ocr_par' dir='ltr' id='par_1_64' title="bbox 515 3381 2095 3456">
     <span class='ocr_line' id='line_1_64' title="bbox 515 3381 2095 3456; baseline -0.006 -15"><span class='ocrx_word' id='word_1_486' title='bbox 515 3403 579 3441; x_wconf 90' lang='lat' dir='ltr'><strong>an</strong></span> <span class='ocrx_word' id='word_1_487' title='bbox 625 3393 771 3441; x_wconf 90' lang='lat' dir='ltr'><strong>certe</strong></span> <span class='ocrx_word' id='word_1_488' title='bbox 810 3385 1034 3456; x_wconf 89' lang='lat' dir='ltr'><strong>quadam</strong></span> <span class='ocrx_word' id='word_1_489' title='bbox 1080 3383 1243 3437; x_wconf 90' lang='lat' dir='ltr'><strong>animi</strong></span> <span class='ocrx_word' id='word_1_490' title='bbox 1294 3383 1673 3452; x_wconf 88' lang='lat' dir='ltr'><strong>imaginatione</strong></span> <span class='ocrx_word' id='word_1_491' title='bbox 1704 3381 1992 3450; x_wconf 85' lang='lat' dir='ltr'><strong>ﬁngantur,</strong></span> <span class='ocrx_word' id='word_1_492' title='bbox 2035 3386 2095 3431; x_wconf 88' lang='lat' dir='ltr'><strong>ut</strong></span> 
     </span>
    </p>
   </div>
   <div class='ocr_carea' id='block_1_65' title="bbox 515 3468 2092 3539">
    <p class='ocr_par' dir='ltr' id='par_1_65' title="bbox 515 3468 2092 3539">
     <span class='ocr_line' id='line_1_65' title="bbox 515 3468 2092 3539; baseline -0.008 -6"><span class='ocrx_word' id='word_1_493' title='bbox 515 3478 604 3534; x_wconf 84' lang='lat' dir='ltr'><strong>ille</strong></span> <span class='ocrx_word' id='word_1_494' title='bbox 632 3477 833 3532; x_wconf 89' lang='lat' dir='ltr'><strong>lloratii</strong></span> <span class='ocrx_word' id='word_1_495' title='bbox 851 3490 1033 3531; x_wconf 84' lang='lat' dir='ltr'><strong>versus</strong></span> <span class='ocrx_word' id='word_1_496' title='bbox 1053 3488 1135 3528; x_wconf 78' lang='lat' dir='ltr'><strong>eat</strong></span> <span class='ocrx_word' id='word_1_497' title='bbox 1153 3492 1163 3526; x_wconf 90' lang='lat'><strong>:</strong></span> <span class='ocrx_word' id='word_1_498' title='bbox 1183 3473 1424 3528; x_wconf 87' lang='lat' dir='ltr'><strong>llumano</strong></span> <span class='ocrx_word' id='word_1_499' title='bbox 1450 3472 1610 3539; x_wconf 86' lang='lat' dir='ltr'><strong>capiti</strong></span> <span class='ocrx_word' id='word_1_500' title='bbox 1634 3470 1900 3526; x_wconf 87' lang='lat' dir='ltr'><strong>cervicem</strong></span> <span class='ocrx_word' id='word_1_501' title='bbox 1925 3468 2092 3537; x_wconf 88' lang='lat' dir='ltr'><strong>pictor</strong></span> 
     </span>
    </p>
   </div>
   <div class='ocr_carea' id='block_1_66' title="bbox 516 3562 2095 3637">
    <p class='ocr_par' dir='ltr' id='par_1_66' title="bbox 516 3562 2095 3637">
     <span class='ocr_line' id='line_1_66' title="bbox 516 3562 2095 3637; baseline -0.007 -15"><span class='ocrx_word' id='word_1_502' title='bbox 516 3568 762 3637; x_wconf 90' lang='lat' dir='ltr'><strong>equinam</strong></span> <span class='ocrx_word' id='word_1_503' title='bbox 789 3566 1013 3636; x_wconf 87' lang='lat' dir='ltr'><strong>jungere</strong></span> <span class='ocrx_word' id='word_1_504' title='bbox 1043 3564 1085 3617; x_wconf 88' lang='lat' dir='ltr'><strong>si</strong></span> <span class='ocrx_word' id='word_1_505' title='bbox 1111 3563 1259 3629; x_wconf 90' lang='lat' dir='ltr'><strong>velit,</strong></span> <span class='ocrx_word' id='word_1_506' title='bbox 1280 3562 1421 3632; x_wconf 91' lang='lat' dir='ltr'><strong>quod</strong></span> <span class='ocrx_word' id='word_1_507' title='bbox 1446 3576 1617 3632; x_wconf 86' lang='lat' dir='ltr'><strong>neque</strong></span> <span class='ocrx_word' id='word_1_508' title='bbox 1644 3568 1744 3625; x_wconf 90' lang='lat' dir='ltr'><strong>est,</strong></span> <span class='ocrx_word' id='word_1_509' title='bbox 1774 3573 1948 3629; x_wconf 89' lang='lat' dir='ltr'><strong>neque</strong></span> <span class='ocrx_word' id='word_1_510' title='bbox 1973 3571 2095 3612; x_wconf 88' lang='lat' dir='ltr'><strong>esse</strong></span> 
     </span>
    </p>
   </div>
   <div class='ocr_carea' id='block_1_67' title="bbox 518 3650 2092 3728">
    <p class='ocr_par' dir='ltr' id='par_1_67' title="bbox 518 3650 2092 3728">
     <span class='ocr_line' id='line_1_67' title="bbox 518 3650 2092 3728; baseline -0.006 -16"><span class='ocrx_word' id='word_1_511' title='bbox 518 3658 728 3728; x_wconf 90' lang='lat' dir='ltr'><strong>poterit,</strong></span> <span class='ocrx_word' id='word_1_512' title='bbox 748 3655 843 3710; x_wconf 90' lang='lat' dir='ltr'><strong>sed</strong></span> <span class='ocrx_word' id='word_1_513' title='bbox 873 3655 986 3709; x_wconf 86' lang='lat' dir='ltr'><strong>sola</strong></span> <span class='ocrx_word' id='word_1_514' title='bbox 1021 3654 1151 3707; x_wconf 88' lang='lat' dir='ltr'><strong>falsa</strong></span> <span class='ocrx_word' id='word_1_515' title='bbox 1184 3653 1377 3707; x_wconf 91' lang='lat' dir='ltr'><strong>mentis</strong></span> <span class='ocrx_word' id='word_1_516' title='bbox 1405 3652 1832 3707; x_wconf 88' lang='lat' dir='ltr'><strong>consideratione</strong></span> <span class='ocrx_word' id='word_1_517' title='bbox 1861 3650 2092 3720; x_wconf 88' lang='lat' dir='ltr'><strong>ﬁngitur.</strong></span> 
     </span>
    </p>
   </div>
   <div class='ocr_carea' id='block_1_68' title="bbox 518 3730 2097 3813">
    <p class='ocr_par' dir='ltr' id='par_1_68' title="bbox 518 3730 2097 3813">
     <span class='ocr_line' id='line_1_68' title="bbox 518 3730 2097 3813; baseline -0.003 -12"><span class='ocrx_word' id='word_1_518' title='bbox 518 3747 682 3801; x_wconf 82' lang='lat' dir='ltr'><strong>Nimis</strong></span> <span class='ocrx_word' id='word_1_519' title='bbox 698 3755 850 3800; x_wconf 88' lang='lat' dir='ltr'><strong>acuta</strong></span> <span class='ocrx_word' id='word_1_520' title='bbox 874 3754 925 3798; x_wconf 89' lang='lat' dir='ltr'><strong>et</strong></span> <span class='ocrx_word' id='word_1_521' title='bbox 943 3743 1148 3813; x_wconf 82' lang='lat' dir='ltr'><strong>subtilis</strong></span> <span class='ocrx_word' id='word_1_522' title='bbox 1164 3742 1456 3812; x_wconf 89' lang='lat' dir='ltr'><strong>inquisitio,</strong></span> <span class='ocrx_word' id='word_1_523' title='bbox 1476 3751 1634 3812; x_wconf 89' lang='lat' dir='ltr'><strong>atque</strong></span> <span class='ocrx_word' id='word_1_524' title='bbox 1654 3730 1719 3797; x_wconf 81' lang='lat' dir='ltr'><strong>ad</strong></span> <span class='ocrx_word' id='word_1_525' title='bbox 1738 3756 1850 3797; x_wconf 90' lang='lat' dir='ltr'><strong>rem</strong></span> <span class='ocrx_word' id='word_1_526' title='bbox 1866 3741 2097 3811; x_wconf 81' lang='lat' dir='ltr'><strong>maxime</strong></span> 
     </span>
    </p>
   </div>
   <div class='ocr_carea' id='block_1_69' title="bbox 518 3833 2097 3908">
    <p class='ocr_par' dir='ltr' id='par_1_69' title="bbox 518 3833 2097 3908">
     <span class='ocr_line' id='line_1_69' title="bbox 518 3833 2097 3908; baseline -0.004 -17"><span class='ocrx_word' id='word_1_527' title='bbox 518 3837 814 3908; x_wconf 88' lang='lat' dir='ltr'><strong>profutura.</strong></span> <span class='ocrx_word' id='word_1_528' title='bbox 847 3833 1073 3889; x_wconf 90' lang='lat' dir='ltr'><strong>Scienda</strong></span> <span class='ocrx_word' id='word_1_529' title='bbox 1096 3833 1236 3888; x_wconf 89' lang='lat' dir='ltr'><strong>enim</strong></span> <span class='ocrx_word' id='word_1_530' title='bbox 1270 3841 1418 3897; x_wconf 92' lang='lat' dir='ltr'><strong>sunt,</strong></span> <span class='ocrx_word' id='word_1_531' title='bbox 1447 3841 1623 3887; x_wconf 89' lang='lat' dir='ltr'><strong>utrum</strong></span> <span class='ocrx_word' id='word_1_532' title='bbox 1656 3846 1784 3887; x_wconf 89' lang='lat' dir='ltr'><strong>vere</strong></span> <span class='ocrx_word' id='word_1_533' title='bbox 1828 3833 1933 3885; x_wconf 90' lang='lat' dir='ltr'><strong>sint</strong></span> <span class='ocrx_word' id='word_1_534' title='bbox 1960 3846 1973 3883; x_wconf 92' lang='lat'><strong>:</strong></span> <span class='ocrx_word' id='word_1_535' title='bbox 1997 3844 2097 3885; x_wconf 88' lang='lat' dir='ltr'><strong>nec</strong></span> 
     </span>
    </p>
   </div>
   <div class='ocr_carea' id='block_1_70' title="bbox 518 3925 2092 3996">
    <p class='ocr_par' dir='ltr' id='par_1_70' title="bbox 518 3925 2092 3996">
     <span class='ocr_line' id='line_1_70' title="bbox 518 3925 2092 3996; baseline -0.001 -12"><span class='ocrx_word' id='word_1_536' title='bbox 518 3939 659 3984; x_wconf 90' lang='lat' dir='ltr'><strong>esset</strong></span> <span class='ocrx_word' id='word_1_537' title='bbox 685 3929 752 3983; x_wconf 90' lang='lat' dir='ltr'><strong>de</strong></span> <span class='ocrx_word' id='word_1_538' title='bbox 799 3926 882 3982; x_wconf 88' lang='lat' dir='ltr'><strong>his</strong></span> <span class='ocrx_word' id='word_1_539' title='bbox 912 3926 1201 3996; x_wconf 89' lang='lat' dir='ltr'><strong>disputatio</strong></span> <span class='ocrx_word' id='word_1_540' title='bbox 1240 3926 1702 3995; x_wconf 88' lang='lat' dir='ltr'><strong>consideratioque</strong></span> <span class='ocrx_word' id='word_1_541' title='bbox 1747 3925 1793 3980; x_wconf 91' lang='lat' dir='ltr'><strong>si</strong></span> <span class='ocrx_word' id='word_1_542' title='bbox 1825 3940 1927 3979; x_wconf 91' lang='lat' dir='ltr'><strong>non</strong></span> <span class='ocrx_word' id='word_1_543' title='bbox 1964 3925 2092 3981; x_wconf 92' lang='lat' dir='ltr'><strong>sint.</strong></span> 
     </span>
    </p>
   </div>
   <div class='ocr_carea' id='block_1_71' title="bbox 518 4013 2094 4086">
    <p class='ocr_par' dir='ltr' id='par_1_71' title="bbox 518 4013 2094 4086">
     <span class='ocr_line' id='line_1_71' title="bbox 518 4013 2094 4086; baseline -0.004 -12"><span class='ocrx_word' id='word_1_544' title='bbox 518 4019 623 4074; x_wconf 92' lang='lat' dir='ltr'><strong>Sed</strong></span> <span class='ocrx_word' id='word_1_545' title='bbox 648 4019 693 4073; x_wconf 89' lang='lat' dir='ltr'><strong>si</strong></span> <span class='ocrx_word' id='word_1_546' title='bbox 719 4033 893 4073; x_wconf 88' lang='lat' dir='ltr'><strong>rerum</strong></span> <span class='ocrx_word' id='word_1_547' title='bbox 914 4017 1189 4071; x_wconf 88' lang='lat' dir='ltr'><strong>veritatem</strong></span> <span class='ocrx_word' id='word_1_548' title='bbox 1213 4014 1373 4086; x_wconf 84' lang='lat' dir='ltr'><strong>atque</strong></span> <span class='ocrx_word' id='word_1_549' title='bbox 1399 4015 1754 4084; x_wconf 85' lang='lat' dir='ltr'><strong>integritatem</strong></span> <span class='ocrx_word' id='word_1_550' title='bbox 1775 4013 2094 4083; x_wconf 74' lang='lat' dir='ltr'><strong>perpendes,</strong></span> 
     </span>
    </p>
   </div>
   <div class='ocr_carea' id='block_1_72' title="bbox 518 4103 2097 4176">
    <p class='ocr_par' dir='ltr' id='par_1_72' title="bbox 518 4103 2097 4176">
     <span class='ocr_line' id='line_1_72' title="bbox 518 4103 2097 4176; baseline -0.002 -14"><span class='ocrx_word' id='word_1_551' title='bbox 518 4125 623 4163; x_wconf 90' lang='lat' dir='ltr'><strong>non</strong></span> <span class='ocrx_word' id='word_1_552' title='bbox 654 4117 735 4164; x_wconf 86' lang='lat' dir='ltr'><strong>est</strong></span> <span class='ocrx_word' id='word_1_553' title='bbox 767 4107 982 4161; x_wconf 87' lang='lat' dir='ltr'><strong>dubium</strong></span> <span class='ocrx_word' id='word_1_554' title='bbox 1013 4106 1138 4176; x_wconf 89' lang='lat' dir='ltr'><strong>quin</strong></span> <span class='ocrx_word' id='word_1_555' title='bbox 1166 4121 1307 4160; x_wconf 71' lang='lat' dir='ltr'><strong>verre</strong></span> <span class='ocrx_word' id='word_1_556' title='bbox 1328 4106 1457 4160; x_wconf 91' lang='lat' dir='ltr'><strong>sint.</strong></span> <span class='ocrx_word' id='word_1_557' title='bbox 1492 4103 1622 4157; x_wconf 86' lang='lat' dir='ltr'><strong>Nam</strong></span> <span class='ocrx_word' id='word_1_558' title='bbox 1646 4118 1765 4157; x_wconf 92' lang='lat' dir='ltr'><strong>cum</strong></span> <span class='ocrx_word' id='word_1_559' title='bbox 1797 4118 1885 4157; x_wconf 89' lang='lat' dir='ltr'><strong>res</strong></span> <span class='ocrx_word' id='word_1_560' title='bbox 1912 4117 2097 4159; x_wconf 91' lang='lat' dir='ltr'><strong>omnes</strong></span> 
     </span>
    </p>
   </div>
   <div class='ocr_carea' id='block_1_73' title="bbox 518 4180 2094 4267">
    <p class='ocr_par' dir='ltr' id='par_1_73' title="bbox 518 4180 2094 4267">
     <span class='ocr_line' id='line_1_73' title="bbox 518 4180 2094 4267; baseline -0.003 -16"><span class='ocrx_word' id='word_1_561' title='bbox 518 4214 635 4267; x_wconf 66' lang='lat' dir='ltr'><strong>qum</strong></span> <span class='ocrx_word' id='word_1_562' title='bbox 664 4180 803 4251; x_wconf 81' lang='lat' dir='ltr'><strong>verae</strong></span> <span class='ocrx_word' id='word_1_563' title='bbox 833 4205 977 4261; x_wconf 91' lang='lat' dir='ltr'><strong>sunt,</strong></span> <span class='ocrx_word' id='word_1_564' title='bbox 1010 4196 1125 4250; x_wconf 91' lang='lat' dir='ltr'><strong>sine</strong></span> <span class='ocrx_word' id='word_1_565' title='bbox 1166 4195 1247 4248; x_wconf 85' lang='lat' dir='ltr'><strong>bis</strong></span> <span class='ocrx_word' id='word_1_566' title='bbox 1285 4193 1520 4263; x_wconf 86' lang='lat' dir='ltr'><strong>quinque</strong></span> <span class='ocrx_word' id='word_1_567' title='bbox 1561 4186 1685 4247; x_wconf 86' lang='lat' dir='ltr'><strong>esse</strong></span> <span class='ocrx_word' id='word_1_568' title='bbox 1721 4206 1826 4246; x_wconf 92' lang='lat' dir='ltr'><strong>non</strong></span> <span class='ocrx_word' id='word_1_569' title='bbox 1869 4193 2094 4260; x_wconf 91' lang='lat' dir='ltr'><strong>possint,</strong></span> 
     </span>
    </p>
   </div>
   <div class='ocr_carea' id='block_1_74' title="bbox 517 4280 2096 4359">
    <p class='ocr_par' dir='ltr' id='par_1_74' title="bbox 517 4280 2096 4359">
     <span class='ocr_line' id='line_1_74' title="bbox 517 4280 2096 4359; baseline -0.003 -18"><span class='ocrx_word' id='word_1_570' title='bbox 517 4288 615 4343; x_wconf 89' lang='lat' dir='ltr'><strong>has</strong></span> <span class='ocrx_word' id='word_1_571' title='bbox 645 4287 791 4357; x_wconf 89' lang='lat' dir='ltr'><strong>ipsas</strong></span> <span class='ocrx_word' id='word_1_572' title='bbox 816 4286 1050 4357; x_wconf 88' lang='lat' dir='ltr'><strong>quinque</strong></span> <span class='ocrx_word' id='word_1_573' title='bbox 1080 4298 1167 4338; x_wconf 89' lang='lat' dir='ltr'><strong>res</strong></span> <span class='ocrx_word' id='word_1_574' title='bbox 1191 4298 1314 4337; x_wconf 89' lang='lat' dir='ltr'><strong>vere</strong></span> <span class='ocrx_word' id='word_1_575' title='bbox 1339 4281 1640 4359; x_wconf 77' lang='lat' dir='ltr'><strong>intellectas</strong></span> <span class='ocrx_word' id='word_1_576' title='bbox 1663 4296 1782 4336; x_wconf 89' lang='lat' dir='ltr'><strong>esse</strong></span> <span class='ocrx_word' id='word_1_577' title='bbox 1805 4296 1909 4335; x_wconf 92' lang='lat' dir='ltr'><strong>non</strong></span> <span class='ocrx_word' id='word_1_578' title='bbox 1939 4280 2096 4336; x_wconf 90' lang='lat' dir='ltr'><strong>dubi-</strong></span> 
     </span>
    </p>
   </div>
   <div class='ocr_carea' id='block_1_75' title="bbox 520 4370 2098 4440">
    <p class='ocr_par' dir='ltr' id='par_1_75' title="bbox 520 4370 2098 4440">
     <span class='ocr_line' id='line_1_75' title="bbox 520 4370 2098 4440; baseline -0.003 -8"><span class='ocrx_word' id='word_1_579' title='bbox 520 4389 620 4433; x_wconf 89' lang='lat' dir='ltr'><strong>tes.</strong></span> <span class='ocrx_word' id='word_1_580' title='bbox 669 4377 801 4432; x_wconf 88' lang='lat' dir='ltr'><strong>Sunt</strong></span> <span class='ocrx_word' id='word_1_581' title='bbox 830 4385 1007 4430; x_wconf 88' lang='lat' dir='ltr'><strong>autem</strong></span> <span class='ocrx_word' id='word_1_582' title='bbox 1044 4375 1094 4429; x_wconf 93' lang='lat' dir='ltr'><strong>in</strong></span> <span class='ocrx_word' id='word_1_583' title='bbox 1136 4374 1297 4429; x_wconf 90' lang='lat' dir='ltr'><strong>rebus</strong></span> <span class='ocrx_word' id='word_1_584' title='bbox 1336 4372 1583 4427; x_wconf 89' lang='lat' dir='ltr'><strong>omnibus</strong></span> <span class='ocrx_word' id='word_1_585' title='bbox 1630 4370 2004 4440; x_wconf 73' lang='lat' dir='ltr'><strong>conglutinata:</strong></span> <span class='ocrx_word' id='word_1_586' title='bbox 2044 4381 2098 4427; x_wconf 91' lang='lat' dir='ltr'><strong>et</strong></span> 
     </span>
    </p>
   </div>
   <div class='ocr_carea' id='block_1_76' title="bbox 2197 3198 3774 3270">
    <p class='ocr_par' dir='ltr' id='par_1_76' title="bbox 2197 3198 3774 3270">
     <span class='ocr_line' id='line_1_76' title="bbox 2197 3198 3774 3270; baseline 0 -17"><span class='ocrx_word' id='word_1_587' title='bbox 2197 3198 2378 3270; x_wconf 85' lang='lat' dir='ltr'><strong>pornle</strong></span> <span class='ocrx_word' id='word_1_588' title='bbox 2398 3239 2412 3259; x_wconf 85' lang='lat'><strong>,</strong></span> <span class='ocrx_word' id='word_1_589' title='bbox 2447 3214 2618 3267; x_wconf 91' lang='lat' dir='ltr'><strong>neque</strong></span> <span class='ocrx_word' id='word_1_590' title='bbox 2647 3198 2924 3267; x_wconf 88' lang='lat' dir='ltr'><strong>corporale</strong></span> <span class='ocrx_word' id='word_1_591' title='bbox 2955 3199 3020 3253; x_wconf 91' lang='lat' dir='ltr'><strong>sit</strong></span> <span class='ocrx_word' id='word_1_592' title='bbox 3047 3240 3062 3264; x_wconf 92' lang='lat'><strong>,</strong></span> <span class='ocrx_word' id='word_1_593' title='bbox 3096 3208 3377 3269; x_wconf 89' lang='lat' dir='ltr'><strong>utrumque</strong></span> <span class='ocrx_word' id='word_1_594' title='bbox 3421 3210 3593 3253; x_wconf 86' lang='lat' dir='ltr'><strong>tamen</strong></span> <span class='ocrx_word' id='word_1_595' title='bbox 3623 3215 3685 3253; x_wconf 77' lang='lat' dir='ltr'><strong>ex</strong></span> <span class='ocrx_word' id='word_1_596' title='bbox 3714 3213 3774 3253; x_wconf 83' lang='lat' dir='ltr'><strong>se</strong></span> 
     </span>
    </p>
   </div>
   <div class='ocr_carea' id='block_1_77' title="bbox 2197 3289 3770 3358">
    <p class='ocr_par' dir='ltr' id='par_1_77' title="bbox 2197 3289 3770 3358">
     <span class='ocr_line' id='line_1_77' title="bbox 2197 3289 3770 3358; baseline -0.001 -14"><span class='ocrx_word' id='word_1_597' title='bbox 2197 3291 2362 3358; x_wconf 85' lang='lat' dir='ltr'><strong>possit</strong></span> <span class='ocrx_word' id='word_1_598' title='bbox 2395 3289 2648 3355; x_wconf 86' lang='lat' dir='ltr'><strong>efﬁcere,</strong></span> <span class='ocrx_word' id='word_1_599' title='bbox 2679 3289 2817 3357; x_wconf 89' lang='lat' dir='ltr'><strong>quod</strong></span> <span class='ocrx_word' id='word_1_600' title='bbox 2849 3291 3085 3344; x_wconf 88' lang='lat' dir='ltr'><strong>secundo</strong></span> <span class='ocrx_word' id='word_1_601' title='bbox 3127 3290 3265 3344; x_wconf 91' lang='lat' dir='ltr'><strong>libro</strong></span> <span class='ocrx_word' id='word_1_602' title='bbox 3301 3291 3488 3344; x_wconf 74' lang='lat' dir='ltr'><strong>melius</strong></span> <span class='ocrx_word' id='word_1_603' title='bbox 3530 3290 3770 3357; x_wconf 84' lang='lat' dir='ltr'><strong>liquebit.</strong></span> 
     </span>
    </p>
   </div>
   <div class='ocr_carea' id='block_1_78' title="bbox 2196 3380 3769 3450">
    <p class='ocr_par' dir='ltr' id='par_1_78' title="bbox 2196 3380 3769 3450">
     <span class='ocr_line' id='line_1_78' title="bbox 2196 3380 3769 3450; baseline -0.001 -15"><span class='ocrx_word' id='word_1_604' title='bbox 2196 3380 2414 3449; x_wconf 86' lang='lat' dir='ltr'><strong>Species</strong></span> <span class='ocrx_word' id='word_1_605' title='bbox 2446 3394 2576 3434; x_wconf 86' lang='lat' dir='ltr'><strong>vero</strong></span> <span class='ocrx_word' id='word_1_606' title='bbox 2606 3380 2740 3434; x_wconf 70' lang='lat' dir='ltr'><strong>alias</strong></span> <span class='ocrx_word' id='word_1_607' title='bbox 2770 3380 3097 3449; x_wconf 88' lang='lat' dir='ltr'><strong>corporalis,</strong></span> <span class='ocrx_word' id='word_1_608' title='bbox 3129 3380 3261 3434; x_wconf 84' lang='lat' dir='ltr'><strong>alias</strong></span> <span class='ocrx_word' id='word_1_609' title='bbox 3290 3382 3639 3450; x_wconf 90' lang='lat' dir='ltr'><strong>incorporalis</strong></span> <span class='ocrx_word' id='word_1_610' title='bbox 3668 3389 3769 3434; x_wconf 84' lang='lat' dir='ltr'><strong>est.</strong></span> 
     </span>
    </p>
   </div>
   <div class='ocr_carea' id='block_1_79' title="bbox 2196 3472 3772 3542">
    <p class='ocr_par' dir='ltr' id='par_1_79' title="bbox 2196 3472 3772 3542">
     <span class='ocr_line' id='line_1_79' title="bbox 2196 3472 3772 3542; baseline -0.001 -14"><span class='ocrx_word' id='word_1_611' title='bbox 2196 3474 2326 3528; x_wconf 79' lang='lat' dir='ltr'><strong>Nam</strong></span> <span class='ocrx_word' id='word_1_612' title='bbox 2356 3473 2400 3527; x_wconf 90' lang='lat' dir='ltr'><strong>si</strong></span> <span class='ocrx_word' id='word_1_613' title='bbox 2427 3472 2698 3526; x_wconf 87' lang='lat' dir='ltr'><strong>hominem</strong></span> <span class='ocrx_word' id='word_1_614' title='bbox 2731 3473 2831 3527; x_wconf 89' lang='lat' dir='ltr'><strong>sub</strong></span> <span class='ocrx_word' id='word_1_615' title='bbox 2861 3473 3161 3527; x_wconf 87' lang='lat' dir='ltr'><strong>substantia</strong></span> <span class='ocrx_word' id='word_1_616' title='bbox 3205 3488 3403 3542; x_wconf 89' lang='lat' dir='ltr'><strong>ponas,</strong></span> <span class='ocrx_word' id='word_1_617' title='bbox 3437 3474 3772 3542; x_wconf 88' lang='lat' dir='ltr'><strong>corporalem</strong></span> 
     </span>
    </p>
   </div>
   <div class='ocr_carea' id='block_1_80' title="bbox 2195 3562 3772 3633">
    <p class='ocr_par' dir='ltr' id='par_1_80' title="bbox 2195 3562 3772 3633">
     <span class='ocr_line' id='line_1_80' title="bbox 2195 3562 3772 3633; baseline -0.001 -16"><span class='ocrx_word' id='word_1_618' title='bbox 2195 3562 2430 3633; x_wconf 84' lang='lat' dir='ltr'><strong>speciem</strong></span> <span class='ocrx_word' id='word_1_619' title='bbox 2475 3563 2733 3630; x_wconf 80' lang='lat' dir='ltr'><strong>posuisti,</strong></span> <span class='ocrx_word' id='word_1_620' title='bbox 2780 3562 2862 3616; x_wconf 88' lang='lat' dir='ltr'><strong>sin</strong></span> <span class='ocrx_word' id='word_1_621' title='bbox 2912 3562 3076 3616; x_wconf 89' lang='lat' dir='ltr'><strong>Deum</strong></span> <span class='ocrx_word' id='word_1_622' title='bbox 3119 3563 3525 3631; x_wconf 90' lang='lat' dir='ltr'><strong>incorporalem.</strong></span> <span class='ocrx_word' id='word_1_623' title='bbox 3573 3563 3772 3617; x_wconf 84' lang='lat' dir='ltr'><strong>Eodem</strong></span> 
     </span>
    </p>
   </div>
   <div class='ocr_carea' id='block_1_81' title="bbox 2197 3654 3775 3722">
    <p class='ocr_par' dir='ltr' id='par_1_81' title="bbox 2197 3654 3775 3722">
     <span class='ocr_line' id='line_1_81' title="bbox 2197 3654 3775 3722; baseline -0.001 -12"><span class='ocrx_word' id='word_1_624' title='bbox 2197 3654 2358 3710; x_wconf 88' lang='lat' dir='ltr'><strong>modo</strong></span> <span class='ocrx_word' id='word_1_625' title='bbox 2401 3654 2560 3707; x_wconf 87' lang='lat' dir='ltr'><strong>etiam</strong></span> <span class='ocrx_word' id='word_1_626' title='bbox 2609 3654 2947 3709; x_wconf 68' lang='lat' dir='ltr'><strong>diﬁerentize.</strong></span> <span class='ocrx_word' id='word_1_627' title='bbox 2994 3655 3121 3708; x_wconf 80' lang='lat' dir='ltr'><strong>Nam</strong></span> <span class='ocrx_word' id='word_1_628' title='bbox 3165 3656 3209 3709; x_wconf 88' lang='lat' dir='ltr'><strong>si</strong></span> <span class='ocrx_word' id='word_1_629' title='bbox 3252 3656 3559 3722; x_wconf 76' lang='lat' dir='ltr'><strong>corporales</strong></span> <span class='ocrx_word' id='word_1_630' title='bbox 3588 3656 3668 3709; x_wconf 70' lang='lat' dir='ltr'><strong>vel</strong></span> <span class='ocrx_word' id='word_1_631' title='bbox 3697 3656 3775 3710; x_wconf 87' lang='lat' dir='ltr'><strong>in-</strong></span> 
     </span>
    </p>
   </div>
   <div class='ocr_carea' id='block_1_82' title="bbox 2196 3745 3776 3815">
    <p class='ocr_par' dir='ltr' id='par_1_82' title="bbox 2196 3745 3776 3815">
     <span class='ocr_line' id='line_1_82' title="bbox 2196 3745 3776 3815; baseline -0.001 -14"><span class='ocrx_word' id='word_1_632' title='bbox 2196 3745 2506 3815; x_wconf 81' lang='lat' dir='ltr'><strong>corporales</strong></span> <span class='ocrx_word' id='word_1_633' title='bbox 2547 3746 2756 3813; x_wconf 91' lang='lat' dir='ltr'><strong>species</strong></span> <span class='ocrx_word' id='word_1_634' title='bbox 2799 3745 3076 3811; x_wconf 80' lang='lat' dir='ltr'><strong>dividunt,</strong></span> <span class='ocrx_word' id='word_1_635' title='bbox 3108 3756 3265 3801; x_wconf 89' lang='lat' dir='ltr'><strong>erunt</strong></span> <span class='ocrx_word' id='word_1_636' title='bbox 3301 3747 3432 3799; x_wconf 88' lang='lat' dir='ltr'><strong>alias</strong></span> <span class='ocrx_word' id='word_1_637' title='bbox 3469 3746 3776 3814; x_wconf 86' lang='lat' dir='ltr'><strong>incorpora-</strong></span> 
     </span>
    </p>
   </div>
   <div class='ocr_carea' id='block_1_83' title="bbox 2200 3833 3775 3904">
    <p class='ocr_par' dir='ltr' id='par_1_83' title="bbox 2200 3833 3775 3904">
     <span class='ocr_line' id='line_1_83' title="bbox 2200 3833 3775 3904; baseline 0.001 -15"><span class='ocrx_word' id='word_1_638' title='bbox 2200 3836 2311 3902; x_wconf 90' lang='lat' dir='ltr'><strong>les,</strong></span> <span class='ocrx_word' id='word_1_639' title='bbox 2346 3833 2454 3887; x_wconf 89' lang='lat' dir='ltr'><strong>alio</strong></span> <span class='ocrx_word' id='word_1_640' title='bbox 2486 3842 2730 3903; x_wconf 91' lang='lat' dir='ltr'><strong>tempore</strong></span> <span class='ocrx_word' id='word_1_641' title='bbox 2760 3836 3069 3901; x_wconf 83' lang='lat' dir='ltr'><strong>corporales</strong></span> <span class='ocrx_word' id='word_1_642' title='bbox 3095 3852 3107 3887; x_wconf 95' lang='lat'>:</span> <span class='ocrx_word' id='word_1_643' title='bbox 3141 3845 3197 3889; x_wconf 90' lang='lat' dir='ltr'><strong>ut</strong></span> <span class='ocrx_word' id='word_1_644' title='bbox 3226 3835 3269 3889; x_wconf 89' lang='lat' dir='ltr'><strong>si</strong></span> <span class='ocrx_word' id='word_1_645' title='bbox 3301 3834 3446 3890; x_wconf 85' lang='lat' dir='ltr'><strong>dicas</strong></span> <span class='ocrx_word' id='word_1_646' title='bbox 3472 3836 3775 3904; x_wconf 87' lang='lat' dir='ltr'><strong>quadrupes</strong></span> 
     </span>
    </p>
   </div>
   <div class='ocr_carea' id='block_1_84' title="bbox 2197 3924 3777 3995">
    <p class='ocr_par' dir='ltr' id='par_1_84' title="bbox 2197 3924 3777 3995">
     <span class='ocr_line' id='line_1_84' title="bbox 2197 3924 3777 3995; baseline 0.001 -15"><span class='ocrx_word' id='word_1_647' title='bbox 2197 3926 2261 3981; x_wconf 90' lang='lat' dir='ltr'><strong>ad</strong></span> <span class='ocrx_word' id='word_1_648' title='bbox 2292 3925 2571 3995; x_wconf 90' lang='lat' dir='ltr'><strong>bipedem,</strong></span> <span class='ocrx_word' id='word_1_649' title='bbox 2599 3925 2898 3994; x_wconf 85' lang='lat' dir='ltr'><strong>corporalis</strong></span> <span class='ocrx_word' id='word_1_650' title='bbox 2922 3926 3219 3980; x_wconf 88' lang='lat' dir='ltr'><strong>differentia</strong></span> <span class='ocrx_word' id='word_1_651' title='bbox 3246 3936 3360 3993; x_wconf 88' lang='lat' dir='ltr'><strong>est,</strong></span> <span class='ocrx_word' id='word_1_652' title='bbox 3384 3924 3481 3979; x_wconf 77' lang='lat' dir='ltr'><strong>sed</strong></span> <span class='ocrx_word' id='word_1_653' title='bbox 3505 3926 3777 3981; x_wconf 86' lang='lat' dir='ltr'><strong>rationalis</strong></span> 
     </span>
    </p>
   </div>
   <div class='ocr_carea' id='block_1_85' title="bbox 2197 4013 3779 4084">
    <p class='ocr_par' dir='ltr' id='par_1_85' title="bbox 2197 4013 3779 4084">
     <span class='ocr_line' id='line_1_85' title="bbox 2197 4013 3779 4084; baseline -0.001 -15"><span class='ocrx_word' id='word_1_654' title='bbox 2197 4015 2264 4069; x_wconf 90' lang='lat' dir='ltr'><strong>ad</strong></span> <span class='ocrx_word' id='word_1_655' title='bbox 2295 4014 2664 4069; x_wconf 89' lang='lat' dir='ltr'><strong>irrationalem</strong></span> <span class='ocrx_word' id='word_1_656' title='bbox 2684 4055 2699 4081; x_wconf 94' lang='lat'><strong>,</strong></span> <span class='ocrx_word' id='word_1_657' title='bbox 2729 4014 3078 4084; x_wconf 89' lang='lat' dir='ltr'><strong>incorporalis</strong></span> <span class='ocrx_word' id='word_1_658' title='bbox 3104 4023 3187 4069; x_wconf 90' lang='lat' dir='ltr'><strong>est</strong></span> <span class='ocrx_word' id='word_1_659' title='bbox 3213 4013 3541 4079; x_wconf 46' lang='lat' dir='ltr'><strong>dim-rentia,</strong></span> <span class='ocrx_word' id='word_1_660' title='bbox 3569 4025 3623 4068; x_wconf 91' lang='lat' dir='ltr'><strong>et</strong></span> <span class='ocrx_word' id='word_1_661' title='bbox 3654 4030 3779 4083; x_wconf 87' lang='lat' dir='ltr'><strong>pro-</strong></span> 
     </span>
    </p>
   </div>
   <div class='ocr_carea' id='block_1_86' title="bbox 2200 4106 3775 4178">
    <p class='ocr_par' dir='ltr' id='par_1_86' title="bbox 2200 4106 3775 4178">
     <span class='ocr_line' id='line_1_86' title="bbox 2200 4106 3775 4178; baseline -0.001 -16"><span class='ocrx_word' id='word_1_662' title='bbox 2200 4109 2315 4178; x_wconf 90' lang='lat' dir='ltr'><strong>pria</strong></span> <span class='ocrx_word' id='word_1_663' title='bbox 2350 4106 2701 4161; x_wconf 90' lang='lat' dir='ltr'><strong>nihilominus</strong></span> <span class='ocrx_word' id='word_1_664' title='bbox 2732 4107 2920 4162; x_wconf 90' lang='lat' dir='ltr'><strong>eodem</strong></span> <span class='ocrx_word' id='word_1_665' title='bbox 2954 4106 3130 4160; x_wconf 63' lang='lat' dir='ltr'><strong>mtdo.</strong></span> <span class='ocrx_word' id='word_1_666' title='bbox 3178 4106 3306 4160; x_wconf 83' lang='lat' dir='ltr'><strong>Nam</strong></span> <span class='ocrx_word' id='word_1_667' title='bbox 3348 4108 3553 4177; x_wconf 62' lang='lat' dir='ltr'><strong>aequale</strong></span> <span class='ocrx_word' id='word_1_668' title='bbox 3580 4108 3775 4175; x_wconf 83' lang='lat' dir='ltr'><strong>Speciei</strong></span> 
     </span>
    </p>
   </div>
   <div class='ocr_carea' id='block_1_87' title="bbox 2198 4198 3781 4273">
    <p class='ocr_par' dir='ltr' id='par_1_87' title="bbox 2198 4198 3781 4273">
     <span class='ocr_line' id='line_1_87' title="bbox 2198 4198 3781 4273; baseline -0.003 -17"><span class='ocrx_word' id='word_1_669' title='bbox 2198 4216 2319 4256; x_wconf 92' lang='lat' dir='ltr'><strong>cum</strong></span> <span class='ocrx_word' id='word_1_670' title='bbox 2365 4200 2637 4269; x_wconf 88' lang='lat' dir='ltr'><strong>proprium</strong></span> <span class='ocrx_word' id='word_1_671' title='bbox 2685 4199 2879 4264; x_wconf 84' lang='lat' dir='ltr'><strong>fuerit,</strong></span> <span class='ocrx_word' id='word_1_672' title='bbox 2922 4200 2965 4252; x_wconf 92' lang='lat' dir='ltr'><strong>si</strong></span> <span class='ocrx_word' id='word_1_673' title='bbox 3010 4198 3358 4267; x_wconf 87' lang='lat' dir='ltr'><strong>incorporalis</strong></span> <span class='ocrx_word' id='word_1_674' title='bbox 3389 4199 3490 4252; x_wconf 89' lang='lat' dir='ltr'><strong>erit</strong></span> <span class='ocrx_word' id='word_1_675' title='bbox 3528 4199 3781 4273; x_wconf 75' lang='lat' dir='ltr'><strong>Species,</strong></span> 
     </span>
    </p>
   </div>
   <div class='ocr_carea' id='block_1_88' title="bbox 2199 4289 3777 4359">
    <p class='ocr_par' dir='ltr' id='par_1_88' title="bbox 2199 4289 3777 4359">
     <span class='ocr_line' id='line_1_88' title="bbox 2199 4289 3777 4359; baseline 0 -15"><span class='ocrx_word' id='word_1_676' title='bbox 2199 4290 2538 4359; x_wconf 87' lang='lat' dir='ltr'><strong>incorporale</strong></span> <span class='ocrx_word' id='word_1_677' title='bbox 2578 4289 2681 4343; x_wconf 90' lang='lat' dir='ltr'><strong>erit</strong></span> <span class='ocrx_word' id='word_1_678' title='bbox 2720 4290 2991 4359; x_wconf 91' lang='lat' dir='ltr'><strong>proprium</strong></span> <span class='ocrx_word' id='word_1_679' title='bbox 3021 4334 3037 4358; x_wconf 86' lang='lat'><strong>,</strong></span> <span class='ocrx_word' id='word_1_680' title='bbox 3078 4290 3160 4343; x_wconf 92' lang='lat' dir='ltr'><strong>sin</strong></span> <span class='ocrx_word' id='word_1_681' title='bbox 3202 4290 3493 4358; x_wconf 77' lang='lat' dir='ltr'><strong>corporalis</strong></span> <span class='ocrx_word' id='word_1_682' title='bbox 3519 4330 3532 4352; x_wconf 85' lang='lat'><strong>,</strong></span> <span class='ocrx_word' id='word_1_683' title='bbox 3578 4304 3777 4357; x_wconf 82' lang='lat' dir='ltr'><strong>corpo-</strong></span> 
     </span>
    </p>
   </div>
   <div class='ocr_carea' id='block_1_89' title="bbox 2201 4368 3780 4437">
    <p class='ocr_par' dir='ltr' id='par_1_89' title="bbox 2201 4368 3780 4437">
     <span class='ocr_line' id='line_1_89' title="bbox 2201 4368 3780 4437; baseline 0 -2"><span class='ocrx_word' id='word_1_684' title='bbox 2201 4381 2314 4437; x_wconf 88' lang='lat' dir='ltr'><strong>rale</strong></span> <span class='ocrx_word' id='word_1_685' title='bbox 2347 4380 2722 4435; x_wconf 91' lang='lat' dir='ltr'><strong>vindicabitur.</strong></span> <span class='ocrx_word' id='word_1_686' title='bbox 2757 4381 2822 4435; x_wconf 86' lang='lat' dir='ltr'><strong>Et</strong></span> <span class='ocrx_word' id='word_1_687' title='bbox 2848 4380 3095 4437; x_wconf 86' lang='lat' dir='ltr'><strong>accidens</strong></span> <span class='ocrx_word' id='word_1_688' title='bbox 3126 4381 3313 4435; x_wconf 89' lang='lat' dir='ltr'><strong>eodem</strong></span> <span class='ocrx_word' id='word_1_689' title='bbox 3355 4368 3532 4434; x_wconf 90' lang='lat' dir='ltr'><strong>modo.</strong></span> <span class='ocrx_word' id='word_1_690' title='bbox 3571 4379 3700 4434; x_wconf 83' lang='lat' dir='ltr'><strong>Nam</strong></span> <span class='ocrx_word' id='word_1_691' title='bbox 3734 4382 3780 4435; x_wconf 91' lang='lat' dir='ltr'><strong>si</strong></span> 
     </span>
    </p>
   </div>
   <div class='ocr_carea' id='block_1_90' title="bbox 517 4451 3781 4541">
    <p class='ocr_par' dir='ltr' id='par_1_90' title="bbox 517 4451 3781 4541">
     <span class='ocr_line' id='line_1_90' title="bbox 517 4451 3781 4541; baseline 0 -17"><span class='ocrx_word' id='word_1_692' title='bbox 517 4468 911 4541; x_wconf 87' lang='lat' dir='ltr'><strong>quodammodo</strong></span> <span class='ocrx_word' id='word_1_693' title='bbox 949 4466 1247 4536; x_wconf 71' lang='lat' dir='ltr'><strong>conjuncta:</strong></span> <span class='ocrx_word' id='word_1_694' title='bbox 1275 4474 1433 4535; x_wconf 85' lang='lat' dir='ltr'><strong>atque</strong></span> <span class='ocrx_word' id='word_1_695' title='bbox 1462 4473 1774 4533; x_wconf 61' lang='lat' dir='ltr'><strong>compactae.</strong></span> <span class='ocrx_word' id='word_1_696' title='bbox 1810 4465 1919 4519; x_wconf 90' lang='lat' dir='ltr'><strong>Cur</strong></span> <span class='ocrx_word' id='word_1_697' title='bbox 1946 4466 2090 4523; x_wconf 87' lang='lat' dir='ltr'><strong>enim</strong></span> <span class='ocrx_word' id='word_1_698' title='bbox 2124 4451 2185 4511; x_wconf 77' lang='grc' dir='ltr'><strong>Ῑ)</strong></span> <span class='ocrx_word' id='word_1_699' title='bbox 2204 4471 2628 4540; x_wconf 88' lang='lat' dir='ltr'><strong>incorporalibus</strong></span> <span class='ocrx_word' id='word_1_700' title='bbox 2658 4469 2871 4540; x_wconf 91' lang='lat' dir='ltr'><strong>quidem</strong></span> <span class='ocrx_word' id='word_1_701' title='bbox 2902 4470 3093 4525; x_wconf 90' lang='lat' dir='ltr'><strong>accidit</strong></span> <span class='ocrx_word' id='word_1_702' title='bbox 3123 4470 3455 4539; x_wconf 85' lang='lat' dir='ltr'><strong>incorporale</strong></span> <span class='ocrx_word' id='word_1_703' title='bbox 3482 4484 3634 4537; x_wconf 86' lang='lat' dir='ltr'><strong>esse,</strong></span> <span class='ocrx_word' id='word_1_704' title='bbox 3666 4486 3781 4525; x_wconf 83' lang='lat' dir='ltr'><strong>ma-</strong></span> 
     </span>
    </p>
   </div>
   <div class='ocr_carea' id='block_1_91' title="bbox 516 4554 2092 4627">
    <p class='ocr_par' dir='ltr' id='par_1_91' title="bbox 516 4554 2092 4627">
     <span class='ocr_line' id='line_1_91' title="bbox 516 4554 2092 4627; baseline 0 -12"><span class='ocrx_word' id='word_1_705' title='bbox 516 4559 835 4615; x_wconf 82' lang='lat' dir='ltr'><strong>Aristoteles</strong></span> <span class='ocrx_word' id='word_1_706' title='bbox 851 4559 918 4613; x_wconf 89' lang='lat' dir='ltr'><strong>de</strong></span> <span class='ocrx_word' id='word_1_707' title='bbox 936 4558 1120 4627; x_wconf 84' lang='lat' dir='ltr'><strong>primis</strong></span> <span class='ocrx_word' id='word_1_708' title='bbox 1139 4556 1323 4612; x_wconf 89' lang='lat' dir='ltr'><strong>decem</strong></span> <span class='ocrx_word' id='word_1_709' title='bbox 1344 4554 1677 4610; x_wconf 90' lang='lat' dir='ltr'><strong>sermonibus</strong></span> <span class='ocrx_word' id='word_1_710' title='bbox 1694 4571 1887 4625; x_wconf 88' lang='lat' dir='ltr'><strong>genera</strong></span> <span class='ocrx_word' id='word_1_711' title='bbox 1913 4573 2092 4615; x_wconf 92' lang='lat' dir='ltr'><strong>rerum</strong></span> 
     </span>
    </p>
   </div>
   <div class='ocr_carea' id='block_1_92' title="bbox 518 4646 2093 4721">
    <p class='ocr_par' dir='ltr' id='par_1_92' title="bbox 518 4646 2093 4721">
     <span class='ocr_line' id='line_1_92' title="bbox 518 4646 2093 4721; baseline 0.001 -18"><span class='ocrx_word' id='word_1_712' title='bbox 518 4649 941 4721; x_wconf 85' lang='lat' dir='ltr'><strong>signiﬁcantibus</strong></span> <span class='ocrx_word' id='word_1_713' title='bbox 988 4646 1327 4716; x_wconf 77' lang='lat' dir='ltr'><strong>disputaret?</strong></span> <span class='ocrx_word' id='word_1_714' title='bbox 1371 4646 1458 4699; x_wconf 86' lang='lat' dir='ltr'><strong>vel</strong></span> <span class='ocrx_word' id='word_1_715' title='bbox 1507 4660 1689 4700; x_wconf 89' lang='lat' dir='ltr'><strong>eorum</strong></span> <span class='ocrx_word' id='word_1_716' title='bbox 1738 4647 2093 4721; x_wconf 79' lang='lat' dir='ltr'><strong>differentias,</strong></span> 
     </span>
    </p>
   </div>
   <div class='ocr_carea' id='block_1_93' title="bbox 518 4734 2095 4811">
    <p class='ocr_par' dir='ltr' id='par_1_93' title="bbox 518 4734 2095 4811">
     <span class='ocr_line' id='line_1_93' title="bbox 518 4734 2095 4811; baseline 0.004 -16"><span class='ocrx_word' id='word_1_717' title='bbox 518 4742 841 4811; x_wconf 86' lang='lat' dir='ltr'><strong>pr0priaque</strong></span> <span class='ocrx_word' id='word_1_718' title='bbox 869 4740 1164 4811; x_wconf 90' lang='lat' dir='ltr'><strong>colligeret,</strong></span> <span class='ocrx_word' id='word_1_719' title='bbox 1184 4734 1237 4793; x_wconf 88' lang='lat' dir='ltr'><strong>et</strong></span> <span class='ocrx_word' id='word_1_720' title='bbox 1256 4738 1617 4808; x_wconf 87' lang='lat' dir='ltr'><strong>principaliter</strong></span> <span class='ocrx_word' id='word_1_721' title='bbox 1644 4739 1711 4796; x_wconf 91' lang='lat' dir='ltr'><strong>de</strong></span> <span class='ocrx_word' id='word_1_722' title='bbox 1730 4742 2095 4801; x_wconf 87' lang='lat' dir='ltr'><strong>accidentibus</strong></span> 
     </span>
    </p>
   </div>
   <div class='ocr_carea' id='block_1_94' title="bbox 520 4831 2095 4905">
    <p class='ocr_par' dir='ltr' id='par_1_94' title="bbox 520 4831 2095 4905">
     <span class='ocr_line' id='line_1_94' title="bbox 520 4831 2095 4905; baseline 0.001 -14"><span class='ocrx_word' id='word_1_723' title='bbox 520 4836 829 4900; x_wconf 88' lang='lat' dir='ltr'><strong>dissereret,</strong></span> <span class='ocrx_word' id='word_1_724' title='bbox 862 4834 963 4889; x_wconf 90' lang='lat' dir='ltr'><strong>nisi</strong></span> <span class='ocrx_word' id='word_1_725' title='bbox 993 4834 1106 4887; x_wconf 86' lang='lat' dir='ltr'><strong>haec</strong></span> <span class='ocrx_word' id='word_1_726' title='bbox 1135 4834 1186 4886; x_wconf 91' lang='lat' dir='ltr'><strong>in</strong></span> <span class='ocrx_word' id='word_1_727' title='bbox 1219 4831 1379 4886; x_wconf 89' lang='lat' dir='ltr'><strong>rebus</strong></span> <span class='ocrx_word' id='word_1_728' title='bbox 1407 4832 1647 4887; x_wconf 89' lang='lat' dir='ltr'><strong>intimata</strong></span> <span class='ocrx_word' id='word_1_729' title='bbox 1675 4844 1730 4889; x_wconf 91' lang='lat' dir='ltr'><strong>et</strong></span> <span class='ocrx_word' id='word_1_730' title='bbox 1751 4835 2095 4905; x_wconf 89' lang='lat' dir='ltr'><strong>quodammo-</strong></span> 
     </span>
    </p>
   </div>
   <div class='ocr_carea' id='block_1_95' title="bbox 520 4920 2095 4989">
    <p class='ocr_par' dir='ltr' id='par_1_95' title="bbox 520 4920 2095 4989">
     <span class='ocr_line' id='line_1_95' title="bbox 520 4920 2095 4989; baseline 0 -7"><span class='ocrx_word' id='word_1_731' title='bbox 520 4926 589 4982; x_wconf 90' lang='lat' dir='ltr'><strong>do</strong></span> <span class='ocrx_word' id='word_1_732' title='bbox 618 4927 845 4981; x_wconf 88' lang='lat' dir='ltr'><strong>adunata</strong></span> <span class='ocrx_word' id='word_1_733' title='bbox 869 4923 1124 4978; x_wconf 87' lang='lat' dir='ltr'><strong>vidisset?</strong></span> <span class='ocrx_word' id='word_1_734' title='bbox 1150 4921 1302 4989; x_wconf 90' lang='lat' dir='ltr'><strong>Quod</strong></span> <span class='ocrx_word' id='word_1_735' title='bbox 1324 4920 1370 4975; x_wconf 93' lang='lat' dir='ltr'><strong>si</strong></span> <span class='ocrx_word' id='word_1_736' title='bbox 1400 4923 1466 4976; x_wconf 88' lang='lat' dir='ltr'><strong>ita</strong></span> <span class='ocrx_word' id='word_1_737' title='bbox 1500 4931 1599 4989; x_wconf 89' lang='lat' dir='ltr'><strong>est,</strong></span> <span class='ocrx_word' id='word_1_738' title='bbox 1626 4939 1731 4978; x_wconf 93' lang='lat' dir='ltr'><strong>non</strong></span> <span class='ocrx_word' id='word_1_739' title='bbox 1765 4936 1845 4979; x_wconf 91' lang='lat' dir='ltr'><strong>est</strong></span> <span class='ocrx_word' id='word_1_740' title='bbox 1877 4926 2095 4983; x_wconf 91' lang='lat' dir='ltr'><strong>dubium</strong></span> 
     </span>
    </p>
   </div>
   <div class='ocr_carea' id='block_1_96' title="bbox 520 5012 2100 5087">
    <p class='ocr_par' dir='ltr' id='par_1_96' title="bbox 520 5012 2100 5087">
     <span class='ocr_line' id='line_1_96' title="bbox 520 5012 2100 5087; baseline 0.003 -17"><span class='ocrx_word' id='word_1_741' title='bbox 520 5016 647 5087; x_wconf 91' lang='lat' dir='ltr'><strong>quin</strong></span> <span class='ocrx_word' id='word_1_742' title='bbox 676 5029 819 5070; x_wconf 70' lang='lat' dir='ltr'><strong>verse</strong></span> <span class='ocrx_word' id='word_1_743' title='bbox 846 5014 972 5078; x_wconf 89' lang='lat' dir='ltr'><strong>sint,</strong></span> <span class='ocrx_word' id='word_1_744' title='bbox 995 5021 1051 5067; x_wconf 92' lang='lat' dir='ltr'><strong>et</strong></span> <span class='ocrx_word' id='word_1_745' title='bbox 1079 5020 1223 5067; x_wconf 90' lang='lat' dir='ltr'><strong>certa</strong></span> <span class='ocrx_word' id='word_1_746' title='bbox 1245 5012 1408 5066; x_wconf 90' lang='lat' dir='ltr'><strong>animi</strong></span> <span class='ocrx_word' id='word_1_747' title='bbox 1433 5012 1859 5071; x_wconf 90' lang='lat' dir='ltr'><strong>consideratione</strong></span> <span class='ocrx_word' id='word_1_748' title='bbox 1889 5025 2100 5074; x_wconf 89' lang='lat' dir='ltr'><strong>tenean-</strong></span> 
     </span>
    </p>
   </div>
   <div class='ocr_carea' id='block_1_97' title="bbox 521 5102 2097 5177">
    <p class='ocr_par' dir='ltr' id='par_1_97' title="bbox 521 5102 2097 5177">
     <span class='ocr_line' id='line_1_97' title="bbox 521 5102 2097 5177; baseline 0.003 -19"><span class='ocrx_word' id='word_1_749' title='bbox 521 5113 627 5171; x_wconf 88' lang='lat' dir='ltr'><strong>tur,</strong></span> <span class='ocrx_word' id='word_1_750' title='bbox 658 5102 797 5177; x_wconf 87' lang='lat' dir='ltr'><strong>quod</strong></span> <span class='ocrx_word' id='word_1_751' title='bbox 824 5103 988 5171; x_wconf 87' lang='lat' dir='ltr'><strong>ipsius</strong></span> <span class='ocrx_word' id='word_1_752' title='bbox 1015 5116 1227 5172; x_wconf 89' lang='lat' dir='ltr'><strong>quoque</strong></span> <span class='ocrx_word' id='word_1_753' title='bbox 1257 5102 1534 5173; x_wconf 80' lang='lat' dir='ltr'><strong>Porphyrii</strong></span> <span class='ocrx_word' id='word_1_754' title='bbox 1568 5105 1824 5173; x_wconf 88' lang='lat' dir='ltr'><strong>probatur</strong></span> <span class='ocrx_word' id='word_1_755' title='bbox 1850 5121 2097 5163; x_wconf 91' lang='lat' dir='ltr'><strong>assensu.</strong></span> 
     </span>
    </p>
   </div>
   <div class='ocr_carea' id='block_1_98' title="bbox 521 5192 2101 5266">
    <p class='ocr_par' dir='ltr' id='par_1_98' title="bbox 521 5192 2101 5266">
     <span class='ocr_line' id='line_1_98' title="bbox 521 5192 2101 5266; baseline 0.003 -17"><span class='ocrx_word' id='word_1_756' title='bbox 521 5193 653 5250; x_wconf 89' lang='lat' dir='ltr'><strong>Nam</strong></span> <span class='ocrx_word' id='word_1_757' title='bbox 674 5193 823 5266; x_wconf 89' lang='lat' dir='ltr'><strong>quasi</strong></span> <span class='ocrx_word' id='word_1_758' title='bbox 866 5192 977 5264; x_wconf 87' lang='lat' dir='ltr'><strong>jam</strong></span> <span class='ocrx_word' id='word_1_759' title='bbox 1008 5192 1256 5262; x_wconf 87' lang='lat' dir='ltr'><strong>probato,</strong></span> <span class='ocrx_word' id='word_1_760' title='bbox 1283 5200 1339 5249; x_wconf 86' lang='lat' dir='ltr'><strong>et</strong></span> <span class='ocrx_word' id='word_1_761' title='bbox 1381 5194 1513 5248; x_wconf 91' lang='lat' dir='ltr'><strong>scito</strong></span> <span class='ocrx_word' id='word_1_762' title='bbox 1540 5195 1679 5265; x_wconf 89' lang='lat' dir='ltr'><strong>quod</strong></span> <span class='ocrx_word' id='word_1_763' title='bbox 1716 5195 1786 5249; x_wconf 90' lang='lat' dir='ltr'><strong>ita</strong></span> <span class='ocrx_word' id='word_1_764' title='bbox 1818 5211 1944 5252; x_wconf 90' lang='lat' dir='ltr'><strong>vere</strong></span> <span class='ocrx_word' id='word_1_765' title='bbox 1976 5203 2101 5254; x_wconf 59' lang='lat' dir='ltr'><strong>sub-</strong></span> 
     </span>
    </p>
   </div>
   <div class='ocr_carea' id='block_1_99' title="bbox 520 5282 2097 5355">
    <p class='ocr_par' dir='ltr' id='par_1_99' title="bbox 520 5282 2097 5355">
     <span class='ocr_line' id='line_1_99' title="bbox 520 5282 2097 5355; baseline 0.004 -16"><span class='ocrx_word' id='word_1_766' title='bbox 520 5286 736 5349; x_wconf 90' lang='lat' dir='ltr'><strong>sistant,</strong></span> <span class='ocrx_word' id='word_1_767' title='bbox 766 5283 921 5337; x_wconf 88' lang='lat' dir='ltr'><strong>aliam</strong></span> <span class='ocrx_word' id='word_1_768' title='bbox 965 5282 1314 5351; x_wconf 72' lang='lat' dir='ltr'><strong>quaestionem</strong></span> <span class='ocrx_word' id='word_1_769' title='bbox 1354 5282 1551 5339; x_wconf 88' lang='lat' dir='ltr'><strong>inferre</strong></span> <span class='ocrx_word' id='word_1_770' title='bbox 1577 5298 1680 5339; x_wconf 91' lang='lat' dir='ltr'><strong>non</strong></span> <span class='ocrx_word' id='word_1_771' title='bbox 1724 5286 1949 5355; x_wconf 90' lang='lat' dir='ltr'><strong>dubitat,</strong></span> <span class='ocrx_word' id='word_1_772' title='bbox 1978 5304 2097 5346; x_wconf 92' lang='lat' dir='ltr'><strong>cum</strong></span> 
     </span>
    </p>
   </div>
   <div class='ocr_carea' id='block_1_100' title="bbox 524 5373 2100 5447">
    <p class='ocr_par' dir='ltr' id='par_1_100' title="bbox 524 5373 2100 5447">
     <span class='ocr_line' id='line_1_100' title="bbox 524 5373 2100 5447; baseline 0.002 -14"><span class='ocrx_word' id='word_1_773' title='bbox 524 5378 651 5435; x_wconf 88' lang='lat' dir='ltr'><strong>dicit</strong></span> <span class='ocrx_word' id='word_1_774' title='bbox 681 5392 693 5429; x_wconf 91' lang='lat'><strong>:</strong></span> <span class='ocrx_word' id='word_1_775' title='bbox 725 5378 805 5430; x_wconf 81' lang='lat' dir='ltr'><strong>An</strong></span> <span class='ocrx_word' id='word_1_776' title='bbox 839 5373 1136 5443; x_wconf 89' lang='lat' dir='ltr'><strong>corporalia</strong></span> <span class='ocrx_word' id='word_1_777' title='bbox 1177 5374 1276 5430; x_wconf 91' lang='lat' dir='ltr'><strong>ista</strong></span> <span class='ocrx_word' id='word_1_778' title='bbox 1306 5374 1434 5441; x_wconf 92' lang='lat' dir='ltr'><strong>sint,</strong></span> <span class='ocrx_word' id='word_1_779' title='bbox 1466 5390 1531 5429; x_wconf 91' lang='lat' dir='ltr'><strong>an</strong></span> <span class='ocrx_word' id='word_1_780' title='bbox 1562 5374 1935 5447; x_wconf 87' lang='lat' dir='ltr'><strong>incorporalia.</strong></span> <span class='ocrx_word' id='word_1_781' title='bbox 1969 5383 2100 5446; x_wconf 64' lang='lat' dir='ltr'><strong>Quae</strong></span> 
     </span>
    </p>
   </div>
   <div class='ocr_carea' id='block_1_101' title="bbox 523 5465 2099 5537">
    <p class='ocr_par' dir='ltr' id='par_1_101' title="bbox 523 5465 2099 5537">
     <span class='ocr_line' id='line_1_101' title="bbox 523 5465 2099 5537; baseline 0.001 -13"><span class='ocrx_word' id='word_1_782' title='bbox 523 5469 685 5524; x_wconf 87' lang='lat' dir='ltr'><strong>nimis</strong></span> <span class='ocrx_word' id='word_1_783' title='bbox 737 5473 881 5523; x_wconf 90' lang='lat' dir='ltr'><strong>esset</strong></span> <span class='ocrx_word' id='word_1_784' title='bbox 924 5465 1110 5521; x_wconf 82' lang='lat' dir='ltr'><strong>frivola</strong></span> <span class='ocrx_word' id='word_1_785' title='bbox 1154 5476 1313 5536; x_wconf 88' lang='lat' dir='ltr'><strong>atque</strong></span> <span class='ocrx_word' id='word_1_786' title='bbox 1362 5465 1592 5521; x_wconf 89' lang='lat' dir='ltr'><strong>absurda</strong></span> <span class='ocrx_word' id='word_1_787' title='bbox 1620 5468 1865 5537; x_wconf 66' lang='lat' dir='ltr'><strong>quaestio,</strong></span> <span class='ocrx_word' id='word_1_788' title='bbox 1923 5481 2099 5526; x_wconf 91' lang='lat' dir='ltr'><strong>utrum</strong></span> 
     </span>
    </p>
   </div>
   <div class='ocr_carea' id='block_1_102' title="bbox 524 5558 2101 5631">
    <p class='ocr_par' dir='ltr' id='par_1_102' title="bbox 524 5558 2101 5631">
     <span class='ocr_line' id='line_1_102' title="bbox 524 5558 2101 5631; baseline 0.004 -16"><span class='ocrx_word' id='word_1_789' title='bbox 524 5568 703 5615; x_wconf 88' lang='lat' dir='ltr'><strong>essent</strong></span> <span class='ocrx_word' id='word_1_790' title='bbox 752 5558 1070 5631; x_wconf 88' lang='lat' dir='ltr'><strong>corporalia,</strong></span> <span class='ocrx_word' id='word_1_791' title='bbox 1123 5558 1226 5614; x_wconf 88' lang='lat' dir='ltr'><strong>nisi</strong></span> <span class='ocrx_word' id='word_1_792' title='bbox 1274 5561 1421 5628; x_wconf 90' lang='lat' dir='ltr'><strong>prius</strong></span> <span class='ocrx_word' id='word_1_793' title='bbox 1467 5568 1608 5618; x_wconf 87' lang='lat' dir='ltr'><strong>esset</strong></span> <span class='ocrx_word' id='word_1_794' title='bbox 1637 5572 1927 5619; x_wconf 86' lang='lat' dir='ltr'><strong>constaret.</strong></span> <span class='ocrx_word' id='word_1_795' title='bbox 1978 5566 2101 5621; x_wconf 82' lang='lat' dir='ltr'><strong>llaec</strong></span> 
     </span>
    </p>
   </div>
   <div class='ocr_carea' id='block_1_103' title="bbox 525 5640 2100 5722">
    <p class='ocr_par' dir='ltr' id='par_1_103' title="bbox 525 5640 2100 5722">
     <span class='ocr_line' id='line_1_103' title="bbox 525 5640 2100 5722; baseline 0.008 -23"><span class='ocrx_word' id='word_1_796' title='bbox 525 5640 732 5720; x_wconf 76' lang='lat' dir='ltr'><strong>quoque</strong></span> <span class='ocrx_word' id='word_1_797' title='bbox 763 5665 865 5704; x_wconf 91' lang='lat' dir='ltr'><strong>non</strong></span> <span class='ocrx_word' id='word_1_798' title='bbox 897 5649 1236 5705; x_wconf 89' lang='lat' dir='ltr'><strong>mediocriter</strong></span> <span class='ocrx_word' id='word_1_799' title='bbox 1280 5649 1423 5706; x_wconf 90' lang='lat' dir='ltr'><strong>utilis</strong></span> <span class='ocrx_word' id='word_1_800' title='bbox 1461 5649 1732 5722; x_wconf 83' lang='lat' dir='ltr'><strong>inquisitio</strong></span> <span class='ocrx_word' id='word_1_801' title='bbox 1773 5653 1846 5709; x_wconf 89' lang='lat' dir='ltr'><strong>ita</strong></span> <span class='ocrx_word' id='word_1_802' title='bbox 1880 5657 2100 5712; x_wconf 83' lang='lat' dir='ltr'><strong>resolvi-</strong></span> 
     </span>
    </p>
   </div>
   <div class='ocr_carea' id='block_1_104' title="bbox 2206 4561 3780 4627">
    <p class='ocr_par' dir='ltr' id='par_1_104' title="bbox 2206 4561 3780 4627">
     <span class='ocr_line' id='line_1_104' title="bbox 2206 4561 3780 4627; baseline 0.001 -11"><span class='ocrx_word' id='word_1_803' title='bbox 2206 4562 2461 4617; x_wconf 91' lang='lat' dir='ltr'><strong>nifestum</strong></span> <span class='ocrx_word' id='word_1_804' title='bbox 2488 4571 2569 4617; x_wconf 90' lang='lat' dir='ltr'><strong>est</strong></span> <span class='ocrx_word' id='word_1_805' title='bbox 2597 4570 2655 4616; x_wconf 92' lang='lat' dir='ltr'><strong>ut</strong></span> <span class='ocrx_word' id='word_1_806' title='bbox 2696 4561 2749 4615; x_wconf 90' lang='lat' dir='ltr'><strong>in</strong></span> <span class='ocrx_word' id='word_1_807' title='bbox 2788 4561 2966 4615; x_wconf 88' lang='lat' dir='ltr'><strong>animo</strong></span> <span class='ocrx_word' id='word_1_808' title='bbox 2999 4561 3249 4616; x_wconf 89' lang='lat' dir='ltr'><strong>accidens</strong></span> <span class='ocrx_word' id='word_1_809' title='bbox 3284 4570 3368 4616; x_wconf 86' lang='lat' dir='ltr'><strong>est</strong></span> <span class='ocrx_word' id='word_1_810' title='bbox 3407 4563 3660 4627; x_wconf 87' lang='lat' dir='ltr'><strong>scientia,</strong></span> <span class='ocrx_word' id='word_1_811' title='bbox 3691 4563 3780 4617; x_wconf 86' lang='lat' dir='ltr'><strong>in-</strong></span> 
     </span>
    </p>
   </div>
   <div class='ocr_carea' id='block_1_105' title="bbox 2204 4653 3777 4725">
    <p class='ocr_par' dir='ltr' id='par_1_105' title="bbox 2204 4653 3777 4725">
     <span class='ocr_line' id='line_1_105' title="bbox 2204 4653 3777 4725; baseline 0.001 -16"><span class='ocrx_word' id='word_1_812' title='bbox 2204 4654 2503 4725; x_wconf 88' lang='lat' dir='ltr'><strong>corporalis</strong></span> <span class='ocrx_word' id='word_1_813' title='bbox 2534 4654 2758 4709; x_wconf 91' lang='lat' dir='ltr'><strong>scilicet.</strong></span> <span class='ocrx_word' id='word_1_814' title='bbox 2789 4653 3170 4723; x_wconf 86' lang='lat' dir='ltr'><strong>Corporalibus</strong></span> <span class='ocrx_word' id='word_1_815' title='bbox 3194 4668 3331 4717; x_wconf 52' lang='lat' dir='ltr'><strong>vero,</strong></span> <span class='ocrx_word' id='word_1_816' title='bbox 3350 4670 3470 4725; x_wconf 60' lang='lat' dir='ltr'><strong>qua</strong></span> <span class='ocrx_word' id='word_1_817' title='bbox 3498 4656 3777 4720; x_wconf 89' lang='lat' dir='ltr'><strong>accidunt,</strong></span> 
     </span>
    </p>
   </div>
   <div class='ocr_carea' id='block_1_106' title="bbox 2204 4730 3778 4817">
    <p class='ocr_par' dir='ltr' id='par_1_106' title="bbox 2204 4730 3778 4817">
     <span class='ocr_line' id='line_1_106' title="bbox 2204 4730 3778 4817; baseline 0.001 -17"><span class='ocrx_word' id='word_1_818' title='bbox 2204 4745 2502 4817; x_wconf 85' lang='lat' dir='ltr'><strong>corporalia</strong></span> <span class='ocrx_word' id='word_1_819' title='bbox 2533 4758 2653 4799; x_wconf 89' lang='lat' dir='ltr'><strong>esse</strong></span> <span class='ocrx_word' id='word_1_820' title='bbox 2681 4740 3020 4798; x_wconf 85' lang='lat' dir='ltr'><strong>manifestum</strong></span> <span class='ocrx_word' id='word_1_821' title='bbox 3053 4752 3175 4799; x_wconf 85' lang='lat' dir='ltr'><strong>est:</strong></span> <span class='ocrx_word' id='word_1_822' title='bbox 3205 4754 3260 4798; x_wconf 86' lang='grc' dir='ltr'><strong>ιιι</strong></span> <span class='ocrx_word' id='word_1_823' title='bbox 3288 4747 3333 4797; x_wconf 89' lang='lat' dir='ltr'><strong>si</strong></span> <span class='ocrx_word' id='word_1_824' title='bbox 3364 4746 3484 4814; x_wconf 89' lang='lat' dir='ltr'><strong>quis</strong></span> <span class='ocrx_word' id='word_1_825' title='bbox 3513 4745 3654 4799; x_wconf 89' lang='lat' dir='ltr'><strong>dicat</strong></span> <span class='ocrx_word' id='word_1_826' title='bbox 3684 4730 3778 4801; x_wconf 81' lang='lat' dir='ltr'><strong>ac-</strong></span> 
     </span>
    </p>
   </div>
   <div class='ocr_carea' id='block_1_107' title="bbox 2206 4835 3782 4906">
    <p class='ocr_par' dir='ltr' id='par_1_107' title="bbox 2206 4835 3782 4906">
     <span class='ocr_line' id='line_1_107' title="bbox 2206 4835 3782 4906; baseline -0.003 -13"><span class='ocrx_word' id='word_1_827' title='bbox 2206 4838 2390 4894; x_wconf 90' lang='lat' dir='ltr'><strong>cidens</strong></span> <span class='ocrx_word' id='word_1_828' title='bbox 2418 4851 2504 4891; x_wconf 91' lang='lat' dir='ltr'><strong>me</strong></span> <span class='ocrx_word' id='word_1_829' title='bbox 2529 4836 2729 4891; x_wconf 86' lang='lat' dir='ltr'><strong>habere</strong></span> <span class='ocrx_word' id='word_1_830' title='bbox 2754 4835 3000 4905; x_wconf 91' lang='lat' dir='ltr'><strong>capillum</strong></span> <span class='ocrx_word' id='word_1_831' title='bbox 3029 4835 3283 4905; x_wconf 88' lang='lat' dir='ltr'><strong>crispum.</strong></span> <span class='ocrx_word' id='word_1_832' title='bbox 3316 4836 3402 4890; x_wconf 91' lang='lat' dir='ltr'><strong>Sic</strong></span> <span class='ocrx_word' id='word_1_833' title='bbox 3430 4836 3586 4905; x_wconf 85' lang='lat' dir='ltr'><strong>igitur</strong></span> <span class='ocrx_word' id='word_1_834' title='bbox 3611 4850 3782 4906; x_wconf 89' lang='lat' dir='ltr'><strong>genus</strong></span> 
     </span>
    </p>
   </div>
   <div class='ocr_carea' id='block_1_108' title="bbox 2206 4926 3835 5013">
    <p class='ocr_par' dir='ltr' id='par_1_108' title="bbox 2206 4926 3835 5013">
     <span class='ocr_line' id='line_1_108' title="bbox 2206 4926 3835 5013; baseline -0.001 -31"><span class='ocrx_word' id='word_1_835' title='bbox 2206 4937 2453 4982; x_wconf 90' lang='lat' dir='ltr'><strong>neutrum</strong></span> <span class='ocrx_word' id='word_1_836' title='bbox 2477 4942 2572 4997; x_wconf 89' lang='lat' dir='ltr'><strong>per</strong></span> <span class='ocrx_word' id='word_1_837' title='bbox 2591 4928 2822 4996; x_wconf 90' lang='lat' dir='ltr'><strong>seipsnm</strong></span> <span class='ocrx_word' id='word_1_838' title='bbox 2850 4934 2953 4993; x_wconf 90' lang='lat' dir='ltr'><strong>est,</strong></span> <span class='ocrx_word' id='word_1_839' title='bbox 2984 4926 3075 4981; x_wconf 89' lang='lat' dir='ltr'><strong>sed</strong></span> <span class='ocrx_word' id='word_1_840' title='bbox 3107 4936 3360 4996; x_wconf 83' lang='lat' dir='ltr'><strong>utrasque</strong></span> <span class='ocrx_word' id='word_1_841' title='bbox 3386 4942 3473 4981; x_wconf 90' lang='lat' dir='ltr'><strong>res</strong></span> <span class='ocrx_word' id='word_1_842' title='bbox 3502 4943 3566 4981; x_wconf 78' lang='lat' dir='ltr'><strong>ex</strong></span> <span class='ocrx_word' id='word_1_843' title='bbox 3597 4928 3782 4994; x_wconf 87' lang='lat' dir='ltr'><strong>seipso</strong></span> <span class='ocrx_word' id='word_1_844' title='bbox 3824 4944 3835 5013; x_wconf 60' lang='grc' dir='ltr'><em>τ</em></span> 
     </span>
    </p>
   </div>
   <div class='ocr_carea' id='block_1_109' title="bbox 2206 5016 3783 5089">
    <p class='ocr_par' dir='ltr' id='par_1_109' title="bbox 2206 5016 3783 5089">
     <span class='ocr_line' id='line_1_109' title="bbox 2206 5016 3783 5089; baseline 0.001 -16"><span class='ocrx_word' id='word_1_845' title='bbox 2206 5018 2420 5074; x_wconf 89' lang='lat' dir='ltr'><strong>efﬁcere</strong></span> <span class='ocrx_word' id='word_1_846' title='bbox 2450 5025 2663 5089; x_wconf 90' lang='lat' dir='ltr'><strong>potest,</strong></span> <span class='ocrx_word' id='word_1_847' title='bbox 2697 5018 2941 5087; x_wconf 90' lang='lat' dir='ltr'><strong>species,</strong></span> <span class='ocrx_word' id='word_1_848' title='bbox 2972 5016 3333 5085; x_wconf 81' lang='lat' dir='ltr'><strong>diﬂ&#39;erentias,</strong></span> <span class='ocrx_word' id='word_1_849' title='bbox 3368 5019 3576 5087; x_wconf 88' lang='lat' dir='ltr'><strong>propria</strong></span> <span class='ocrx_word' id='word_1_850' title='bbox 3608 5028 3657 5072; x_wconf 92' lang='lat' dir='ltr'><strong>et</strong></span> <span class='ocrx_word' id='word_1_851' title='bbox 3689 5032 3783 5074; x_wconf 85' lang='lat' dir='ltr'><strong>ac-</strong></span> 
     </span>
    </p>
   </div>
   <div class='ocr_carea' id='block_1_110' title="bbox 2205 5108 3775 5178">
    <p class='ocr_par' dir='ltr' id='par_1_110' title="bbox 2205 5108 3775 5178">
     <span class='ocr_line' id='line_1_110' title="bbox 2205 5108 3775 5178; baseline -0.001 -13"><span class='ocrx_word' id='word_1_852' title='bbox 2205 5110 2459 5175; x_wconf 89' lang='lat' dir='ltr'><strong>cidentia,</strong></span> <span class='ocrx_word' id='word_1_853' title='bbox 2494 5116 2551 5162; x_wconf 91' lang='lat' dir='ltr'><strong>ut</strong></span> <span class='ocrx_word' id='word_1_854' title='bbox 2599 5116 2813 5177; x_wconf 87' lang='lat' dir='ltr'><strong>accepta</strong></span> <span class='ocrx_word' id='word_1_855' title='bbox 2861 5108 2915 5161; x_wconf 90' lang='lat' dir='ltr'><strong>in</strong></span> <span class='ocrx_word' id='word_1_856' title='bbox 2955 5109 3251 5163; x_wconf 87' lang='lat' dir='ltr'><strong>contrarias</strong></span> <span class='ocrx_word' id='word_1_857' title='bbox 3293 5108 3499 5178; x_wconf 90' lang='lat' dir='ltr'><strong>species</strong></span> <span class='ocrx_word' id='word_1_858' title='bbox 3547 5108 3775 5174; x_wconf 88' lang='lat' dir='ltr'><strong>fuerint,</strong></span> 
     </span>
    </p>
   </div>
   <div class='ocr_carea' id='block_1_111' title="bbox 2206 5197 3778 5270">
    <p class='ocr_par' dir='ltr' id='par_1_111' title="bbox 2206 5197 3778 5270">
     <span class='ocr_line' id='line_1_111' title="bbox 2206 5197 3778 5270; baseline -0.001 -15"><span class='ocrx_word' id='word_1_859' title='bbox 2206 5200 2428 5270; x_wconf 89' lang='lat' dir='ltr'><strong>proinde</strong></span> <span class='ocrx_word' id='word_1_860' title='bbox 2459 5198 2540 5253; x_wconf 88' lang='lat' dir='ltr'><strong>vel</strong></span> <span class='ocrx_word' id='word_1_861' title='bbox 2571 5199 2869 5267; x_wconf 84' lang='lat' dir='ltr'><strong>corporalia</strong></span> <span class='ocrx_word' id='word_1_862' title='bbox 2905 5198 2989 5253; x_wconf 92' lang='lat' dir='ltr'><strong>vel</strong></span> <span class='ocrx_word' id='word_1_863' title='bbox 3032 5197 3383 5267; x_wconf 62' lang='lat' dir='ltr'><strong>incorporalia</strong></span> <span class='ocrx_word' id='word_1_864' title='bbox 3409 5197 3778 5257; x_wconf 84' lang='lat' dir='ltr'><strong>,vocabuntur.</strong></span> 
     </span>
    </p>
   </div>
   <div class='ocr_carea' id='block_1_112' title="bbox 2206 5289 3777 5361">
    <p class='ocr_par' dir='ltr' id='par_1_112' title="bbox 2206 5289 3777 5361">
     <span class='ocr_line' id='line_1_112' title="bbox 2206 5289 3777 5361; baseline -0.003 -13"><span class='ocrx_word' id='word_1_865' title='bbox 2206 5293 2312 5349; x_wconf 90' lang='lat' dir='ltr'><strong>Sed</strong></span> <span class='ocrx_word' id='word_1_866' title='bbox 2344 5299 2470 5346; x_wconf 88' lang='lat' dir='ltr'><strong>sunt</strong></span> <span class='ocrx_word' id='word_1_867' title='bbox 2495 5291 2689 5360; x_wconf 91' lang='lat' dir='ltr'><strong>quibus</strong></span> <span class='ocrx_word' id='word_1_868' title='bbox 2722 5290 2823 5345; x_wconf 92' lang='lat' dir='ltr'><strong>hoc</strong></span> <span class='ocrx_word' id='word_1_869' title='bbox 2850 5290 3022 5359; x_wconf 89' lang='lat' dir='ltr'><strong>ipsum</strong></span> <span class='ocrx_word' id='word_1_870' title='bbox 3054 5289 3317 5361; x_wconf 90' lang='lat' dir='ltr'><strong>integrum</strong></span> <span class='ocrx_word' id='word_1_871' title='bbox 3359 5290 3530 5346; x_wconf 84' lang='lat' dir='ltr'><strong>videri</strong></span> <span class='ocrx_word' id='word_1_872' title='bbox 3568 5291 3777 5361; x_wconf 91' lang='lat' dir='ltr'><strong>possit,</strong></span> 
     </span>
    </p>
   </div>
   <div class='ocr_carea' id='block_1_113' title="bbox 2204 5382 3782 5455">
    <p class='ocr_par' dir='ltr' id='par_1_113' title="bbox 2204 5382 3782 5455">
     <span class='ocr_line' id='line_1_113' title="bbox 2204 5382 3782 5455; baseline 0.001 -16"><span class='ocrx_word' id='word_1_873' title='bbox 2204 5392 2258 5439; x_wconf 94' lang='lat' dir='ltr'><strong>et</strong></span> <span class='ocrx_word' id='word_1_874' title='bbox 2295 5384 2409 5437; x_wconf 62' lang='lat' dir='ltr'><strong>haec</strong></span> <span class='ocrx_word' id='word_1_875' title='bbox 2453 5382 2628 5437; x_wconf 90' lang='lat' dir='ltr'><strong>solum</strong></span> <span class='ocrx_word' id='word_1_876' title='bbox 2668 5382 3026 5450; x_wconf 90' lang='lat' dir='ltr'><strong>incorporalia</strong></span> <span class='ocrx_word' id='word_1_877' title='bbox 3063 5398 3184 5438; x_wconf 89' lang='lat' dir='ltr'><strong>esse</strong></span> <span class='ocrx_word' id='word_1_878' title='bbox 3227 5384 3533 5448; x_wconf 86' lang='lat' dir='ltr'><strong>difﬁniunt,</strong></span> <span class='ocrx_word' id='word_1_879' title='bbox 3572 5384 3661 5455; x_wconf 89' lang='lat' dir='ltr'><strong>qui</strong></span> <span class='ocrx_word' id='word_1_880' title='bbox 3700 5384 3782 5440; x_wconf 88' lang='lat' dir='ltr'><strong>sic</strong></span> 
     </span>
    </p>
   </div>
   <div class='ocr_carea' id='block_1_114' title="bbox 2203 5474 3783 5547">
    <p class='ocr_par' dir='ltr' id='par_1_114' title="bbox 2203 5474 3783 5547">
     <span class='ocr_line' id='line_1_114' title="bbox 2203 5474 3783 5547; baseline 0.001 -18"><span class='ocrx_word' id='word_1_881' title='bbox 2203 5474 2411 5540; x_wconf 90' lang='lat' dir='ltr'><strong>dicant,</strong></span> <span class='ocrx_word' id='word_1_882' title='bbox 2440 5487 2545 5529; x_wconf 92' lang='lat' dir='ltr'><strong>non</strong></span> <span class='ocrx_word' id='word_1_883' title='bbox 2573 5474 2900 5529; x_wconf 90' lang='lat' dir='ltr'><strong>considerari</strong></span> <span class='ocrx_word' id='word_1_884' title='bbox 2930 5490 3099 5546; x_wconf 91' lang='lat' dir='ltr'><strong>genus</strong></span> <span class='ocrx_word' id='word_1_885' title='bbox 3131 5478 3183 5530; x_wconf 91' lang='lat' dir='ltr'><strong>in</strong></span> <span class='ocrx_word' id='word_1_886' title='bbox 3214 5491 3278 5532; x_wconf 92' lang='lat' dir='ltr'><strong>eo</strong></span> <span class='ocrx_word' id='word_1_887' title='bbox 3306 5476 3443 5547; x_wconf 86' lang='lat' dir='ltr'><strong>quod</strong></span> <span class='ocrx_word' id='word_1_888' title='bbox 3471 5485 3657 5547; x_wconf 90' lang='lat' dir='ltr'><strong>suapte</strong></span> <span class='ocrx_word' id='word_1_889' title='bbox 3688 5492 3783 5531; x_wconf 88' lang='lat' dir='ltr'><strong>ua-</strong></span> 
     </span>
    </p>
   </div>
   <div class='ocr_carea' id='block_1_115' title="bbox 2208 5566 3781 5639">
    <p class='ocr_par' dir='ltr' id='par_1_115' title="bbox 2208 5566 3781 5639">
     <span class='ocr_line' id='line_1_115' title="bbox 2208 5566 3781 5639; baseline 0.001 -18"><span class='ocrx_word' id='word_1_890' title='bbox 2208 5574 2323 5621; x_wconf 90' lang='lat' dir='ltr'><strong>tura</strong></span> <span class='ocrx_word' id='word_1_891' title='bbox 2355 5574 2588 5632; x_wconf 88' lang='lat' dir='ltr'><strong>constat,</strong></span> <span class='ocrx_word' id='word_1_892' title='bbox 2616 5566 2708 5622; x_wconf 91' lang='lat' dir='ltr'><strong>sed</strong></span> <span class='ocrx_word' id='word_1_893' title='bbox 2738 5567 2788 5621; x_wconf 93' lang='lat' dir='ltr'><strong>in</strong></span> <span class='ocrx_word' id='word_1_894' title='bbox 2817 5582 2883 5623; x_wconf 90' lang='lat' dir='ltr'><strong>eo</strong></span> <span class='ocrx_word' id='word_1_895' title='bbox 2906 5568 3048 5638; x_wconf 90' lang='lat' dir='ltr'><strong>quod</strong></span> <span class='ocrx_word' id='word_1_896' title='bbox 3077 5584 3242 5639; x_wconf 90' lang='lat' dir='ltr'><strong>genus</strong></span> <span class='ocrx_word' id='word_1_897' title='bbox 3264 5570 3350 5623; x_wconf 90' lang='lat' dir='ltr'><strong>sit.</strong></span> <span class='ocrx_word' id='word_1_898' title='bbox 3378 5568 3560 5637; x_wconf 85' lang='lat' dir='ltr'><strong>Itaque</strong></span> <span class='ocrx_word' id='word_1_899' title='bbox 3582 5569 3624 5622; x_wconf 90' lang='lat' dir='ltr'><strong>si</strong></span> <span class='ocrx_word' id='word_1_900' title='bbox 3648 5568 3781 5623; x_wconf 88' lang='lat' dir='ltr'><strong>sub-</strong></span> 
     </span>
    </p>
   </div>
   <div class='ocr_carea' id='block_1_116' title="bbox 2204 5658 3752 5727">
    <p class='ocr_par' dir='ltr' id='par_1_116' title="bbox 2204 5658 3752 5727">
     <span class='ocr_line' id='line_1_116' title="bbox 2204 5658 3752 5727; baseline 0.003 -17"><span class='ocrx_word' id='word_1_901' title='bbox 2204 5658 2394 5711; x_wconf 76' lang='lat' dir='ltr'><strong>stantia</strong></span> <span class='ocrx_word' id='word_1_902' title='bbox 2423 5673 2588 5725; x_wconf 78' lang='lat' dir='ltr'><strong>genus</strong></span> <span class='ocrx_word' id='word_1_903' title='bbox 2618 5667 2695 5713; x_wconf 77' lang='lat' dir='ltr'><strong>est</strong></span> <span class='ocrx_word' id='word_1_904' title='bbox 2716 5700 2728 5724; x_wconf 94' lang='lat'><strong>,</strong></span> <span class='ocrx_word' id='word_1_905' title='bbox 2763 5673 2865 5714; x_wconf 90' lang='lat' dir='ltr'><strong>non</strong></span> <span class='ocrx_word' id='word_1_906' title='bbox 2900 5659 3270 5714; x_wconf 88' lang='lat' dir='ltr'><strong>consideratur</strong></span> <span class='ocrx_word' id='word_1_907' title='bbox 3301 5661 3351 5715; x_wconf 92' lang='lat' dir='ltr'><strong>in</strong></span> <span class='ocrx_word' id='word_1_908' title='bbox 3393 5677 3456 5716; x_wconf 88' lang='lat' dir='ltr'><strong>co</strong></span> <span class='ocrx_word' id='word_1_909' title='bbox 3483 5660 3621 5727; x_wconf 89' lang='lat' dir='ltr'><strong>quod</strong></span> <span class='ocrx_word' id='word_1_910' title='bbox 3652 5660 3752 5715; x_wconf 86' lang='lat' dir='ltr'><strong>sub</strong></span> 
     </span>
    </p>
   </div>
  </div>
