4106 6336
340 319 402 377 il
1463 321 1527 377 ιΝ
1568 320 1917 379 PORPllYRli

2046 318 2383 381 DIALOGUS
2425 325 2464 379 1.
3520 337 3593 394 22

338 433 535 492 stantia
573 439 689 498 est,
732 431 823 488 sed
866 431 917 485 in
963 444 1029 484 co
1077 429 1219 499 quod
1262 430 1360 485 sub
1397 446 1454 486 se
1495 434 1699 501 species
1741 432 1918 488 habet.
1950 434 1997 492 Α
2029 432 2125 488 bus
2151 435 2576 505 speciebusque,
2613 447 2667 493 et
2709 440 2918 496 czeteris
2958 442 3163 512 quaevis
3203 448 3421 504 tractari
3462 465 3593 518 pns-

338 526 469 581 ltcm
495 525 537 578 si
563 526 770 593 species
794 535 1107 589 corporeum
1134 528 1189 575 et
1216 520 1588 591 incorporeum
1603 534 1706 588 est,
1726 539 1829 578 non
1860 524 1914 578 in

341 634 407 672 eo
447 616 590 683 quod
641 616 778 668 Deus
819 613 899 666 vel
932 612 1091 666 homo
1121 611 1335 677 dicitur,
1368 613 1795 677 cons'derantur,
1822 614 1916 668 sed

338 712 387 762 in
416 726 482 764 eo
506 708 646 775 quod
675 716 757 761 est
784 706 884 759 sub
913 719 1131 775 genere.
1162 704 1363 759 Eodem
1394 706 1552 760 modo
1578 706 1736 759 etiam
1765 705 1916 761 diﬁ‘e-

337 802 527 854 rentite
557 815 661 853 non
692 799 1101 853 considerantur
1126 797 1189 850 in
1206 812 1272 851 eo
1296 797 1447 867 quod
1474 798 1625 866 bipes
1666 799 1747 852 vel
1786 813 1916 866 qua-

337 893 535 961 drupcs
584 892 687 955 sit,
738 889 832 945 sed
877 889 935 951 in
978 903 1043 943 ee
1086 888 1358 959 quodest
1410 888 1727 943 diﬁ'erentia.
1783 888 1913 942 Nam

338 984 640 1051 quadrupes
667 981 768 1035 hoc
819 980 992 1048 ipsum
1032 979 1178 1033 nulla
1207 978 1508 1033 differentia
1548 988 1662 1042 est,
1707 979 1806 1032 nisi
1845 978 1918 1033 sit

341 1077 492 1145 bipes
521 1091 548 1128 a
581 1090 686 1145 quo
717 1073 949 1128 differat.
981 1073 1163 1143 Itaque
1192 1086 1298 1126 non
1325 1072 1626 1142 quadrupes
1654 1073 1737 1126 vel
1764 1071 1915 1140 bipes

340 1167 648 1236 respicitur,
674 1165 770 1221 sed
798 1164 849 1219 id
876 1164 1021 1234 quod
1048 1164 1280 1219 medium
1310 1175 1394 1219 est
1419 1166 1470 1218 in
1501 1164 1688 1233 bipede
1711 1173 1767 1219 et
1792 1179 1917 1232 qua-

340 1260 596 1329 drupede,
629 1259 678 1313 id
708 1268 789 1313 est
818 1257 1141 1312 diﬁ'erentia.
1169 1258 1230 1312 Et
1258 1257 1325 1312 de
1352 1258 1565 1326 proprio
1594 1258 1753 1312 idem.
1782 1257 1913 1311 Nam

339 1350 480 1419 quod
511 1350 870 1419 cujuscunque
893 1358 976 1403 est
999 1348 1292 1415 prepr‘um,
1317 1348 1369 1401 in
1392 1362 1456 1402 eo
1484 1348 1759 1417 proprium
1789 1363 1916 1402 con-

342 1443 629 1506 sideratur,
660 1441 800 1511 quod
830 1440 948 1508 ejus
971 1439 1121 1507 cujus
1144 1439 1337 1494 dicitur
1357 1454 1476 1494 esse
1502 1439 1768 1508 proprium
1791 1454 1914 1505 spe—

341 1536 442 1589 ciei
472 1535 641 1589 solius
672 1543 777 1587 est.
810 1532 940 1586 Nam
972 1532 1177 1586 risibile
1208 1546 1313 1585 non
1346 1532 1397 1586 in
1429 1547 1493 1587 co
1520 1542 1602 1585 est
1644 1532 1913 1599 proprium

339 1622 570 1677 hominis
598 1622 749 1691 quod,
774 1621 913 1675 risus
940 1629 1022 1675 est
1042 1660 1056 1684 ,
1087 1621 1180 1674 sed
1210 1621 1265 1674 in
1295 1635 1361 1675 eo
1389 1620 1529 1689 quod
1573 1620 1720 1673 solus
1757 1620 1916 1675 homo

340 1720 517 1781 potest
538 1711 746 1766 ridere:
779 1726 897 1779 qua:
928 1709 1209 1765 manifeste
1236 1710 1588 1779 incorporalia
1613 1724 1734 1766 esse
1760 1709 1916 1764 indu-

2022 526 2148 579 sint.
2182 525 2318 580 Sunt
2344 527 2486 579 enim
2520 527 2611 581 illa
2646 529 2729 600 (ut
2755 531 2868 599 ipse
2894 532 2987 602 ait)
3016 535 3280 602 gravioris
3313 546 3590 609 tractatus,

2018 631 2175 683 quam
2205 616 2500 671 doctrinam
2535 632 2562 671 a
2594 619 2962 689 Peripateticis
2995 634 3262 695 acceptam
3285 668 3299 694 ,
3327 628 3376 683 id
3404 640 3486 685 est
3522 632 3590 686 ab

1992 705 2368 765 ,Aristotelicis
2384 742 2404 771 ,
2433 721 2490 761 se
2516 708 2664 777 sequi
2694 709 2970 766 confessus
2996 722 3097 768 est.
3128 715 3258 770 Nam
3286 718 3451 774 Stoici
3490 722 3586 789 qui

2017 797 2086 852 de
2126 796 2211 851 bis
2248 812 2459 867 quoque
2503 799 2662 855 rebus
2705 809 2935 858 tractare
2973 805 3287 872 voluerunt,
3331 824 3439 864 non
3476 826 3593 867 om-

2020 891 2145 942 n'no
2178 904 2208 942 a
2247 889 2548 960 Porphyrio
2584 892 2970 960 suscipiuntur,
3007 904 3165 965 atque
3199 897 3320 953 ideo
3353 900 3427 954 ait
3461 913 3519 957 se
3559 917 3588 955 a

2022 980 2395 1049 Peripateticis
2425 982 2684 1036 rationem
2725 982 3104 1053 disputationis
3144 988 3406 1057 accipere.
3441 990 3591 1047 Tunc

2019 1089 2104 1128 me
2134 1074 2331 1129 Fabius
2362 1074 2431 1128 ita
2466 1084 2840 1143 percunctatus
2874 1094 2884 1129 :
2918 1077 3055 1145 Quid
3085 1087 3199 1142 est,
3231 1080 3419 1150 inquit,
3446 1083 3588 1152 quod

2017 1166 2219 1221 dudum
2248 1166 2498 1231 dixeras,
2532 1182 2654 1222 cum
2682 1182 2712 1221 a
2742 1178 2794 1224 te
2822 1167 2891 1224 de
2931 1169 3357 1238 incorporalibus
3400 1181 3592 1227 tracta-

2019 1266 2188 1323 retur,
2218 1273 2339 1315 esse
2366 1258 2625 1327 quasdam
2659 1260 3128 1329 incorporalitates
3154 1276 3271 1331 qua:
3308 1264 3447 1319 circa
3476 1278 3592 1319 ctr-

2019 1364 2119 1416 pus
2150 1363 2367 1419 semper
2396 1350 2792 1413 consisterent,
2827 1360 2884 1405 ut
2911 1362 3035 1406 sunt
3067 1353 3248 1420 prima:
3289 1354 3591 1422 incorpora-

2019 1439 2198 1494 litates
2226 1448 2351 1508 post
2381 1440 2673 1505 terminos,
2717 1456 2835 1511 qua:
2875 1452 2957 1497 est
3000 1443 3113 1497 hinc
3154 1445 3588 1515 incorporalitas,

2016 1538 2107 1584 aut
2135 1544 2269 1600 quos
2299 1533 2556 1587 terminos
2584 1531 2750 1587 dicis?
2784 1548 2889 1587 non
2917 1535 3060 1588 enim
3094 1536 3351 1599 intelligo.
3383 1537 3449 1591 Et
3471 1553 3591 1608 ego,

2019 1621 2228 1691 longus,
2252 1620 2491 1691 inquam,
2524 1630 2780 1679 tractatus
2805 1633 2908 1689 cst,
2931 1633 2985 1678 et
3016 1625 3146 1679 nihil
3180 1627 3333 1680 nob's
3360 1628 3426 1681 ad
3460 1628 3597 1683 hanc

2018 1726 2319 1795 remquam
2344 1714 2636 1783 quaerimus
2664 1713 2991 1782 profuturus.
3028 1716 3132 1773 Sed
3166 1716 3341 1771 dicam
3363 1717 3596 1773 breviter

340 1801 561 1857 bitatum
592 1811 695 1854 est.
730 1800 934 1854 Deinde
957 1799 1256 1853 accidentia
1292 1798 1519 1868 proinde
1544 1807 1696 1863 sunt,
1740 1799 1919 1867 qualia
1949 1799 1995 1859 Β
2022 1802 2282 1856 terminos
2308 1817 2395 1857 me
2419 1802 2616 1857 dixisse
2641 1805 3007 1859 extremitates
3035 1821 3215 1860 earum
3245 1822 3364 1876 quae
3394 1808 3443 1860 in
3472 1823 3596 1877 geo-

340 1891 555 1945 fuerunt
581 1904 644 1943 ea
669 1888 864 1958 quibus
890 1887 1174 1953 accidunt,
1214 1898 1271 1941 ut
1302 1888 1549 1955 superius
1571 1887 1771 1942 dictum
1794 1896 1909 1943 est:

340 1983 431 2035 sed
475 1981 528 2035 hi
576 1980 805 2049 probare
834 1979 1087 2034 videntur
1128 1979 1228 2034 hoc
1265 1980 1431 2048 ipsius
1467 1979 1747 2048 Porphyrii
1785 1992 1910 2033 sen-

340 2070 529 2134 tentia,
548 2070 660 2139 qui,
694 2069 859 2122 veluti
886 2068 994 2137 jam
1028 2069 1249 2137 probato
1274 2068 1414 2138 quod
1444 2070 1756 2139 incorporea
1777 2069 1911 2135 sint,

340 2162 410 2214 ita
451 2162 573 2214 ait:
620 2161 683 2214 Et
731 2170 905 2214 ulrum
946 2172 1228 2230 separata,
1274 2177 1340 2215 an
1387 2162 1516 2230 ipsis
1563 2162 1909 2219 sensibilibus

340 2251 550 2323 juncta;
574 2251 715 2320 quod
743 2253 786 2305 si
816 2266 935 2307 esse
964 2252 1078 2307 haec
1108 2253 1393 2322 aliquando
1420 2253 1717 2323 corporalia
1744 2254 1908 2309 exsti-

341 2344 528 2411 tisset,
576 2342 864 2397 absurdum
915 2353 1059 2398 esset
1104 2358 1348 2411 quaerere
1396 2352 1572 2398 utrum
1618 2344 1914 2413 corporalia

340 2434 581 2503 seiuncta
611 2442 793 2488 essent
817 2448 845 2486 a
874 2433 1223 2488 sensibilibus
1252 2449 1317 2487 an
1347 2433 1529 2503 juncta
1549 2475 1564 2499 ,
1596 2450 1716 2489 cum
1744 2435 1916 2490 sensi-

342 2525 468 2579 bilia
500 2525 612 2591 ipsa
641 2525 747 2579 sint
776 2538 1055 2593 corporea.
1085 2524 1229 2580 Talis
1257 2534 1433 2581 autem
1463 2541 1493 2581 e
1525 2527 1824 2596 tquazsﬁo,
1859 2537 1918 2583 ut

344 2615 595 2683 quoniam
638 2616 883 2683 qumdam
926 2616 1289 2684 incorporales
1328 2628 1449 2670 sunt
1485 2632 1607 2681 res,
1647 2634 1764 2687 qua:
1801 2633 1907 2673 om-

341 2705 469 2758 nino
506 2719 732 2773 corpora
773 2720 878 2759 non
922 2706 1222 2773 patiuntur,
1263 2715 1322 2760 ut
1362 2707 1558 2761 animal
1604 2708 1689 2762 vel
1737 2708 1911 2762 Deus:

342 2795 589 2864 quaedam
620 2811 748 2850 vero
773 2812 892 2865 qua:
921 2796 1036 2850 sine
1065 2798 1379 2866 corporibus
1400 2812 1520 2852 esse
1545 2813 1647 2852 non
1672 2808 1913 2866 possunt,

344 2894 403 2940 ut
432 2871 600 2954 p'ritna
630 2898 746 2955 p03t
779 2889 1037 2941 terminos
1075 2888 1520 2957 incorporalitas:
1553 2889 1792 2959 qucedam
1823 2904 1917 2944 an-

343 2987 452 3033 tem
481 2992 599 3047 quae
626 2979 678 3031 in
707 2979 1021 3046 corporibus
1047 2989 1203 3045 sunt,
1235 2990 1287 3034 et
1322 2990 1514 3049 praeter
1542 2997 1764 3051 corpora
1796 2998 1917 3039 sese

342 3082 463 3123 esse
494 3068 785 3135 patiuntur,
812 3078 869 3121 ut
890 3069 1064 3122 anima
1086 3078 1111 3133 ;‘
1136 3069 1393 3139 qua‘ritur
1421 3085 1548 3139 ergo
1579 3070 1660 3125 hac
1682 3062 1915 3141 quinque

2016 1894 2210 1949 metria
2239 1902 2363 1948 sunt
2395 1895 2681 1961 ﬁgurarum
2707 1910 2721 1952 ;
2753 1894 2821 1949 de
2852 1896 3291 1965 incorporalitate
3320 1912 3446 1952 vero
3475 1912 3594 1967 qua:

2014 1986 2156 2040 circa
2202 1984 2461 2038 terminos
2500 1993 2744 2053 constat,
2788 1984 2833 2038 si
2880 1986 2926 2039 Μ
2965 1986 3131 2039 crobii
3162 1984 3447 2042 Theodosii
3490 1987 3591 2041 do-

2016 2071 2239 2128 ctissimi
2271 2072 2369 2128 viri
2398 2073 2629 2142 primum
2664 2073 2855 2128 librum
2885 2089 3041 2143 quem
3069 2076 3137 2130 de
3163 2076 3366 2131 Somno
3392 2078 3476 2133 Sci
3487 2077 3595 2146 pio~

2019 2165 2104 2219 nis
2130 2164 2431 2233 composuit
2456 2163 2511 2217 in
2554 2164 2801 2217 manibus
2842 2165 3169 2234 sumpseris,
3214 2165 3423 2235 plenius
3466 2167 3594 2221 ube-

2019 2254 2234 2324 riusque
2261 2268 2577 2323 cognosces.
2615 2253 2720 2309 Sed
2754 2270 2896 2309 nunc
2934 2255 3001 2308 ad
3042 2257 3317 2325 sequentia
3357 2264 3594 2312 transea-

2018 2362 2156 2401 tnus.
2186 2346 2332 2401 Tunc
2374 2345 2603 2413 Fabius,
2635 2354 2694 2399 ut
2733 2344 2931 2415 placet,
2965 2346 3168 2417 inquit,
3212 2346 3476 2418 simulque
3511 2347 3592 2405 sic

2019 2439 2225 2508 incipit.
2814 2496 2817 2497 ν
2930 2482 2931 2485 η

2589 2514 2678 2584 ni:
2719 2530 3020 2605 manu.

2096 2618 2308 2672 Videtur
2334 2621 2465 2673 enim
2496 2638 2654 2689 neque
2679 2638 2839 2691 genus
2859 2661 2873 2685 ,
2906 2638 3065 2691 neque
3090 2622 3302 2688 species,
3343 2622 3594 2693 simplici-

2019 2716 2094 2760 ter
2120 2710 2405 2777 appellari,
2431 2709 2586 2765 idest
2617 2725 2720 2761 uno
2746 2710 2918 2762 modo.
2961 2708 3132 2763 Genus
3161 2726 3378 2779 namque
3406 2712 3595 2765 dicitur

2017 2798 2356 2864 quorumdam
2397 2799 2464 2849 ad
2506 2815 2558 2851 se
2602 2799 2812 2851 invicem
2842 2837 2857 2863 ,
2906 2808 2954 2849 et
2997 2799 3065 2850 ad
3110 2799 3347 2868 aliquem-
3372 2800 3595 2867 quodam

2019 2887 2168 2939 modo
2207 2903 2260 2940 se
2302 2887 2589 2940 habentium
2630 2886 2905 2953 rollectio,_
2929 2903 3021 2956 per
3057 2903 3210 2957 quam
3236 2886 3595 2942 Dardanidum

2018 2976 2206 3029 dicitur
2262 2992 2436 3045 genus.
2498 2976 2702 3030 Dicitur
2749 2992 2927 3031 rursus
2975 2994 3133 3047 genus
3199 2979 3597 3049 uniuscujusque

2019 3070 2355 3139 generationis
2392 3068 2732 3138 principium,
2772 3077 2858 3120 aut
2903 3084 2935 3119 (ι
2980 3077 3283 3137 generante,
3328 3078 3415 3123 aut
3442 3069 3504 3122 ab
3540 3086 3597 3127 eo

344 3174 433 3213 res
457 3174 522 3214 ex
548 3174 655 3228 quo
680 3159 1130 3228 incorporalitatis
1150 3164 1257 3214 sint
1277 3176 1473 3231 genere
1490 3203 1505 3226 ,
1530 3170 1704 3216 utrum
1725 3179 1909 3218 eorum
1937 3161 1984 3223 C
2017 3158 2126 3212 loco
2155 3159 2206 3210 in
2233 3173 2330 3224 quo
2360 3159 2469 3224 quis
2497 3157 2691 3227 genilus
2717 3165 2792 3210 εει

346 3268 464 3321 qua:
492 3252 708 3305 omnino
739 3260 1058 3320 separantur
1080 3268 1109 3304 a
1135 3268 1358 3321 corpore
1378 3294 1394 3319 ,
1426 3268 1493 3308 an
1524 3270 1706 3313 eorum
1739 3271 1856 3325 qua:
1884 3272 1913 3310 a

345 3342 659 3410 corporibus
689 3341 928 3411 separari
954 3357 1059 3396 non
1093 3350 1350 3411 possunt,
1387 3358 1452 3398 an
1481 3359 1601 3413 quae
1626 3345 1920 3415 jungantur

345 3433 630 3502 aliquoties
674 3442 727 3489 et
754 3434 1038 3503 aliquoties
1068 3445 1434 3506 segregantur.
1487 3438 1709 3493 Videtur
1738 3450 1915 3495 autem

346 3524 488 3593 quod
515 3534 566 3578 et
594 3525 861 3593 segregari
893 3534 947 3580 et
972 3526 1123 3593 jungi
1157 3528 1381 3594 possint.
1410 3526 1540 3580 Nam
1569 3530 1784 3597 quando
1810 3545 1839 3583 e
1864 3546 1922 3583 tr-

349 3616 609 3684 poralium
642 3617 839 3671 divisio
867 3633 961 3685 per
989 3602 1182 3686 genera
1212 3618 1262 3671 in
1293 3621 1502 3687 species
1535 3620 1590 3673 ﬁt
1610 3662 1624 3683 ,
1656 3630 1711 3674 et
1735 3637 1919 3676 corttm

350 3709 560 3775 propria
591 3717 644 3762 et
673 3708 988 3762 tiiﬁ‘erentiac
1016 3710 1380 3775 nominantur,
1409 3710 1521 3765 inec
1551 3712 1756 3766 scilicet
1794 3728 1921 3768 scn-

350 3798 524 3852 sibilia
548 3838 563 3862 ,
596 3798 648 3851 id
675 3807 760 3852 est
788 3800 1089 3867 corporalia
1116 3814 1238 3854 esse
1268 3816 1371 3854 non
1398 3799 1614 3855 dubium
1655 3813 1757 3857 est.
1791 3804 1921 3857 Cum

348 3902 479 3942 vero
524 3888 591 3943 de
632 3889 1060 3957 incorporalibus
1101 3892 1261 3945 rebus
1302 3902 1559 3947 tractatus
1591 3894 1839 3959 habetur,
1868 3906 1925 3951 et

350 3992 446 4045 per
484 3992 546 4035 ea
588 3979 700 4047 ipsa
744 3979 1053 4035 dividuntur
1093 3996 1211 4049 quae
1250 3997 1479 4049 corpore
1514 3986 1922 4050 carent,‘circa

349 4070 647 4137 corporalia
678 4080 980 4126 versantur.
1015 4071 1167 4138 Quod
1198 4072 1243 4125 si
1277 4071 1379 4126 hoc
1416 4084 1538 4139 est,
1561 4089 1663 4127 non
1707 4086 1790 4129 est
1828 4075 1925 4131 du-

338 4161 497 4235 obium
526 4161 667 4230 quod
698 4162 932 4230 quinque
964 4161 1077 4216 haec
1106 4179 1169 4215 ex
1197 4162 1384 4217 eodem
1414 4164 1519 4217 sint
1539 4180 1755 4233 genere,
1782 4166 1924 4235 quod

347 4260 402 4305 et
439 4262 632 4317 praeter
678 4266 899 4319 corpora
946 4262 1249 4320 separatum
1295 4268 1414 4307 esse
1458 4256 1668 4322 possit.
1711 4268 1763 4310 et
1803 4271 1926 4312 cor-

348 4341 567 4408 poribus
612 4341 759 4409 jungi
812 4344 1060 4409 patiatur,
1108 4343 1202 4397 sed
1251 4342 1357 4411 ita,
1417 4355 1472 4398 ut
1512 4345 1557 4399 si
1606 4347 1921 4415 corporibus

345 4432 526 4498 juncta
569 4431 793 4495 fncrint,
838 4432 1214 4501 inseparabilia
1254 4448 1282 4487 a
1327 4436 1642 4504 corporibus
1681 4437 1805 4492 sint.
1857 4438 1915 4494 Si

2088 3247 2314 3313 Caztera,
2343 3247 2541 3316 inquit,
2565 3247 2674 3301 fere
2717 3256 2840 3302 nota
2863 3257 3007 3303 sunt.
3040 3248 3187 3303 Tunc
3217 3264 3314 3318 ego
3342 3264 3357 3301 :
3400 3248 3457 3304 Si
3487 3250 3593 3305 vim

2022 3342 2172 3411 prius
2217 3340 2655 3410 tequivocationis
2708 3340 2976 3410 aspicias,
3022 3341 3337 3396 divisionem
3378 3342 3596 3411 generis

2021 3432 2306 3501 diligenter
2332 3445 2611 3501 agnosces.
2632 3428 2818 3485 Placet
2845 3431 2985 3485 enim
3017 3431 3228 3500 generis
3252 3446 3444 3486 nomen
3472 3447 3595 3487 cum

2022 3524 2125 3579 sibi
2169 3524 2426 3591 subjectis
2471 3521 3075 3589 mquivoce'nominari.
3126 3521 3423 3590 Equivoca
3466 3536 3596 3576 vero

2023 3624 2181 3677 sunt,
2213 3628 2327 3682 quae
2359 3627 2475 3666 cum
2510 3612 2723 3665 nomine
2749 3626 2849 3664 una
2881 3594 3022 3676 sint,
3050 3612 3205 3680 longe
3232 3611 3440 3666 diversa
3468 3611 3594 3667 sub-

2023 3703 2231 3758 stantia:
2270 3704 2477 3757 ratione
2518 3713 2569 3757 et
2611 3702 2945 3757 dilﬁnitionis
2984 3701 3215 3757 discreta
3251 3711 3409 3771 sunt,
3452 3710 3509 3757 ut
3544 3702 3591 3757 si

2022 3798 2143 3867 quis
2169 3796 2338 3861 hanc,
2370 3795 2517 3848 verbi
2558 3795 2724 3862 gratia
2747 3837 2762 3861 ,
2809 3802 3036 3853 statuam
3074 3792 3298 3847 Veneris
3335 3793 3591 3861 appellet.

2025 3891 2337 3958 Congruunt
2365 3887 2522 3957 igitur
2554 3887 2730 3941 Venus
2760 3887 2872 3955 ipsa
2903 3896 2956 3939 ct
2981 3895 3157 3939 statua
3188 3886 3412 3940 Veneris
3442 3887 3600 3941 unius

2024 3979 2422 4047 nuncupatione
2452 3976 2730 4040 vocabuli,
2756 3975 2895 4047 quod
2924 3977 3131 4045 utrique
3154 3975 3376 4032 Veneris
3402 3992 3598 4033 nomen

2023 4078 2127 4124 est.
2156 4068 2211 4122 Si
2249 4068 2367 4137 quis
2397 4081 2522 4121 vero
2552 4067 2674 4136 quid
2714 4067 2783 4121 sit
2820 4075 3105 4138 utrumque
3148 4067 3398 4134 definiat,
3439 4068 3598 4139 longe

2024 4158 2187 4212 aliam
2218 4171 2344 4210 vere
2374 4155 2599 4210 Veneris
2620 4196 2633 4219 ,
2664 4156 2820 4209 aliam
2854 4156 3043 4224 lapidis
3067 4199 3080 4221 ,
3115 4158 3377 4210 rationem
3407 4156 3600 4212 deﬁni-

2026 4248 2333 4315 tionemque
2362 4246 2671 4300 constituet.
2715 4245 3123 4313 Speculantibus
3155 4246 3313 4315 igitur
3352 4245 3437 4300 illa
3479 4260 3600 4302 esse

2023 4339 2293 4408 mquivoca
2314 4378 2330 4402 ,
2362 4352 2482 4406 qua:
2511 4350 2619 4391 uno
2653 4336 2912 4390 vocabulo
2939 4337 3302 4405 appellentur,
3333 4336 3600 4392 deﬁnitio-

2023 4429 2180 4483 nibus
2209 4442 2337 4483 vero
2366 4427 2599 4482 diversis
2626 4427 3040 4493 constituantur,
3072 4429 3334 4487 clarescet
3364 4432 3459 4503 (ut
3486 4433 3600 4505 0pi~

347 4538 477 4578 vero
504 4524 952 4593 incorporalibus,
975 4541 1242 4596 nunquam
1285 4527 1352 4582 ab
1391 4526 1817 4598 incorporalibus
1838 4546 1920 4586 se-
1946 4511 1997 4573 Ῑ)
2025 4521 2144 4591 ¹ιον)
2173 4518 2505 4589 Parui-39350
2526 4518 2739 4586 generis
2766 4533 2923 4587 quam
2950 4518 3279 4591 Porphyrius
3306 4520 3432 4579 Γθθίί
3464 4537 3599 4593 Ρη·

348 4626 624 4684 parentur,
672 4626 726 4671 et
770 4626 1024 4687 utrasque
1064 4618 1115 4672 in
1157 4633 1217 4673 se
1252 4619 1564 4675 contineant
1610 4630 1918 4690 potestates.

345 4706 479 4759 Nam
512 4708 555 4760 si
586 4708 952 4775 corporalibus
972 4707 1287 4776 junguntur,
1316 4710 1437 4764 tal'a
1461 4721 1612 4779 sunt,
1637 4713 1808 4782 qualis
1835 4714 1922 4778 illa

347 4799 521 4867 prima
549 4807 667 4867 post
699 4800 958 4854 terminos
1003 4800 1450 4868 incorporalitas,
1492 4818 1610 4872 qum
1653 4820 1921 4875 nunquam

346 4890 574 4945 discedit
595 4904 871 4959 acorpore
896 4907 912 4944 :
933 4892 976 4945 si
1000 4905 1126 4945 vero
1149 4891 1592 4961 incorporalibus,
1630 4895 1750 4949 talia
1776 4906 1922 4965 sunt,

346 4980 517 5048 qualis
557 4991 641 5036 est
676 4981 916 5048 animus,
947 4982 1036 5051 qui
1066 4998 1334 5051 nunquam
1364 4985 1575 5055 corpori
1618 4986 1920 5054 c0pulatur.

348 5072 477 5127 llaec
505 5088 564 5128 se
595 5073 752 5141 igitur
783 5082 962 5128 tacere
990 5073 1320 5145 Porphyrius
1360 5077 1626 5145 pollicitus
1645 5118 1661 5144 ,
1690 5078 1923 5136 breviter

344 5164 798 5233 mediocriterque
836 5178 995 5233 super
1019 5165 1101 5220 his
1140 5166 1300 5220 rebus
1349 5174 1580 5222 tractare
1622 5170 1919 5239 promittit,

348 5253 528 5309 habita
579 5254 631 5307 in
677 5265 765 5308 res
810 5253 914 5308 alia
960 5254 1390 5311 consideratione
1437 5266 1530 5311 aut
1575 5259 1919 5327 conjectura,

344 5343 488 5411 quod
515 5343 691 5399 simile
715 5354 796 5398 est
824 5358 889 5398 ac
916 5344 960 5398 si
987 5344 1222 5400 diceret:
1252 5346 1515 5412 Quoniam
1546 5347 1661 5403 hzec
1689 5349 1755 5403 ad
1787 5365 1922 5418 pra:-

344 5438 668 5503 dicamenta,
698 5445 752 5492 et
776 5438 842 5491 ad
868 5436 1231 5504 deﬁnitiones,
1260 5447 1316 5492 et
1341 5438 1406 5493 ad
1437 5440 1747 5509 divisiones,
1775 5451 1830 5496 et
1853 5442 1922 5498 ad

346 5528 694 5596 probationes
719 5529 1006 5598 pertinent,
1041 5527 1163 5582 ideo
1190 5526 1303 5582 haec
1335 5536 1656 5584 tractaturus
1681 5545 1918 5598 assumo,

347 5627 402 5674 et
423 5627 650 5675 eatenus
693 5620 763 5675 de
811 5619 894 5674 his
939 5619 1240 5685 disseram,
1292 5626 1555 5687 quatenus
1602 5620 1921 5690 supradictis

349 5710 510 5767 rebus
533 5711 857 5778 proﬁciunt,
891 5726 995 5768 non
1027 5720 1290 5777 quatenus
1318 5711 1385 5767 de
1408 5710 1509 5770 .bis
1548 5710 1676 5777 ipsis
1710 5711 1921 5773 ueneri-

795 5900 819 5909 .-

2025 4611 2163 4664 visa.
2190 4610 2361 4664 Omne
2389 4608 2532 4661 enim
2567 4607 2825 4676 quidquid
2851 4621 2881 4663 a
2907 4625 3106 4680 genere
3135 4612 3187 4666 in
3214 4614 3420 4682 species
3449 4613 3601 4668 duci-

2026 4711 2131 4766 tur,
2162 4700 2452 4754 univocum
2472 4737 2487 4762 ,
2521 4713 2629 4753 non
2657 4701 2992 4769 aequivocum
3021 4710 3127 4757 est.
3164 4700 3452 4759 Univocum
3481 4712 3598 4771 est,

2026 4792 2164 4861 quod
2196 4798 2251 4846 et
2280 4790 2467 4846 eodem
2495 4792 2711 4847 nomine
2739 4794 2954 4864 vocari,
2987 4805 3042 4850 et
3070 4796 3257 4851 eadem
3284 4797 3598 4854 definitione

2027 4879 2285 4936 constitui
2334 4891 2546 4952 potest,
2593 4892 2652 4938 ut
2697 4893 2751 4939 et
2788 4884 2989 4939 animal
3028 4900 3225 4955 genus,
3267 4888 3427 4942 homo
3470 4902 3600 4944 vero

2024 4976 2233 5045 species
2254 5018 2269 5043 ,
2300 4975 2395 5031 sed
2425 4976 2564 5030 idem
2594 4975 2755 5030 homo
2784 4976 2981 5030 animal
3009 4985 3116 5031 est.
3145 4978 3327 5033 Genus
3359 4976 3602 5048 igitur’et

2024 5066 2271 5141 species,
2316 5069 2368 5124 id
2417 5077 2501 5123 est
2542 5067 2739 5123 animal
2779 5076 2939 5140 atque
2981 5068 3142 5124 homo
3182 5080 3405 5138 possunt
3444 5070 3599 5124 unius

2024 5161 2271 5215 animalis
2316 5159 2534 5213 nomine
2583 5160 2916 5228 nuncupari,
2967 5168 3026 5214 ut
3072 5169 3357 5230 utrumque
3401 5160 3597 5214 animal

2021 5261 2271 5323 vocetur,
2313 5252 2411 5307 sed
2453 5250 2638 5306 eadem
2681 5250 3076 5306 deﬁnitionibus
3118 5266 3226 5306 non
3268 5251 3594 5317 discrepant.

2022 5347 2153 5401 Nam
2184 5347 2227 5400 si
2257 5344 2622 5400 deﬁnitionem
2657 5344 2861 5399 reddas,
2893 5344 3162 5406 animalis,
3197 5343 3343 5396 dicas
3385 5340 3436 5394 id
3477 5354 3598 5397 esse

2024 5437 2263 5502 animal,
2315 5434 2457 5504 quod
2512 5444 2595 5488 est
2642 5434 2945 5489 substantia
2988 5432 3218 5487 animata
3272 5429 3591 5486 sensibilis:

2023 5542 2184 5598 quam
2216 5525 2582 5581 deﬁnitionem
2612 5523 2750 5578 siad
2786 5523 3055 5577 hominem
3094 5528 3309 5584 vertas,
3348 5536 3452 5575 non
3491 5523 3595 5578 erit
3620 5596 3633 5609 l

2024 5618 2312 5675 absurdum
2340 5616 2519 5670 dicere
2545 5612 2812 5667 hominem
2839 5611 3189 5667 substantiam
3230 5623 3351 5665 esse
3390 5612 3595 5665 anima-

2024 5716 2326 5778 tam.atque
2363 5704 2669 5762 sensibilem
2706 5707 2843 5761 sicut
2870 5704 3103 5774 animal,
3152 5702 3245 5757 sed
3286 5704 3385 5759 hoc
3430 5705 3598 5774 suros
