4106 6336
550 301 623 356 25
1790 295 1897 347 AN.
1942 292 2146 348 MANL.
2187 293 2339 348 SEV.
2383 297 2604 354 BOETII
3738 320 3798 358 cn

3741 349 3805 381 ει

555 416 669 470 rius
694 414 891 468 dictum
920 424 1022 468 est.
1068 414 1122 469 Si
1149 415 1288 468 enim
1319 413 1538 465 univoca
1567 420 1722 474 sunt,
1756 427 1871 478 qua:
1902 426 2006 464 uno
2035 426 2122 463 uo-
2155 411 2203 468 A
2234 416 2602 479 cognationem
2643 415 2970 473 demonstret
2992 461 3008 485 ,
3047 431 3099 475 et
3141 437 3234 490 per
3272 423 3633 487 habitudinem
3679 450 3804 502 qua.

555 506 701 559 mine
733 515 892 572 atque
932 503 1118 558 eadem
1160 501 1469 557 definitione
1508 501 1921 564 constituuntur,
1964 502 2128 568 arqui-

558 613 691 652 voca
727 613 854 652 vero
895 611 1011 665 quae
1054 609 1160 648 uno
1205 592 1420 647 nomine
1465 603 1622 656 sunt,
1652 603 1704 646 et
1733 608 1837 645 non
1870 601 1993 645 sunt
2029 594 2127 645 sub

551 701 656 739 una
689 685 994 740 definitione
1021 683 1332 737 substantia:
1352 722 1368 748 ,
1398 682 1652 751 quidquid
1698 682 1977 735 univocum
2006 692 2089 736 est
2109 723 2123 745 ,

555 788 610 831 ut
639 778 836 830 animal
867 789 1036 845 genus
1063 774 1128 828 ad
1159 789 1282 828 suas
1313 775 1522 842 Species
1563 783 1680 841 est,
1712 777 1761 826 in
1805 774 1889 828 his
1929 789 2124 842 genera

551 870 867 936 speciesque
909 875 1223 920 versantur:
1254 865 1508 934 quidquid
1553 865 1878 932 tequivocutn
1919 874 2038 928 est,
2070 873 2126 918 ut

550 961 716 1022 aries,
749 973 980 1026 namque
1007 957 1156 1026 plura
1191 957 1494 1025 significans
1527 955 1855 1023 {equivocum
1883 964 1965 1008 est
1986 995 2000 1019 ,
2029 955 2121 1008 sed

553 1066 656 1106 non
686 1060 934 1103 censetur
961 1049 1366 1117 participatione
1409 1049 1618 1118 generis
1661 1057 1714 1102 et
1754 1048 1986 1117 speciei,
2017 1062 2120 1100 non

547 1153 626 1199 est
657 1143 708 1197 in
737 1143 816 1196 eis
846 1142 964 1194 talis
996 1140 1347 1208 participatio,
1373 1149 1428 1192 ut
1451 1139 1730 1207 speciebus
1759 1150 1808 1192 et
1840 1138 2123 1206 generibus

546 1245 884 1288 censeantur.
904 1233 1029 1298 Qum
1049 1233 1186 1286 enim
1203 1232 1301 1285 erit
1326 1231 1376 1283 in
1403 1231 1484 1283 his
1505 1229 1711 1297 generis
1725 1229 2123 1298 specieiqneco-

543 1327 728 1394 gnitio,
746 1326 796 1379 in
816 1325 1005 1392 quibus
1023 1323 1331 1376 substantia:
1349 1322 1589 1375 definitio
1602 1332 1758 1388 atque
1779 1321 2117 1389 integerrima

547 1417 679 1470 ratio
699 1417 1028 1485 disgregatur
1049 1413 1072 1466 ?
1094 1413 1168 1466 lta
1190 1427 1316 1481 ergo
1337 1412 1663 1482 Porphyrius
1691 1426 1883 1464 nomen
1907 1410 2120 1479 generis

545 1511 597 1564 in
623 1519 728 1562 tres
750 1508 936 1561 dividit
963 1506 1183 1569 formas,
1215 1504 1308 1558 sed
1333 1514 1386 1558 ut
1408 1505 1698 1572 a'quivoca,
1726 1517 1831 1556 non
1855 1511 1912 1555 ut
1935 1501 2120 1556 univo-

544 1617 601 1655 ca
624 1642 638 1665 ,
687 1600 735 1653 id
769 1607 926 1654 estut
968 1599 1047 1650 ha:
1075 1596 1257 1650 forma:
1281 1609 1386 1648 uno
1415 1594 1628 1663 quidem
1664 1597 1873 1663 generis
1904 1594 2119 1647 nomine

542 1694 932 1755 contineantur,
969 1691 1049 1742 sui
1083 1699 1258 1742 autem
1294 1687 1618 1756 proprietate
1658 1687 1960 1756 disgregata
2002 1685 2115 1739 dis-

543 1785 811 1838 sentiant:
845 1793 898 1835 et
928 1781 1026 1834 hoc
1057 1779 1216 1833 modo
1258 1778 1383 1831 illud
1425 1779 1475 1830 in
1521 1786 1628 1830 tres
1667 1777 1855 1830 dividit
1896 1784 2074 1845 partes
2097 1815 2110 1838 ,
2145 1763 2188 1821 Β

543 1886 600 1930 ut
627 1876 765 1929 dicat
793 1871 971 1926 vocari
1002 1871 1167 1926 semel
1197 1885 1362 1940 genus
1393 1885 1575 1924 eorum
1610 1869 1745 1922 inter
1773 1884 1831 1923 se
1865 1869 2115 1936 plurimo-

542 1980 766 2034 rumque
792 1964 1038 2018 collectio
1059 2005 1072 2027 ,
1100 1962 1185 2030 qui
1217 1961 1284 2014 ab
1313 1975 1417 2014 uno
1444 1974 1761 2030 quocunque
1796 1974 1987 2012 nomen
2019 1975 2111 2027 ge-

543 2059 686 2113 neris
732 2056 980 2120 trahunt,
1016 2063 1071 2107 ut
1113 2051 1337 2107 Romani
1376 2046 1404 2106 ἐι
1445 2052 1672 2106 Romulo
1713 2051 1985 2106 trahentes
2024 2065 2116 2120 ge-

545 2163 645 2203 nus
666 2191 678 2213 ,
712 2164 774 2202 ex
808 2149 994 2202 eodem
1026 2161 1222 2215 genere
1249 2159 1369 2198 esse
1399 2145 1668 2198 dicuntur.
1714 2142 1961 2198 Secundo
1987 2157 2115 2196 vero

542 2241 660 2295 loco
685 2239 789 2294 dici
818 2253 984 2308 genus
1015 2238 1276 2301 affirmat,
1309 2236 1725 2305 uniuscujusque
1757 2235 2114 2305 generationis

539 2333 858 2403 principium
879 2373 892 2395 ,
925 2343 1012 2384 aut
1045 2346 1070 2382 a
1103 2338 1390 2398 generante
1412 2369 1425 2392 ,
1460 2338 1549 2381 aut
1575 2343 1606 2381 a
1636 2328 1754 2381 loco
1780 2327 1831 2380 in
1863 2341 1968 2396 quo
1996 2327 2116 2394 quis

541 2429 752 2498 genitus
780 2436 894 2490 est,
929 2437 984 2478 ut
1023 2423 1246 2479 A'ineam
1290 2425 1354 2477 ab
1400 2424 1630 2477 Anchise
1670 2434 1723 2475 et
1765 2437 1959 2491 genere
1987 2423 2114 2474 dici-

541 2535 659 2573 mus
689 2533 806 2574 esse
837 2518 1144 2583 Trojanum.
1171 2516 1406 2569 Tertium
1436 2531 1561 2569 vero
1583 2531 1749 2583 genus
1771 2515 1963 2567 dicitur
1988 2513 2112 2567 illud

542 2610 626 2663 cui
668 2609 876 2677 species
919 2622 998 2668 su,
1025 2607 1256 2674 ponitur.
1307 2607 1606 2659 Victorinus
1646 2620 1773 2658 vero
1816 2605 1920 2658 duo
1958 2619 2117 2670 supe-

543 2699 683 2754 riora
713 2714 906 2767 genera
941 2699 992 2751 in
1026 2713 1188 2750 unum
1233 2696 1443 2763 redigit.
1488 2695 1618 2748 Nam
1664 2704 1718 2748 et
1764 2695 2116 2748 multitudinis

541 2787 938 2859 congruentiam
991 2789 1129 2840 in'er
1157 2801 1214 2841 se
1247 2802 1339 2853 per
1368 2785 1611 2839 eamdem
1657 2785 1870 2854 generis
1917 2799 2117 2838 nuncu-

543 2881 809 2951 pationem
833 2917 848 2942 ,
881 2887 935 2932 et
965 2891 1419 2946 quorumcumque
1447 2890 1475 2929 a
1507 2889 1703 2944 genere
1737 2875 1930 2929 lineam
1962 2884 2014 2929 et
2042 2876 2118 2930 lo-

542 2987 660 3026 cum
693 2972 744 3024 in
773 2985 877 3040 quo
903 2969 1020 3038 quis
1060 2980 1213 3024 natus
1259 2978 1340 3022 est
1381 2982 1489 3022 uno
1530 2969 1741 3038 generis
1783 2968 2039 3022 vocabulo
2064 2976 2117 3022 et

542 3064 914 3134 designatione
953 3077 1072 3116 esse
1099 3045 1354 3116 declarat.
1398 3063 1558 3116 Addit
1597 3070 1772 3116 autem
1818 3063 1929 3132 ipse
1973 3063 2112 3130 quod

542 3159 640 3213 soli
672 3159 872 3212 Latina:
902 3157 1098 3226 lingua:
1124 3171 1421 3225 congruere
1453 3156 1658 3226 possit:
1690 3155 1823 3209 dicit
1853 3157 1992 3210 enim
2023 3171 2113 3211 se-

542 3252 722 3317 cundo,
756 3251 916 3306 modo
956 3266 1120 3320 genus
1150 3250 1254 3304 dici
1277 3290 1292 3314 ,
1323 3258 1380 3303 ut
1407 3259 1487 3304 est
1523 3265 1689 3318 genus
1734 3265 1909 3304 causa:
1951 3248 2118 3303 hone-

542 3351 682 3397 stum
707 3359 718 3393 :
745 3357 863 3410 qua:
894 3355 1088 3410 genera
1117 3353 1400 3394 causarum
1425 3339 1597 3394 ϐιωεί
1628 3340 1677 3391 in
1710 3339 1973 3393 rhetorica
2002 3347 2116 3392 arte

541 3448 734 3502 genera
761 3446 878 3487 esse
907 3447 1008 3486 non
1040 3440 1258 3500 putant,
1291 3431 1385 3486 sed
1417 3437 1672 3503 σχήματα
1697 3442 1923 3496 vocant,
1953 3431 2004 3485 id
2037 3440 2117 3486 est

542 3527 756 3596 figuras.
785 3524 993 3580 Genera
1016 3532 1193 3578 autem
1217 3525 1327 3578 sola
1352 3525 1662 3595 principalia
1687 3523 1991 3590 accipiunt,
2018 3525 2113 3579 de—

543 3622 976 3685 monstrativum,
1007 3619 1413 3674 deliberativum
1444 3628 1497 3673 et
1533 3618 1806 3687 judiciale.
1833 3617 1962 3684 Quae
2004 3617 2114 3686 ipsa

543 3710 647 3770 εἴδη
677 3710 973 3765 rhetorices
1002 3720 1228 3777 vocant,
1257 3711 1307 3764 id
1340 3720 1419 3765 est
1450 3711 1656 3778 species
1688 3708 2002 3773 rhetoricze,
2035 3723 2117 3778 ge-

545 3816 670 3876 nera
700 3815 827 3856 vero
852 3816 1130 3855 causarum
1163 3817 1260 3854 nos
1297 3802 1542 3856 dicimus.
1574 3801 1813 3855 Tertium
1858 3815 1984 3854 vero
2027 3815 2116 3867 ge-

547 3907 646 3946 nus
673 3900 755 3946 est
784 3891 834 3945 id
865 3892 1004 3961 quod
1048 3891 1372 3961 Porphyrius
1413 3893 1598 3960 ponit,
1649 3891 1698 3945 id
1747 3901 1828 3946 εει
1868 3891 1965 3945 sub
2010 3905 2116 3959 quo

544 3981 857 4036 differentiis
886 3983 1181 4036 distributa:
1205 3983 1413 4049 species
1439 3991 1827 4051 supponuntur.
1857 3982 1960 4035 Sed
1986 3997 2117 4049 quo-

546 4076 690 4129 niam
717 4074 785 4128 de
817 4075 971 4128 tertio
1001 4089 1194 4142 genere
1220 4081 1542 4128 tractaturus
1570 4082 1651 4127 est
1673 4113 1685 4133 .
1719 4073 1971 4126 Victorini
2006 4073 2117 4124 cul-

545 4181 688 4234 pam,
720 4165 824 4233 vel,
857 4166 899 4218 si
932 4167 1002 4218 ita
1029 4165 1305 4231 contingit,
1339 4163 1763 4218 emendationem
1794 4163 1926 4229 azqui
1962 4162 2116 4214 boni-

545 4269 647 4323 que
675 4253 953 4308 faciamus.
1001 4254 1150 4307 Nunc
1180 4269 1306 4324 ergo
1346 4253 1411 4307 ad
1443 4254 1678 4322 priorem
1721 4253 1856 4321 apud
1889 4251 2117 4305 Victori-

548 4359 675 4397 num
705 4344 917 4412 generis
947 4343 1389 4411 significationem
1431 4353 1784 4404 revertamur,
1825 4351 1878 4396 et
1919 4342 2033 4410 ejus
2062 4351 2117 4395 ut

543 4438 669 4484 sunt
687 4432 845 4485 verba
868 4431 1144 4485 enodanda
1167 4442 1323 4500 atque
1343 4430 1673 4500 explananda
1696 4445 1989 4484 sumamus.
2015 4429 2118 4484 Ge-

544 4533 642 4574 nus
660 4534 908 4589 namque,
927 4519 1112 4588 inquit,
1135 4519 1326 4573 dicitur
1351 4519 1698 4588 quorumdam
1722 4517 1785 4570 ad
1810 4533 1866 4571 se
1896 4519 2119 4572 invicem

545 4617 598 4661 et
625 4607 690 4660 ad
719 4608 947 4677 aliquem
980 4609 1374 4676 quodammodo
1402 4625 1459 4662 se
1501 4609 1810 4661 habentium
1842 4608 2115 4664 collectio.

545 4696 640 4750 llic
669 4711 796 4764 ergo
826 4705 1107 4765 utrumque
1136 4698 1480 4764 monstravit,
1507 4707 1559 4752 et
1583 4700 1955 4766 cognationem
1983 4701 2121 4755 inter

545 4800 602 4840 se
634 4785 984 4840 multitudinis
1015 4793 1069 4839 et
1099 4786 1254 4840 linea:
1285 4787 1517 4839 ductum.
1552 4788 1682 4840 Nam
1712 4804 1832 4842 cum
1866 4789 1992 4843 dicit
2029 4806 2122 4859 ge-

547 4888 645 4928 nus
684 4874 1034 4944 quorumdam
1079 4874 1449 4929 collectionem
1493 4874 1557 4926 ad
1601 4889 1658 4928 se
1709 4877 1936 4931 invicem
1983 4894 2120 4945 quo-

545 4962 830 5016 dammodo
858 4962 1164 5017 habentium
1187 5003 1202 5027 ,
1234 4961 1283 5015 id
1314 4968 1395 5014 est
1424 4961 1597 5030 aliqua
1641 4963 1778 5015 inter
1820 4980 1877 5018 se
1919 4982 2120 5034 cogna-

548 5054 688 5106 tione
711 5050 1016 5119 junctorum
1036 5091 1053 5117 ,
1077 5051 1420 5122 cognationes
1455 5038 1714 5104 monstrat
1739 5069 1753 5104 :
1782 5062 1835 5106 et
1861 5056 2000 5122 quod
2027 5058 2121 5112 ad-

548 5142 681 5196 didit
702 5184 716 5206 ,
741 5154 794 5198 et
815 5145 879 5198 ad
904 5143 1132 5213 aliquem
1156 5184 1170 5208 ,
1193 5141 1406 5212 generis
1432 5141 1624 5196 lineam
1648 5143 1936 5213 signiﬁcat,
1963 5163 2121 5217 quam

547 5230 739 5299 singuli
777 5234 1186 5300 contingentes,
1225 5237 1280 5284 et
1308 5230 1374 5283 ad
1409 5246 1570 5285 unum
1601 5247 1720 5288 sese
1749 5234 1915 5304 ipsius
1956 5255 2120 5309 gene-

549 5326 770 5379 rationis
795 5325 1148 5394 applicatione
1188 5325 1476 5392 jungentes
1498 5366 1514 5392 ,
1548 5327 1724 5395 plures
1755 5344 1819 5384 ex
1847 5333 2031 5388 eadem
2062 5336 2124 5389 li-

549 5429 646 5468 nea
674 5416 841 5482 juncti
869 5423 1027 5483 atque
1048 5415 1257 5482 cognati
1285 5425 1442 5481 sunt,
1467 5425 1523 5470 ut
1547 5419 1616 5472 sit
1639 5419 1724 5474 hic
1747 5421 1917 5477 ordo:
1941 5424 2122 5481 Genus

548 5505 739 5560 dicitur
768 5503 1119 5574 quorumdam
1150 5504 1399 5560 collectio
1424 5508 1490 5563 ad
1518 5523 1576 5564 se
1605 5510 1832 5566 invicem
1865 5515 2123 5583 quodam-

553 5597 715 5650 modo
745 5603 799 5649 et
825 5594 888 5647 ad
925 5592 1156 5662 aliquem
1189 5593 1535 5665 habentium,
1579 5600 1630 5654 ld
1670 5609 1753 5656 est
1792 5603 1856 5656 ad
1901 5605 2123 5676 alicujus

552 5684 743 5739 lineam
777 5698 868 5752 per
898 5697 1066 5750 genus
1087 5684 1531 5758 contingentium,
1551 5701 1608 5745 ut
1636 5705 1729 5760 per
1753 5692 2120 5754 colleCtionem

2230 501 2514 557 dammodo
2566 507 2628 558 ad
2684 508 2912 576 aliquem
2963 511 3307 582 colligatam,
3357 518 3548 573 lineam
3597 501 3804 591 generis

2229 593 2552 663 duetumque
2594 598 2858 666 designet.
2901 600 3158 670 Sequitur
3199 621 3361 673 ergo,
3404 620 3454 661 et
3500 611 3550 664 id
3602 614 3801 679 planius

2229 683 2565 754 lucidiusque
2593 687 2889 756 significat,
2924 707 3042 744 eum
3075 693 3200 748 dicit
3227 714 3237 746 :
3275 697 3473 752 Dicitur
3502 717 3680 753 rurSus
3710 718 3803 768 ge—

2228 791 2328 829 nus
2357 783 2719 848 cujuscunque
2748 783 3109 850 generationis
3139 787 3477 856 principium,
3505 802 3592 841 aut
3641 808 3671 843 a
3711 808 3801 859 ge-

2227 877 2467 930 nerante,
2488 879 2574 922 aut
2598 870 2664 922 ab
2694 887 2757 924 eo
2777 873 2893 924 loco
2918 873 2969 926 in
2997 890 3103 943 quo
3130 877 3248 944 quis
3279 879 3489 945 geni'us
3517 882 3693 933 εει.Ιά
3725 882 3798 950 ip-

2225 972 2342 1011 sum
2378 959 2536 1013 latius
2566 962 2780 1029 expedit
2810 964 2951 1031 quod
2983 966 3230 1032 superius
3258 969 3367 1020 stri.
3390 979 3441 1020 to
3469 980 3522 1023 ει
3551 980 3797 1024 εεηιιιοεο

2226 1049 2503 1104 brevitatis
2531 1052 2746 1106 vinculo
2775 1055 2878 1107 coll
2904 1065 3143 1122 gaverat.
3173 1057 3309 1110 Dicit
3336 1062 3479 1113 enim
3508 1077 3690 1115 rursus
3709 1078 3800 1131 ge-

2224 1156 2323 1195 nus
2351 1143 2454 1196 dici
2477 1185 2490 1209 ,
2522 1153 2613 1196 aut
2643 1160 2669 1195 a
2703 1148 3048 1211 generatione
3069 1191 3083 1214 ,
3120 1148 3169 1202 id
3201 1161 3280 1203 est
3309 1165 3336 1202 a
3364 1167 3468 1216 quo
3504 1154 3621 1220 quis
3650 1157 3800 1222 geni-

2226 1242 2312 1288 tus
2337 1242 2452 1300 est,
2491 1245 2581 1288 aut
2621 1237 2688 1289 ab
2726 1251 2790 1289 co
2835 1237 2951 1290 loco
3000 1238 3051 1291 in
3081 1255 3187 1306 quo
3216 1241 3333 1308 quis
3372 1252 3524 1296 natus
3554 1254 3657 1299 est.
3691 1245 3800 1299 Sed

2223 1339 2410 1379 rursus
2439 1327 2696 1395 particula
2716 1367 2729 1388 ,
2754 1329 2797 1380 si
2827 1328 2890 1381 ad
2923 1328 3023 1382 hoc
3046 1340 3411 1396 connectatur,
3440 1333 3578 1401 quod
3605 1335 3678 1387 ait
3706 1346 3797 1388 aut

2222 1417 2288 1470 ab
2317 1431 2383 1472 eo
2412 1418 2464 1470 in
2498 1433 2602 1486 quo
2636 1417 2758 1487 quis
2787 1419 2999 1486 genitus
3038 1431 3115 1475 est
3137 1462 3152 1488 ,
3192 1422 3491 1478 intellectus
3529 1440 3632 1478 non
3672 1426 3796 1479 titu-

2223 1507 2343 1568 bat,
2377 1519 2433 1562 ut
2462 1510 2532 1564 sit
2563 1510 2720 1564 ordo.
2756 1510 2957 1564 Dicitur
2996 1527 3165 1580 genus
3206 1514 3618 1584 uniuscujusque
3658 1518 3797 1571 nati-

2220 1599 2404 1652 vitatis
2436 1600 2757 1668 principium
2783 1641 2796 1665 ,
2832 1611 2923 1655 aut
2957 1617 2985 1654 a
3017 1613 3333 1670 generante,
3376 1615 3466 1659 aut
3503 1621 3687 1661 rursus
3725 1609 3793 1659 ah

2218 1705 2283 1744 eo
2312 1691 2431 1744 loco
2468 1693 2518 1744 in
2546 1708 2649 1760 quo
2680 1694 2796 1761 quis
2828 1693 3035 1763 genitus
3063 1703 3178 1759 est,
3208 1696 3289 1748 vel
3334 1706 3478 1750 certe
3521 1699 3624 1752 erit
3665 1698 3794 1751 sim-

2219 1781 2411 1849 plicior
2441 1783 2735 1851 expositio,
2760 1785 2804 1836 si
2837 1785 3062 1852 priorem
3092 1786 3302 1854 generis
3327 1787 3794 1856 significationem,

2218 1871 2268 1925 id
2303 1881 2388 1925 est
2426 1874 2780 1942 quorumdam
2811 1875 2874 1928 ad
2903 1874 3134 1944 aliquem
3176 1877 3565 1945 quodammodo
3604 1893 3662 1931 se
3701 1879 3791 1931 ha-

2217 1964 2454 2018 bentium
2487 1966 2826 2021 collationem
2853 2009 2866 2032 ,
2897 1969 2960 2021 ad
3000 1969 3164 2022 solius
3203 1971 3569 2037 cognationem
3615 1971 3792 2022 multi-

2218 2057 2414 2110 tudinis
2445 2059 2773 2127 accipiamus
2806 2078 2816 2111 :
2857 2061 3011 2115 line-.c
3040 2075 3167 2114 vero
3215 2062 3428 2114 ductum
3474 2071 3526 2114 et
3558 2062 3656 2114 loei
3701 2075 3792 2126 ge-

2217 2152 2547 2204 nerationem
2592 2152 2645 2205 in
2692 2152 2929 2206 inferiori
2969 2152 3355 2221 significatione
3395 2152 3672 2215 distribui,
3720 2153 3788 2205 ita

2218 2249 2393 2294 tamen
2421 2251 2477 2295 ut
2503 2257 2606 2295 una
2637 2243 3031 2311 quodammodo
3056 2244 3264 2311 generis
3289 2242 3707 2312 signiﬁcatione,
3740 2251 3792 2294 et

2219 2330 2576 2384 multitudinis
2603 2334 2979 2401 cognationem
3003 2374 3016 2397 ,
3042 2343 3093 2387 et
3116 2347 3142 2384 a
3167 2342 3454 2402 generante
3482 2333 3675 2386 lineam
3698 2371 3714 2396 ,
3739 2343 3792 2387 et

2218 2421 2318 2474 loci
2358 2422 2690 2476 nativitatem
2733 2425 3017 2490 signiticet.
3051 2423 3173 2476 llmc
3202 2425 3342 2477 enim
3375 2424 3550 2477 omnia
3583 2424 3650 2478 de
3679 2426 3790 2478 sola

2217 2513 2504 2580 cujuslibet
2535 2515 2897 2568 nominatione
2928 2523 3238 2568 tractantur.
3268 2517 3443 2581 Quare
3473 2530 3575 2568 non
3605 2517 3793 2569 absur-

2220 2606 2346 2660 dum
2391 2616 2473 2658 est
2513 2606 2691 2658 omnia
2739 2621 2858 2674 quzc
2889 2606 2952 2658 ad
2983 2617 3164 2659 ortum
3197 2605 3480 2675 genitalem
3511 2606 3791 2674 cujuslibet

2224 2710 2256 2763 p
2293 2696 2528 2749 rtineant
2559 2710 2660 2749 una
2690 2695 3082 2763 significatione
3113 2697 3324 2764 generis
3354 2697 3634 2750 contineri.
3662 2695 3791 2748 I‘ro-

2223 2788 2339 2854 prie
2366 2799 2539 2840 tamen
2567 2798 2617 2840 et
2647 2787 3061 2856 simplicissimzc
3085 2787 3433 2855 expositionis
3458 2797 3539 2839 est
3566 2795 3792 2854 quatuor

2219 2879 2635 2946 significationes
2684 2880 2897 2947 generis
2938 2879 3278 2932 constituisse
3323 2878 3687 2944 Victorinum,
3735 2891 3791 2934 ut

2221 2968 2284 3020 ad
2311 2978 2417 3021 tres
2451 2969 2725 3037 Porphyrii
2759 2984 2914 3021 unam
2947 2969 3059 3036 ipse
3089 2967 3394 3032 addiderit,
3423 2982 3471 3022 et
3510 2969 3793 3022 honestum

2223 3075 2394 3128 genus
2425 3075 2597 3113 causm
2619 3102 2632 3124 ,
2667 3068 2721 3112 ut
2751 3061 2856 3113 sint
2882 3059 3094 3127 generis
3141 3058 3223 3112 hae
3265 3067 3491 3128 quatuor
3528 3059 3789 3128 significa-

2225 3152 2396 3204 tiones
2418 3193 2430 3213 ,
2465 3149 2818 3203 multitudinis
2846 3153 3095 3218 cognato
3115 3190 3129 3214 ,
3161 3150 3316 3203 linea:
3355 3149 3545 3203 ductus
3565 3190 3578 3213 ,
3626 3164 3792 3219 genus

2221 3257 2396 3296 causa:
2419 3285 2431 3305 ,
2465 3257 2632 3311 genus
2679 3241 3003 3309 specierum.
3047 3241 3302 3310 Seqttitur
3328 3241 3557 3294 secunda
3583 3239 3792 3310 generis

2220 3331 2410 3385 d.visio
2450 3329 2587 3399 apud
2619 3330 2980 3397 Victorinum,
3027 3339 3087 3384 ut
3127 3339 3209 3385 est
3249 3345 3416 3400 genus
3461 3346 3635 3384 causae
3676 3345 3792 3398 qua:

2220 3423 2392 3478 Graeci
2424 3422 2514 3492 (ut
2543 3422 2742 3476 dictum
2776 3422 2890 3490 est)
2921 3437 3023 3474 non
3053 3436 3246 3490 genera
3287 3422 3378 3475 sed
3423 3430 3673 3491 σχήματα
3700 3435 3794 3473 vo-

2219 3522 2364 3566 cant.
2395 3511 2588 3566 Tertiae
2617 3527 2746 3566 vero
2789 3511 3188 3581 significationis
3226 3510 3438 3579 generis
3480 3511 3565 3564 hic
3607 3510 3794 3563 modus

2221 3615 2302 3660 est
2322 3643 2336 3668 ,
2367 3620 2534 3675 genus
2565 3604 2667 3658 diei
2699 3605 2783 3659 cui
2820 3606 3138 3673 supponitur
3175 3604 3411 3671 species,
3441 3603 3490 3656 id
3521 3614 3600 3657 est
3629 3617 3794 3674 genus

2225 3698 2356 3752 illud
2392 3713 2419 3751 a
2447 3713 2553 3767 quo
2582 3699 2790 3766 species
2818 3697 3149 3761 derivantur,
3182 3695 3324 3763 quod
3357 3696 3427 3748 ait
3459 3695 3523 3749 ad
3555 3701 3796 3760 superio-

2221 3806 2339 3844 rum
2393 3789 2621 3842 fortasse
2662 3787 3065 3841 similitudinem
3111 3786 3525 3852 wquitatemque
3552 3785 3796 3852 disposi-

2224 3891 2354 3934 tum.
2388 3880 2477 3934 Sic
2508 3880 2651 3932 enim
2683 3892 2852 3947 genus
2881 3877 3158 3944 speciebus
3188 3876 3300 3929 suis
3329 3876 3644 3944 principium
3676 3885 3758 3930 est
3782 3917 3795 3938 ,

2222 3979 2277 4024 ut
2312 3969 2568 4022 Romulus
2600 3969 2682 4021 his
2709 3967 2796 4035 qui
2825 3966 2891 4019 ab
2918 3979 2983 4019 eo
3009 3966 3217 4034 cognati
3249 3974 3370 4018 sunt
3396 3965 3669 4032 junctiqtte
3701 3965 3796 4030 Ro-

2224 4061 2389 4116 mani.
2438 4061 2567 4114 ltem
2610 4058 2799 4112 eodem
2843 4056 3003 4111 modo
3041 4070 3234 4110 nomen
3280 4056 3488 4109 Romuli
3532 4054 3796 4108 Romanos

2223 4166 2410 4206 omnes
2439 4151 2707 4223 continet,
2734 4147 3179 4218 quemadmodum
3207 4147 3422 4201 nomine
3447 4148 3657 4215 generis
3686 4160 3796 4213 Spe-

2221 4243 2332 4296 cies
2372 4243 2736 4296 continentur.
2781 4239 2912 4292 Nam
2958 4238 3096 4292 sicut
3131 4252 3158 4291 a
3198 4236 3441 4290 Dardano
3483 4236 3797 4298 Dardanidte

2224 4336 2414 4404 prioris
2444 4348 2637 4387 nomen
2671 4331 2903 4386 Dardani
2936 4331 2986 4384 in
3023 4345 3144 4384 sese
3182 4330 3326 4398 ipsos
3359 4329 3681 4398 posteriores
3710 4343 3798 4381 ac-

2225 4426 2463 4494 cipiunt:
2497 4427 2566 4477 ita
2607 4438 2660 4478 et
2699 4425 2928 4488 animal,
2959 4439 3115 4486 cum,
3159 4423 3306 4476 verbi
3347 4424 3552 4491 grat'a,
3593 4422 3798 4490 species

2229 4518 2421 4571 habeat
2453 4516 2721 4569 hominem
2751 4523 2910 4582 atque
2947 4529 3172 4583 equum,
3208 4529 3377 4582 equus
3404 4514 3607 4567 scilicet
3642 4523 3797 4582 atque

2228 4609 2388 4662 homo
2420 4607 2668 4660 animalis
2698 4607 2749 4660 in
2780 4622 2837 4660 se
2869 4606 3184 4659 vocabulum
3218 4620 3446 4674 capere,
3474 4613 3532 4658 ut
3558 4605 3798 4659 dicantur

2225 4696 2338 4765 ipsa
2366 4697 2635 4759 animalia,
2662 4712 2764 4749 non
2791 4704 3057 4749 recusant.
3087 4696 3286 4752 Eodem
3319 4697 3476 4764 igitur
3504 4697 3660 4749 modo
3686 4711 3798 4763 spe-

2207 4787 2333 4840 .cies
2364 4788 2463 4841 sub
2492 4788 2784 4855 generibus
2825 4789 3188 4851 continentur,
3221 4787 3664 4854 quemadmodum
3704 4801 3796 4839 co-

2227 4877 2369 4944 gnati
2399 4877 2644 4931 homines
2670 4877 2769 4931 sub
2793 4877 2882 4929 illo
2906 4893 2934 4930 a
2961 4892 3064 4944 quo
3087 4877 3229 4928 illam
3260 4876 3629 4942 cognationem
3664 4874 3800 4927 forte

2229 4976 2527 5020 traxerunt.
2580 4967 2710 5021 Nam
2754 4977 2805 5020 et
2835 4983 3001 5035 genus
3032 4966 3310 5034 speciebus
3339 4964 3651 5033 principium
3683 4973 3796 5027 est,

2226 5066 2278 5111 et
2307 5059 2652 5127 plurimarum
2684 5059 2735 5112 in
2762 5073 2820 5111 se
2848 5058 3146 5124 specierum
3172 5056 3505 5110 collectivum
3535 5062 3635 5107 est.
3665 5054 3798 5107 Rur-

2227 5164 2317 5203 sus
2350 5151 2579 5218 primum
2627 5148 2962 5218 cognationis
2994 5162 3188 5200 nomen
3218 5156 3270 5200 et
3303 5146 3465 5214 ipsius
3493 5160 3609 5214 genu
3632 5145 3798 5199 ratio-

2228 5242 2312 5295 nis
2342 5250 2426 5297 est
2458 5242 2810 5311 principium,
2845 5247 2900 5294 et
2940 5241 2992 5292 in
3031 5239 3170 5292 illius
3209 5239 3378 5293 solius
3419 5237 3674 5292 vocabulo
3719 5237 3798 5290 di-

2229 5331 2455 5386 versitas
2485 5333 2759 5386 hominum
2793 5329 3035 5384 vocabuli
3063 5339 3117 5384 et
3143 5331 3356 5400 generis
3397 5329 3798 5398 participatione

2228 5423 2509 5492 colligitur,
2543 5434 2702 5492 atque
2729 5421 2830 5476 hoc
2856 5428 2938 5476 est
2965 5421 3104 5490 quod
3143 5422 3218 5474 ait
3251 5423 3333 5475 his
3373 5420 3550 5475 verbis
3579 5436 3591 5471 :
3628 5420 3798 5474 Aliter

2228 5514 2420 5568 dicitur
2448 5531 2615 5584 genus
2646 5516 2730 5569 cui
2759 5524 3130 5582 supponuntur
3157 5515 3363 5581 species
3385 5555 3398 5573 .
3427 5514 3574 5582 juxta
3604 5514 3797 5568 simili-

2231 5608 2464 5664 tudinem
2498 5610 2632 5664 forte
2659 5609 2990 5677 superiorum
3019 5607 3340 5676 appellatum
3370 5624 3381 5657 :
3411 5607 3607 5660 etenim
3658 5622 3796 5670 prm-

2230 5697 2425 5770 cipium
2458 5699 2720 5770 quoddam
2750 5709 2832 5755 est
2861 5713 3028 5768 genus
3053 5697 3135 5750 bis
3156 5711 3272 5766 qua:
3299 5696 3397 5750 sub
3422 5697 3535 5764 ipso
3562 5706 3720 5760 sunt,
3747 5704 3796 5750 et
