4106 6336
324 284 386 342 25
1482 275 1547 329 ΙΝ
1590 272 1911 329 PORPIIYR}

2014 273 2029 327 Ι
2071 271 2407 330 DIALOGUS
2445 273 2486 330 Ι.
3512 282 3582 339 Ξῦ

325 402 543 454 videtur
582 394 973 450 multitudinem
1000 392 1276 445 continere
1301 389 1536 443 omnium
1568 402 1686 457 quae
1715 386 1814 439 sub
1842 400 1900 439 se
1928 387 1977 446 Α
2005 385 2246 438 ordinem
2274 386 2485 452 omnia,
2516 395 2571 439 ut
2604 386 2653 439 id
2701 386 2839 455 quod
2876 386 3089 456 eligitur
3115 396 3170 442 et
3215 389 3449 457 rejicitur
3476 393 3579 448 dis.

325 499 471 545 sunt.
505 487 619 542 Sed
641 486 950 542 cautissime
975 492 1056 537 est
1083 481 1317 535 additum
1338 522 1353 547 ,
1385 480 1611 534 videtur.
1655 478 1712 532 Si
1754 478 1897 533 enim
1942 516 1945 517 ν

323 579 451 634 nihil
507 579 625 632 hch
677 577 854 630 omnia
920 574 1215 637 distarent,
1277 586 1379 625 una
1435 569 1757 640 signiﬁcatio
1808 581 1900 639 ge-

324 669 466 723 neris
512 676 692 730 esset,
751 676 805 719 et
841 678 907 719 ea
947 678 1067 733 qua:
1108 663 1159 716 iu
1229 661 1437 732 species
1476 661 1767 735 ,l’unditur,
1846 666 1901 713 et

326 774 529 828 eaquae
572 756 623 809 in
653 756 970 825 cognatione
1000 752 1274 805 dividitur.
1332 751 1438 807 Sed
1480 760 1565 805 est
1606 750 1743 804 inter
1786 748 1901 802 haec

325 863 515 916 genera
555 846 673 899 talis
709 843 1029 906 diversitas,
1070 851 1123 896 et
1152 841 1290 911 quod
1320 855 1514 911 genera
1556 856 1737 893 earum
1779 853 1901 907 spe-

326 941 558 1001 tierum,
598 952 719 1005 quae
753 934 852 988 sub
900 948 958 987 se
1008 934 1205 985 habent
1246 932 1377 986 alias
1416 931 1655 1001 species,
1707 945 1901 999 atquae-

327 1030 404 1085 vis
473 1027 753 1097 speciebus
818 1026 1094 1096 :equaliter
1156 1035 1279 1079 sunt
1337 1038 1553 1092 genera.
1618 1021 1899 1075 Hominem

327 1120 463 1172 enim
508 1128 561 1172 et
602 1131 831 1185 equum,
897 1115 988 1184 qui
1030 1114 1129 1169 sub
1187 1112 1408 1167 animali
1451 1118 1609 1176 sunt,
1653 1116 1898 1163 neutrum

326 1215 517 1260 neutro
560 1218 841 1273 possumus
888 1202 1071 1256 dicere
1122 1202 1306 1271 prius,
1361 1206 1618 1270 quantum
1668 1198 1903 1266 pertinet

327 1296 392 1348 ad
423 1305 654 1362 tempus,
704 1292 1206 1362 inchoationemque
1236 1291 1510 1347 nascendi.
1563 1290 1693 1345 Nam
1725 1290 1769 1344 si
1799 1304 1901 1358 qua

328 1403 416 1441 res
441 1404 544 1441 una
574 1387 645 1440 sit
674 1386 843 1455 prior,
875 1387 1037 1439 altera
1073 1386 1357 1453 posterior,
1383 1394 1435 1439 et
1462 1399 1569 1449 eas
1598 1383 1699 1438 sub
1731 1383 1905 1437 unius-

329 1478 583 1545 cujusque
634 1476 847 1545 generis
902 1475 1115 1528 nomine
1163 1474 1283 1543 quis
1334 1474 1465 1528 velit
1516 1482 1735 1543 aptare,
1797 1485 1902 1525 non

329 1569 543 1637 poterit.
584 1568 770 1622 Genus
800 1566 941 1621 enim
973 1566 1253 1636 speciebus
1292 1566 1403 1620 suis
1441 1566 1714 1635 mqualiler
1732 1579 1908 1634 genus

332 1669 433 1713 est.
487 1658 639 1724 Quod
667 1659 712 1711 si
756 1672 920 1724 genus
958 1656 1237 1725 speciebus
1276 1657 1386 1710 suis
1425 1656 1700 1724 :equalitcr
1740 1670 1906 1725 genus

2002 474 2291 543 tinguatur.
2322 475 2428 529 Sed
2461 474 2547 528 illa
2579 491 2698 545 qua:
2742 478 3034 546 rejicienda
3064 488 3221 549 atque
3252 483 3581 550 explodenda

2000 572 2127 618 sunt
2168 565 2317 633 prius
2365 565 2639 621 dicuntur.
2686 566 2817 621 Illud
2850 583 2977 623 vero
3020 570 3160 637 quod
3213 570 3581 630 disserendum

2001 658 2441 727 tractandumque
2470 659 2678 727 capitur
2725 660 2991 727 posterius
3035 662 3360 726 nominatur,
3396 671 3451 717 ut
3498 665 3582 717 hic

2001 747 2087 803 illa
2130 751 2397 818 posterior
2432 752 2642 818 generis
2688 751 3009 819 signiﬁcatio
3056 754 3226 820 posita
3268 767 3381 822 est,
3425 770 3582 823 quam

2001 840 2368 897 disserendam
2414 850 2730 909 accepturus
2774 842 2918 908 prius
2960 841 3345 907 deﬁniendam,
3383 855 3438 899 et
3472 853 3582 899 ter-

2003 935 2148 989 mino
2168 934 2396 1003 quodam
2427 932 2967 988 circumseribendam
2996 933 3582 1003 demonstrandamque

2001 1024 2259 1090 suscepit.
2304 1023 2489 1078 Omnis
2518 1024 2660 1101 enim
2692 1038 2778 1078 res
2809 1023 2911 1077 nisi
2951 1024 3091 1094 quod
3126 1026 3271 1094 prius
3314 1026 3418 1088 sit,
3458 1041 3581 1080 eon-

2000 1114 2227 1178 stiterit,
2276 1113 2393 1183 ejus
2448 1122 2705 1168 tractatus
2761 1128 2962 1168 vacuus
3011 1113 3170 1167 modo
3203 1114 3583 1182 speculationis

2002 1203 2303 1283 habebitur.
2337 1202 2532 1258 Deﬁuit
2561 1203 2720 1272 igitur
2744 1218 2913 1273 genus
2938 1203 3044 1259 sic:
3077 1202 3255 1257 Genus
3276 1219 3416 1269 esse,
3441 1204 3582 1275 quod

2000 1297 2066 1352 ad
2107 1297 2288 1366 plures
2330 1296 2657 1361 diﬁ‘erentias
2702 1299 2887 1367 specie
2932 1297 3191 1352 distantes
3232 1299 3290 1351 in
3336 1314 3402 1353 eo
3442 1296 3583 1368 quod

2002 1386 2129 1455 quid
2157 1387 2224 1441 sit
2255 1386 2605 1455 praedicatur,
2627 1388 2773 1441 velut
2800 1386 3027 1451 animal,
3049 1402 3167 1454 quae
3186 1372 3437 1440 difﬁnitio
3462 1388 3583 1441 talis

2003 1487 2122 1531 est:
2150 1478 2338 1532 Omnia
2378 1492 2497 1547 quae
2539 1478 2765 1544 distant,
2810 1476 3008 1531 habent
3047 1476 3183 1531 inter
3214 1491 3272 1547 se
3300 1477 3583 1546 quamdam

2004 1566 2358 1623 dill'erentiam
2403 1582 2506 1638 qua
2546 1570 2745 1623 distare
2774 1577 2830 1623 et
2859 1568 3078 1622 diﬁ'erre
3108 1566 3377 1621 videntur.
3416 1567 3584 1621 Porro

2008 1669 2184 1713 autem
2210 1658 2256 1713 si
2283 1660 2423 1730 quod
2450 1661 2519 1714 sit
2546 1674 2732 1730 genus,
2764 1670 2821 1714 et
2857 1660 2955 1713 sub
2979 1674 3042 1714 eo
3072 1661 3282 1728 species
3312 1674 3582 1728 suppona-

331 1758 443 1813 est,
475 1748 685 1818 species
711 1748 839 1816 ipsa!
867 1747 981 1815 ejus
1011 1747 1217 1801 ordinis
1255 1746 1397 1802 inter
1435 1760 1495 1801 se
1534 1746 1723 1816 aequali
1765 1754 1902 1800 tem-
1933 1742 1980 1803 Β
2009 1758 2115 1817 tur,
2145 1749 2275 1805 duas
2311 1750 2395 1805 vel
2441 1751 2624 1820 plures
2670 1764 2891 1805 necesse
2934 1759 3016 1804 est
3060 1750 3267 1819 species
3317 1749 3438 1818 poni
3487 1749 3585 1805 sub

331 1854 459 1911 pore
488 1850 717 1908 ortuque
742 1847 1050 1892 censentur.
1092 1838 1161 1891 At
1202 1853 1330 1891 vero
1366 1837 1419 1891 in
1458 1837 1743 1906 generibus
1781 1851 1900 1906 qua:

332 1931 676 1999 cognationes
704 1927 941 1983 efﬁciunt
972 1945 1077 1982 non
1106 1930 1174 1982 ita
1203 1938 1307 1982 est.
1352 1928 1601 1997 Quisquis
1630 1927 1772 1982 enim
1804 1924 1902 1981 fuit

332 2023 491 2091 Capis
518 2031 689 2091 pater,
723 2023 809 2091 qui
839 2021 1071 2090 Capuam
1119 2020 1390 2089 condidit,
1423 2020 1467 2074 si
1513 2019 1686 2073 solum
1735 2018 1901 2071 ﬁlium

337 2113 522 2182 Capim
567 2112 878 2185 progenuit,
924 2121 977 2165 et
1020 2112 1086 2165 ab
1126 2125 1191 2166 eo
1235 2124 1343 2165 uno
1397 2109 1770 2179 Capuanorum
1811 2122 1905 2163 co-

333 2207 515 2277 gnatio
570 2206 881 2275 junctioque
936 2204 1205 2269 manavit,
1247 2204 1409 2258 distat
1438 2217 1465 2255 a
1513 2217 1713 2272 genere
1754 2205 1905 2269 cujus

333 2296 541 2364 species
569 2302 965 2365 supponuntur,
994 2293 1135 2364 quod
1167 2308 1336 2363 genus
1378 2286 1467 2347 uni
1504 2293 1701 2362 speciei
1737 2305 1906 2361 genus

335 2400 457 2441 esse
484 2401 769 2454 numquam
801 2395 973 2453 potest
996 2384 1117 2439 nisi
1157 2385 1431 2453 pluribus,
1473 2383 1613 2453 quod
1656 2382 1905 2452 quoniam

338 2485 422 2530 est
451 2476 700 2531 idoneum
730 2491 898 2546 genus
927 2475 1090 2542 illud,
1132 2476 1185 2528 id
1227 2484 1307 2529 est
1351 2475 1671 2544 principium
1715 2489 1909 2543 cogna-

337 2567 535 2621 tionum
558 2569 719 2622 etiam
744 2568 810 2621 ab
832 2582 938 2621 uno
970 2567 1080 2620 ﬁlio
1108 2567 1360 2636 colligere
1388 2576 1442 2619 et
1468 2581 1792 2636 congregare
1818 2581 1909 2620 eo-

339 2660 681 2728 gnationem,
713 2659 852 2729 quod
879 2675 1046 2729 genus
1089 2674 1183 2728 per
1224 2660 1432 2729 species
1472 2658 1690 2712 ductum
1737 2660 1909 2714 facere

337 2766 441 2805 non
473 2759 683 2819 potest,
716 2752 817 2805 nisi
864 2752 1040 2820 plures
1084 2752 1294 2821 species
1333 2760 1719 2819 supponantur.
1765 2750 1909 2804 Cou-

333 2850 441 2896 stat
467 2841 521 2895 in
552 2840 653 2895 hoc
678 2842 877 2896 distare
904 2855 1070 2910 genus
1100 2843 1238 2910 qnoJ
1268 2840 1641 2909 cognationem
1672 2839 1908 2908 colligit,

336 2942 385 2988 et
413 2948 444 2987 a
474 2948 580 3003 quo
609 2935 815 3002 species
849 2935 1177 2989 dividuntur.
1216 2934 1397 2988 Potest
1426 2943 1603 2987 autem
1629 2934 1829 2988 distare
1859 2935 1910 2987 in

336 3024 437 3079 hoc
464 3025 622 3079 etiam
658 3026 799 3094 quod
829 3041 1017 3095 genus,
1049 3026 1098 3079 id
1129 3034 1213 3080 est
1235 3026 1550 3095 principium
1581 3026 1911 3095 cognationis

2001 1856 2217 1912 genere,
2249 1843 2498 1910 quoniam
2541 1842 2699 1897 unius
2739 1842 2936 1909 sreciei
2980 1855 3147 1911 genus
3187 1856 3305 1896 esse
3345 1856 3449 1895 non
3492 1856 3585 1909 po-

2005 1941 2127 1987 test.
2174 1931 2279 1989 Sed
2324 1933 2369 1986 si
2414 1933 2656 2002 plurimae
2684 1932 2893 2001 species
2923 1941 3111 1998 erunt,
3139 1931 3311 2000 aliqua
3362 1944 3584 1985 necesse

2004 2033 2087 2079 est
2135 2023 2429 2079 dill'erentia
2484 2023 2807 2089 dividantur,
2847 2024 3003 2077 aliter
3046 2024 3189 2076 enim
3239 2023 3416 2091 plures
3468 2035 3586 2075 esse

2005 2130 2110 2169 non
2142 2125 2384 2184 possunt.
2412 2114 2542 2169 Nam
2586 2113 2632 2169 si
2663 2115 2794 2168 nihil
2825 2114 3054 2177 distent,
3089 2129 3192 2168 non
3222 2121 3379 2167 erunt
3407 2113 3587 2179 plures

2006 2205 2230 2272 species,
2261 2215 2315 2260 et
2346 2220 2537 2259 nomen
2567 2205 2778 2274 generis
2818 2205 2976 2272 perit.
3024 2204 3245 2259 Constat
3294 2203 3451 2273 igitur
3491 2216 3585 2255 eas

2006 2297 2106 2351 sub
2132 2312 2330 2366 genere
2357 2298 2477 2364 poni
2520 2297 2748 2366 species,
2774 2312 2892 2366 qua:
2936 2295 3252 2350 differentiis
3283 2294 3588 2349 distributa:

2009 2387 2189 2457 plures
2225 2402 2449 2441 numero
2496 2387 2732 2455 ipsarum
2776 2385 3197 2441 diﬁ‘ere.niarnrn
3231 2384 3587 2439 divisionibus

2008 2477 2414 2549 componantur.
2449 2480 2606 2550 Ergo,
2638 2478 2887 2548 quoniam
2911 2479 3155 2547 superius
3182 2458 3380 2531 dictum
3411 2484 3493 2530 est
3533 2475 3588 2531 in

2014 2573 2261 2626 omnibus
2283 2570 2681 2625 delinitionibus
2716 2584 2744 2623 a
2775 2584 2974 2639 genere
3004 2568 3330 2622 deﬁnitionis
3372 2567 3588 2637 trahen-

2009 2664 2136 2719 dum
2181 2677 2301 2718 esse
2345 2662 2695 2731 principium,
2740 2663 2783 2715 si
2820 2675 2978 2729 quam
3021 2659 3306 2728 cujuslibet
3350 2660 3582 2726 Speciem

2010 2755 2231 2809 delinire
2259 2754 2516 2818 volueris,
2544 2768 2711 2822 genus
2736 2752 2906 2821 primo
2932 2754 3233 2805 necessario
3262 2749 3586 2818 nOminabis,

2012 2853 2065 2898 et
2102 2844 2166 2897 ad
2211 2844 2353 2897 illam
2396 2845 2629 2910 speciem
2678 2856 2837 2909 quam
2876 2840 3101 2903 deﬁnis,
3142 2826 3359 2908 generis
3394 2853 3589 2894 nomen

2013 2940 2160 3007 prius
2186 2936 2413 3006 aptabis.
2464 2934 2531 2988 Et
2563 2934 2661 2987 hoc
2693 2934 2835 2988 illam
2868 2932 3229 3002 principaliter
3268 2931 3404 2985 dicis
3446 2945 3589 2994 esse,

2014 3028 2155 3099 quod
2180 3036 2262 3082 est
2291 3026 2417 3109 illud
2455 3038 2622 3097 genus
2649 3024 2749 3079 sub
2776 3040 2880 3092 quo
2909 3023 3019 3089 ipsa
3068 3024 3274 3091 species
3313 3038 3469 3090 quam
3499 3022 3592 3075 de-

335 3124 511 3183 putest
541 3116 739 3170 habere
766 3116 867 3171 sub
894 3131 952 3171 se
982 3117 1114 3170 duos
1138 3158 1151 3183 ,
1192 3133 1255 3172 ex
1298 3132 1356 3171 se
1397 3132 1501 3170 non
1544 3117 1736 3185 aequali
1777 3125 1910 3171 tem-
1939 3096 1985 3161 C
2016 3096 2252 3173 ﬁuis‘est
2280 3096 2475 3186 posita.
2513 3114 2641 3169 Post
2682 3122 2859 3168 autem
2902 3112 3218 3167 differentiis
3259 3110 3593 3181 propriisque

335 3206 480 3275 poris
521 3206 829 3262 conditione
872 3209 1213 3277 progenitos,
1254 3208 1348 3263 sed
1390 3207 1553 3263 alium
1600 3211 1913 3278 posterioris

310 3307 483 3373 .ortus
506 3337 521 3361 ,
550 3296 708 3350 alium
737 3311 864 3351 vero
889 3296 1119 3352 senioris
1142 3340 1156 3365 ,
1182 3298 1324 3367 quod
1353 3296 1724 3367 in‘generibus
1744 3338 1757 3363 ,
1791 3314 1912 3368 spe-

338 3387 628 3457 ciebusque
674 3404 778 3442 non
824 3390 1095 3443 convenit.
1145 3389 1275 3444 Nam
1318 3393 1410 3461 (ut
1437 3391 1686 3459 superius
1712 3391 1911 3447 dictum

337 3476 458 3548 est)
488 3479 695 3547 species
738 3480 840 3533 nisi
880 3480 980 3533 sibi
1029 3480 1263 3549 :equales
1304 3480 1500 3536 fuerint
1539 3496 1644 3536 non
1683 3484 1909 3548 merito,

338 3571 431 3624 sed
464 3582 649 3625 natura
672 3612 688 3638 ,
720 3573 819 3625 sub
845 3587 1038 3642 genere
1066 3574 1189 3642 poni
1224 3589 1328 3627 non
1359 3585 1598 3644 possunt.
1633 3574 1725 3630 His
1754 3575 1915 3644 igitur

339 3666 603 3734 expeditis
633 3665 874 3735 sequitur

402 3758 575 3811 Toties
615 3759 772 3829 igitur
799 3759 860 3811 de
906 3774 1083 3828 genere
1111 3758 1270 3823 dicto,
1304 3758 1367 3814 de
1397 3768 1659 3827 postrema
1702 3758 1905 3826 signiﬁ-

340 3849 535 3903 catione
582 3849 714 3902 inter
758 3849 1086 3919 philosophos
1131 3850 1411 3919 disputatio
1451 3857 1558 3911 est,
1594 3848 1729 3915 quod
1777 3850 1910 3916 deﬁ-

338 3937 527 3991 nientes
573 3938 646 3990 ita
695 3939 996 3991 declarant:
1028 3938 1198 3992 Genus
1238 3954 1346 3992 esse
1374 3938 1509 4005 quod
1557 3938 1627 3990 ad
1666 3937 1915 4007 plurimas

342 4026 647 4093 dt'ﬂ'erentias
685 4029 848 4098 specie
886 4029 1129 4082 distantes
1166 4031 1217 4083 in
1262 4045 1319 4083 eo
1347 4029 1482 4097 quod
1510 4029 1636 4097 quid
1667 4030 1755 4095 sit,
1784 4044 1916 4097 prte-

342 4116 553 4172 dicetur.

411 4211 562 4276 Quod
605 4209 734 4264 dicit
772 4211 953 4274 toties,
984 4211 1144 4263 tertio
1171 4208 1539 4263 demonstrare
1572 4210 1718 4277 vult,
1750 4216 1919 4278 atque

342 4304 443 4361 hoc
474 4312 689 4373 propter
718 4302 944 4355 lucidam
971 4302 1147 4368 operis
1173 4301 1363 4354 seriem
1392 4300 1678 4352 admissum
1709 4310 1812 4365 est,
1835 4308 1913 4363 ut,

342 4397 589 4467 quoniam
620 4409 787 4464 genus
832 4394 1176 4462 plurimorum
1221 4409 1413 4446 nomen
1445 4402 1554 4457 est,
1597 4394 1771 4446 omnis
1800 4394 1915 4461 ejus

2017 3229 2133 3269 eam
2175 3212 2241 3266 ab
2288 3212 2405 3266 aliis
2451 3210 2947 3279 circumscriptione
2992 3208 3220 3278 quadam
3266 3208 3593 3263 deﬁnitionis

2015 3302 2279 3358 excludis.
2304 3301 2436 3356 Nam
2468 3302 2512 3356 si
2541 3300 2676 3356 dicis
2699 3301 2895 3355 animal
2920 3315 3039 3355 esse
3067 3300 3334 3354 hominem
3354 3340 3369 3364 ,
3398 3299 3595 3354 animal

2015 3408 2184 3463 genus
2210 3402 2322 3458 est,
2352 3392 2562 3462 species
2592 3406 2719 3446 vero
2751 3391 2932 3447 homo.
2971 3392 3173 3445 Nomen
3208 3390 3365 3460 igitur
3391 3390 3595 3443 anima-

2014 3482 2099 3547 lis,
2145 3482 2198 3536 id
2226 3491 2307 3537 est
2344 3482 2556 3550 generis
2586 3481 2653 3535 de
2700 3482 2942 3544 homine,
2984 3480 3033 3534 id
3074 3488 3158 3534 est
3194 3481 3373 3550 specie
3405 3480 3596 3548 praedi—

2014 3574 2178 3639 easti,
2211 3589 2331 3629 cum
2376 3574 2579 3628 dixeris
2621 3573 2895 3627 hominem
2945 3587 3065 3627 esse
3106 3572 3325 3626 animal.
3358 3571 3507 3637 Quod
3550 3571 3595 3623 si

2014 3680 2207 3722 nomen
2238 3664 2447 3733 generis
2477 3664 2529 3717 in
2549 3663 2945 3717 delinitionibus
2982 3662 3047 3719 ad
3079 3678 3235 3717 unam
3260 3646 3489 3732 speciem
3515 3662 3596 3715 di-

2014 3770 2138 3810 cere
2166 3770 2371 3824 posses,
2400 3755 2469 3809 de
2497 3769 2559 3810 ea
2599 3769 2790 3808 nomen
2830 3754 3041 3823 generis
3078 3752 3438 3822 praedicares:
3469 3766 3597 3820 spc-

2015 3848 2125 3901 cies
2154 3856 2337 3916 autem
2368 3855 2423 3901 ut
2456 3861 2560 3900 non
2601 3845 2791 3914 mquali
2820 3844 2979 3898 modo
3008 3844 3297 3912 generibus
3324 3844 3437 3896 suis
3476 3856 3598 3911 spe-

2016 3938 2126 3992 cies
2152 3938 2291 4002 siut,
2316 3938 2447 3990 nihil
2477 3944 2652 4002 vetat,
2678 3936 2783 3989 imo
2823 3936 2981 3990 etiam
3016 3950 3237 3989 necesse
3276 3944 3359 3989 est
3386 3947 3599 4002 semper

2017 4044 2346 4098 quaecunque
2374 4037 2496 4083 sunt
2519 4042 2715 4097 genera
2740 4027 2805 4081 de
2826 4028 2923 4080 sibi
2945 4028 3201 4096 subjectis
3223 4025 3507 4095 speciebus
3544 4024 3600 4078 in

2017 4122 2447 4186 delinitionibus,
2488 4121 2570 4174 vel
2616 4120 2667 4174 in
2714 4119 3042 4189 quibuslibet
3091 4116 3599 4187 interrogationibus

2020 4212 2322 4281 pragdicari.
2344 4212 2449 4267 Sed
2478 4211 2729 4280 quoniam
2763 4209 3080 4278 praedicatur
3110 4224 3278 4278 genus
3300 4208 3367 4263 de
3396 4207 3602 4275 specie-

2019 4304 2139 4363 bus.
2180 4301 2447 4372 quomodo
2478 4300 2796 4369 praedicatur
2824 4302 3223 4366 agnoscendum
3257 4307 3359 4353 est.
3391 4298 3522 4352 Nam
3557 4299 3602 4353 si

2021 4394 2216 4450 dixeris
2261 4394 2389 4464 quid
2419 4403 2501 4448 est
2532 4394 2712 4459 homo,
2745 4402 2798 4447 et
2826 4393 3021 4461 aliquis
3067 4391 3439 4461 responderit,
3482 4390 3603 4443 ani-

343 4456 570 4557 primum
614 4470 933 4555 signiﬁcatio
973 4484 1264 4548 diceretur,
1299 4495 1354 4537 ut
1385 4486 1450 4539 de
1494 4500 1595 4553 qua
1636 4484 1915 4553 d;8ptitan-
1948 4456 1996 4515 υ
2025 4488 2162 4554 mal,
2192 4456 2328 4539 bene
2357 4493 2412 4538 et
2452 4484 2656 4553 integre
2697 4456 3037 4551 respondisse
3080 4456 3308 4546 videtur,
3339 4489 3390 4535 et
3431 4488 3602 4534 certe.

343 4577 465 4631 dum
514 4585 681 4641 esset,
713 4575 832 4627 aliis
863 4575 1093 4642 rejectis,
1143 4576 1450 4643 eligeretur.
1478 4576 1646 4645 Quod
1691 4576 1765 4630 ait
1818 4576 1916 4631 hoc

343 4667 523 4731 modo,
565 4681 687 4720 eum
718 4664 902 4727 toties,
942 4666 991 4718 id
1023 4675 1102 4719 est
1149 4665 1305 4719 tertio
1333 4682 1499 4734 genus
1530 4666 1736 4721 dicatur
1777 4667 1916 4737 apud

346 4754 691 4824 Ihilosophos
720 4756 864 4808 unde
910 4754 1021 4821 ipse
1063 4763 1381 4809 tractaturus
1416 4766 1499 4810 est
1538 4756 1606 4811 de
1648 4768 1918 4826 postrema

345 4832 558 4917 generis
598 4846 985 4916 signiﬁcatione
1012 4862 1167 4915 quam
1198 4846 1364 4910 dixit,
1397 4847 1446 4900 id
1490 4857 1572 4902 est
1612 4848 1677 4901 de
1708 4848 1798 4901 illo
1826 4864 1916 4918 ge-

347 4954 473 4993 nere
495 4938 637 5007 quod
664 4937 762 4991 sub
789 4952 847 4991 se
866 4939 1076 5006 species
1108 4938 1264 4992 habet
1292 4938 1580 5008 disputatio
1608 4941 1915 4995 considera—

349 5032 529 5101 tioque
559 5030 801 5083 vertitur.
820 5030 897 5083 At
920 5045 1043 5084 vero
1069 5029 1137 5083 de
1158 5031 1519 5100 superioribus
1542 5032 1841 5101 generibus,
1863 5031 1916 5086 id

346 5134 428 5177 est
453 5123 519 5177 de
545 5121 859 5191 cognatione
887 5132 937 5176 et
962 5122 1080 5177 loco
1111 5122 1162 5177 in
1190 5139 1295 5191 quo
1316 5124 1433 5193 quis
1458 5126 1670 5193 genitus
1688 5134 1771 5179 est
1788 5166 1803 5192 ,
1827 5135 1919 5180 aut

348 5214 729 5269 historicorum
749 5256 764 5279 ,
793 5223 883 5267 aut
912 5225 1185 5283 poetarum
1213 5218 1542 5285 exspectatio
1571 5228 1676 5283 est,
1699 5218 1922 5275 secundi

352 5321 476 5360 vero
507 5322 661 5376 gener
676 5307 720 5359 is
758 5307 1060 5371 rhetorum,
1096 5307 1237 5362 tertii
1268 5308 1703 5376 philosophorum
1746 5310 1923 5365 consic

348 5399 557 5454 deratio
585 5408 686 5453 est.
717 5399 888 5453 Etiam
938 5399 1024 5453 hic
1066 5399 1119 5453 itt
1165 5400 1614 5468 disputationibus
1650 5401 1783 5456 ordo
1812 5412 1925 5468 est,

351 5491 490 5561 quod
522 5504 644 5544 cum
679 5489 967 5545 inciderint
998 5504 1085 5545 res
1112 5506 1229 5559 qua:
1262 5492 1441 5545 multis
1474 5492 1678 5560 possint
1700 5492 1933 5548 nomini-

355 5582 452 5635 bus
485 5582 803 5649 nuncupari,
830 5590 885 5636 et
911 5581 976 5635 de
1002 5595 1108 5634 uno
1129 5596 1442 5651 quocunque
1466 5598 1647 5638 eorum
1671 5585 1931 5640 vocabulo

355 5673 570 5737 tractari
621 5670 916 5738 disseriqne
964 5686 1186 5726 necesse
1235 5670 1335 5734 sit,
1383 5670 1646 5727 ducuntur
1695 5674 1839 5743 prius
1881 5673 1933 5728 in

2024 4578 2155 4633 Nam
2192 4592 2312 4630 cum
2345 4585 2400 4628 tu
2443 4574 2567 4643 quid
2604 4574 2669 4628 sit
2703 4574 2861 4627 homo
2892 4571 3330 4640 interrogaveris,
3374 4569 3463 4623 ille
3514 4585 3603 4623 re-

2024 4669 2237 4741 spondit
2267 4666 2494 4729 animal,
2536 4680 2701 4734 genus
2743 4665 2949 4719 scilicet
2980 4663 3048 4717 de
3070 4662 3249 4729 specie
3279 4661 3331 4714 in
3363 4674 3428 4714 eo
3458 4658 3602 4730 quod

2024 4759 2151 4830 quid
2180 4760 2249 4811 sit
2284 4755 2493 4825 species
2523 4754 2857 4822 praedicatur.
2891 4753 3023 4806 Nam
3062 4762 3117 4805 tu
3147 4751 3272 4821 quid
3300 4757 3445 4805 εεειτι
3486 4764 3608 4818 spe.

2025 4848 2137 4903 cies
2163 4845 2503 4915 interrogasti
2530 4862 2542 4895 :
2579 4844 2665 4896 ille
2693 4858 2819 4897 vero
2850 4846 2901 4896 in
2941 4858 3006 4897 eo
3036 4843 3175 4911 quod
3206 4841 3330 4910 quid
3367 4842 3437 4896 sit
3482 4856 3607 4908 spe-

2023 4940 2134 4994 cies
2178 4938 2246 4993 de
2294 4952 2395 5007 qua
2445 4934 2822 5003 interrogasti,
2871 4933 3117 4987 animalis
3164 4948 3390 4999 nomen,
3432 4933 3480 4986 id
3530 4946 3610 4995 es:

2024 5046 2191 5102 genus
2211 5027 2653 5084 accommodavit.
2682 5028 2839 5079 Plena
2866 5024 3025 5093 igitur
3048 5034 3099 5080 et
3123 5027 3340 5095 propria
3365 5024 3466 5078 deli
3484 5024 3613 5076 nitio

2027 5124 2163 5179 facta
2191 5132 2273 5178 est
2316 5122 2551 5191 generis,
2584 5119 2685 5174 hoc
2719 5135 2840 5173 esse
2868 5133 3057 5188 genus,
3085 5118 3225 5187 quod
3252 5118 3319 5171 ad
3352 5116 3607 5186 plurimas

2028 5212 2353 5268 diﬁ‘erentias
2379 5211 2558 5279 specie
2588 5209 2847 5261 distantes
2880 5208 2930 5260 in
2960 5222 3025 5262 eo
3055 5208 3196 5276 quod
3241 5207 3367 5277 quid
3412 5204 3480 5256 sit
3522 5218 3614 5270 ap.

2035 5305 2282 5373 pellatur,
2327 5312 2386 5356 ut
2443 5302 2637 5354 animal
2684 5319 2697 5352 ;
2744 5298 2941 5352 animal
2991 5299 3133 5353 enim
3182 5298 3249 5353 ad
3302 5296 3615 5359 hominem,

2036 5412 2232 5468 equum
2250 5437 2265 5459 ,
2297 5396 2484 5450 bovem
2507 5437 2520 5459 ,
2546 5407 2765 5447 corvum
2783 5432 2797 5458 ,
2823 5406 3081 5460 anguem,
3106 5399 3160 5445 et
3185 5390 3286 5442 alia
3317 5388 3465 5457 plura
3495 5402 3616 5454 qua:

2039 5486 2357 5543 dill‘erentiis
2401 5483 2791 5552 specii-basque
2838 5480 3120 5548 dilierunt,
3148 5481 3200 5533 in
3231 5494 3295 5533 eo
3321 5478 3462 5548 quod
3494 5477 3617 5548 quid

2042 5581 2111 5635 sit
2138 5578 2463 5648 appellatur.
2491 5576 2593 5630 Sed
2626 5586 2801 5627 utrum
2839 5576 2913 5628 sic
2945 5574 3073 5627 dixit
3116 5586 3284 5641 genus
3311 5586 3450 5635 esse,
3476 5570 3618 5640 quod

2049 5670 2115 5724 ad
2156 5668 2411 5739 plurimas
2439 5666 2643 5734 Species
2687 5663 2982 5719 diﬁcrentia
3012 5664 3266 5716 distantes
3294 5661 3345 5716 in
3376 5675 3441 5717 eo
3480 5663 3617 5732 quod
