  <div class='ocr_page' id='page_1' title='image "/cluster/home/n/w/nwhite01/storage/ocr_20150623/64/hvd.32044024222309/021.png"; bbox 0 0 4106 6336; ppageno 0'>
   <div class='ocr_carea' id='block_1_1' title="bbox 498 320 2073 397">
    <p class='ocr_par' dir='ltr' id='par_1_1' title="bbox 498 320 2073 395">
     <span class='ocr_line' id='line_1_1' title="bbox 498 320 2073 395; baseline -0.009 -1"><span class='ocrx_word' id='word_1_1' title='bbox 498 320 567 395; x_wconf 66' lang='grc'><strong>97</strong></span> <span class='ocrx_word' id='word_1_2' title='bbox 1737 327 1848 383; x_wconf 73' lang='grc' dir='ltr'><strong>ΑΝ.</strong></span> <span class='ocrx_word' id='word_1_3' title='bbox 1888 324 2073 382; x_wconf 76' lang='lat' dir='ltr'><strong>MANL</strong></span> 
     </span>
    </p>
   </div>
   <div class='ocr_carea' id='block_1_2' title="bbox 2177 320 3803 397">
    <p class='ocr_par' dir='ltr' id='par_1_2' title="bbox 2183 320 3803 397">
     <span class='ocr_line' id='line_1_2' title="bbox 2183 320 3803 397; baseline -0.002 -18"><span class='ocrx_word' id='word_1_4' title='bbox 2183 324 2291 379; x_wconf 77' lang='lat' dir='ltr'><strong>sv.</strong></span> <span class='ocrx_word' id='word_1_5' title='bbox 2335 321 2556 379; x_wconf 73' lang='lat' dir='ltr'><strong>BOEIll</strong></span> <span class='ocrx_word' id='word_1_6' title='bbox 3687 320 3753 376; x_wconf 62' lang='lat'><strong>.58</strong></span> <span class='ocrx_word' id='word_1_7' title='bbox 3790 380 3803 397; x_wconf 60' lang='grc'><em>,</em></span> 
     </span>
    </p>
   </div>
   <div class='ocr_carea' id='block_1_3' title="bbox 444 428 3750 520">
    <p class='ocr_par' dir='ltr' id='par_1_3' title="bbox 444 428 3750 520">
     <span class='ocr_line' id='line_1_3' title="bbox 444 428 3750 520; baseline -0.002 -17"><span class='ocrx_word' id='word_1_8' title='bbox 444 428 447 443; x_wconf 65' lang='grc'><em>’</em></span> <span class='ocrx_word' id='word_1_9' title='bbox 500 448 626 520; x_wconf 91' lang='lat' dir='ltr'><strong>quid</strong></span> <span class='ocrx_word' id='word_1_10' title='bbox 654 449 721 503; x_wconf 90' lang='lat' dir='ltr'><strong>sit</strong></span> <span class='ocrx_word' id='word_1_11' title='bbox 752 446 1091 517; x_wconf 69' lang='lat' dir='ltr'><strong>praedicetur,</strong></span> <span class='ocrx_word' id='word_1_12' title='bbox 1122 458 1187 498; x_wconf 92' lang='lat' dir='ltr'><strong>an</strong></span> <span class='ocrx_word' id='word_1_13' title='bbox 1215 442 1292 497; x_wconf 84' lang='lat' dir='ltr'><strong>sic</strong></span> <span class='ocrx_word' id='word_1_14' title='bbox 1319 439 1452 495; x_wconf 79' lang='lat' dir='ltr'><strong>dixit</strong></span> <span class='ocrx_word' id='word_1_15' title='bbox 1476 452 1645 510; x_wconf 88' lang='lat' dir='ltr'><strong>genus</strong></span> <span class='ocrx_word' id='word_1_16' title='bbox 1668 453 1811 507; x_wconf 85' lang='lat' dir='ltr'><strong>esse,</strong></span> <span class='ocrx_word' id='word_1_17' title='bbox 1834 437 1973 507; x_wconf 89' lang='lat' dir='ltr'><strong>quod</strong></span> <span class='ocrx_word' id='word_1_18' title='bbox 2004 435 2070 491; x_wconf 90' lang='lat' dir='ltr'><strong>ad</strong></span> <span class='ocrx_word' id='word_1_19' title='bbox 2099 436 2154 497; x_wconf 74' lang='grc' dir='ltr'>Α</span> <span class='ocrx_word' id='word_1_20' title='bbox 2177 436 2425 504; x_wconf 89' lang='lat' dir='ltr'><strong>quoniam</strong></span> <span class='ocrx_word' id='word_1_21' title='bbox 2458 446 2509 489; x_wconf 87' lang='lat' dir='ltr'><strong>ct</strong></span> <span class='ocrx_word' id='word_1_22' title='bbox 2542 436 2593 489; x_wconf 92' lang='lat' dir='ltr'><strong>in</strong></span> <span class='ocrx_word' id='word_1_23' title='bbox 2627 434 2792 520; x_wconf 87' lang='lat' dir='ltr'><strong>magis</strong></span> <span class='ocrx_word' id='word_1_24' title='bbox 2830 434 3143 504; x_wconf 78' lang='lat' dir='ltr'><strong>generibus,</strong></span> <span class='ocrx_word' id='word_1_25' title='bbox 3174 444 3229 490; x_wconf 93' lang='lat' dir='ltr'><strong>et</strong></span> <span class='ocrx_word' id='word_1_26' title='bbox 3260 436 3310 491; x_wconf 93' lang='lat' dir='ltr'><strong>in</strong></span> <span class='ocrx_word' id='word_1_27' title='bbox 3338 440 3509 513; x_wconf 78' lang='lat' dir='ltr'><strong>magis</strong></span> <span class='ocrx_word' id='word_1_28' title='bbox 3547 441 3750 509; x_wconf 79' lang='lat' dir='ltr'><strong>specie-</strong></span> 
     </span>
    </p>
   </div>
   <div class='ocr_carea' id='block_1_4' title="bbox 501 531 2071 609">
    <p class='ocr_par' dir='ltr' id='par_1_4' title="bbox 501 531 2071 609">
     <span class='ocr_line' id='line_1_4' title="bbox 501 531 2071 609; baseline -0.005 -19"><span class='ocrx_word' id='word_1_29' title='bbox 501 542 757 609; x_wconf 85' lang='lat' dir='ltr'><strong>plurimas</strong></span> <span class='ocrx_word' id='word_1_30' title='bbox 794 554 961 609; x_wconf 89' lang='lat' dir='ltr'><strong>genus</strong></span> <span class='ocrx_word' id='word_1_31' title='bbox 1010 532 1339 591; x_wconf 80' lang='lat' dir='ltr'><strong>diﬁ&#39;erentias</strong></span> <span class='ocrx_word' id='word_1_32' title='bbox 1379 533 1557 601; x_wconf 87' lang='lat' dir='ltr'><strong>specie</strong></span> <span class='ocrx_word' id='word_1_33' title='bbox 1600 531 1859 586; x_wconf 89' lang='lat' dir='ltr'><strong>distantes</strong></span> <span class='ocrx_word' id='word_1_34' title='bbox 1906 531 1957 582; x_wconf 92' lang='lat' dir='ltr'><strong>in</strong></span> <span class='ocrx_word' id='word_1_35' title='bbox 2006 543 2071 583; x_wconf 92' lang='lat' dir='ltr'><strong>eo</strong></span> 
     </span>
    </p>
   </div>
   <div class='ocr_carea' id='block_1_5' title="bbox 501 616 2073 699">
    <p class='ocr_par' dir='ltr' id='par_1_5' title="bbox 501 616 2073 699">
     <span class='ocr_line' id='line_1_5' title="bbox 501 616 2073 699; baseline -0.006 -18"><span class='ocrx_word' id='word_1_36' title='bbox 501 630 641 699; x_wconf 87' lang='lat' dir='ltr'><strong>quod</strong></span> <span class='ocrx_word' id='word_1_37' title='bbox 671 630 795 698; x_wconf 89' lang='lat' dir='ltr'><strong>quid</strong></span> <span class='ocrx_word' id='word_1_38' title='bbox 838 630 912 683; x_wconf 84' lang='lat' dir='ltr'><strong>sit</strong></span> <span class='ocrx_word' id='word_1_39' title='bbox 948 626 1286 696; x_wconf 66' lang='lat' dir='ltr'><strong>pracdicetur,</strong></span> <span class='ocrx_word' id='word_1_40' title='bbox 1332 624 1460 677; x_wconf 86' lang='lat' dir='ltr'><strong>nihil</strong></span> <span class='ocrx_word' id='word_1_41' title='bbox 1511 623 1750 677; x_wconf 74' lang='lat' dir='ltr'><strong>interest.</strong></span> <span class='ocrx_word' id='word_1_42' title='bbox 1796 620 1925 673; x_wconf 89' lang='lat' dir='ltr'><strong>Nam</strong></span> <span class='ocrx_word' id='word_1_43' title='bbox 1962 616 2073 671; x_wconf 82' lang='lat' dir='ltr'><strong>sive</strong></span> 
     </span>
    </p>
   </div>
   <div class='ocr_carea' id='block_1_6' title="bbox 501 709 2072 787">
    <p class='ocr_par' dir='ltr' id='par_1_6' title="bbox 501 709 2072 787">
     <span class='ocr_line' id='line_1_6' title="bbox 501 709 2072 787; baseline -0.008 -12"><span class='ocrx_word' id='word_1_44' title='bbox 501 719 1032 787; x_wconf 77' lang='lat' dir='ltr'><strong>dill&#39;erentitespecie</strong></span> <span class='ocrx_word' id='word_1_45' title='bbox 1073 717 1303 782; x_wconf 88' lang='lat' dir='ltr'><strong>distettt,</strong></span> <span class='ocrx_word' id='word_1_46' title='bbox 1349 718 1462 770; x_wconf 91' lang='lat' dir='ltr'><strong>sive</strong></span> <span class='ocrx_word' id='word_1_47' title='bbox 1511 714 1719 783; x_wconf 81' lang='lat' dir='ltr'><strong>Species</strong></span> <span class='ocrx_word' id='word_1_48' title='bbox 1763 709 2072 765; x_wconf 84' lang='lat' dir='ltr'><strong>diﬂ&#39;erentiis</strong></span> 
     </span>
    </p>
   </div>
   <div class='ocr_carea' id='block_1_7' title="bbox 503 801 2075 877">
    <p class='ocr_par' dir='ltr' id='par_1_7' title="bbox 503 801 2075 877">
     <span class='ocr_line' id='line_1_7' title="bbox 503 801 2075 877; baseline -0.008 -13"><span class='ocrx_word' id='word_1_49' title='bbox 503 812 727 876; x_wconf 86' lang='lat' dir='ltr'><strong>distent,</strong></span> <span class='ocrx_word' id='word_1_50' title='bbox 763 820 1043 877; x_wconf 91' lang='lat' dir='ltr'><strong>utrumque</strong></span> <span class='ocrx_word' id='word_1_51' title='bbox 1083 808 1220 861; x_wconf 87' lang='lat' dir='ltr'><strong>idem</strong></span> <span class='ocrx_word' id='word_1_52' title='bbox 1252 816 1355 860; x_wconf 87' lang='lat' dir='ltr'><strong>est.</strong></span> <span class='ocrx_word' id='word_1_53' title='bbox 1398 804 1527 859; x_wconf 75' lang='lat' dir='ltr'><strong>Nam</strong></span> <span class='ocrx_word' id='word_1_54' title='bbox 1561 805 1673 857; x_wconf 80' lang='lat' dir='ltr'><strong>sive</strong></span> <span class='ocrx_word' id='word_1_55' title='bbox 1720 801 1980 856; x_wconf 80' lang='lat' dir='ltr'><strong>rationale</strong></span> <span class='ocrx_word' id='word_1_56' title='bbox 2020 807 2075 853; x_wconf 84' lang='lat' dir='ltr'><strong>et</strong></span> 
     </span>
    </p>
   </div>
   <div class='ocr_carea' id='block_1_8' title="bbox 503 890 2071 969">
    <p class='ocr_par' dir='ltr' id='par_1_8' title="bbox 503 890 2071 969">
     <span class='ocr_line' id='line_1_8' title="bbox 503 890 2071 969; baseline -0.008 -16"><span class='ocrx_word' id='word_1_57' title='bbox 503 901 806 955; x_wconf 74' lang='lat' dir='ltr'><strong>irrationale</strong></span> <span class='ocrx_word' id='word_1_58' title='bbox 850 915 965 969; x_wconf 69' lang='lat' dir='ltr'><strong>quae</strong></span> <span class='ocrx_word' id='word_1_59' title='bbox 1013 908 1139 952; x_wconf 90' lang='lat' dir='ltr'><strong>sunt</strong></span> <span class='ocrx_word' id='word_1_60' title='bbox 1188 897 1536 962; x_wconf 64' lang='lat' dir='ltr'><strong>diﬂbrentite,</strong></span> <span class='ocrx_word' id='word_1_61' title='bbox 1583 894 1761 963; x_wconf 87' lang='lat' dir='ltr'><strong>specie</strong></span> <span class='ocrx_word' id='word_1_62' title='bbox 1810 890 2071 953; x_wconf 88' lang='lat' dir='ltr'><strong>hominis,</strong></span> 
     </span>
    </p>
   </div>
   <div class='ocr_carea' id='block_1_9' title="bbox 501 980 2072 1057">
    <p class='ocr_par' dir='ltr' id='par_1_9' title="bbox 501 980 2072 1057">
     <span class='ocr_line' id='line_1_9' title="bbox 501 980 2072 1057; baseline -0.006 -14"><span class='ocrx_word' id='word_1_63' title='bbox 501 990 648 1043; x_wconf 80' lang='lat' dir='ltr'><strong>verbi</strong></span> <span class='ocrx_word' id='word_1_64' title='bbox 678 988 874 1057; x_wconf 85' lang='lat' dir='ltr'><strong>gratia,</strong></span> <span class='ocrx_word' id='word_1_65' title='bbox 918 996 1077 1057; x_wconf 89' lang='lat' dir='ltr'><strong>atque</strong></span> <span class='ocrx_word' id='word_1_66' title='bbox 1116 986 1236 1056; x_wconf 83' lang='lat' dir='ltr'><strong>equi</strong></span> <span class='ocrx_word' id='word_1_67' title='bbox 1277 987 1507 1053; x_wconf 74' lang='lat' dir='ltr'><strong>distent,</strong></span> <span class='ocrx_word' id='word_1_68' title='bbox 1538 984 1651 1037; x_wconf 84' lang='lat' dir='ltr'><strong>sive</strong></span> <span class='ocrx_word' id='word_1_69' title='bbox 1678 983 1883 1050; x_wconf 89' lang='lat' dir='ltr'><strong>species</strong></span> <span class='ocrx_word' id='word_1_70' title='bbox 1911 980 2072 1033; x_wconf 92' lang='lat' dir='ltr'><strong>homo</strong></span> 
     </span>
    </p>
   </div>
   <div class='ocr_carea' id='block_1_10' title="bbox 502 1067 2071 1148">
    <p class='ocr_par' dir='ltr' id='par_1_10' title="bbox 502 1067 2071 1148">
     <span class='ocr_line' id='line_1_10' title="bbox 502 1067 2071 1148; baseline -0.006 -17"><span class='ocrx_word' id='word_1_71' title='bbox 502 1089 659 1148; x_wconf 88' lang='lat' dir='ltr'><strong>atque</strong></span> <span class='ocrx_word' id='word_1_72' title='bbox 702 1092 871 1147; x_wconf 90' lang='lat' dir='ltr'><strong>equus</strong></span> <span class='ocrx_word' id='word_1_73' title='bbox 918 1077 1215 1132; x_wconf 79' lang='lat' dir='ltr'><strong>dill&#39;erentia</strong></span> <span class='ocrx_word' id='word_1_74' title='bbox 1269 1074 1518 1129; x_wconf 89' lang='lat' dir='ltr'><strong>rationali</strong></span> <span class='ocrx_word' id='word_1_75' title='bbox 1567 1082 1726 1142; x_wconf 90' lang='lat' dir='ltr'><strong>atque</strong></span> <span class='ocrx_word' id='word_1_76' title='bbox 1773 1067 2071 1125; x_wconf 90' lang='lat' dir='ltr'><strong>irrationali</strong></span> 
     </span>
    </p>
   </div>
   <div class='ocr_carea' id='block_1_11' title="bbox 505 1159 2073 1231">
    <p class='ocr_par' dir='ltr' id='par_1_11' title="bbox 505 1159 2073 1231">
     <span class='ocr_line' id='line_1_11' title="bbox 505 1159 2073 1231; baseline -0.007 -11"><span class='ocrx_word' id='word_1_77' title='bbox 505 1165 809 1223; x_wconf 80' lang='lat' dir='ltr'><strong>dividantur</strong></span> <span class='ocrx_word' id='word_1_78' title='bbox 850 1175 904 1220; x_wconf 91' lang='lat' dir='ltr'><strong>et</strong></span> <span class='ocrx_word' id='word_1_79' title='bbox 949 1166 1179 1231; x_wconf 87' lang='lat' dir='ltr'><strong>distent,</strong></span> <span class='ocrx_word' id='word_1_80' title='bbox 1227 1164 1354 1218; x_wconf 90' lang='lat' dir='ltr'><strong>nihil</strong></span> <span class='ocrx_word' id='word_1_81' title='bbox 1402 1164 1644 1218; x_wconf 86' lang='lat' dir='ltr'><strong>interest.</strong></span> <span class='ocrx_word' id='word_1_82' title='bbox 1692 1161 1867 1228; x_wconf 87' lang='lat' dir='ltr'><strong>Quare</strong></span> <span class='ocrx_word' id='word_1_83' title='bbox 1916 1159 2073 1228; x_wconf 90' lang='lat' dir='ltr'><strong>plena</strong></span> 
     </span>
    </p>
   </div>
   <div class='ocr_carea' id='block_1_12' title="bbox 502 1249 2074 1326">
    <p class='ocr_par' dir='ltr' id='par_1_12' title="bbox 502 1249 2074 1326">
     <span class='ocr_line' id='line_1_12' title="bbox 502 1249 2074 1326; baseline -0.005 -16"><span class='ocrx_word' id='word_1_84' title='bbox 502 1255 841 1326; x_wconf 81' lang='lat' dir='ltr'><strong>perfectaque</strong></span> <span class='ocrx_word' id='word_1_85' title='bbox 864 1255 999 1310; x_wconf 81' lang='lat' dir='ltr'><strong>facta</strong></span> <span class='ocrx_word' id='word_1_86' title='bbox 1022 1264 1102 1309; x_wconf 91' lang='lat' dir='ltr'><strong>est</strong></span> <span class='ocrx_word' id='word_1_87' title='bbox 1128 1255 1337 1325; x_wconf 76' lang='lat' dir='ltr'><strong>generis</strong></span> <span class='ocrx_word' id='word_1_88' title='bbox 1358 1253 1577 1307; x_wconf 84' lang='lat' dir='ltr'><strong>divisio.</strong></span> <span class='ocrx_word' id='word_1_89' title='bbox 1600 1251 1705 1306; x_wconf 88' lang='lat' dir='ltr'><strong>Sed</strong></span> <span class='ocrx_word' id='word_1_90' title='bbox 1734 1249 2074 1304; x_wconf 87' lang='lat' dir='ltr'><strong>deﬁnitiones</strong></span> 
     </span>
    </p>
   </div>
   <div class='ocr_carea' id='block_1_13' title="bbox 498 1341 2072 1413">
    <p class='ocr_par' dir='ltr' id='par_1_13' title="bbox 498 1341 2072 1413">
     <span class='ocr_line' id='line_1_13' title="bbox 498 1341 2072 1413; baseline -0.006 -13"><span class='ocrx_word' id='word_1_91' title='bbox 498 1345 796 1413; x_wconf 88' lang='lat' dir='ltr'><strong>duplicibus</strong></span> <span class='ocrx_word' id='word_1_92' title='bbox 828 1346 999 1401; x_wconf 90' lang='lat' dir='ltr'><strong>modis</strong></span> <span class='ocrx_word' id='word_1_93' title='bbox 1040 1346 1207 1401; x_wconf 89' lang='lat' dir='ltr'><strong>ﬁunt:</strong></span> <span class='ocrx_word' id='word_1_94' title='bbox 1241 1361 1341 1398; x_wconf 90' lang='lat' dir='ltr'><strong>una</strong></span> <span class='ocrx_word' id='word_1_95' title='bbox 1372 1344 1513 1398; x_wconf 91' lang='lat' dir='ltr'><strong>enim</strong></span> <span class='ocrx_word' id='word_1_96' title='bbox 1539 1341 1780 1397; x_wconf 91' lang='lat' dir='ltr'><strong>deﬁnitio</strong></span> <span class='ocrx_word' id='word_1_97' title='bbox 1807 1348 1919 1406; x_wconf 87' lang='lat' dir='ltr'><strong>est,</strong></span> <span class='ocrx_word' id='word_1_98' title='bbox 1950 1352 2072 1409; x_wconf 81' lang='lat' dir='ltr'><strong>qua:</strong></span> 
     </span>
    </p>
   </div>
   <div class='ocr_carea' id='block_1_14' title="bbox 501 1433 2070 1506">
    <p class='ocr_par' dir='ltr' id='par_1_14' title="bbox 501 1433 2070 1506">
     <span class='ocr_line' id='line_1_14' title="bbox 501 1433 2070 1506; baseline -0.005 -15"><span class='ocrx_word' id='word_1_99' title='bbox 501 1438 657 1506; x_wconf 90' lang='lat' dir='ltr'><strong>(sicut</strong></span> <span class='ocrx_word' id='word_1_100' title='bbox 698 1438 899 1493; x_wconf 88' lang='lat' dir='ltr'><strong>dictum</strong></span> <span class='ocrx_word' id='word_1_101' title='bbox 942 1440 1046 1506; x_wconf 88' lang='lat' dir='ltr'><strong>est)</strong></span> <span class='ocrx_word' id='word_1_102' title='bbox 1082 1452 1111 1491; x_wconf 91' lang='lat' dir='ltr'><strong>a</strong></span> <span class='ocrx_word' id='word_1_103' title='bbox 1154 1451 1351 1506; x_wconf 78' lang='lat' dir='ltr'><strong>genere</strong></span> <span class='ocrx_word' id='word_1_104' title='bbox 1396 1435 1646 1489; x_wconf 87' lang='lat' dir='ltr'><strong>trahitur.</strong></span> <span class='ocrx_word' id='word_1_105' title='bbox 1672 1434 1777 1489; x_wconf 90' lang='lat' dir='ltr'><strong>Sed</strong></span> <span class='ocrx_word' id='word_1_106' title='bbox 1818 1433 2070 1502; x_wconf 89' lang='lat' dir='ltr'><strong>quoniam</strong></span> 
     </span>
    </p>
   </div>
   <div class='ocr_carea' id='block_1_15' title="bbox 500 1523 2071 1600">
    <p class='ocr_par' dir='ltr' id='par_1_15' title="bbox 500 1523 2071 1600">
     <span class='ocr_line' id='line_1_15' title="bbox 500 1523 2071 1600; baseline -0.004 -17"><span class='ocrx_word' id='word_1_107' title='bbox 500 1538 623 1584; x_wconf 91' lang='lat' dir='ltr'><strong>sunt</strong></span> <span class='ocrx_word' id='word_1_108' title='bbox 644 1532 885 1600; x_wconf 61' lang='lat' dir='ltr'><strong>quaedam</strong></span> <span class='ocrx_word' id='word_1_109' title='bbox 907 1545 1098 1599; x_wconf 80' lang='lat' dir='ltr'><strong>genera</strong></span> <span class='ocrx_word' id='word_1_110' title='bbox 1120 1530 1311 1599; x_wconf 83' lang='lat' dir='ltr'><strong>magis,</strong></span> <span class='ocrx_word' id='word_1_111' title='bbox 1333 1543 1452 1598; x_wconf 70' lang='lat' dir='ltr'><strong>qua:</strong></span> <span class='ocrx_word' id='word_1_112' title='bbox 1470 1543 1632 1597; x_wconf 89' lang='lat' dir='ltr'><strong>super</strong></span> <span class='ocrx_word' id='word_1_113' title='bbox 1652 1541 1711 1581; x_wconf 91' lang='lat' dir='ltr'><strong>se</strong></span> <span class='ocrx_word' id='word_1_114' title='bbox 1735 1540 1903 1595; x_wconf 84' lang='lat' dir='ltr'><strong>genus</strong></span> <span class='ocrx_word' id='word_1_115' title='bbox 1924 1523 2071 1578; x_wconf 88' lang='lat' dir='ltr'><strong>aliud</strong></span> 
     </span>
    </p>
   </div>
   <div class='ocr_carea' id='block_1_16' title="bbox 499 1617 2071 1690">
    <p class='ocr_par' dir='ltr' id='par_1_16' title="bbox 499 1617 2071 1690">
     <span class='ocr_line' id='line_1_16' title="bbox 499 1617 2071 1690; baseline -0.004 -16"><span class='ocrx_word' id='word_1_116' title='bbox 499 1620 709 1677; x_wconf 78' lang='lat' dir='ltr'><strong>habere</strong></span> <span class='ocrx_word' id='word_1_117' title='bbox 744 1636 848 1675; x_wconf 90' lang='lat' dir='ltr'><strong>non</strong></span> <span class='ocrx_word' id='word_1_118' title='bbox 889 1631 1134 1690; x_wconf 87' lang='lat' dir='ltr'><strong>possunt,</strong></span> <span class='ocrx_word' id='word_1_119' title='bbox 1166 1630 1226 1674; x_wconf 92' lang='lat' dir='ltr'><strong>ut</strong></span> <span class='ocrx_word' id='word_1_120' title='bbox 1254 1628 1380 1674; x_wconf 88' lang='lat' dir='ltr'><strong>sunt</strong></span> <span class='ocrx_word' id='word_1_121' title='bbox 1429 1618 1840 1687; x_wconf 65' lang='lat' dir='ltr'><strong>praedicamenta</strong></span> <span class='ocrx_word' id='word_1_122' title='bbox 1884 1617 2071 1671; x_wconf 87' lang='lat' dir='ltr'><strong>decem</strong></span> 
     </span>
    </p>
   </div>
   <div class='ocr_carea' id='block_1_17' title="bbox 500 1710 2070 1784">
    <p class='ocr_par' dir='ltr' id='par_1_17' title="bbox 500 1710 2070 1784">
     <span class='ocr_line' id='line_1_17' title="bbox 500 1710 2070 1784; baseline 0 -19"><span class='ocrx_word' id='word_1_123' title='bbox 500 1730 618 1784; x_wconf 76' lang='lat' dir='ltr'><strong>qua:</strong></span> <span class='ocrx_word' id='word_1_124' title='bbox 643 1715 952 1768; x_wconf 78' lang='lat' dir='ltr'><strong>Aristoteles</strong></span> <span class='ocrx_word' id='word_1_125' title='bbox 979 1714 1279 1778; x_wconf 85' lang='lat' dir='ltr'><strong>constituit;</strong></span> <span class='ocrx_word' id='word_1_126' title='bbox 1303 1726 1486 1767; x_wconf 87' lang='lat' dir='ltr'><strong>eorum</strong></span> <span class='ocrx_word' id='word_1_127' title='bbox 1516 1712 1674 1781; x_wconf 83' lang='lat' dir='ltr'><strong>igitur</strong></span> <span class='ocrx_word' id='word_1_128' title='bbox 1694 1710 1931 1765; x_wconf 87' lang='lat' dir='ltr'><strong>deﬁnitio</strong></span> <span class='ocrx_word' id='word_1_129' title='bbox 1951 1725 2070 1780; x_wconf 69' lang='lat' dir='ltr'><strong>qua:</strong></span> 
     </span>
    </p>
   </div>
   <div class='ocr_carea' id='block_1_18' title="bbox 2168 518 3750 595">
    <p class='ocr_par' dir='ltr' id='par_1_18' title="bbox 2168 518 3750 595">
     <span class='ocr_line' id='line_1_18' title="bbox 2168 518 3750 595; baseline 0.008 -17"><span class='ocrx_word' id='word_1_130' title='bbox 2168 524 2291 589; x_wconf 85' lang='lat' dir='ltr'><strong>bus,</strong></span> <span class='ocrx_word' id='word_1_131' title='bbox 2325 534 2373 579; x_wconf 92' lang='lat' dir='ltr'><strong>et</strong></span> <span class='ocrx_word' id='word_1_132' title='bbox 2415 527 2465 579; x_wconf 91' lang='lat' dir='ltr'><strong>in</strong></span> <span class='ocrx_word' id='word_1_133' title='bbox 2517 518 2837 580; x_wconf 86' lang='lat' dir='ltr'><strong>subalternis</strong></span> <span class='ocrx_word' id='word_1_134' title='bbox 2881 528 3187 595; x_wconf 87' lang='lat' dir='ltr'><strong>generibus,</strong></span> <span class='ocrx_word' id='word_1_135' title='bbox 3235 540 3288 583; x_wconf 89' lang='lat' dir='ltr'><strong>et</strong></span> <span class='ocrx_word' id='word_1_136' title='bbox 3325 530 3377 583; x_wconf 91' lang='lat' dir='ltr'><strong>in</strong></span> <span class='ocrx_word' id='word_1_137' title='bbox 3428 532 3750 590; x_wconf 82' lang='lat' dir='ltr'><strong>subaltcrnis</strong></span> 
     </span>
    </p>
   </div>
   <div class='ocr_carea' id='block_1_19' title="bbox 2173 616 3750 692">
    <p class='ocr_par' dir='ltr' id='par_1_19' title="bbox 2173 616 3750 692">
     <span class='ocr_line' id='line_1_19' title="bbox 2173 616 3750 692; baseline 0.008 -25"><span class='ocrx_word' id='word_1_138' title='bbox 2173 616 2453 685; x_wconf 73' lang='lat' dir='ltr'><strong>speciebus</strong></span> <span class='ocrx_word' id='word_1_139' title='bbox 2496 632 2596 669; x_wconf 89' lang='lat' dir='ltr'><strong>una</strong></span> <span class='ocrx_word' id='word_1_140' title='bbox 2642 629 2799 686; x_wconf 88' lang='lat' dir='ltr'><strong>atque</strong></span> <span class='ocrx_word' id='word_1_141' title='bbox 2834 619 3019 672; x_wconf 89' lang='lat' dir='ltr'><strong>eadem</strong></span> <span class='ocrx_word' id='word_1_142' title='bbox 3046 628 3158 683; x_wconf 89' lang='lat' dir='ltr'><strong>est,</strong></span> <span class='ocrx_word' id='word_1_143' title='bbox 3188 631 3241 674; x_wconf 91' lang='lat' dir='ltr'><strong>et</strong></span> <span class='ocrx_word' id='word_1_144' title='bbox 3271 623 3429 689; x_wconf 85' lang='lat' dir='ltr'><strong>hujus</strong></span> <span class='ocrx_word' id='word_1_145' title='bbox 3469 625 3750 692; x_wconf 69' lang='lat' dir='ltr'><strong>partitipa-</strong></span> 
     </span>
    </p>
   </div>
   <div class='ocr_carea' id='block_1_20' title="bbox 2175 706 3750 783">
    <p class='ocr_par' dir='ltr' id='par_1_20' title="bbox 2175 706 3750 783">
     <span class='ocr_line' id='line_1_20' title="bbox 2175 706 3750 783; baseline 0.008 -25"><span class='ocrx_word' id='word_1_146' title='bbox 2175 706 2336 760; x_wconf 89' lang='lat' dir='ltr'><strong>tionis</strong></span> <span class='ocrx_word' id='word_1_147' title='bbox 2386 708 2608 760; x_wconf 66' lang='lat' dir='ltr'><strong>inveniri</strong></span> <span class='ocrx_word' id='word_1_148' title='bbox 2641 723 2808 777; x_wconf 69' lang='lat' dir='ltr'><strong>genus</strong></span> <span class='ocrx_word' id='word_1_149' title='bbox 2838 724 2941 762; x_wconf 91' lang='lat' dir='ltr'><strong>non</strong></span> <span class='ocrx_word' id='word_1_150' title='bbox 2984 718 3213 778; x_wconf 90' lang='lat' dir='ltr'><strong>poterat,</strong></span> <span class='ocrx_word' id='word_1_151' title='bbox 3249 711 3360 766; x_wconf 70' lang='lat' dir='ltr'><strong>lucc</strong></span> <span class='ocrx_word' id='word_1_152' title='bbox 3389 713 3629 769; x_wconf 88' lang='lat' dir='ltr'><strong>deﬁnitio</strong></span> <span class='ocrx_word' id='word_1_153' title='bbox 3660 732 3750 783; x_wconf 80' lang='lat' dir='ltr'><strong>ge-</strong></span> 
     </span>
    </p>
   </div>
   <div class='ocr_carea' id='block_1_21' title="bbox 2175 797 3747 873">
    <p class='ocr_par' dir='ltr' id='par_1_21' title="bbox 2175 797 3747 873">
     <span class='ocr_line' id='line_1_21' title="bbox 2175 797 3747 873; baseline 0.009 -25"><span class='ocrx_word' id='word_1_154' title='bbox 2175 797 2318 850; x_wconf 87' lang='lat' dir='ltr'><strong>neris</strong></span> <span class='ocrx_word' id='word_1_155' title='bbox 2359 813 2477 865; x_wconf 68' lang='lat' dir='ltr'><strong>qure</strong></span> <span class='ocrx_word' id='word_1_156' title='bbox 2527 800 2658 851; x_wconf 82' lang='lat' dir='ltr'><strong>facta</strong></span> <span class='ocrx_word' id='word_1_157' title='bbox 2704 810 2965 867; x_wconf 15' lang='lat' dir='ltr'><strong>eSI,Anon</strong></span> <span class='ocrx_word' id='word_1_158' title='bbox 2999 815 3026 852; x_wconf 89' lang='lat' dir='ltr'><strong>a</strong></span> <span class='ocrx_word' id='word_1_159' title='bbox 3076 817 3271 869; x_wconf 78' lang='lat' dir='ltr'><strong>genere</strong></span> <span class='ocrx_word' id='word_1_160' title='bbox 3303 812 3465 858; x_wconf 89' lang='lat' dir='ltr'><strong>tracta</strong></span> <span class='ocrx_word' id='word_1_161' title='bbox 3498 817 3613 873; x_wconf 82' lang='lat' dir='ltr'><strong>est,</strong></span> <span class='ocrx_word' id='word_1_162' title='bbox 3653 809 3747 861; x_wconf 90' lang='lat' dir='ltr'><strong>sed</strong></span> 
     </span>
    </p>
   </div>
   <div class='ocr_carea' id='block_1_22' title="bbox 2172 886 3747 966">
    <p class='ocr_par' dir='ltr' id='par_1_22' title="bbox 2172 886 3747 966">
     <span class='ocr_line' id='line_1_22' title="bbox 2172 886 3747 966; baseline 0.009 -28"><span class='ocrx_word' id='word_1_163' title='bbox 2172 886 2520 956; x_wconf 86' lang='lat' dir='ltr'><strong>subseriptiva</strong></span> <span class='ocrx_word' id='word_1_164' title='bbox 2577 890 2715 959; x_wconf 86' lang='lat' dir='ltr'><strong>ratio</strong></span> <span class='ocrx_word' id='word_1_165' title='bbox 2751 898 2803 944; x_wconf 93' lang='lat' dir='ltr'><strong>et</strong></span> <span class='ocrx_word' id='word_1_166' title='bbox 2850 889 3269 946; x_wconf 84' lang='lat' dir='ltr'><strong>demonstrativa</strong></span> <span class='ocrx_word' id='word_1_167' title='bbox 3316 904 3373 948; x_wconf 90' lang='lat' dir='ltr'><strong>et</strong></span> <span class='ocrx_word' id='word_1_168' title='bbox 3419 895 3747 966; x_wconf 80' lang='lat' dir='ltr'><strong>designativa</strong></span> 
     </span>
    </p>
   </div>
   <div class='ocr_carea' id='block_1_23' title="bbox 2173 978 3751 1050">
    <p class='ocr_par' dir='ltr' id='par_1_23' title="bbox 2173 978 3751 1050">
     <span class='ocr_line' id='line_1_23' title="bbox 2173 978 3751 1050; baseline 0.009 -20"><span class='ocrx_word' id='word_1_169' title='bbox 2173 978 2566 1046; x_wconf 85' lang='lat' dir='ltr'><strong>quodammodo</strong></span> <span class='ocrx_word' id='word_1_170' title='bbox 2590 981 2804 1050; x_wconf 86' lang='lat' dir='ltr'><strong>generis</strong></span> <span class='ocrx_word' id='word_1_171' title='bbox 2841 990 2925 1036; x_wconf 90' lang='lat' dir='ltr'><strong>est</strong></span> <span class='ocrx_word' id='word_1_172' title='bbox 2966 982 3193 1038; x_wconf 80' lang='lat' dir='ltr'><strong>reddita.</strong></span> <span class='ocrx_word' id='word_1_173' title='bbox 3228 985 3323 1038; x_wconf 88' lang='lat' dir='ltr'><strong>Hic</strong></span> <span class='ocrx_word' id='word_1_174' title='bbox 3353 985 3546 1042; x_wconf 85' lang='lat' dir='ltr'><strong>Fabius</strong></span> <span class='ocrx_word' id='word_1_175' title='bbox 3572 1007 3591 1043; x_wconf 84' lang='lat'><strong>:</strong></span> <span class='ocrx_word' id='word_1_176' title='bbox 3618 988 3751 1043; x_wconf 84' lang='lat' dir='ltr'><strong>Sub-</strong></span> 
     </span>
    </p>
   </div>
   <div class='ocr_carea' id='block_1_24' title="bbox 2176 1071 3752 1145">
    <p class='ocr_par' dir='ltr' id='par_1_24' title="bbox 2176 1071 3752 1145">
     <span class='ocr_line' id='line_1_24' title="bbox 2176 1071 3752 1145; baseline 0.007 -23"><span class='ocrx_word' id='word_1_177' title='bbox 2176 1071 2356 1136; x_wconf 89' lang='lat' dir='ltr'><strong>tiliter,</strong></span> <span class='ocrx_word' id='word_1_178' title='bbox 2390 1073 2677 1138; x_wconf 87' lang='lat' dir='ltr'><strong>mehercle,</strong></span> <span class='ocrx_word' id='word_1_179' title='bbox 2716 1084 2768 1127; x_wconf 91' lang='lat' dir='ltr'><strong>et</strong></span> <span class='ocrx_word' id='word_1_180' title='bbox 2794 1074 2935 1144; x_wconf 90' lang='lat' dir='ltr'><strong>quod</strong></span> <span class='ocrx_word' id='word_1_181' title='bbox 2961 1091 3230 1145; x_wconf 88' lang='lat' dir='ltr'><strong>nunquam</strong></span> <span class='ocrx_word' id='word_1_182' title='bbox 3259 1077 3371 1132; x_wconf 81' lang='lat' dir='ltr'><strong>fere</strong></span> <span class='ocrx_word' id='word_1_183' title='bbox 3398 1081 3622 1134; x_wconf 88' lang='lat' dir='ltr'><strong>antehac</strong></span> <span class='ocrx_word' id='word_1_184' title='bbox 3659 1095 3752 1133; x_wconf 61' lang='lat' dir='ltr'><strong>auv</strong></span> 
     </span>
    </p>
   </div>
   <div class='ocr_carea' id='block_1_25' title="bbox 2173 1160 3751 1234">
    <p class='ocr_par' dir='ltr' id='par_1_25' title="bbox 2173 1160 3751 1234">
     <span class='ocr_line' id='line_1_25' title="bbox 2173 1160 3751 1234; baseline 0.008 -19"><span class='ocrx_word' id='word_1_185' title='bbox 2173 1160 2422 1227; x_wconf 80' lang='lat' dir='ltr'><strong>divinius,</strong></span> <span class='ocrx_word' id='word_1_186' title='bbox 2449 1163 2541 1217; x_wconf 87' lang='lat' dir='ltr'><strong>sed</strong></span> <span class='ocrx_word' id='word_1_187' title='bbox 2585 1179 2765 1234; x_wconf 80' lang='lat' dir='ltr'><strong>perge,</strong></span> <span class='ocrx_word' id='word_1_188' title='bbox 2803 1180 2986 1234; x_wconf 73' lang='lat' dir='ltr'><strong>qumso</strong></span> <span class='ocrx_word' id='word_1_189' title='bbox 3020 1175 3092 1220; x_wconf 84' lang='lat' dir='ltr'><strong>te.</strong></span> <span class='ocrx_word' id='word_1_190' title='bbox 3124 1167 3239 1221; x_wconf 63' lang='lat' dir='ltr'><strong>lam</strong></span> <span class='ocrx_word' id='word_1_191' title='bbox 3269 1172 3408 1223; x_wconf 87' lang='lat' dir='ltr'><strong>en&#39;m</strong></span> <span class='ocrx_word' id='word_1_192' title='bbox 3439 1182 3644 1225; x_wconf 90' lang='lat' dir='ltr'><strong>certant</strong></span> <span class='ocrx_word' id='word_1_193' title='bbox 3670 1171 3751 1226; x_wconf 86' lang='lat' dir='ltr'><strong>si-</strong></span> 
     </span>
    </p>
   </div>
   <div class='ocr_carea' id='block_1_26' title="bbox 2174 1254 3742 1332">
    <p class='ocr_par' dir='ltr' id='par_1_26' title="bbox 2174 1254 3742 1332">
     <span class='ocr_line' id='line_1_26' title="bbox 2174 1254 3742 1332; baseline 0.006 -24"><span class='ocrx_word' id='word_1_194' title='bbox 2174 1254 2299 1309; x_wconf 91' lang='lat' dir='ltr'><strong>dera</strong></span> <span class='ocrx_word' id='word_1_195' title='bbox 2322 1256 2733 1325; x_wconf 89' lang='lat' dir='ltr'><strong>quodammodo,</strong></span> <span class='ocrx_word' id='word_1_196' title='bbox 2751 1268 2803 1310; x_wconf 91' lang='lat' dir='ltr'><strong>et</strong></span> <span class='ocrx_word' id='word_1_197' title='bbox 2836 1273 2938 1311; x_wconf 81' lang='lat' dir='ltr'><strong>nox</strong></span> <span class='ocrx_word' id='word_1_198' title='bbox 2965 1258 3082 1313; x_wconf 86' lang='lat' dir='ltr'><strong>luce</strong></span> <span class='ocrx_word' id='word_1_199' title='bbox 3112 1270 3413 1328; x_wconf 80' lang='lat' dir='ltr'><strong>superatur.</strong></span> <span class='ocrx_word' id='word_1_200' title='bbox 3442 1262 3588 1317; x_wconf 84' lang='lat' dir='ltr'><strong>Tunc</strong></span> <span class='ocrx_word' id='word_1_201' title='bbox 3614 1277 3742 1332; x_wconf 85' lang='lat' dir='ltr'><strong>ego:</strong></span> 
     </span>
    </p>
   </div>
   <div class='ocr_carea' id='block_1_27' title="bbox 2173 1344 3765 1419">
    <p class='ocr_par' dir='ltr' id='par_1_27' title="bbox 2173 1344 3765 1419">
     <span class='ocr_line' id='line_1_27' title="bbox 2173 1344 3765 1419; baseline 0.004 -19"><span class='ocrx_word' id='word_1_202' title='bbox 2173 1344 2425 1414; x_wconf 83' lang='lat' dir='ltr'><strong>Sequitur</strong></span> <span class='ocrx_word' id='word_1_203' title='bbox 2452 1362 2627 1400; x_wconf 90' lang='lat' dir='ltr'><strong>rerum</strong></span> <span class='ocrx_word' id='word_1_204' title='bbox 2657 1347 2894 1400; x_wconf 89' lang='lat' dir='ltr'><strong>omnium</strong></span> <span class='ocrx_word' id='word_1_205' title='bbox 2927 1348 3092 1417; x_wconf 81' lang='lat' dir='ltr'><strong>prima</strong></span> <span class='ocrx_word' id='word_1_206' title='bbox 3123 1348 3405 1419; x_wconf 80' lang='lat' dir='ltr'><strong>brevisque</strong></span> <span class='ocrx_word' id='word_1_207' title='bbox 3433 1350 3643 1407; x_wconf 87' lang='lat' dir='ltr'><strong>divisio.</strong></span> <span class='ocrx_word' id='word_1_208' title='bbox 3671 1352 3765 1407; x_wconf 72' lang='lat' dir='ltr'><strong>Ita-</strong></span> 
     </span>
    </p>
   </div>
   <div class='ocr_carea' id='block_1_28' title="bbox 2174 1439 2457 1493">
    <p class='ocr_par' dir='ltr' id='par_1_28' title="bbox 2174 1439 2457 1493">
     <span class='ocr_line' id='line_1_28' title="bbox 2174 1439 2457 1493; baseline -0.018 0"><span class='ocrx_word' id='word_1_209' title='bbox 2174 1439 2316 1493; x_wconf 83' lang='lat' dir='ltr'><strong>enim</strong></span> <span class='ocrx_word' id='word_1_210' title='bbox 2337 1440 2406 1492; x_wconf 90' lang='lat' dir='ltr'><strong>ait</strong></span> <span class='ocrx_word' id='word_1_211' title='bbox 2432 1455 2457 1492; x_wconf 83' lang='lat'><strong>:.</strong></span> 
     </span>
    </p>
   </div>
   <div class='ocr_carea' id='block_1_29' title="bbox 2244 1525 3765 1600">
    <p class='ocr_par' dir='ltr' id='par_1_29' title="bbox 2244 1525 3765 1600">
     <span class='ocr_line' id='line_1_29' title="bbox 2244 1525 3765 1600; baseline 0.004 -21"><span class='ocrx_word' id='word_1_212' title='bbox 2244 1525 2437 1580; x_wconf 84' lang='lat' dir='ltr'><strong>Eorum</strong></span> <span class='ocrx_word' id='word_1_213' title='bbox 2464 1545 2578 1598; x_wconf 76' lang='lat' dir='ltr'><strong>qua!</strong></span> <span class='ocrx_word' id='word_1_214' title='bbox 2603 1530 2862 1591; x_wconf 80' lang='lat' dir='ltr'><strong>dicuntur,</strong></span> <span class='ocrx_word' id='word_1_215' title='bbox 2886 1531 2991 1584; x_wconf 88' lang='lat' dir='ltr'><strong>alia</strong></span> <span class='ocrx_word' id='word_1_216' title='bbox 3012 1531 3080 1583; x_wconf 83' lang='lat' dir='ltr'><strong>ad</strong></span> <span class='ocrx_word' id='word_1_217' title='bbox 3108 1531 3465 1600; x_wconf 85' lang='lat' dir='ltr'><strong>praprietatcm</strong></span> <span class='ocrx_word' id='word_1_218' title='bbox 3486 1534 3765 1599; x_wconf 16' lang='lat' dir='ltr'><strong>dicuntur,r</strong></span> 
     </span>
    </p>
   </div>
   <div class='ocr_carea' id='block_1_30' title="bbox 2173 1617 3752 1689">
    <p class='ocr_par' dir='ltr' id='par_1_30' title="bbox 2173 1617 3752 1689">
     <span class='ocr_line' id='line_1_30' title="bbox 2173 1617 3752 1689; baseline 0.004 -18"><span class='ocrx_word' id='word_1_219' title='bbox 2173 1617 2299 1671; x_wconf 80' lang='lat' dir='ltr'><strong>sicut</strong></span> <span class='ocrx_word' id='word_1_220' title='bbox 2326 1628 2441 1671; x_wconf 80' lang='lat' dir='ltr'><strong>sunt</strong></span> <span class='ocrx_word' id='word_1_221' title='bbox 2482 1621 2653 1671; x_wconf 89' lang='lat' dir='ltr'><strong>omnia</strong></span> <span class='ocrx_word' id='word_1_222' title='bbox 2696 1620 2987 1685; x_wconf 83' lang='lat' dir='ltr'><strong>individuo,</strong></span> <span class='ocrx_word' id='word_1_223' title='bbox 3020 1631 3075 1674; x_wconf 87' lang='lat' dir='ltr'><strong>ut</strong></span> <span class='ocrx_word' id='word_1_224' title='bbox 3100 1632 3173 1675; x_wconf 85' lang='lat' dir='ltr'><strong>est</strong></span> <span class='ocrx_word' id='word_1_225' title='bbox 3204 1622 3463 1689; x_wconf 76' lang='lat' dir='ltr'><strong>Socrates,</strong></span> <span class='ocrx_word' id='word_1_226' title='bbox 3493 1633 3539 1677; x_wconf 80' lang='lat' dir='ltr'><strong>et</strong></span> <span class='ocrx_word' id='word_1_227' title='bbox 3579 1624 3673 1676; x_wconf 80' lang='lat' dir='ltr'><strong>hoc</strong></span> <span class='ocrx_word' id='word_1_228' title='bbox 3703 1633 3752 1678; x_wconf 78' lang='lat' dir='ltr'><strong>et</strong></span> 
     </span>
    </p>
   </div>
   <div class='ocr_carea' id='block_1_31' title="bbox 2172 1707 3751 1781">
    <p class='ocr_par' dir='ltr' id='par_1_31' title="bbox 2172 1707 3751 1781">
     <span class='ocr_line' id='line_1_31' title="bbox 2172 1707 3751 1781; baseline 0.005 -23"><span class='ocrx_word' id='word_1_229' title='bbox 2172 1707 2321 1761; x_wconf 84' lang='lat' dir='ltr'><strong>illud.</strong></span> <span class='ocrx_word' id='word_1_230' title='bbox 2349 1709 2464 1760; x_wconf 83' lang='lat' dir='ltr'><strong>Alia</strong></span> <span class='ocrx_word' id='word_1_231' title='bbox 2494 1725 2606 1776; x_wconf 76' lang='lat' dir='ltr'><strong>qua:</strong></span> <span class='ocrx_word' id='word_1_232' title='bbox 2629 1709 2695 1761; x_wconf 86' lang='lat' dir='ltr'><strong>ad</strong></span> <span class='ocrx_word' id='word_1_233' title='bbox 2728 1710 3136 1776; x_wconf 78' lang='lat' dir='ltr'><strong>multitudinem,</strong></span> <span class='ocrx_word' id='word_1_234' title='bbox 3168 1720 3221 1764; x_wconf 83' lang='lat' dir='ltr'><strong>ut</strong></span> <span class='ocrx_word' id='word_1_235' title='bbox 3248 1722 3366 1765; x_wconf 84' lang='lat' dir='ltr'><strong>sunt</strong></span> <span class='ocrx_word' id='word_1_236' title='bbox 3393 1729 3607 1780; x_wconf 75' lang='lat' dir='ltr'><strong>genera,</strong></span> <span class='ocrx_word' id='word_1_237' title='bbox 3638 1729 3751 1781; x_wconf 84' lang='lat' dir='ltr'><strong>spe-</strong></span> 
     </span>
    </p>
   </div>
   <div class='ocr_carea' id='block_1_32' title="bbox 505 1797 3752 1880">
    <p class='ocr_par' dir='ltr' id='par_1_32' title="bbox 505 1797 3752 1880">
     <span class='ocr_line' id='line_1_32' title="bbox 505 1797 3752 1880; baseline -0 -23"><span class='ocrx_word' id='word_1_238' title='bbox 505 1804 684 1859; x_wconf 89' lang='lat' dir='ltr'><strong>baberi</strong></span> <span class='ocrx_word' id='word_1_239' title='bbox 728 1812 933 1871; x_wconf 88' lang='lat' dir='ltr'><strong>potest,</strong></span> <span class='ocrx_word' id='word_1_240' title='bbox 962 1818 1190 1873; x_wconf 89' lang='lat' dir='ltr'><strong>quorum</strong></span> <span class='ocrx_word' id='word_1_241' title='bbox 1227 1817 1395 1873; x_wconf 89' lang='lat' dir='ltr'><strong>genus</strong></span> <span class='ocrx_word' id='word_1_242' title='bbox 1445 1801 1669 1856; x_wconf 91' lang='lat' dir='ltr'><strong>inveniri</strong></span> <span class='ocrx_word' id='word_1_243' title='bbox 1716 1817 1820 1855; x_wconf 90' lang='lat' dir='ltr'><strong>non</strong></span> <span class='ocrx_word' id='word_1_244' title='bbox 1861 1809 2066 1869; x_wconf 90' lang='lat' dir='ltr'><strong>potest,</strong></span> <span class='ocrx_word' id='word_1_245' title='bbox 2098 1797 2146 1858; x_wconf 83' lang='grc' dir='ltr'><strong>Β</strong></span> <span class='ocrx_word' id='word_1_246' title='bbox 2173 1797 2291 1863; x_wconf 71' lang='lat' dir='ltr'><strong>cies,</strong></span> <span class='ocrx_word' id='word_1_247' title='bbox 2333 1809 2382 1852; x_wconf 81' lang='lat' dir='ltr'><strong>et</strong></span> <span class='ocrx_word' id='word_1_248' title='bbox 2423 1799 2755 1880; x_wconf 72' lang='lat' dir='ltr'><strong>di/fcreutiaz,</strong></span> <span class='ocrx_word' id='word_1_249' title='bbox 2801 1811 2848 1855; x_wconf 78' lang='lat' dir='ltr'><strong>et</strong></span> <span class='ocrx_word' id='word_1_250' title='bbox 2898 1806 3139 1872; x_wconf 86' lang='lat' dir='ltr'><strong>propria,</strong></span> <span class='ocrx_word' id='word_1_251' title='bbox 3179 1811 3227 1855; x_wconf 86' lang='lat' dir='ltr'><strong>et</strong></span> <span class='ocrx_word' id='word_1_252' title='bbox 3271 1804 3573 1860; x_wconf 82' lang='lat' dir='ltr'><strong>accidentia.</strong></span> <span class='ocrx_word' id='word_1_253' title='bbox 3622 1802 3752 1857; x_wconf 71' lang='lat' dir='ltr'><strong>Hac</strong></span> 
     </span>
    </p>
   </div>
   <div class='ocr_carea' id='block_1_33' title="bbox 501 1892 2065 1963">
    <p class='ocr_par' dir='ltr' id='par_1_33' title="bbox 501 1892 2065 1963">
     <span class='ocr_line' id='line_1_33' title="bbox 501 1892 2065 1963; baseline 0.001 -18"><span class='ocrx_word' id='word_1_254' title='bbox 501 1892 647 1961; x_wconf 83' lang='lat' dir='ltr'><strong>quod</strong></span> <span class='ocrx_word' id='word_1_255' title='bbox 687 1894 923 1947; x_wconf 86' lang='lat' dir='ltr'><strong>omnium</strong></span> <span class='ocrx_word' id='word_1_256' title='bbox 968 1908 1299 1962; x_wconf 71' lang='lat' dir='ltr'><strong>qumcunque</strong></span> <span class='ocrx_word' id='word_1_257' title='bbox 1346 1903 1471 1948; x_wconf 81' lang='lat' dir='ltr'><strong>sunt</strong></span> <span class='ocrx_word' id='word_1_258' title='bbox 1518 1895 1633 1963; x_wconf 74' lang='lat' dir='ltr'><strong>ipsa</strong></span> <span class='ocrx_word' id='word_1_259' title='bbox 1677 1902 1804 1948; x_wconf 89' lang='lat' dir='ltr'><strong>sunt</strong></span> <span class='ocrx_word' id='word_1_260' title='bbox 1850 1908 2065 1962; x_wconf 86' lang='lat' dir='ltr'><strong>genera.</strong></span> 
     </span>
    </p>
   </div>
   <div class='ocr_carea' id='block_1_34' title="bbox 501 1981 2070 2058">
    <p class='ocr_par' dir='ltr' id='par_1_34' title="bbox 501 1981 2070 2058">
     <span class='ocr_line' id='line_1_34' title="bbox 501 1981 2070 2058; baseline 0.001 -23"><span class='ocrx_word' id='word_1_261' title='bbox 501 1981 699 2047; x_wconf 82' lang='lat' dir='ltr'><strong>Horum</strong></span> <span class='ocrx_word' id='word_1_262' title='bbox 738 1998 865 2052; x_wconf 87' lang='lat' dir='ltr'><strong>ergo</strong></span> <span class='ocrx_word' id='word_1_263' title='bbox 903 1999 1038 2053; x_wconf 89' lang='lat' dir='ltr'><strong>quos</strong></span> <span class='ocrx_word' id='word_1_264' title='bbox 1069 1984 1238 2038; x_wconf 61' lang='lat' dir='ltr'><strong>Graeci</strong></span> <span class='ocrx_word' id='word_1_265' title='bbox 1283 1986 1605 2058; x_wconf 62' lang='grc' dir='ltr'><strong>ίπγραφοῦς</strong></span> <span class='ocrx_word' id='word_1_266' title='bbox 1644 1985 1817 2055; x_wconf 75' lang='grc' dir='ltr'><strong>λόγους</strong></span> <span class='ocrx_word' id='word_1_267' title='bbox 1847 1982 2070 2051; x_wconf 75' lang='lat' dir='ltr'><strong>dicunt,</strong></span> 
     </span>
    </p>
   </div>
   <div class='ocr_carea' id='block_1_35' title="bbox 501 2073 2070 2144">
    <p class='ocr_par' dir='ltr' id='par_1_35' title="bbox 501 2073 2070 2144">
     <span class='ocr_line' id='line_1_35' title="bbox 501 2073 2070 2144; baseline 0.001 -17"><span class='ocrx_word' id='word_1_268' title='bbox 501 2073 681 2127; x_wconf 82' lang='lat' dir='ltr'><strong>Latini</strong></span> <span class='ocrx_word' id='word_1_269' title='bbox 700 2073 1077 2144; x_wconf 90' lang='lat' dir='ltr'><strong>subscriptivas</strong></span> <span class='ocrx_word' id='word_1_270' title='bbox 1107 2076 1340 2130; x_wconf 85' lang='lat' dir='ltr'><strong>rationes</strong></span> <span class='ocrx_word' id='word_1_271' title='bbox 1369 2074 1545 2129; x_wconf 86' lang='lat' dir='ltr'><strong>dicere</strong></span> <span class='ocrx_word' id='word_1_272' title='bbox 1587 2082 1834 2144; x_wconf 89' lang='lat' dir='ltr'><strong>possunt,</strong></span> <span class='ocrx_word' id='word_1_273' title='bbox 1880 2073 2070 2128; x_wconf 86' lang='lat' dir='ltr'><strong>redde-</strong></span> 
     </span>
    </p>
   </div>
   <div class='ocr_carea' id='block_1_36' title="bbox 501 2161 2071 2231">
    <p class='ocr_par' dir='ltr' id='par_1_36' title="bbox 501 2161 2071 2231">
     <span class='ocr_line' id='line_1_36' title="bbox 501 2161 2071 2231; baseline 0 -16"><span class='ocrx_word' id='word_1_274' title='bbox 501 2177 639 2215; x_wconf 90' lang='lat' dir='ltr'><strong>mus.</strong></span> <span class='ocrx_word' id='word_1_275' title='bbox 680 2161 1061 2231; x_wconf 58' lang='lat' dir='ltr'><strong>Subscriptiva‘.</strong></span> <span class='ocrx_word' id='word_1_276' title='bbox 1100 2174 1274 2219; x_wconf 89' lang='lat' dir='ltr'><strong>autem</strong></span> <span class='ocrx_word' id='word_1_277' title='bbox 1317 2166 1552 2219; x_wconf 83' lang='lat' dir='ltr'><strong>rationes</strong></span> <span class='ocrx_word' id='word_1_278' title='bbox 1582 2173 1705 2218; x_wconf 90' lang='lat' dir='ltr'><strong>sunt</strong></span> <span class='ocrx_word' id='word_1_279' title='bbox 1732 2164 2071 2218; x_wconf 88' lang='lat' dir='ltr'><strong>demonstra-</strong></span> 
     </span>
    </p>
   </div>
   <div class='ocr_carea' id='block_1_37' title="bbox 501 2255 2072 2325">
    <p class='ocr_par' dir='ltr' id='par_1_37' title="bbox 501 2255 2072 2325">
     <span class='ocr_line' id='line_1_37' title="bbox 501 2255 2072 2325; baseline 0.001 -17"><span class='ocrx_word' id='word_1_280' title='bbox 501 2258 622 2309; x_wconf 71' lang='lat' dir='ltr'><strong>tiva:</strong></span> <span class='ocrx_word' id='word_1_281' title='bbox 655 2263 713 2310; x_wconf 82' lang='lat' dir='ltr'><strong>et</strong></span> <span class='ocrx_word' id='word_1_282' title='bbox 756 2257 1151 2324; x_wconf 89' lang='lat' dir='ltr'><strong>quodammodo</strong></span> <span class='ocrx_word' id='word_1_283' title='bbox 1199 2258 1517 2325; x_wconf 77' lang='lat' dir='ltr'><strong>insignitivze</strong></span> <span class='ocrx_word' id='word_1_284' title='bbox 1548 2256 1884 2324; x_wconf 87' lang='lat' dir='ltr'><strong>proprietatis</strong></span> <span class='ocrx_word' id='word_1_285' title='bbox 1929 2255 2072 2310; x_wconf 86' lang='lat' dir='ltr'><strong>illius</strong></span> 
     </span>
    </p>
   </div>
   <div class='ocr_carea' id='block_1_38' title="bbox 501 2345 2071 2421">
    <p class='ocr_par' dir='ltr' id='par_1_38' title="bbox 501 2345 2071 2421">
     <span class='ocr_line' id='line_1_38' title="bbox 501 2345 2071 2421; baseline 0.001 -23"><span class='ocrx_word' id='word_1_286' title='bbox 501 2345 606 2411; x_wconf 86' lang='lat' dir='ltr'><strong>rei,</strong></span> <span class='ocrx_word' id='word_1_287' title='bbox 636 2361 753 2414; x_wconf 86' lang='lat' dir='ltr'><strong>quae</strong></span> <span class='ocrx_word' id='word_1_288' title='bbox 794 2362 915 2400; x_wconf 90' lang='lat' dir='ltr'><strong>cum</strong></span> <span class='ocrx_word' id='word_1_289' title='bbox 962 2347 1072 2414; x_wconf 88' lang='lat' dir='ltr'><strong>ipsa</strong></span> <span class='ocrx_word' id='word_1_290' title='bbox 1102 2346 1500 2415; x_wconf 86' lang='lat' dir='ltr'><strong>generalissima</strong></span> <span class='ocrx_word' id='word_1_291' title='bbox 1535 2348 1637 2421; x_wconf 88' lang='lat' dir='ltr'><strong>sit,</strong></span> <span class='ocrx_word' id='word_1_292' title='bbox 1663 2355 1715 2400; x_wconf 87' lang='lat' dir='ltr'><strong>et</strong></span> <span class='ocrx_word' id='word_1_293' title='bbox 1755 2360 1921 2414; x_wconf 81' lang='lat' dir='ltr'><strong>genus</strong></span> <span class='ocrx_word' id='word_1_294' title='bbox 1954 2346 2071 2415; x_wconf 88' lang='lat' dir='ltr'><strong>ejus</strong></span> 
     </span>
    </p>
   </div>
   <div class='ocr_carea' id='block_1_39' title="bbox 501 2435 2074 2509">
    <p class='ocr_par' dir='ltr' id='par_1_39' title="bbox 501 2435 2074 2509">
     <span class='ocr_line' id='line_1_39' title="bbox 501 2435 2074 2509; baseline 0.002 -20"><span class='ocrx_word' id='word_1_295' title='bbox 501 2435 701 2489; x_wconf 64' lang='lat' dir='ltr'><strong>nullum</strong></span> <span class='ocrx_word' id='word_1_296' title='bbox 733 2435 955 2509; x_wconf 87' lang='lat' dir='ltr'><strong>reperiri</strong></span> <span class='ocrx_word' id='word_1_297' title='bbox 983 2438 1178 2505; x_wconf 89' lang='lat' dir='ltr'><strong>possit,</strong></span> <span class='ocrx_word' id='word_1_298' title='bbox 1221 2451 1336 2490; x_wconf 90' lang='lat' dir='ltr'><strong>eam</strong></span> <span class='ocrx_word' id='word_1_299' title='bbox 1365 2446 1541 2490; x_wconf 91' lang='lat' dir='ltr'><strong>tamen</strong></span> <span class='ocrx_word' id='word_1_300' title='bbox 1585 2437 1807 2489; x_wconf 87' lang='lat' dir='ltr'><strong>deﬁnire</strong></span> <span class='ocrx_word' id='word_1_301' title='bbox 1850 2450 2074 2493; x_wconf 89' lang='lat' dir='ltr'><strong>necesse</strong></span> 
     </span>
    </p>
   </div>
   <div class='ocr_carea' id='block_1_40' title="bbox 504 2525 2074 2596">
    <p class='ocr_par' dir='ltr' id='par_1_40' title="bbox 504 2525 2074 2596">
     <span class='ocr_line' id='line_1_40' title="bbox 504 2525 2074 2596; baseline 0.001 -17"><span class='ocrx_word' id='word_1_302' title='bbox 504 2536 584 2580; x_wconf 85' lang='lat' dir='ltr'><strong>est</strong></span> <span class='ocrx_word' id='word_1_303' title='bbox 611 2544 622 2577; x_wconf 88' lang='lat'>:</span> <span class='ocrx_word' id='word_1_304' title='bbox 652 2536 703 2579; x_wconf 77' lang='lat' dir='ltr'><strong>et</strong></span> <span class='ocrx_word' id='word_1_305' title='bbox 729 2526 1066 2593; x_wconf 84' lang='lat' dir='ltr'><strong>Aristoteles,</strong></span> <span class='ocrx_word' id='word_1_306' title='bbox 1106 2527 1352 2595; x_wconf 88' lang='lat' dir='ltr'><strong>quoniam</strong></span> <span class='ocrx_word' id='word_1_307' title='bbox 1394 2525 1742 2580; x_wconf 79' lang='lat' dir='ltr'><strong>substantiam</strong></span> <span class='ocrx_word' id='word_1_308' title='bbox 1788 2541 1957 2594; x_wconf 87' lang='lat' dir='ltr'><strong>genus</strong></span> <span class='ocrx_word' id='word_1_309' title='bbox 1984 2542 2074 2596; x_wconf 86' lang='lat' dir='ltr'><strong>ge-</strong></span> 
     </span>
    </p>
   </div>
   <div class='ocr_carea' id='block_1_41' title="bbox 502 2617 2073 2685">
    <p class='ocr_par' dir='ltr' id='par_1_41' title="bbox 502 2617 2073 2685">
     <span class='ocr_line' id='line_1_41' title="bbox 502 2617 2073 2685; baseline -0.001 -13"><span class='ocrx_word' id='word_1_310' title='bbox 502 2620 891 2672; x_wconf 89' lang='lat' dir='ltr'><strong>neralissimum</strong></span> <span class='ocrx_word' id='word_1_311' title='bbox 918 2619 1141 2673; x_wconf 84' lang='lat' dir='ltr'><strong>delinire</strong></span> <span class='ocrx_word' id='word_1_312' title='bbox 1172 2617 1377 2671; x_wconf 87' lang='lat' dir='ltr'><strong>volebat</strong></span> <span class='ocrx_word' id='word_1_313' title='bbox 1401 2659 1415 2683; x_wconf 97' lang='lat'><strong>,</strong></span> <span class='ocrx_word' id='word_1_314' title='bbox 1444 2629 1495 2671; x_wconf 90' lang='lat' dir='ltr'><strong>et</strong></span> <span class='ocrx_word' id='word_1_315' title='bbox 1523 2618 1640 2685; x_wconf 89' lang='lat' dir='ltr'><strong>ejus</strong></span> <span class='ocrx_word' id='word_1_316' title='bbox 1674 2618 1875 2671; x_wconf 87' lang='lat' dir='ltr'><strong>nullum</strong></span> <span class='ocrx_word' id='word_1_317' title='bbox 1904 2631 2073 2685; x_wconf 91' lang='lat' dir='ltr'><strong>genus</strong></span> 
     </span>
    </p>
   </div>
   <div class='ocr_carea' id='block_1_42' title="bbox 502 2705 2074 2780">
    <p class='ocr_par' dir='ltr' id='par_1_42' title="bbox 502 2705 2074 2780">
     <span class='ocr_line' id='line_1_42' title="bbox 502 2705 2074 2780; baseline -0.003 -16"><span class='ocrx_word' id='word_1_318' title='bbox 502 2721 708 2780; x_wconf 86' lang='lat' dir='ltr'><strong>poterat</strong></span> <span class='ocrx_word' id='word_1_319' title='bbox 733 2712 991 2774; x_wconf 90' lang='lat' dir='ltr'><strong>invenire,</strong></span> <span class='ocrx_word' id='word_1_320' title='bbox 1025 2710 1401 2779; x_wconf 89' lang='lat' dir='ltr'><strong>proprietatem</strong></span> <span class='ocrx_word' id='word_1_321' title='bbox 1431 2707 1711 2777; x_wconf 88' lang='lat' dir='ltr'><strong>quamdam</strong></span> <span class='ocrx_word' id='word_1_322' title='bbox 1751 2716 1807 2761; x_wconf 90' lang='lat' dir='ltr'><strong>et</strong></span> <span class='ocrx_word' id='word_1_323' title='bbox 1851 2705 2074 2760; x_wconf 85' lang='lat' dir='ltr'><strong>demon-</strong></span> 
     </span>
    </p>
   </div>
   <div class='ocr_carea' id='block_1_43' title="bbox 502 2796 2073 2867">
    <p class='ocr_par' dir='ltr' id='par_1_43' title="bbox 502 2796 2073 2867">
     <span class='ocr_line' id='line_1_43' title="bbox 502 2796 2073 2867; baseline -0.002 -13"><span class='ocrx_word' id='word_1_324' title='bbox 502 2802 813 2855; x_wconf 81' lang='lat' dir='ltr'><strong>strationem‘</strong></span> <span class='ocrx_word' id='word_1_325' title='bbox 864 2800 1421 2867; x_wconf 88' lang='lat' dir='ltr'><strong>subscriptionemque</strong></span> <span class='ocrx_word' id='word_1_326' title='bbox 1470 2799 1634 2865; x_wconf 87' lang='lat' dir='ltr'><strong>ipsius</strong></span> <span class='ocrx_word' id='word_1_327' title='bbox 1663 2796 1740 2851; x_wconf 89' lang='lat' dir='ltr'><strong>rei</strong></span> <span class='ocrx_word' id='word_1_328' title='bbox 1786 2797 1915 2850; x_wconf 88' lang='lat' dir='ltr'><strong>dicit</strong></span> <span class='ocrx_word' id='word_1_329' title='bbox 1952 2811 2073 2851; x_wconf 92' lang='lat' dir='ltr'><strong>esse</strong></span> 
     </span>
    </p>
   </div>
   <div class='ocr_carea' id='block_1_44' title="bbox 500 2888 2067 2961">
    <p class='ocr_par' dir='ltr' id='par_1_44' title="bbox 500 2888 2067 2961">
     <span class='ocr_line' id='line_1_44' title="bbox 500 2888 2067 2961; baseline -0.003 -15"><span class='ocrx_word' id='word_1_330' title='bbox 500 2893 817 2961; x_wconf 78' lang='lat' dir='ltr'><strong>subjectum.</strong></span> <span class='ocrx_word' id='word_1_331' title='bbox 862 2892 1165 2946; x_wconf 87' lang='lat' dir='ltr'><strong>Snbstantia</strong></span> <span class='ocrx_word' id='word_1_332' title='bbox 1210 2891 1350 2945; x_wconf 90' lang='lat' dir='ltr'><strong>enim</strong></span> <span class='ocrx_word' id='word_1_333' title='bbox 1398 2890 1647 2943; x_wconf 87' lang='lat' dir='ltr'><strong>omnibus</strong></span> <span class='ocrx_word' id='word_1_334' title='bbox 1688 2888 1924 2956; x_wconf 85' lang='lat' dir='ltr'><strong>subjecta</strong></span> <span class='ocrx_word' id='word_1_335' title='bbox 1965 2896 2067 2943; x_wconf 88' lang='lat' dir='ltr'><strong>est.</strong></span> 
     </span>
    </p>
   </div>
   <div class='ocr_carea' id='block_1_45' title="bbox 506 2980 2074 3050">
    <p class='ocr_par' dir='ltr' id='par_1_45' title="bbox 506 2980 2074 3050">
     <span class='ocr_line' id='line_1_45' title="bbox 506 2980 2074 3050; baseline -0.003 -13"><span class='ocrx_word' id='word_1_336' title='bbox 506 2984 763 3038; x_wconf 80' lang='lat' dir='ltr'><strong>Accidens</strong></span> <span class='ocrx_word' id='word_1_337' title='bbox 793 2984 935 3038; x_wconf 51' lang='lat' dir='ltr'><strong>enim</strong></span> <span class='ocrx_word' id='word_1_338' title='bbox 959 2982 1096 3050; x_wconf 92' lang='lat' dir='ltr'><strong>quod</strong></span> <span class='ocrx_word' id='word_1_339' title='bbox 1129 2982 1180 3035; x_wconf 91' lang='lat' dir='ltr'><strong>in</strong></span> <span class='ocrx_word' id='word_1_340' title='bbox 1215 2995 1404 3034; x_wconf 86' lang='lat' dir='ltr'><strong>novem</strong></span> <span class='ocrx_word' id='word_1_341' title='bbox 1428 2980 1617 3033; x_wconf 85' lang='lat' dir='ltr'><strong>dividit</strong></span> <span class='ocrx_word' id='word_1_342' title='bbox 1645 2989 1843 3048; x_wconf 87' lang='lat' dir='ltr'><strong>partes,</strong></span> <span class='ocrx_word' id='word_1_343' title='bbox 1879 2988 2074 3048; x_wconf 65' lang='lat' dir='ltr'><strong>praeter</strong></span> 
     </span>
    </p>
   </div>
   <div class='ocr_carea' id='block_1_46' title="bbox 501 3071 2071 3144">
    <p class='ocr_par' dir='ltr' id='par_1_46' title="bbox 501 3071 2071 3144">
     <span class='ocr_line' id='line_1_46' title="bbox 501 3071 2071 3144; baseline -0.001 -16"><span class='ocrx_word' id='word_1_344' title='bbox 501 3074 850 3128; x_wconf 88' lang='lat' dir='ltr'><strong>substantiam</strong></span> <span class='ocrx_word' id='word_1_345' title='bbox 883 3088 1002 3127; x_wconf 91' lang='lat' dir='ltr'><strong>esse</strong></span> <span class='ocrx_word' id='word_1_346' title='bbox 1026 3088 1129 3125; x_wconf 92' lang='lat' dir='ltr'><strong>non</strong></span> <span class='ocrx_word' id='word_1_347' title='bbox 1162 3081 1331 3140; x_wconf 91' lang='lat' dir='ltr'><strong>potest</strong></span> <span class='ocrx_word' id='word_1_348' title='bbox 1354 3112 1368 3136; x_wconf 92' lang='lat'><strong>,</strong></span> <span class='ocrx_word' id='word_1_349' title='bbox 1392 3080 1549 3140; x_wconf 90' lang='lat' dir='ltr'><strong>atque</strong></span> <span class='ocrx_word' id='word_1_350' title='bbox 1582 3071 1703 3125; x_wconf 91' lang='lat' dir='ltr'><strong>ideo</strong></span> <span class='ocrx_word' id='word_1_351' title='bbox 1718 3075 1901 3125; x_wconf 80' lang='lat' dir='ltr'><strong>omnia</strong></span> <span class='ocrx_word' id='word_1_352' title='bbox 1926 3088 2071 3144; x_wconf 72' lang='lat' dir='ltr'><strong>quze-</strong></span> 
     </span>
    </p>
   </div>
   <div class='ocr_carea' id='block_1_47' title="bbox 2171 1891 3748 1965">
    <p class='ocr_par' dir='ltr' id='par_1_47' title="bbox 2171 1891 3748 1965">
     <span class='ocr_line' id='line_1_47' title="bbox 2171 1891 3748 1965; baseline 0.003 -20"><span class='ocrx_word' id='word_1_353' title='bbox 2171 1891 2309 1945; x_wconf 81' lang='lat' dir='ltr'><strong>enim</strong></span> <span class='ocrx_word' id='word_1_354' title='bbox 2330 1893 2658 1946; x_wconf 84' lang='lat' dir='ltr'><strong>communiter</strong></span> <span class='ocrx_word' id='word_1_355' title='bbox 2679 1909 2778 1946; x_wconf 87' lang='lat' dir='ltr'><strong>non</strong></span> <span class='ocrx_word' id='word_1_356' title='bbox 2806 1894 2957 1947; x_wconf 84' lang='lat' dir='ltr'><strong>unius</strong></span> <span class='ocrx_word' id='word_1_357' title='bbox 2984 1894 3205 1964; x_wconf 73' lang='lat' dir='ltr'><strong>propria:</strong></span> <span class='ocrx_word' id='word_1_358' title='bbox 3224 1895 3584 1965; x_wconf 77' lang='lat' dir='ltr'><strong>appellationis</strong></span> <span class='ocrx_word' id='word_1_359' title='bbox 3607 1906 3748 1949; x_wconf 84' lang='lat' dir='ltr'><strong>sunt.</strong></span> 
     </span>
    </p>
   </div>
   <div class='ocr_carea' id='block_1_48' title="bbox 2174 1979 3754 2054">
    <p class='ocr_par' dir='ltr' id='par_1_48' title="bbox 2174 1979 3754 2054">
     <span class='ocr_line' id='line_1_48' title="bbox 2174 1979 3754 2054; baseline 0.003 -19"><span class='ocrx_word' id='word_1_360' title='bbox 2174 1979 2267 2036; x_wconf 81' lang='lat' dir='ltr'><strong>Est</strong></span> <span class='ocrx_word' id='word_1_361' title='bbox 2293 1984 2427 2036; x_wconf 75' lang='lat' dir='ltr'><strong>en’m</strong></span> <span class='ocrx_word' id='word_1_362' title='bbox 2451 2000 2608 2054; x_wconf 80' lang='lat' dir='ltr'><strong>genus</strong></span> <span class='ocrx_word' id='word_1_363' title='bbox 2636 1994 2691 2038; x_wconf 85' lang='lat' dir='ltr'><strong>ut</strong></span> <span class='ocrx_word' id='word_1_364' title='bbox 2716 1986 2940 2048; x_wconf 86' lang='lat' dir='ltr'><strong>animal,</strong></span> <span class='ocrx_word' id='word_1_365' title='bbox 2965 1989 3152 2054; x_wconf 80' lang='lat' dir='ltr'><strong>species</strong></span> <span class='ocrx_word' id='word_1_366' title='bbox 3182 1996 3235 2037; x_wconf 87' lang='lat' dir='ltr'><strong>ut</strong></span> <span class='ocrx_word' id='word_1_367' title='bbox 3267 1988 3440 2049; x_wconf 86' lang='lat' dir='ltr'><strong>homo,</strong></span> <span class='ocrx_word' id='word_1_368' title='bbox 3460 1984 3754 2053; x_wconf 65' lang='lat' dir='ltr'><strong>diﬂ&#39;erctttia</strong></span> 
     </span>
    </p>
   </div>
   <div class='ocr_carea' id='block_1_49' title="bbox 2172 2077 3760 2148">
    <p class='ocr_par' dir='ltr' id='par_1_49' title="bbox 2172 2077 3760 2148">
     <span class='ocr_line' id='line_1_49' title="bbox 2172 2077 3760 2148; baseline 0.001 -19"><span class='ocrx_word' id='word_1_369' title='bbox 2172 2077 2525 2143; x_wconf 80' lang='lat' dir='ltr'><strong>ut&#39;rationale,</strong></span> <span class='ocrx_word' id='word_1_370' title='bbox 2555 2079 2819 2148; x_wconf 85' lang='lat' dir='ltr'><strong>praprium</strong></span> <span class='ocrx_word' id='word_1_371' title='bbox 2860 2087 2911 2131; x_wconf 88' lang='lat' dir='ltr'><strong>ut</strong></span> <span class='ocrx_word' id='word_1_372' title='bbox 2950 2079 3165 2146; x_wconf 85' lang='lat' dir='ltr'><strong>risibile,</strong></span> <span class='ocrx_word' id='word_1_373' title='bbox 3196 2078 3429 2132; x_wconf 75' lang='lat' dir='ltr'><strong>accidens</strong></span> <span class='ocrx_word' id='word_1_374' title='bbox 3460 2088 3514 2130; x_wconf 86' lang='lat' dir='ltr'><strong>ut</strong></span> <span class='ocrx_word' id='word_1_375' title='bbox 3543 2078 3760 2145; x_wconf 74' lang='lat' dir='ltr'><strong>albumr</strong></span> 
     </span>
    </p>
   </div>
   <div class='ocr_carea' id='block_1_50' title="bbox 2171 2165 3750 2236">
    <p class='ocr_par' dir='ltr' id='par_1_50' title="bbox 2171 2165 3750 2236">
     <span class='ocr_line' id='line_1_50' title="bbox 2171 2165 3750 2236; baseline 0.001 -17"><span class='ocrx_word' id='word_1_376' title='bbox 2171 2165 2363 2219; x_wconf 79' lang='lat' dir='ltr'><strong>sedere.</strong></span> <span class='ocrx_word' id='word_1_377' title='bbox 2404 2165 2476 2219; x_wconf 84' lang='lat' dir='ltr'><strong>Ab</strong></span> <span class='ocrx_word' id='word_1_378' title='bbox 2518 2166 2597 2220; x_wconf 87' lang='lat' dir='ltr'><strong>Itis</strong></span> <span class='ocrx_word' id='word_1_379' title='bbox 2625 2167 2778 2234; x_wconf 70' lang='lat' dir='ltr'><strong>igitur</strong></span> <span class='ocrx_word' id='word_1_380' title='bbox 2803 2184 2916 2236; x_wconf 77' lang='lat' dir='ltr'><strong>qua:</strong></span> <span class='ocrx_word' id='word_1_381' title='bbox 2945 2167 3015 2221; x_wconf 75' lang='lat' dir='ltr'><strong>att</strong></span> <span class='ocrx_word' id='word_1_382' title='bbox 3045 2171 3286 2221; x_wconf 71' lang='lat' dir='ltr'><strong>unitatem</strong></span> <span class='ocrx_word' id='word_1_383' title='bbox 3317 2168 3549 2221; x_wconf 79' lang='lat' dir='ltr'><strong>dicuntur</strong></span> <span class='ocrx_word' id='word_1_384' title='bbox 3580 2165 3750 2234; x_wconf 76' lang='lat' dir='ltr'><strong>di/I&#39;ert</strong></span> 
     </span>
    </p>
   </div>
   <div class='ocr_carea' id='block_1_51' title="bbox 2171 2248 3745 2325">
    <p class='ocr_par' dir='ltr' id='par_1_51' title="bbox 2171 2248 3745 2325">
     <span class='ocr_line' id='line_1_51' title="bbox 2171 2248 3745 2325; baseline 0.001 -18"><span class='ocrx_word' id='word_1_385' title='bbox 2171 2248 2360 2325; x_wconf 81' lang='lat' dir='ltr'><strong>genus,</strong></span> <span class='ocrx_word' id='word_1_386' title='bbox 2406 2255 2543 2324; x_wconf 86' lang='lat' dir='ltr'><strong>quod</strong></span> <span class='ocrx_word' id='word_1_387' title='bbox 2581 2272 2743 2325; x_wconf 76' lang='lat' dir='ltr'><strong>genus</strong></span> <span class='ocrx_word' id='word_1_388' title='bbox 2772 2266 2847 2309; x_wconf 81' lang='lat' dir='ltr'><strong>est</strong></span> <span class='ocrx_word' id='word_1_389' title='bbox 2884 2258 3019 2325; x_wconf 81' lang='lat' dir='ltr'><strong>quod</strong></span> <span class='ocrx_word' id='word_1_390' title='bbox 3049 2260 3112 2309; x_wconf 81' lang='lat' dir='ltr'><strong>de</strong></span> <span class='ocrx_word' id='word_1_391' title='bbox 3154 2256 3384 2325; x_wconf 86' lang='lat' dir='ltr'><strong>pluribus</strong></span> <span class='ocrx_word' id='word_1_392' title='bbox 3420 2256 3745 2325; x_wconf 67' lang='lat' dir='ltr'><strong>praedicatur.</strong></span> 
     </span>
    </p>
   </div>
   <div class='ocr_carea' id='block_1_52' title="bbox 2243 2344 3745 2415">
    <p class='ocr_par' dir='ltr' id='par_1_52' title="bbox 2243 2344 3745 2415">
     <span class='ocr_line' id='line_1_52' title="bbox 2243 2344 3745 2415; baseline 0 -18"><span class='ocrx_word' id='word_1_393' title='bbox 2243 2344 2425 2398; x_wconf 84' lang='lat' dir='ltr'><strong>Brevis</strong></span> <span class='ocrx_word' id='word_1_394' title='bbox 2455 2346 2530 2415; x_wconf 93' lang='lat' dir='ltr'><strong>(ut</strong></span> <span class='ocrx_word' id='word_1_395' title='bbox 2564 2360 2725 2414; x_wconf 88' lang='lat' dir='ltr'><strong>supra</strong></span> <span class='ocrx_word' id='word_1_396' title='bbox 2762 2344 2965 2399; x_wconf 89' lang='lat' dir='ltr'><strong>dictum</strong></span> <span class='ocrx_word' id='word_1_397' title='bbox 3008 2344 3113 2414; x_wconf 76' lang='lat' dir='ltr'><strong>e~t)</strong></span> <span class='ocrx_word' id='word_1_398' title='bbox 3161 2355 3216 2399; x_wconf 91' lang='lat' dir='ltr'><strong>et</strong></span> <span class='ocrx_word' id='word_1_399' title='bbox 3254 2344 3501 2401; x_wconf 86' lang='lat' dir='ltr'><strong>distincta</strong></span> <span class='ocrx_word' id='word_1_400' title='bbox 3530 2344 3745 2399; x_wconf 86' lang='lat' dir='ltr'><strong>divisio.</strong></span> 
     </span>
    </p>
   </div>
   <div class='ocr_carea' id='block_1_53' title="bbox 2176 2433 3747 2506">
    <p class='ocr_par' dir='ltr' id='par_1_53' title="bbox 2176 2433 3747 2506">
     <span class='ocr_line' id='line_1_53' title="bbox 2176 2433 3747 2506; baseline 0.003 -19"><span class='ocrx_word' id='word_1_401' title='bbox 2176 2433 2357 2489; x_wconf 88' lang='lat' dir='ltr'><strong>Omnis</strong></span> <span class='ocrx_word' id='word_1_402' title='bbox 2378 2437 2517 2489; x_wconf 81' lang='lat' dir='ltr'><strong>enim</strong></span> <span class='ocrx_word' id='word_1_403' title='bbox 2550 2450 2658 2500; x_wconf 88' lang='lat' dir='ltr'><strong>res,</strong></span> <span class='ocrx_word' id='word_1_404' title='bbox 2686 2447 2776 2491; x_wconf 92' lang='lat' dir='ltr'><strong>aut</strong></span> <span class='ocrx_word' id='word_1_405' title='bbox 2806 2437 2961 2490; x_wconf 91' lang='lat' dir='ltr'><strong>unius</strong></span> <span class='ocrx_word' id='word_1_406' title='bbox 2991 2439 3065 2491; x_wconf 92' lang='lat' dir='ltr'><strong>rei</strong></span> <span class='ocrx_word' id='word_1_407' title='bbox 3094 2451 3285 2492; x_wconf 89' lang='lat' dir='ltr'><strong>nomen</strong></span> <span class='ocrx_word' id='word_1_408' title='bbox 3320 2447 3428 2506; x_wconf 88' lang='lat' dir='ltr'><strong>est,</strong></span> <span class='ocrx_word' id='word_1_409' title='bbox 3461 2446 3552 2491; x_wconf 89' lang='lat' dir='ltr'><strong>aut</strong></span> <span class='ocrx_word' id='word_1_410' title='bbox 3580 2436 3747 2506; x_wconf 60' lang='lat' dir='ltr'><strong>pluri.</strong></span> 
     </span>
    </p>
   </div>
   <div class='ocr_carea' id='block_1_54' title="bbox 2176 2524 3747 2595">
    <p class='ocr_par' dir='ltr' id='par_1_54' title="bbox 2176 2524 3747 2595">
     <span class='ocr_line' id='line_1_54' title="bbox 2176 2524 3747 2595; baseline 0.003 -19"><span class='ocrx_word' id='word_1_411' title='bbox 2176 2538 2402 2588; x_wconf 89' lang='lat' dir='ltr'><strong>marum,</strong></span> <span class='ocrx_word' id='word_1_412' title='bbox 2429 2535 2483 2578; x_wconf 91' lang='lat' dir='ltr'><strong>et</strong></span> <span class='ocrx_word' id='word_1_413' title='bbox 2512 2524 2612 2578; x_wconf 91' lang='lat' dir='ltr'><strong>hoc</strong></span> <span class='ocrx_word' id='word_1_414' title='bbox 2627 2534 2709 2579; x_wconf 90' lang='lat' dir='ltr'><strong>est</strong></span> <span class='ocrx_word' id='word_1_415' title='bbox 2731 2526 2869 2595; x_wconf 88' lang='lat' dir='ltr'><strong>quod</strong></span> <span class='ocrx_word' id='word_1_416' title='bbox 2888 2527 2996 2579; x_wconf 90' lang='lat' dir='ltr'><strong>ait:</strong></span> <span class='ocrx_word' id='word_1_417' title='bbox 3025 2526 3217 2580; x_wconf 84' lang='lat' dir='ltr'><strong>Eorum</strong></span> <span class='ocrx_word' id='word_1_418' title='bbox 3238 2543 3352 2594; x_wconf 77' lang='lat' dir='ltr'><strong>qum</strong></span> <span class='ocrx_word' id='word_1_419' title='bbox 3373 2527 3619 2580; x_wconf 91' lang='lat' dir='ltr'><strong>dicuntur</strong></span> <span class='ocrx_word' id='word_1_420' title='bbox 3642 2526 3747 2581; x_wconf 87' lang='lat' dir='ltr'><strong>alia</strong></span> 
     </span>
    </p>
   </div>
   <div class='ocr_carea' id='block_1_55' title="bbox 2175 2615 3749 2682">
    <p class='ocr_par' dir='ltr' id='par_1_55' title="bbox 2175 2615 3749 2682">
     <span class='ocr_line' id='line_1_55' title="bbox 2175 2615 3749 2682; baseline 0.001 -13"><span class='ocrx_word' id='word_1_421' title='bbox 2175 2615 2240 2669; x_wconf 90' lang='lat' dir='ltr'><strong>ad</strong></span> <span class='ocrx_word' id='word_1_422' title='bbox 2272 2615 2527 2670; x_wconf 89' lang='lat' dir='ltr'><strong>unitatem</strong></span> <span class='ocrx_word' id='word_1_423' title='bbox 2573 2616 2845 2682; x_wconf 89' lang='lat' dir='ltr'><strong>dicuntur,</strong></span> <span class='ocrx_word' id='word_1_424' title='bbox 2892 2617 3031 2671; x_wconf 91' lang='lat' dir='ltr'><strong>sicut</strong></span> <span class='ocrx_word' id='word_1_425' title='bbox 3060 2628 3181 2672; x_wconf 89' lang='lat' dir='ltr'><strong>sunt</strong></span> <span class='ocrx_word' id='word_1_426' title='bbox 3229 2618 3405 2673; x_wconf 82' lang='lat' dir='ltr'><strong>omnia</strong></span> <span class='ocrx_word' id='word_1_427' title='bbox 3458 2618 3749 2671; x_wconf 82' lang='lat' dir='ltr'><strong>individua.</strong></span> 
     </span>
    </p>
   </div>
   <div class='ocr_carea' id='block_1_56' title="bbox 2176 2705 3747 2778">
    <p class='ocr_par' dir='ltr' id='par_1_56' title="bbox 2176 2705 3747 2778">
     <span class='ocr_line' id='line_1_56' title="bbox 2176 2705 3747 2778; baseline 0.001 -17"><span class='ocrx_word' id='word_1_428' title='bbox 2176 2707 2309 2774; x_wconf 86' lang='lat' dir='ltr'><strong>Quid</strong></span> <span class='ocrx_word' id='word_1_429' title='bbox 2338 2718 2513 2761; x_wconf 90' lang='lat' dir='ltr'><strong>autem</strong></span> <span class='ocrx_word' id='word_1_430' title='bbox 2544 2709 2610 2763; x_wconf 86' lang='lat' dir='ltr'><strong>sit</strong></span> <span class='ocrx_word' id='word_1_431' title='bbox 2639 2708 2874 2763; x_wconf 90' lang='lat' dir='ltr'><strong>breviter</strong></span> <span class='ocrx_word' id='word_1_432' title='bbox 2917 2709 3286 2778; x_wconf 80' lang='lat' dir='ltr'><strong>explicandum</strong></span> <span class='ocrx_word' id='word_1_433' title='bbox 3318 2719 3420 2764; x_wconf 90' lang='lat' dir='ltr'><strong>est.</strong></span> <span class='ocrx_word' id='word_1_434' title='bbox 3449 2705 3620 2763; x_wconf 78' lang='lat' dir='ltr'><strong>omne</strong></span> <span class='ocrx_word' id='word_1_435' title='bbox 3654 2723 3747 2777; x_wconf 85' lang='lat' dir='ltr'><strong>ge-</strong></span> 
     </span>
    </p>
   </div>
   <div class='ocr_carea' id='block_1_57' title="bbox 2176 2799 3765 2870">
    <p class='ocr_par' dir='ltr' id='par_1_57' title="bbox 2176 2799 3765 2870">
     <span class='ocr_line' id='line_1_57' title="bbox 2176 2799 3765 2870; baseline 0.001 -18"><span class='ocrx_word' id='word_1_436' title='bbox 2176 2814 2297 2864; x_wconf 84' lang='lat' dir='ltr'><strong>nus,</strong></span> <span class='ocrx_word' id='word_1_437' title='bbox 2335 2799 2582 2867; x_wconf 79' lang='lat' dir='ltr'><strong>quoniam</strong></span> <span class='ocrx_word' id='word_1_438' title='bbox 2635 2800 2735 2854; x_wconf 87' lang='lat' dir='ltr'><strong>sub</strong></span> <span class='ocrx_word' id='word_1_439' title='bbox 2784 2815 2841 2854; x_wconf 92' lang='lat' dir='ltr'><strong>se</strong></span> <span class='ocrx_word' id='word_1_440' title='bbox 2888 2802 3091 2870; x_wconf 83' lang='lat' dir='ltr'><strong>species</strong></span> <span class='ocrx_word' id='word_1_441' title='bbox 3139 2800 3328 2865; x_wconf 82' lang='lat' dir='ltr'><strong>habet,</strong></span> <span class='ocrx_word' id='word_1_442' title='bbox 3375 2802 3579 2866; x_wconf 75' lang='lat' dir='ltr'><strong>species</strong></span> <span class='ocrx_word' id='word_1_443' title='bbox 3618 2814 3765 2854; x_wconf 72' lang='lat' dir='ltr'><strong>vero.</strong></span> 
     </span>
    </p>
   </div>
   <div class='ocr_carea' id='block_1_58' title="bbox 2176 2887 3747 2959">
    <p class='ocr_par' dir='ltr' id='par_1_58' title="bbox 2176 2887 3747 2959">
     <span class='ocr_line' id='line_1_58' title="bbox 2176 2887 3747 2959; baseline 0.002 -19"><span class='ocrx_word' id='word_1_444' title='bbox 2176 2887 2488 2943; x_wconf 85' lang='lat' dir='ltr'><strong>dill&#39;erentiis</strong></span> <span class='ocrx_word' id='word_1_445' title='bbox 2516 2891 2906 2959; x_wconf 87' lang='lat' dir='ltr'><strong>disjunguntur,</strong></span> <span class='ocrx_word' id='word_1_446' title='bbox 2941 2900 2993 2943; x_wconf 89' lang='lat' dir='ltr'><strong>et</strong></span> <span class='ocrx_word' id='word_1_447' title='bbox 3024 2889 3438 2958; x_wconf 86' lang='lat' dir='ltr'><strong>proprietatibus</strong></span> <span class='ocrx_word' id='word_1_448' title='bbox 3476 2891 3747 2959; x_wconf 77' lang='lat' dir='ltr'><strong>explican-</strong></span> 
     </span>
    </p>
   </div>
   <div class='ocr_carea' id='block_1_59' title="bbox 2178 2979 3746 3049">
    <p class='ocr_par' dir='ltr' id='par_1_59' title="bbox 2178 2979 3746 3049">
     <span class='ocr_line' id='line_1_59' title="bbox 2178 2979 3746 3049; baseline 0.002 -17"><span class='ocrx_word' id='word_1_449' title='bbox 2178 2989 2279 3032; x_wconf 91' lang='lat' dir='ltr'><strong>tur.</strong></span> <span class='ocrx_word' id='word_1_450' title='bbox 2311 2980 2571 3034; x_wconf 87' lang='lat' dir='ltr'><strong>Accidunt</strong></span> <span class='ocrx_word' id='word_1_451' title='bbox 2598 2990 2773 3034; x_wconf 86' lang='lat' dir='ltr'><strong>autem</strong></span> <span class='ocrx_word' id='word_1_452' title='bbox 2799 2979 2850 3033; x_wconf 92' lang='lat' dir='ltr'><strong>in</strong></span> <span class='ocrx_word' id='word_1_453' title='bbox 2881 2980 3161 3049; x_wconf 87' lang='lat' dir='ltr'><strong>speciebus</strong></span> <span class='ocrx_word' id='word_1_454' title='bbox 3186 2981 3479 3034; x_wconf 81' lang='lat' dir='ltr'><strong>accidentia</strong></span> <span class='ocrx_word' id='word_1_455' title='bbox 3509 2980 3746 3035; x_wconf 87' lang='lat' dir='ltr'><strong>secundo</strong></span> 
     </span>
    </p>
   </div>
   <div class='ocr_carea' id='block_1_60' title="bbox 2177 3068 3747 3141">
    <p class='ocr_par' dir='ltr' id='par_1_60' title="bbox 2177 3068 3747 3141">
     <span class='ocr_line' id='line_1_60' title="bbox 2177 3068 3747 3141; baseline 0.004 -20"><span class='ocrx_word' id='word_1_456' title='bbox 2177 3068 2313 3134; x_wconf 92' lang='lat' dir='ltr'><strong>loco,</strong></span> <span class='ocrx_word' id='word_1_457' title='bbox 2350 3072 2706 3140; x_wconf 89' lang='lat' dir='ltr'><strong>principaliter</strong></span> <span class='ocrx_word' id='word_1_458' title='bbox 2739 3086 2864 3124; x_wconf 84' lang='lat' dir='ltr'><strong>vero</strong></span> <span class='ocrx_word' id='word_1_459' title='bbox 2893 3071 2943 3125; x_wconf 91' lang='lat' dir='ltr'><strong>itt</strong></span> <span class='ocrx_word' id='word_1_460' title='bbox 2994 3071 3278 3125; x_wconf 84' lang='lat' dir='ltr'><strong>individuis</strong></span> <span class='ocrx_word' id='word_1_461' title='bbox 3322 3088 3440 3141; x_wconf 77' lang='lat' dir='ltr'><strong>qua:</strong></span> <span class='ocrx_word' id='word_1_462' title='bbox 3480 3081 3604 3125; x_wconf 83' lang='lat' dir='ltr'><strong>sunt</strong></span> <span class='ocrx_word' id='word_1_463' title='bbox 3644 3072 3747 3127; x_wconf 86' lang='lat' dir='ltr'><strong>sub</strong></span> 
     </span>
    </p>
   </div>
   <div class='ocr_carea' id='block_1_61' title="bbox 501 3146 3759 3233">
    <p class='ocr_par' dir='ltr' id='par_1_61' title="bbox 501 3146 3759 3233">
     <span class='ocr_line' id='line_1_61' title="bbox 501 3146 3759 3233; baseline -0.001 -14"><span class='ocrx_word' id='word_1_464' title='bbox 501 3179 709 3233; x_wconf 90' lang='lat' dir='ltr'><strong>cunque</strong></span> <span class='ocrx_word' id='word_1_465' title='bbox 748 3163 1048 3219; x_wconf 87' lang='lat' dir='ltr'><strong>deﬁnienda</strong></span> <span class='ocrx_word' id='word_1_466' title='bbox 1091 3172 1243 3227; x_wconf 90' lang='lat' dir='ltr'><strong>sunt,</strong></span> <span class='ocrx_word' id='word_1_467' title='bbox 1274 3164 1315 3217; x_wconf 89' lang='lat' dir='ltr'><strong>si</strong></span> <span class='ocrx_word' id='word_1_468' title='bbox 1348 3176 1517 3232; x_wconf 88' lang='lat' dir='ltr'><strong>genus</strong></span> <span class='ocrx_word' id='word_1_469' title='bbox 1558 3176 1665 3215; x_wconf 88' lang='lat' dir='ltr'><strong>non</strong></span> <span class='ocrx_word' id='word_1_470' title='bbox 1697 3146 1952 3226; x_wconf 87' lang='lat' dir='ltr'><strong>habeant,</strong></span> <span class='ocrx_word' id='word_1_471' title='bbox 1988 3178 2070 3217; x_wconf 85' lang='lat' dir='ltr'><strong>eo-</strong></span> <span class='ocrx_word' id='word_1_472' title='bbox 2102 3158 2147 3221; x_wconf 87' lang='lat' dir='ltr'><strong>C</strong></span> <span class='ocrx_word' id='word_1_473' title='bbox 2177 3161 2478 3229; x_wconf 88' lang='lat' dir='ltr'><strong>speciebus.</strong></span> <span class='ocrx_word' id='word_1_474' title='bbox 2520 3162 2655 3226; x_wconf 84' lang='lat' dir='ltr'><strong>Quid</strong></span> <span class='ocrx_word' id='word_1_475' title='bbox 2698 3172 2871 3215; x_wconf 89' lang='lat' dir='ltr'><strong>autem</strong></span> <span class='ocrx_word' id='word_1_476' title='bbox 2917 3161 2984 3213; x_wconf 89' lang='lat' dir='ltr'><strong>sit</strong></span> <span class='ocrx_word' id='word_1_477' title='bbox 3034 3163 3297 3230; x_wconf 50' lang='lat' dir='ltr'><strong>posterius</strong></span> <span class='ocrx_word' id='word_1_478' title='bbox 3326 3162 3609 3216; x_wconf 89' lang='lat' dir='ltr'><strong>dicendum</strong></span> <span class='ocrx_word' id='word_1_479' title='bbox 3638 3171 3759 3217; x_wconf 69' lang='lat' dir='ltr'><strong>est-</strong></span> 
     </span>
    </p>
   </div>
   <div class='ocr_carea' id='block_1_62' title="bbox 501 3252 2069 3333">
    <p class='ocr_par' dir='ltr' id='par_1_62' title="bbox 501 3252 2069 3333">
     <span class='ocr_line' id='line_1_62' title="bbox 501 3252 2069 3333; baseline 0.001 -26"><span class='ocrx_word' id='word_1_480' title='bbox 501 3268 615 3307; x_wconf 91' lang='lat' dir='ltr'><strong>rum</strong></span> <span class='ocrx_word' id='word_1_481' title='bbox 642 3254 1050 3320; x_wconf 88' lang='lat' dir='ltr'><strong>subscriptivam</strong></span> <span class='ocrx_word' id='word_1_482' title='bbox 1081 3253 1364 3322; x_wconf 90' lang='lat' dir='ltr'><strong>quamdam</strong></span> <span class='ocrx_word' id='word_1_483' title='bbox 1389 3262 1443 3307; x_wconf 90' lang='lat' dir='ltr'><strong>et</strong></span> <span class='ocrx_word' id='word_1_484' title='bbox 1470 3252 1949 3307; x_wconf 86' lang='lat' dir='ltr'><strong>demonstrativam</strong></span> <span class='ocrx_word' id='word_1_485' title='bbox 1979 3268 2069 3333; x_wconf 72' lang='lat' dir='ltr'><strong>ra-</strong></span> 
     </span>
    </p>
   </div>
   <div class='ocr_carea' id='block_1_63' title="bbox 501 3342 2066 3412">
    <p class='ocr_par' dir='ltr' id='par_1_63' title="bbox 501 3342 2066 3412">
     <span class='ocr_line' id='line_1_63' title="bbox 501 3342 2066 3412; baseline 0 -14"><span class='ocrx_word' id='word_1_486' title='bbox 501 3344 697 3399; x_wconf 89' lang='lat' dir='ltr'><strong>tionem</strong></span> <span class='ocrx_word' id='word_1_487' title='bbox 751 3344 899 3400; x_wconf 87' lang='lat' dir='ltr'><strong>reddi</strong></span> <span class='ocrx_word' id='word_1_488' title='bbox 952 3359 1175 3399; x_wconf 88' lang='lat' dir='ltr'><strong>necesse</strong></span> <span class='ocrx_word' id='word_1_489' title='bbox 1218 3353 1319 3397; x_wconf 86' lang='lat' dir='ltr'><strong>est.</strong></span> <span class='ocrx_word' id='word_1_490' title='bbox 1365 3342 1452 3396; x_wconf 88' lang='lat' dir='ltr'><strong>Sic</strong></span> <span class='ocrx_word' id='word_1_491' title='bbox 1500 3343 1659 3410; x_wconf 82' lang='lat' dir='ltr'><strong>igitur</strong></span> <span class='ocrx_word' id='word_1_492' title='bbox 1692 3357 1832 3397; x_wconf 90' lang='lat' dir='ltr'><strong>nunc</strong></span> <span class='ocrx_word' id='word_1_493' title='bbox 1874 3357 2066 3412; x_wconf 87' lang='lat' dir='ltr'><strong>genus,</strong></span> 
     </span>
    </p>
   </div>
   <div class='ocr_carea' id='block_1_64' title="bbox 503 3435 2073 3507">
    <p class='ocr_par' dir='ltr' id='par_1_64' title="bbox 503 3435 2073 3507">
     <span class='ocr_line' id='line_1_64' title="bbox 503 3435 2073 3507; baseline 0.002 -17"><span class='ocrx_word' id='word_1_494' title='bbox 503 3438 749 3507; x_wconf 90' lang='lat' dir='ltr'><strong>quoniam</strong></span> <span class='ocrx_word' id='word_1_495' title='bbox 776 3453 889 3492; x_wconf 89' lang='lat' dir='ltr'><strong>rem</strong></span> <span class='ocrx_word' id='word_1_496' title='bbox 919 3440 1084 3506; x_wconf 83' lang='lat' dir='ltr'><strong>ipsam</strong></span> <span class='ocrx_word' id='word_1_497' title='bbox 1116 3435 1470 3492; x_wconf 81' lang='lat' dir='ltr'><strong>deliniendam</strong></span> <span class='ocrx_word' id='word_1_498' title='bbox 1504 3436 1755 3503; x_wconf 90' lang='lat' dir='ltr'><strong>putabat,</strong></span> <span class='ocrx_word' id='word_1_499' title='bbox 1790 3450 1893 3490; x_wconf 91' lang='lat' dir='ltr'><strong>non</strong></span> <span class='ocrx_word' id='word_1_500' title='bbox 1918 3436 2073 3493; x_wconf 76' lang='lat' dir='ltr'><strong>duxit</strong></span> 
     </span>
    </p>
   </div>
   <div class='ocr_carea' id='block_1_65' title="bbox 506 3517 2074 3598">
    <p class='ocr_par' dir='ltr' id='par_1_65' title="bbox 506 3517 2074 3598">
     <span class='ocr_line' id='line_1_65' title="bbox 506 3517 2074 3598; baseline 0 -16"><span class='ocrx_word' id='word_1_501' title='bbox 506 3543 536 3582; x_wconf 91' lang='lat' dir='ltr'><strong>a</strong></span> <span class='ocrx_word' id='word_1_502' title='bbox 584 3544 779 3598; x_wconf 87' lang='lat' dir='ltr'><strong>genere</strong></span> <span class='ocrx_word' id='word_1_503' title='bbox 824 3517 1219 3593; x_wconf 80' lang='lat' dir='ltr'><strong>deﬁnitionem,</strong></span> <span class='ocrx_word' id='word_1_504' title='bbox 1270 3528 1363 3582; x_wconf 89' lang='lat' dir='ltr'><strong>sed</strong></span> <span class='ocrx_word' id='word_1_505' title='bbox 1398 3526 1545 3581; x_wconf 86' lang='lat' dir='ltr'><strong>dedit</strong></span> <span class='ocrx_word' id='word_1_506' title='bbox 1588 3527 1868 3595; x_wconf 83' lang='lat' dir='ltr'><strong>quamdam</strong></span> <span class='ocrx_word' id='word_1_507' title='bbox 1912 3542 2074 3596; x_wconf 84' lang='lat' dir='ltr'><strong>gene-</strong></span> 
     </span>
    </p>
   </div>
   <div class='ocr_carea' id='block_1_66' title="bbox 503 3620 2071 3690">
    <p class='ocr_par' dir='ltr' id='par_1_66' title="bbox 503 3620 2071 3690">
     <span class='ocr_line' id='line_1_66' title="bbox 503 3620 2071 3690; baseline -0.001 -13"><span class='ocrx_word' id='word_1_508' title='bbox 503 3622 579 3676; x_wconf 89' lang='lat' dir='ltr'><strong>ris</strong></span> <span class='ocrx_word' id='word_1_509' title='bbox 616 3623 1125 3677; x_wconf 85' lang='lat' dir='ltr'><strong>demonstrationem</strong></span> <span class='ocrx_word' id='word_1_510' title='bbox 1177 3623 1678 3690; x_wconf 73' lang='lat' dir='ltr'><strong>proprietatennue.</strong></span> <span class='ocrx_word' id='word_1_511' title='bbox 1722 3620 1852 3674; x_wconf 87' lang='lat' dir='ltr'><strong>Dico</strong></span> <span class='ocrx_word' id='word_1_512' title='bbox 1893 3631 2071 3676; x_wconf 89' lang='lat' dir='ltr'><strong>autem</strong></span> 
     </span>
    </p>
   </div>
   <div class='ocr_carea' id='block_1_67' title="bbox 503 3716 2072 3787">
    <p class='ocr_par' dir='ltr' id='par_1_67' title="bbox 503 3716 2072 3787">
     <span class='ocr_line' id='line_1_67' title="bbox 503 3716 2072 3787; baseline -0.001 -16"><span class='ocrx_word' id='word_1_513' title='bbox 503 3720 640 3787; x_wconf 90' lang='lat' dir='ltr'><strong>quod</strong></span> <span class='ocrx_word' id='word_1_514' title='bbox 687 3719 1011 3787; x_wconf 83' lang='lat' dir='ltr'><strong>Porphyrius</strong></span> <span class='ocrx_word' id='word_1_515' title='bbox 1053 3719 1137 3771; x_wconf 87' lang='lat' dir='ltr'><strong>vel</strong></span> <span class='ocrx_word' id='word_1_516' title='bbox 1186 3717 1610 3771; x_wconf 88' lang='lat' dir='ltr'><strong>subalternordm</strong></span> <span class='ocrx_word' id='word_1_517' title='bbox 1652 3731 1943 3785; x_wconf 80' lang='lat' dir='ltr'><strong>generum,</strong></span> <span class='ocrx_word' id='word_1_518' title='bbox 1985 3716 2072 3771; x_wconf 87' lang='lat' dir='ltr'><strong>vel</strong></span> 
     </span>
    </p>
   </div>
   <div class='ocr_carea' id='block_1_68' title="bbox 502 3804 2074 3877">
    <p class='ocr_par' dir='ltr' id='par_1_68' title="bbox 502 3804 2074 3877">
     <span class='ocr_line' id='line_1_68' title="bbox 502 3804 2074 3877; baseline -0.001 -16"><span class='ocrx_word' id='word_1_519' title='bbox 502 3808 716 3862; x_wconf 90' lang='lat' dir='ltr'><strong>illorum</strong></span> <span class='ocrx_word' id='word_1_520' title='bbox 749 3824 867 3877; x_wconf 62' lang='lat' dir='ltr'><strong>quae</strong></span> <span class='ocrx_word' id='word_1_521' title='bbox 911 3806 1311 3875; x_wconf 78' lang='lat' dir='ltr'><strong>gene’ralissima</strong></span> <span class='ocrx_word' id='word_1_522' title='bbox 1343 3815 1497 3874; x_wconf 86' lang='lat' dir='ltr'><strong>sunt,</strong></span> <span class='ocrx_word' id='word_1_523' title='bbox 1530 3805 1665 3858; x_wconf 89' lang='lat' dir='ltr'><strong>hanc</strong></span> <span class='ocrx_word' id='word_1_524' title='bbox 1706 3804 1909 3860; x_wconf 91' lang='lat' dir='ltr'><strong>dederit</strong></span> <span class='ocrx_word' id='word_1_525' title='bbox 1938 3805 2074 3859; x_wconf 89' lang='lat' dir='ltr'><strong>deﬁ-</strong></span> 
     </span>
    </p>
   </div>
   <div class='ocr_carea' id='block_1_69' title="bbox 503 3897 2070 3967">
    <p class='ocr_par' dir='ltr' id='par_1_69' title="bbox 503 3897 2070 3967">
     <span class='ocr_line' id='line_1_69' title="bbox 503 3897 2070 3967; baseline 0 -16"><span class='ocrx_word' id='word_1_526' title='bbox 503 3898 790 3964; x_wconf 89' lang='lat' dir='ltr'><strong>nitionem,</strong></span> <span class='ocrx_word' id='word_1_527' title='bbox 836 3908 888 3952; x_wconf 90' lang='lat' dir='ltr'><strong>et</strong></span> <span class='ocrx_word' id='word_1_528' title='bbox 937 3898 1329 3967; x_wconf 87' lang='lat' dir='ltr'><strong>quodammodo</strong></span> <span class='ocrx_word' id='word_1_529' title='bbox 1366 3897 1812 3964; x_wconf 88' lang='lat' dir='ltr'><strong>subscriptionem</strong></span> <span class='ocrx_word' id='word_1_530' title='bbox 1843 3898 2070 3951; x_wconf 89' lang='lat' dir='ltr'><strong>demon-</strong></span> 
     </span>
    </p>
   </div>
   <div class='ocr_carea' id='block_1_70' title="bbox 507 3988 2070 4059">
    <p class='ocr_par' dir='ltr' id='par_1_70' title="bbox 507 3988 2070 4059">
     <span class='ocr_line' id='line_1_70' title="bbox 507 3988 2070 4059; baseline 0.001 -18"><span class='ocrx_word' id='word_1_531' title='bbox 507 3989 948 4058; x_wconf 87' lang='lat' dir='ltr'><strong>slrationemqne.</strong></span> <span class='ocrx_word' id='word_1_532' title='bbox 974 3989 1102 4041; x_wconf 84' lang='lat' dir='ltr'><strong>Nam</strong></span> <span class='ocrx_word' id='word_1_533' title='bbox 1129 3988 1172 4041; x_wconf 87' lang='lat' dir='ltr'><strong>si</strong></span> <span class='ocrx_word' id='word_1_534' title='bbox 1190 3988 1328 4055; x_wconf 85' lang='lat' dir='ltr'><strong>quod</strong></span> <span class='ocrx_word' id='word_1_535' title='bbox 1352 4003 1517 4057; x_wconf 83' lang='lat' dir='ltr'><strong>genus</strong></span> <span class='ocrx_word' id='word_1_536' title='bbox 1540 3988 1699 4042; x_wconf 90' lang='lat' dir='ltr'><strong>habet</strong></span> <span class='ocrx_word' id='word_1_537' title='bbox 1720 3988 1861 4043; x_wconf 89' lang='lat' dir='ltr'><strong>aliud</strong></span> <span class='ocrx_word' id='word_1_538' title='bbox 1882 4005 2070 4059; x_wconf 88' lang='lat' dir='ltr'><strong>genus,</strong></span> 
     </span>
    </p>
   </div>
   <div class='ocr_carea' id='block_1_71' title="bbox 505 4078 2073 4148">
    <p class='ocr_par' dir='ltr' id='par_1_71' title="bbox 505 4078 2073 4148">
     <span class='ocr_line' id='line_1_71' title="bbox 505 4078 2073 4148; baseline -0.001 -15"><span class='ocrx_word' id='word_1_539' title='bbox 505 4088 561 4133; x_wconf 93' lang='lat' dir='ltr'><strong>et</strong></span> <span class='ocrx_word' id='word_1_540' title='bbox 600 4080 726 4133; x_wconf 91' lang='lat' dir='ltr'><strong>item</strong></span> <span class='ocrx_word' id='word_1_541' title='bbox 761 4080 861 4133; x_wconf 90' lang='lat' dir='ltr'><strong>hoc</strong></span> <span class='ocrx_word' id='word_1_542' title='bbox 908 4080 1080 4148; x_wconf 75' lang='lat' dir='ltr'><strong>ips‘um</strong></span> <span class='ocrx_word' id='word_1_543' title='bbox 1115 4079 1287 4144; x_wconf 89' lang='lat' dir='ltr'><strong>aliud,</strong></span> <span class='ocrx_word' id='word_1_544' title='bbox 1324 4087 1377 4131; x_wconf 91' lang='lat' dir='ltr'><strong>et</strong></span> <span class='ocrx_word' id='word_1_545' title='bbox 1420 4079 1544 4131; x_wconf 91' lang='lat' dir='ltr'><strong>item</strong></span> <span class='ocrx_word' id='word_1_546' title='bbox 1590 4078 1764 4143; x_wconf 90' lang='lat' dir='ltr'><strong>aliud,</strong></span> <span class='ocrx_word' id='word_1_547' title='bbox 1796 4079 1839 4132; x_wconf 90' lang='lat' dir='ltr'><strong>si</strong></span> <span class='ocrx_word' id='word_1_548' title='bbox 1874 4080 2073 4132; x_wconf 90' lang='lat' dir='ltr'><strong>nullum</strong></span> 
     </span>
    </p>
   </div>
   <div class='ocr_carea' id='block_1_72' title="bbox 504 4172 2076 4242">
    <p class='ocr_par' dir='ltr' id='par_1_72' title="bbox 504 4172 2076 4242">
     <span class='ocr_line' id='line_1_72' title="bbox 504 4172 2076 4242; baseline 0.001 -17"><span class='ocrx_word' id='word_1_549' title='bbox 504 4172 606 4225; x_wconf 89' lang='lat' dir='ltr'><strong>erit</strong></span> <span class='ocrx_word' id='word_1_550' title='bbox 632 4186 788 4240; x_wconf 88' lang='lat' dir='ltr'><strong>supra</strong></span> <span class='ocrx_word' id='word_1_551' title='bbox 821 4187 1010 4240; x_wconf 85' lang='lat' dir='ltr'><strong>genus,</strong></span> <span class='ocrx_word' id='word_1_552' title='bbox 1041 4172 1181 4242; x_wconf 90' lang='lat' dir='ltr'><strong>quod</strong></span> <span class='ocrx_word' id='word_1_553' title='bbox 1211 4187 1377 4241; x_wconf 88' lang='lat' dir='ltr'><strong>genus</strong></span> <span class='ocrx_word' id='word_1_554' title='bbox 1411 4187 1512 4226; x_wconf 92' lang='lat' dir='ltr'><strong>non</strong></span> <span class='ocrx_word' id='word_1_555' title='bbox 1550 4172 1771 4239; x_wconf 86' lang='lat' dir='ltr'><strong>haheat,</strong></span> <span class='ocrx_word' id='word_1_556' title='bbox 1807 4175 1858 4227; x_wconf 87' lang='lat' dir='ltr'><strong>in</strong></span> <span class='ocrx_word' id='word_1_557' title='bbox 1899 4173 2076 4228; x_wconf 91' lang='lat' dir='ltr'><strong>inﬁni-</strong></span> 
     </span>
    </p>
   </div>
   <div class='ocr_carea' id='block_1_73' title="bbox 504 4263 2077 4331">
    <p class='ocr_par' dir='ltr' id='par_1_73' title="bbox 504 4263 2077 4331">
     <span class='ocr_line' id='line_1_73' title="bbox 504 4263 2077 4331; baseline 0.003 -17"><span class='ocrx_word' id='word_1_558' title='bbox 504 4269 615 4316; x_wconf 91' lang='lat' dir='ltr'><strong>tum</strong></span> <span class='ocrx_word' id='word_1_559' title='bbox 649 4264 885 4331; x_wconf 88' lang='lat' dir='ltr'><strong>procedit</strong></span> <span class='ocrx_word' id='word_1_560' title='bbox 930 4264 1083 4316; x_wconf 91' lang='lat' dir='ltr'><strong>ratio.</strong></span> <span class='ocrx_word' id='word_1_561' title='bbox 1123 4263 1216 4317; x_wconf 82' lang='lat' dir='ltr'><strong>Sin</strong></span> <span class='ocrx_word' id='word_1_562' title='bbox 1261 4278 1387 4316; x_wconf 92' lang='lat' dir='ltr'><strong>vero</strong></span> <span class='ocrx_word' id='word_1_563' title='bbox 1431 4263 1706 4328; x_wconf 91' lang='lat' dir='ltr'><strong>habuerit,</strong></span> <span class='ocrx_word' id='word_1_564' title='bbox 1739 4280 1959 4319; x_wconf 80' lang='lat' dir='ltr'><strong>necesse</strong></span> <span class='ocrx_word' id='word_1_565' title='bbox 1996 4275 2077 4319; x_wconf 83' lang='lat' dir='ltr'><strong>est</strong></span> 
     </span>
    </p>
   </div>
   <div class='ocr_carea' id='block_1_74' title="bbox 503 4353 2077 4424">
    <p class='ocr_par' dir='ltr' id='par_1_74' title="bbox 503 4353 2077 4424">
     <span class='ocr_line' id='line_1_74' title="bbox 503 4353 2077 4424; baseline 0.002 -19"><span class='ocrx_word' id='word_1_566' title='bbox 503 4368 715 4422; x_wconf 90' lang='lat' dir='ltr'><strong>quoque</strong></span> <span class='ocrx_word' id='word_1_567' title='bbox 763 4355 913 4406; x_wconf 89' lang='lat' dir='ltr'><strong>istam</strong></span> <span class='ocrx_word' id='word_1_568' title='bbox 943 4353 1305 4407; x_wconf 86' lang='lat' dir='ltr'><strong>deﬁnitionem</strong></span> <span class='ocrx_word' id='word_1_569' title='bbox 1337 4363 1519 4422; x_wconf 90' lang='lat' dir='ltr'><strong>aperte</strong></span> <span class='ocrx_word' id='word_1_570' title='bbox 1550 4354 1901 4424; x_wconf 91' lang='lat' dir='ltr'><strong>ordinateque</strong></span> <span class='ocrx_word' id='word_1_571' title='bbox 1946 4370 2077 4409; x_wconf 84' lang='lat' dir='ltr'><strong>con-</strong></span> 
     </span>
    </p>
   </div>
   <div class='ocr_carea' id='block_1_75' title="bbox 503 4444 2077 4518">
    <p class='ocr_par' dir='ltr' id='par_1_75' title="bbox 503 4444 2077 4518">
     <span class='ocr_line' id='line_1_75' title="bbox 503 4444 2077 4518; baseline 0.004 -22"><span class='ocrx_word' id='word_1_572' title='bbox 503 4459 712 4512; x_wconf 86' lang='lat' dir='ltr'><strong>gruere.</strong></span> <span class='ocrx_word' id='word_1_573' title='bbox 745 4444 869 4497; x_wconf 87' lang='lat' dir='ltr'><strong>Dico</strong></span> <span class='ocrx_word' id='word_1_574' title='bbox 895 4454 1069 4498; x_wconf 90' lang='lat' dir='ltr'><strong>autem</strong></span> <span class='ocrx_word' id='word_1_575' title='bbox 1092 4461 1257 4514; x_wconf 87' lang='lat' dir='ltr'><strong>genus</strong></span> <span class='ocrx_word' id='word_1_576' title='bbox 1281 4461 1384 4499; x_wconf 90' lang='lat' dir='ltr'><strong>non</strong></span> <span class='ocrx_word' id='word_1_577' title='bbox 1410 4448 1605 4502; x_wconf 87' lang='lat' dir='ltr'><strong>animal</strong></span> <span class='ocrx_word' id='word_1_578' title='bbox 1629 4448 1879 4513; x_wconf 90' lang='lat' dir='ltr'><strong>animali,</strong></span> <span class='ocrx_word' id='word_1_579' title='bbox 1904 4464 2077 4518; x_wconf 90' lang='lat' dir='ltr'><strong>neque</strong></span> 
     </span>
    </p>
   </div>
   <div class='ocr_carea' id='block_1_76' title="bbox 2175 3252 3749 3324">
    <p class='ocr_par' dir='ltr' id='par_1_76' title="bbox 2175 3252 3749 3324">
     <span class='ocr_line' id='line_1_76' title="bbox 2175 3252 3749 3324; baseline 0.001 -17"><span class='ocrx_word' id='word_1_580' title='bbox 2175 3253 2288 3307; x_wconf 84' lang='lat' dir='ltr'><strong>Gen</strong></span> <span class='ocrx_word' id='word_1_581' title='bbox 2327 3271 2380 3308; x_wconf 79' lang='lat' dir='ltr'><strong>ra</strong></span> <span class='ocrx_word' id='word_1_582' title='bbox 2415 3255 2573 3324; x_wconf 59' lang='lat' dir='ltr'><strong>igitur</strong></span> <span class='ocrx_word' id='word_1_583' title='bbox 2600 3264 2652 3307; x_wconf 91' lang='lat' dir='ltr'><strong>et</strong></span> <span class='ocrx_word' id='word_1_584' title='bbox 2684 3254 2748 3307; x_wconf 88' lang='lat' dir='ltr'><strong>de</strong></span> <span class='ocrx_word' id='word_1_585' title='bbox 2792 3252 3074 3322; x_wconf 76' lang='lat' dir='ltr'><strong>speciebus</strong></span> <span class='ocrx_word' id='word_1_586' title='bbox 3104 3254 3373 3320; x_wconf 87' lang='lat' dir='ltr'><strong>dicuntur,</strong></span> <span class='ocrx_word' id='word_1_587' title='bbox 3402 3263 3455 3308; x_wconf 92' lang='lat' dir='ltr'><strong>et</strong></span> <span class='ocrx_word' id='word_1_588' title='bbox 3493 3254 3561 3308; x_wconf 87' lang='lat' dir='ltr'><strong>de</strong></span> <span class='ocrx_word' id='word_1_589' title='bbox 3597 3252 3749 3309; x_wconf 80' lang='lat' dir='ltr'><strong>diﬁ‘e-</strong></span> 
     </span>
    </p>
   </div>
   <div class='ocr_carea' id='block_1_77' title="bbox 2176 3344 3793 3414">
    <p class='ocr_par' dir='ltr' id='par_1_77' title="bbox 2176 3344 3793 3414">
     <span class='ocr_line' id='line_1_77' title="bbox 2176 3344 3793 3414; baseline 0.001 -16"><span class='ocrx_word' id='word_1_590' title='bbox 2176 3347 2360 3399; x_wconf 88' lang='lat' dir='ltr'><strong>rentiis</strong></span> <span class='ocrx_word' id='word_1_591' title='bbox 2392 3361 2508 3414; x_wconf 67' lang='lat' dir='ltr'><strong>qum</strong></span> <span class='ocrx_word' id='word_1_592' title='bbox 2538 3346 2913 3414; x_wconf 72' lang='lat' dir='ltr'><strong>ipsas‘Species</strong></span> <span class='ocrx_word' id='word_1_593' title='bbox 2952 3344 3033 3397; x_wconf 91' lang='lat' dir='ltr'><strong>dis</strong></span> <span class='ocrx_word' id='word_1_594' title='bbox 3062 3360 3087 3396; x_wconf 95' lang='lat' dir='ltr'><strong>r</strong></span> <span class='ocrx_word' id='word_1_595' title='bbox 3113 3344 3307 3409; x_wconf 89' lang='lat' dir='ltr'><strong>buunt,</strong></span> <span class='ocrx_word' id='word_1_596' title='bbox 3347 3354 3399 3397; x_wconf 92' lang='lat' dir='ltr'><strong>et</strong></span> <span class='ocrx_word' id='word_1_597' title='bbox 3426 3345 3492 3398; x_wconf 92' lang='lat' dir='ltr'><strong>de</strong></span> <span class='ocrx_word' id='word_1_598' title='bbox 3522 3344 3763 3413; x_wconf 81' lang='lat' dir='ltr'><strong>prOpriis.</strong></span> <span class='ocrx_word' id='word_1_599' title='bbox 3788 3350 3793 3353; x_wconf 85' lang='grc'><em>’</em></span> 
     </span>
    </p>
   </div>
   <div class='ocr_carea' id='block_1_78' title="bbox 2174 3435 3752 3506">
    <p class='ocr_par' dir='ltr' id='par_1_78' title="bbox 2174 3435 3752 3506">
     <span class='ocr_line' id='line_1_78' title="bbox 2174 3435 3752 3506; baseline -0.001 -16"><span class='ocrx_word' id='word_1_600' title='bbox 2174 3452 2293 3506; x_wconf 79' lang='lat' dir='ltr'><strong>qua:</strong></span> <span class='ocrx_word' id='word_1_601' title='bbox 2326 3439 2531 3506; x_wconf 90' lang='lat' dir='ltr'><strong>species</strong></span> <span class='ocrx_word' id='word_1_602' title='bbox 2558 3446 2921 3505; x_wconf 87' lang='lat' dir='ltr'><strong>componunt,</strong></span> <span class='ocrx_word' id='word_1_603' title='bbox 2949 3446 3001 3489; x_wconf 94' lang='lat' dir='ltr'><strong>et</strong></span> <span class='ocrx_word' id='word_1_604' title='bbox 3028 3436 3095 3489; x_wconf 91' lang='lat' dir='ltr'><strong>de</strong></span> <span class='ocrx_word' id='word_1_605' title='bbox 3125 3436 3205 3488; x_wconf 90' lang='lat' dir='ltr'><strong>his</strong></span> <span class='ocrx_word' id='word_1_606' title='bbox 3230 3435 3591 3490; x_wconf 84' lang='lat' dir='ltr'><strong>accidentibus</strong></span> <span class='ocrx_word' id='word_1_607' title='bbox 3633 3451 3752 3504; x_wconf 77' lang='lat' dir='ltr'><strong>qua:</strong></span> 
     </span>
    </p>
   </div>
   <div class='ocr_carea' id='block_1_79' title="bbox 2175 3524 3760 3597">
    <p class='ocr_par' dir='ltr' id='par_1_79' title="bbox 2175 3524 3760 3597">
     <span class='ocr_line' id='line_1_79' title="bbox 2175 3524 3760 3597; baseline 0.001 -16"><span class='ocrx_word' id='word_1_608' title='bbox 2175 3542 2293 3581; x_wconf 91' lang='lat' dir='ltr'><strong>cum</strong></span> <span class='ocrx_word' id='word_1_609' title='bbox 2324 3529 2687 3597; x_wconf 84' lang='lat' dir='ltr'><strong>principaliter</strong></span> <span class='ocrx_word' id='word_1_610' title='bbox 2717 3529 2768 3580; x_wconf 92' lang='lat' dir='ltr'><strong>in</strong></span> <span class='ocrx_word' id='word_1_611' title='bbox 2800 3525 3089 3580; x_wconf 75' lang='lat' dir='ltr'><strong>individuis</strong></span> <span class='ocrx_word' id='word_1_612' title='bbox 3118 3524 3344 3590; x_wconf 79' lang='lat' dir='ltr'><strong>fuerint,</strong></span> <span class='ocrx_word' id='word_1_613' title='bbox 3375 3525 3429 3579; x_wconf 92' lang='lat' dir='ltr'><strong>in</strong></span> <span class='ocrx_word' id='word_1_614' title='bbox 3470 3527 3760 3595; x_wconf 82' lang='lat' dir='ltr'><strong>speciebus</strong></span> 
     </span>
    </p>
   </div>
   <div class='ocr_carea' id='block_1_80' title="bbox 2177 3616 3754 3685">
    <p class='ocr_par' dir='ltr' id='par_1_80' title="bbox 2177 3616 3754 3685">
     <span class='ocr_line' id='line_1_80' title="bbox 2177 3616 3754 3685; baseline -0.002 -14"><span class='ocrx_word' id='word_1_615' title='bbox 2177 3634 2297 3673; x_wconf 87' lang='lat' dir='ltr'><strong>esse</strong></span> <span class='ocrx_word' id='word_1_616' title='bbox 2340 3619 2635 3672; x_wconf 88' lang='lat' dir='ltr'><strong>dicuntur:</strong></span> <span class='ocrx_word' id='word_1_617' title='bbox 2679 3616 2780 3670; x_wconf 93' lang='lat' dir='ltr'><strong>hoc</strong></span> <span class='ocrx_word' id='word_1_618' title='bbox 2828 3625 3005 3669; x_wconf 89' lang='lat' dir='ltr'><strong>autem</strong></span> <span class='ocrx_word' id='word_1_619' title='bbox 3052 3621 3413 3670; x_wconf 88' lang='lat' dir='ltr'><strong>monstremus</strong></span> <span class='ocrx_word' id='word_1_620' title='bbox 3459 3616 3754 3685; x_wconf 78' lang='lat' dir='ltr'><strong>exemplis,</strong></span> 
     </span>
    </p>
   </div>
   <div class='ocr_carea' id='block_1_81' title="bbox 2177 3705 3754 3778">
    <p class='ocr_par' dir='ltr' id='par_1_81' title="bbox 2177 3705 3754 3778">
     <span class='ocr_line' id='line_1_81' title="bbox 2177 3705 3754 3778; baseline -0.003 -15"><span class='ocrx_word' id='word_1_621' title='bbox 2177 3718 2228 3763; x_wconf 90' lang='lat' dir='ltr'><strong>et</strong></span> <span class='ocrx_word' id='word_1_622' title='bbox 2259 3710 2327 3763; x_wconf 87' lang='lat' dir='ltr'><strong>sit</strong></span> <span class='ocrx_word' id='word_1_623' title='bbox 2357 3711 2511 3763; x_wconf 78' lang='lat' dir='ltr'><strong>nobis</strong></span> <span class='ocrx_word' id='word_1_624' title='bbox 2536 3724 2707 3778; x_wconf 90' lang='lat' dir='ltr'><strong>genus</strong></span> <span class='ocrx_word' id='word_1_625' title='bbox 2735 3706 2966 3771; x_wconf 88' lang='lat' dir='ltr'><strong>animal,</strong></span> <span class='ocrx_word' id='word_1_626' title='bbox 3006 3706 3073 3759; x_wconf 89' lang='lat' dir='ltr'><strong>sit</strong></span> <span class='ocrx_word' id='word_1_627' title='bbox 3099 3707 3305 3773; x_wconf 65' lang='lat' dir='ltr'><strong>Species</strong></span> <span class='ocrx_word' id='word_1_628' title='bbox 3344 3705 3525 3772; x_wconf 87' lang='lat' dir='ltr'><strong>homo,</strong></span> <span class='ocrx_word' id='word_1_629' title='bbox 3552 3707 3620 3760; x_wconf 89' lang='lat' dir='ltr'><strong>sit</strong></span> <span class='ocrx_word' id='word_1_630' title='bbox 3650 3706 3754 3760; x_wconf 83' lang='lat' dir='ltr'><strong>dif-</strong></span> 
     </span>
    </p>
   </div>
   <div class='ocr_carea' id='block_1_82' title="bbox 2178 3796 3755 3866">
    <p class='ocr_par' dir='ltr' id='par_1_82' title="bbox 2178 3796 3755 3866">
     <span class='ocr_line' id='line_1_82' title="bbox 2178 3796 3755 3866; baseline -0.003 -11"><span class='ocrx_word' id='word_1_631' title='bbox 2178 3804 2400 3855; x_wconf 84' lang='lat' dir='ltr'><strong>lercntia</strong></span> <span class='ocrx_word' id='word_1_632' title='bbox 2432 3800 2712 3861; x_wconf 74' lang='lat' dir='ltr'><strong>rationale,</strong></span> <span class='ocrx_word' id='word_1_633' title='bbox 2742 3802 2810 3851; x_wconf 88' lang='lat' dir='ltr'><strong>sit</strong></span> <span class='ocrx_word' id='word_1_634' title='bbox 2840 3797 3111 3866; x_wconf 89' lang='lat' dir='ltr'><strong>proprium</strong></span> <span class='ocrx_word' id='word_1_635' title='bbox 3153 3796 3378 3859; x_wconf 89' lang='lat' dir='ltr'><strong>risibile,</strong></span> <span class='ocrx_word' id='word_1_636' title='bbox 3406 3798 3475 3850; x_wconf 90' lang='lat' dir='ltr'><strong>sit</strong></span> <span class='ocrx_word' id='word_1_637' title='bbox 3500 3796 3755 3851; x_wconf 87' lang='lat' dir='ltr'><strong>accidens</strong></span> 
     </span>
    </p>
   </div>
   <div class='ocr_carea' id='block_1_83' title="bbox 2176 3886 3751 3954">
    <p class='ocr_par' dir='ltr' id='par_1_83' title="bbox 2176 3886 3751 3954">
     <span class='ocr_line' id='line_1_83' title="bbox 2176 3886 3751 3954; baseline -0.004 -8"><span class='ocrx_word' id='word_1_638' title='bbox 2176 3902 2323 3946; x_wconf 88' lang='lat' dir='ltr'><strong>stans</strong></span> <span class='ocrx_word' id='word_1_639' title='bbox 2346 3893 2426 3943; x_wconf 90' lang='lat' dir='ltr'><strong>vel</strong></span> <span class='ocrx_word' id='word_1_640' title='bbox 2456 3889 2757 3954; x_wconf 71' lang='lat' dir='ltr'><strong>ambulans,</strong></span> <span class='ocrx_word' id='word_1_641' title='bbox 2783 3887 2865 3939; x_wconf 83' lang='lat' dir='ltr'><strong>vel</strong></span> <span class='ocrx_word' id='word_1_642' title='bbox 2892 3886 3088 3954; x_wconf 80' lang='lat' dir='ltr'><strong>aliquid</strong></span> <span class='ocrx_word' id='word_1_643' title='bbox 3120 3886 3172 3938; x_wconf 88' lang='lat' dir='ltr'><strong>in</strong></span> <span class='ocrx_word' id='word_1_644' title='bbox 3205 3899 3450 3939; x_wconf 87' lang='lat' dir='ltr'><strong>mensura</strong></span> <span class='ocrx_word' id='word_1_645' title='bbox 3484 3900 3591 3950; x_wconf 66' lang='lat' dir='ltr'><strong>cor,</strong></span> <span class='ocrx_word' id='word_1_646' title='bbox 3615 3886 3751 3950; x_wconf 83' lang='lat' dir='ltr'><strong>oris,</strong></span> 
     </span>
    </p>
   </div>
   <div class='ocr_carea' id='block_1_84' title="bbox 2179 3976 3753 4051">
    <p class='ocr_par' dir='ltr' id='par_1_84' title="bbox 2179 3976 3753 4051">
     <span class='ocr_line' id='line_1_84' title="bbox 2179 3976 3753 4051; baseline -0.004 -15"><span class='ocrx_word' id='word_1_647' title='bbox 2179 3994 2235 4037; x_wconf 90' lang='lat' dir='ltr'><strong>ut</strong></span> <span class='ocrx_word' id='word_1_648' title='bbox 2265 3981 2556 4051; x_wconf 83' lang='lat' dir='ltr'><strong>tripedalis.</strong></span> <span class='ocrx_word' id='word_1_649' title='bbox 2604 3978 2812 4033; x_wconf 80' lang='lat' dir='ltr'><strong>Animal</strong></span> <span class='ocrx_word' id='word_1_650' title='bbox 2860 3992 2987 4047; x_wconf 90' lang='lat' dir='ltr'><strong>ergo</strong></span> <span class='ocrx_word' id='word_1_651' title='bbox 3019 3977 3159 4046; x_wconf 92' lang='lat' dir='ltr'><strong>quod</strong></span> <span class='ocrx_word' id='word_1_652' title='bbox 3205 3992 3371 4047; x_wconf 88' lang='lat' dir='ltr'><strong>genus</strong></span> <span class='ocrx_word' id='word_1_653' title='bbox 3410 3985 3519 4042; x_wconf 89' lang='lat' dir='ltr'><strong>est,</strong></span> <span class='ocrx_word' id='word_1_654' title='bbox 3560 3976 3753 4031; x_wconf 90' lang='lat' dir='ltr'><strong>dicitur</strong></span> 
     </span>
    </p>
   </div>
   <div class='ocr_carea' id='block_1_85' title="bbox 2179 4067 3755 4147">
    <p class='ocr_par' dir='ltr' id='par_1_85' title="bbox 2179 4067 3755 4147">
     <span class='ocr_line' id='line_1_85' title="bbox 2179 4067 3755 4147; baseline -0.006 -18"><span class='ocrx_word' id='word_1_655' title='bbox 2179 4076 2246 4129; x_wconf 90' lang='lat' dir='ltr'><strong>de</strong></span> <span class='ocrx_word' id='word_1_656' title='bbox 2285 4075 2485 4144; x_wconf 89' lang='lat' dir='ltr'><strong>specie,</strong></span> <span class='ocrx_word' id='word_1_657' title='bbox 2519 4071 2569 4125; x_wconf 92' lang='lat' dir='ltr'><strong>id</strong></span> <span class='ocrx_word' id='word_1_658' title='bbox 2600 4079 2681 4124; x_wconf 88' lang='lat' dir='ltr'><strong>est</strong></span> <span class='ocrx_word' id='word_1_659' title='bbox 2721 4068 2787 4122; x_wconf 90' lang='lat' dir='ltr'><strong>de</strong></span> <span class='ocrx_word' id='word_1_660' title='bbox 2836 4067 3069 4121; x_wconf 90' lang='lat' dir='ltr'><strong>homine.</strong></span> <span class='ocrx_word' id='word_1_661' title='bbox 3102 4068 3243 4147; x_wconf 80' lang='lat' dir='ltr'><strong>Dicis</strong></span> <span class='ocrx_word' id='word_1_662' title='bbox 3292 4067 3433 4121; x_wconf 83' lang='lat' dir='ltr'><strong>enit’n</strong></span> <span class='ocrx_word' id='word_1_663' title='bbox 3484 4067 3755 4120; x_wconf 89' lang='lat' dir='ltr'><strong>hominem</strong></span> 
     </span>
    </p>
   </div>
   <div class='ocr_carea' id='block_1_86' title="bbox 2179 4157 3755 4226">
    <p class='ocr_par' dir='ltr' id='par_1_86' title="bbox 2179 4157 3755 4226">
     <span class='ocr_line' id='line_1_86' title="bbox 2179 4157 3755 4226; baseline -0.008 -5"><span class='ocrx_word' id='word_1_664' title='bbox 2179 4181 2294 4221; x_wconf 91' lang='lat' dir='ltr'><strong>esse</strong></span> <span class='ocrx_word' id='word_1_665' title='bbox 2325 4165 2539 4218; x_wconf 90' lang='lat' dir='ltr'><strong>animal.</strong></span> <span class='ocrx_word' id='word_1_666' title='bbox 2577 4163 2741 4215; x_wconf 81' lang='lat' dir='ltr'><strong>Porro</strong></span> <span class='ocrx_word' id='word_1_667' title='bbox 2775 4169 2953 4213; x_wconf 86' lang='lat' dir='ltr'><strong>autem</strong></span> <span class='ocrx_word' id='word_1_668' title='bbox 2985 4159 3051 4212; x_wconf 91' lang='lat' dir='ltr'><strong>de</strong></span> <span class='ocrx_word' id='word_1_669' title='bbox 3097 4158 3295 4226; x_wconf 84' lang='lat' dir='ltr'><strong>speciei</strong></span> <span class='ocrx_word' id='word_1_670' title='bbox 3340 4157 3640 4212; x_wconf 81' lang='lat' dir='ltr'><strong>dtll‘erentia</strong></span> <span class='ocrx_word' id='word_1_671' title='bbox 3673 4158 3755 4211; x_wconf 90' lang='lat' dir='ltr'><strong>ni-</strong></span> 
     </span>
    </p>
   </div>
   <div class='ocr_carea' id='block_1_87' title="bbox 2181 4247 3757 4322">
    <p class='ocr_par' dir='ltr' id='par_1_87' title="bbox 2181 4247 3757 4322">
     <span class='ocr_line' id='line_1_87' title="bbox 2181 4247 3757 4322; baseline -0.007 -11"><span class='ocrx_word' id='word_1_672' title='bbox 2181 4258 2464 4311; x_wconf 59' lang='lat' dir='ltr'><strong>hilominus</strong></span> <span class='ocrx_word' id='word_1_673' title='bbox 2495 4254 2627 4307; x_wconf 90' lang='lat' dir='ltr'><strong>dicis</strong></span> <span class='ocrx_word' id='word_1_674' title='bbox 2654 4267 2842 4322; x_wconf 87' lang='lat' dir='ltr'><strong>genus.</strong></span> <span class='ocrx_word' id='word_1_675' title='bbox 2872 4248 3012 4303; x_wconf 84' lang='lat' dir='ltr'><strong>Dicis</strong></span> <span class='ocrx_word' id='word_1_676' title='bbox 3040 4248 3181 4302; x_wconf 91' lang='lat' dir='ltr'><strong>enim</strong></span> <span class='ocrx_word' id='word_1_677' title='bbox 3213 4247 3468 4301; x_wconf 88' lang='lat' dir='ltr'><strong>rationale</strong></span> <span class='ocrx_word' id='word_1_678' title='bbox 3496 4262 3615 4301; x_wconf 87' lang='lat' dir='ltr'><strong>esse</strong></span> <span class='ocrx_word' id='word_1_679' title='bbox 3643 4247 3757 4300; x_wconf 84' lang='lat' dir='ltr'><strong>ani-</strong></span> 
     </span>
    </p>
   </div>
   <div class='ocr_carea' id='block_1_88' title="bbox 2182 4337 3756 4410">
    <p class='ocr_par' dir='ltr' id='par_1_88' title="bbox 2182 4337 3756 4410">
     <span class='ocr_line' id='line_1_88' title="bbox 2182 4337 3756 4410; baseline -0.006 -10"><span class='ocrx_word' id='word_1_680' title='bbox 2182 4348 2305 4401; x_wconf 89' lang='lat' dir='ltr'><strong>mal.</strong></span> <span class='ocrx_word' id='word_1_681' title='bbox 2329 4346 2465 4400; x_wconf 80' lang='lat' dir='ltr'><strong>Nihil</strong></span> <span class='ocrx_word' id='word_1_682' title='bbox 2494 4354 2667 4396; x_wconf 79' lang='lat' dir='ltr'><strong>autem</strong></span> <span class='ocrx_word' id='word_1_683' title='bbox 2700 4341 2945 4410; x_wconf 87' lang='lat' dir='ltr'><strong>prohibet</strong></span> <span class='ocrx_word' id='word_1_684' title='bbox 2968 4341 3157 4392; x_wconf 84' lang='lat' dir='ltr'><strong>eodem</strong></span> <span class='ocrx_word' id='word_1_685' title='bbox 3193 4338 3348 4390; x_wconf 89' lang='lat' dir='ltr'><strong>modo</strong></span> <span class='ocrx_word' id='word_1_686' title='bbox 3371 4337 3511 4391; x_wconf 89' lang='lat' dir='ltr'><strong>etde</strong></span> <span class='ocrx_word' id='word_1_687' title='bbox 3540 4338 3756 4407; x_wconf 89' lang='lat' dir='ltr'><strong>pr0prio</strong></span> 
     </span>
    </p>
   </div>
   <div class='ocr_carea' id='block_1_89' title="bbox 2180 4429 3756 4506">
    <p class='ocr_par' dir='ltr' id='par_1_89' title="bbox 2180 4429 3756 4506">
     <span class='ocr_line' id='line_1_89' title="bbox 2180 4429 3756 4506; baseline -0.005 -14"><span class='ocrx_word' id='word_1_688' title='bbox 2180 4452 2345 4506; x_wconf 87' lang='lat' dir='ltr'><strong>genus</strong></span> <span class='ocrx_word' id='word_1_689' title='bbox 2382 4435 2580 4490; x_wconf 84' lang='lat' dir='ltr'><strong>dicere.</strong></span> <span class='ocrx_word' id='word_1_690' title='bbox 2614 4434 2743 4487; x_wconf 84' lang='lat' dir='ltr'><strong>Nam</strong></span> <span class='ocrx_word' id='word_1_691' title='bbox 2785 4433 2827 4486; x_wconf 91' lang='lat' dir='ltr'><strong>si</strong></span> <span class='ocrx_word' id='word_1_692' title='bbox 2860 4432 3005 4485; x_wconf 89' lang='lat' dir='ltr'><strong>dicas</strong></span> <span class='ocrx_word' id='word_1_693' title='bbox 3053 4429 3180 4499; x_wconf 89' lang='lat' dir='ltr'><strong>quid</strong></span> <span class='ocrx_word' id='word_1_694' title='bbox 3228 4437 3310 4483; x_wconf 85' lang='lat' dir='ltr'><strong>est</strong></span> <span class='ocrx_word' id='word_1_695' title='bbox 3360 4429 3597 4494; x_wconf 84' lang='lat' dir='ltr'><strong>risibile,</strong></span> <span class='ocrx_word' id='word_1_696' title='bbox 3649 4445 3756 4484; x_wconf 90' lang='lat' dir='ltr'><strong>non</strong></span> 
     </span>
    </p>
   </div>
   <div class='ocr_carea' id='block_1_90' title="bbox 504 4521 3755 4609">
    <p class='ocr_par' dir='ltr' id='par_1_90' title="bbox 504 4521 3755 4609">
     <span class='ocr_line' id='line_1_90' title="bbox 504 4521 3755 4609; baseline -0.004 -20"><span class='ocrx_word' id='word_1_697' title='bbox 504 4535 642 4603; x_wconf 89' lang='lat' dir='ltr'><strong>quod</strong></span> <span class='ocrx_word' id='word_1_698' title='bbox 689 4535 849 4589; x_wconf 91' lang='lat' dir='ltr'><strong>homo</strong></span> <span class='ocrx_word' id='word_1_699' title='bbox 879 4537 1086 4604; x_wconf 90' lang='lat' dir='ltr'><strong>species</strong></span> <span class='ocrx_word' id='word_1_700' title='bbox 1119 4537 1187 4590; x_wconf 88' lang='lat' dir='ltr'><strong>sit</strong></span> <span class='ocrx_word' id='word_1_701' title='bbox 1218 4537 1447 4602; x_wconf 86' lang='lat' dir='ltr'><strong>homini,</strong></span> <span class='ocrx_word' id='word_1_702' title='bbox 1490 4549 1646 4609; x_wconf 87' lang='lat' dir='ltr'><strong>atque</strong></span> <span class='ocrx_word' id='word_1_703' title='bbox 1688 4555 1857 4609; x_wconf 87' lang='lat' dir='ltr'><strong>equus</strong></span> <span class='ocrx_word' id='word_1_704' title='bbox 1899 4555 2072 4607; x_wconf 86' lang='lat' dir='ltr'><strong>equo:</strong></span> <span class='ocrx_word' id='word_1_705' title='bbox 2105 4523 2158 4583; x_wconf 87' lang='lat' dir='ltr'><strong>D</strong></span> <span class='ocrx_word' id='word_1_706' title='bbox 2183 4530 2468 4587; x_wconf 90' lang='lat' dir='ltr'><strong>absurdum</strong></span> <span class='ocrx_word' id='word_1_707' title='bbox 2500 4538 2580 4583; x_wconf 91' lang='lat' dir='ltr'><strong>cst</strong></span> <span class='ocrx_word' id='word_1_708' title='bbox 2606 4526 2798 4581; x_wconf 87' lang='lat' dir='ltr'><strong>animal</strong></span> <span class='ocrx_word' id='word_1_709' title='bbox 2828 4528 3127 4578; x_wconf 84' lang='lat' dir='ltr'><strong>nominare.</strong></span> <span class='ocrx_word' id='word_1_710' title='bbox 3154 4522 3466 4577; x_wconf 81' lang='lat' dir='ltr'><strong>Accidentia</strong></span> <span class='ocrx_word' id='word_1_711' title='bbox 3498 4538 3623 4609; x_wconf 87' lang='lat' dir='ltr'><strong>vero</strong></span> <span class='ocrx_word' id='word_1_712' title='bbox 3652 4521 3755 4576; x_wconf 89' lang='lat' dir='ltr'><strong>hoc</strong></span> 
     </span>
    </p>
   </div>
   <div class='ocr_carea' id='block_1_91' title="bbox 505 4625 2077 4698">
    <p class='ocr_par' dir='ltr' id='par_1_91' title="bbox 505 4625 2077 4698">
     <span class='ocr_line' id='line_1_91' title="bbox 505 4625 2077 4698; baseline 0.004 -21"><span class='ocrx_word' id='word_1_713' title='bbox 505 4625 596 4677; x_wconf 91' lang='lat' dir='ltr'><strong>sed</strong></span> <span class='ocrx_word' id='word_1_714' title='bbox 628 4625 754 4678; x_wconf 86' lang='lat' dir='ltr'><strong>illud</strong></span> <span class='ocrx_word' id='word_1_715' title='bbox 778 4642 882 4694; x_wconf 90' lang='lat' dir='ltr'><strong>quo</strong></span> <span class='ocrx_word' id='word_1_716' title='bbox 914 4627 1084 4694; x_wconf 91' lang='lat' dir='ltr'><strong>ipsum</strong></span> <span class='ocrx_word' id='word_1_717' title='bbox 1107 4628 1300 4681; x_wconf 89' lang='lat' dir='ltr'><strong>animal</strong></span> <span class='ocrx_word' id='word_1_718' title='bbox 1334 4628 1530 4682; x_wconf 89' lang='lat' dir='ltr'><strong>homini</strong></span> <span class='ocrx_word' id='word_1_719' title='bbox 1554 4641 1712 4698; x_wconf 88' lang='lat' dir='ltr'><strong>atque</strong></span> <span class='ocrx_word' id='word_1_720' title='bbox 1742 4645 1879 4697; x_wconf 90' lang='lat' dir='ltr'><strong>equo</strong></span> <span class='ocrx_word' id='word_1_721' title='bbox 1909 4644 2077 4698; x_wconf 86' lang='lat' dir='ltr'><strong>genus</strong></span> 
     </span>
    </p>
   </div>
   <div class='ocr_carea' id='block_1_92' title="bbox 506 4714 2079 4789">
    <p class='ocr_par' dir='ltr' id='par_1_92' title="bbox 506 4714 2079 4789">
     <span class='ocr_line' id='line_1_92' title="bbox 506 4714 2079 4789; baseline 0.004 -22"><span class='ocrx_word' id='word_1_722' title='bbox 506 4724 608 4778; x_wconf 89' lang='lat' dir='ltr'><strong>est,</strong></span> <span class='ocrx_word' id='word_1_723' title='bbox 634 4714 825 4767; x_wconf 90' lang='lat' dir='ltr'><strong>animal</strong></span> <span class='ocrx_word' id='word_1_724' title='bbox 848 4716 990 4770; x_wconf 86' lang='lat' dir='ltr'><strong>enim</strong></span> <span class='ocrx_word' id='word_1_725' title='bbox 1024 4716 1194 4785; x_wconf 90' lang='lat' dir='ltr'><strong>ipsum</strong></span> <span class='ocrx_word' id='word_1_726' title='bbox 1229 4734 1320 4787; x_wconf 90' lang='lat' dir='ltr'><strong>per</strong></span> <span class='ocrx_word' id='word_1_727' title='bbox 1346 4735 1468 4773; x_wconf 88' lang='lat' dir='ltr'><strong>sese</strong></span> <span class='ocrx_word' id='word_1_728' title='bbox 1502 4720 1626 4773; x_wconf 92' lang='lat' dir='ltr'><strong>nulli</strong></span> <span class='ocrx_word' id='word_1_729' title='bbox 1660 4736 1828 4789; x_wconf 91' lang='lat' dir='ltr'><strong>genus</strong></span> <span class='ocrx_word' id='word_1_730' title='bbox 1855 4730 1957 4784; x_wconf 85' lang='lat' dir='ltr'><strong>est,</strong></span> <span class='ocrx_word' id='word_1_731' title='bbox 1986 4735 2079 4773; x_wconf 85' lang='lat' dir='ltr'><strong>ne-</strong></span> 
     </span>
    </p>
   </div>
   <div class='ocr_carea' id='block_1_93' title="bbox 506 4805 2077 4882">
    <p class='ocr_par' dir='ltr' id='par_1_93' title="bbox 506 4805 2077 4882">
     <span class='ocr_line' id='line_1_93' title="bbox 506 4805 2077 4882; baseline 0.004 -24"><span class='ocrx_word' id='word_1_732' title='bbox 506 4820 610 4874; x_wconf 89' lang='lat' dir='ltr'><strong>que</strong></span> <span class='ocrx_word' id='word_1_733' title='bbox 655 4805 813 4861; x_wconf 91' lang='lat' dir='ltr'><strong>homo</strong></span> <span class='ocrx_word' id='word_1_734' title='bbox 860 4808 1029 4875; x_wconf 92' lang='lat' dir='ltr'><strong>ipsum</strong></span> <span class='ocrx_word' id='word_1_735' title='bbox 1081 4824 1174 4878; x_wconf 92' lang='lat' dir='ltr'><strong>per</strong></span> <span class='ocrx_word' id='word_1_736' title='bbox 1208 4826 1327 4866; x_wconf 82' lang='lat' dir='ltr'><strong>sese</strong></span> <span class='ocrx_word' id='word_1_737' title='bbox 1373 4812 1462 4865; x_wconf 91' lang='lat' dir='ltr'><strong>ulli</strong></span> <span class='ocrx_word' id='word_1_738' title='bbox 1494 4813 1705 4882; x_wconf 89' lang='lat' dir='ltr'><strong>species</strong></span> <span class='ocrx_word' id='word_1_739' title='bbox 1752 4820 1862 4875; x_wconf 89' lang='lat' dir='ltr'><strong>est,</strong></span> <span class='ocrx_word' id='word_1_740' title='bbox 1902 4818 2077 4879; x_wconf 89' lang='lat' dir='ltr'><strong>neque</strong></span> 
     </span>
    </p>
   </div>
   <div class='ocr_carea' id='block_1_94' title="bbox 506 4900 2079 4973">
    <p class='ocr_par' dir='ltr' id='par_1_94' title="bbox 506 4900 2079 4973">
     <span class='ocr_line' id='line_1_94' title="bbox 506 4900 2079 4973; baseline 0.003 -20"><span class='ocrx_word' id='word_1_741' title='bbox 506 4903 674 4965; x_wconf 77' lang='lat' dir='ltr'><strong>equus</strong></span> <span class='ocrx_word' id='word_1_742' title='bbox 705 4900 872 4967; x_wconf 89' lang='lat' dir='ltr'><strong>ipsum</strong></span> <span class='ocrx_word' id='word_1_743' title='bbox 915 4916 1010 4970; x_wconf 91' lang='lat' dir='ltr'><strong>per</strong></span> <span class='ocrx_word' id='word_1_744' title='bbox 1037 4917 1157 4958; x_wconf 92' lang='lat' dir='ltr'><strong>sese</strong></span> <span class='ocrx_word' id='word_1_745' title='bbox 1186 4906 1276 4958; x_wconf 91' lang='lat' dir='ltr'><strong>ulli</strong></span> <span class='ocrx_word' id='word_1_746' title='bbox 1306 4905 1516 4972; x_wconf 86' lang='lat' dir='ltr'><strong>species</strong></span> <span class='ocrx_word' id='word_1_747' title='bbox 1548 4914 1661 4967; x_wconf 91' lang='lat' dir='ltr'><strong>est,</strong></span> <span class='ocrx_word' id='word_1_748' title='bbox 1696 4906 1788 4957; x_wconf 89' lang='lat' dir='ltr'><strong>sed</strong></span> <span class='ocrx_word' id='word_1_749' title='bbox 1838 4913 1959 4957; x_wconf 92' lang='lat' dir='ltr'><strong>sunt</strong></span> <span class='ocrx_word' id='word_1_750' title='bbox 1987 4919 2079 4973; x_wconf 90' lang='lat' dir='ltr'><strong>ge-</strong></span> 
     </span>
    </p>
   </div>
   <div class='ocr_carea' id='block_1_95' title="bbox 510 4994 2069 5065">
    <p class='ocr_par' dir='ltr' id='par_1_95' title="bbox 510 4994 2069 5065">
     <span class='ocr_line' id='line_1_95' title="bbox 510 4994 2069 5065; baseline 0.003 -22"><span class='ocrx_word' id='word_1_751' title='bbox 510 5006 636 5044; x_wconf 90' lang='lat' dir='ltr'><strong>nera</strong></span> <span class='ocrx_word' id='word_1_752' title='bbox 681 5001 734 5045; x_wconf 93' lang='lat' dir='ltr'><strong>et</strong></span> <span class='ocrx_word' id='word_1_753' title='bbox 781 4994 986 5056; x_wconf 80' lang='lat' dir='ltr'><strong>Species</strong></span> <span class='ocrx_word' id='word_1_754' title='bbox 1028 4994 1090 5048; x_wconf 89' lang='lat' dir='ltr'><strong>ad</strong></span> <span class='ocrx_word' id='word_1_755' title='bbox 1138 4998 1358 5050; x_wconf 85' lang='lat' dir='ltr'><strong>alterius</strong></span> <span class='ocrx_word' id='word_1_756' title='bbox 1398 4996 1880 5065; x_wconf 83' lang='lat' dir='ltr'><strong>participationem.</strong></span> <span class='ocrx_word' id='word_1_757' title='bbox 1911 4995 2069 5062; x_wconf 84' lang='lat' dir='ltr'><strong>Nam,</strong></span> 
     </span>
    </p>
   </div>
   <div class='ocr_carea' id='block_1_96' title="bbox 506 5082 2074 5156">
    <p class='ocr_par' dir='ltr' id='par_1_96' title="bbox 506 5082 2074 5156">
     <span class='ocr_line' id='line_1_96' title="bbox 506 5082 2074 5156; baseline 0.003 -21"><span class='ocrx_word' id='word_1_758' title='bbox 506 5082 750 5148; x_wconf 88' lang='lat' dir='ltr'><strong>quoniam</strong></span> <span class='ocrx_word' id='word_1_759' title='bbox 784 5085 881 5138; x_wconf 92' lang='lat' dir='ltr'><strong>sub</strong></span> <span class='ocrx_word' id='word_1_760' title='bbox 909 5085 1120 5139; x_wconf 90' lang='lat' dir='ltr'><strong>animali</strong></span> <span class='ocrx_word' id='word_1_761' title='bbox 1154 5098 1238 5141; x_wconf 90' lang='lat' dir='ltr'><strong>est</strong></span> <span class='ocrx_word' id='word_1_762' title='bbox 1270 5103 1438 5156; x_wconf 89' lang='lat' dir='ltr'><strong>equus</strong></span> <span class='ocrx_word' id='word_1_763' title='bbox 1466 5097 1624 5155; x_wconf 91' lang='lat' dir='ltr'><strong>atque</strong></span> <span class='ocrx_word' id='word_1_764' title='bbox 1656 5086 1839 5149; x_wconf 92' lang='lat' dir='ltr'><strong>homo,</strong></span> <span class='ocrx_word' id='word_1_765' title='bbox 1872 5102 1976 5139; x_wconf 88' lang='lat' dir='ltr'><strong>non</strong></span> <span class='ocrx_word' id='word_1_766' title='bbox 2008 5086 2074 5140; x_wconf 90' lang='lat' dir='ltr'><strong>ad</strong></span> 
     </span>
    </p>
   </div>
   <div class='ocr_carea' id='block_1_97' title="bbox 506 5174 2078 5245">
    <p class='ocr_par' dir='ltr' id='par_1_97' title="bbox 506 5174 2078 5245">
     <span class='ocr_line' id='line_1_97' title="bbox 506 5174 2078 5245; baseline 0.003 -19"><span class='ocrx_word' id='word_1_767' title='bbox 506 5174 737 5238; x_wconf 90' lang='lat' dir='ltr'><strong>seipsum</strong></span> <span class='ocrx_word' id='word_1_768' title='bbox 770 5175 961 5231; x_wconf 88' lang='lat' dir='ltr'><strong>animal</strong></span> <span class='ocrx_word' id='word_1_769' title='bbox 990 5193 1155 5245; x_wconf 86' lang='lat' dir='ltr'><strong>genus</strong></span> <span class='ocrx_word' id='word_1_770' title='bbox 1184 5190 1296 5245; x_wconf 91' lang='lat' dir='ltr'><strong>est,</strong></span> <span class='ocrx_word' id='word_1_771' title='bbox 1330 5179 1421 5233; x_wconf 92' lang='lat' dir='ltr'><strong>sed</strong></span> <span class='ocrx_word' id='word_1_772' title='bbox 1455 5177 1518 5231; x_wconf 92' lang='lat' dir='ltr'><strong>ad</strong></span> <span class='ocrx_word' id='word_1_773' title='bbox 1554 5191 1749 5245; x_wconf 90' lang='lat' dir='ltr'><strong>equum</strong></span> <span class='ocrx_word' id='word_1_774' title='bbox 1782 5187 1940 5245; x_wconf 89' lang='lat' dir='ltr'><strong>atque</strong></span> <span class='ocrx_word' id='word_1_775' title='bbox 1983 5176 2078 5230; x_wconf 92' lang='lat' dir='ltr'><strong>lto-</strong></span> 
     </span>
    </p>
   </div>
   <div class='ocr_carea' id='block_1_98' title="bbox 508 5262 2082 5337">
    <p class='ocr_par' dir='ltr' id='par_1_98' title="bbox 508 5262 2082 5337">
     <span class='ocr_line' id='line_1_98' title="bbox 508 5262 2082 5337; baseline 0.004 -22"><span class='ocrx_word' id='word_1_776' title='bbox 508 5262 720 5316; x_wconf 81' lang='lat' dir='ltr'><strong>minem.</strong></span> <span class='ocrx_word' id='word_1_777' title='bbox 754 5264 819 5317; x_wconf 87' lang='lat' dir='ltr'><strong>Et</strong></span> <span class='ocrx_word' id='word_1_778' title='bbox 845 5267 967 5320; x_wconf 92' lang='lat' dir='ltr'><strong>item</strong></span> <span class='ocrx_word' id='word_1_779' title='bbox 1000 5270 1205 5337; x_wconf 74' lang='lat' dir='ltr'><strong>speéies</strong></span> <span class='ocrx_word' id='word_1_780' title='bbox 1234 5285 1351 5337; x_wconf 78' lang='lat' dir='ltr'><strong>quae</strong></span> <span class='ocrx_word' id='word_1_781' title='bbox 1379 5277 1653 5334; x_wconf 89' lang='lat' dir='ltr'><strong>vocantur,</strong></span> <span class='ocrx_word' id='word_1_782' title='bbox 1686 5267 1846 5321; x_wconf 91' lang='lat' dir='ltr'><strong>homo</strong></span> <span class='ocrx_word' id='word_1_783' title='bbox 1872 5268 2082 5323; x_wconf 76' lang='lat' dir='ltr'><strong>scilicet</strong></span> 
     </span>
    </p>
   </div>
   <div class='ocr_carea' id='block_1_99' title="bbox 508 5358 2075 5427">
    <p class='ocr_par' dir='ltr' id='par_1_99' title="bbox 508 5358 2075 5427">
     <span class='ocr_line' id='line_1_99' title="bbox 508 5358 2075 5427; baseline 0.008 -25"><span class='ocrx_word' id='word_1_784' title='bbox 508 5362 663 5419; x_wconf 88' lang='lat' dir='ltr'><strong>atque</strong></span> <span class='ocrx_word' id='word_1_785' title='bbox 690 5370 873 5422; x_wconf 89' lang='lat' dir='ltr'><strong>equus,</strong></span> <span class='ocrx_word' id='word_1_786' title='bbox 909 5372 1011 5411; x_wconf 90' lang='lat' dir='ltr'><strong>non</strong></span> <span class='ocrx_word' id='word_1_787' title='bbox 1049 5359 1112 5412; x_wconf 91' lang='lat' dir='ltr'><strong>ad</strong></span> <span class='ocrx_word' id='word_1_788' title='bbox 1145 5375 1337 5427; x_wconf 88' lang='lat' dir='ltr'><strong>equum</strong></span> <span class='ocrx_word' id='word_1_789' title='bbox 1369 5368 1525 5426; x_wconf 90' lang='lat' dir='ltr'><strong>atque</strong></span> <span class='ocrx_word' id='word_1_790' title='bbox 1557 5358 1859 5425; x_wconf 90' lang='lat' dir='ltr'><strong>hominem,</strong></span> <span class='ocrx_word' id='word_1_791' title='bbox 1885 5360 1979 5413; x_wconf 91' lang='lat' dir='ltr'><strong>sed</strong></span> <span class='ocrx_word' id='word_1_792' title='bbox 2010 5361 2075 5416; x_wconf 90' lang='lat' dir='ltr'><strong>ad</strong></span> 
     </span>
    </p>
   </div>
   <div class='ocr_carea' id='block_1_100' title="bbox 510 5445 2077 5519">
    <p class='ocr_par' dir='ltr' id='par_1_100' title="bbox 510 5445 2077 5519">
     <span class='ocr_line' id='line_1_100' title="bbox 510 5445 2077 5519; baseline 0.007 -24"><span class='ocrx_word' id='word_1_793' title='bbox 510 5445 704 5498; x_wconf 88' lang='lat' dir='ltr'><strong>animal</strong></span> <span class='ocrx_word' id='word_1_794' title='bbox 729 5449 932 5513; x_wconf 81' lang='lat' dir='ltr'><strong>species</strong></span> <span class='ocrx_word' id='word_1_795' title='bbox 959 5460 1101 5505; x_wconf 89' lang='lat' dir='ltr'><strong>snnt.</strong></span> <span class='ocrx_word' id='word_1_796' title='bbox 1133 5451 1259 5502; x_wconf 91' lang='lat' dir='ltr'><strong>Dico</strong></span> <span class='ocrx_word' id='word_1_797' title='bbox 1287 5451 1444 5519; x_wconf 85' lang='lat' dir='ltr'><strong>igitur</strong></span> <span class='ocrx_word' id='word_1_798' title='bbox 1466 5464 1633 5518; x_wconf 82' lang='lat' dir='ltr'><strong>genus</strong></span> <span class='ocrx_word' id='word_1_799' title='bbox 1663 5460 1714 5503; x_wconf 89' lang='lat' dir='ltr'><strong>ct</strong></span> <span class='ocrx_word' id='word_1_800' title='bbox 1736 5450 1941 5517; x_wconf 89' lang='lat' dir='ltr'><strong>species</strong></span> <span class='ocrx_word' id='word_1_801' title='bbox 1968 5465 2077 5506; x_wconf 90' lang='lat' dir='ltr'><strong>non</strong></span> 
     </span>
    </p>
   </div>
   <div class='ocr_carea' id='block_1_101' title="bbox 516 5535 2075 5611">
    <p class='ocr_par' dir='ltr' id='par_1_101' title="bbox 516 5535 2075 5611">
     <span class='ocr_line' id='line_1_101' title="bbox 516 5535 2075 5611; baseline 0.006 -25"><span class='ocrx_word' id='word_1_802' title='bbox 516 5535 655 5601; x_wconf 87' lang='lat' dir='ltr'><strong>ipsas</strong></span> <span class='ocrx_word' id='word_1_803' title='bbox 694 5539 1017 5595; x_wconf 89' lang='lat' dir='ltr'><strong>substantias</strong></span> <span class='ocrx_word' id='word_1_804' title='bbox 1048 5545 1099 5594; x_wconf 91' lang='lat' dir='ltr'><strong>in</strong></span> <span class='ocrx_word' id='word_1_805' title='bbox 1131 5541 1320 5609; x_wconf 89' lang='lat' dir='ltr'><strong>quibus</strong></span> <span class='ocrx_word' id='word_1_806' title='bbox 1364 5557 1533 5609; x_wconf 89' lang='lat' dir='ltr'><strong>genus</strong></span> <span class='ocrx_word' id='word_1_807' title='bbox 1574 5551 1630 5596; x_wconf 94' lang='lat' dir='ltr'><strong>et</strong></span> <span class='ocrx_word' id='word_1_808' title='bbox 1676 5542 1881 5611; x_wconf 87' lang='lat' dir='ltr'><strong>species</strong></span> <span class='ocrx_word' id='word_1_809' title='bbox 1925 5544 2075 5610; x_wconf 91' lang='lat' dir='ltr'><strong>sunt&#39;,</strong></span> 
     </span>
    </p>
   </div>
   <div class='ocr_carea' id='block_1_102' title="bbox 509 5626 2076 5702">
    <p class='ocr_par' dir='ltr' id='par_1_102' title="bbox 509 5626 2076 5702">
     <span class='ocr_line' id='line_1_102' title="bbox 509 5626 2076 5702; baseline 0.008 -24"><span class='ocrx_word' id='word_1_810' title='bbox 509 5626 605 5680; x_wconf 80' lang='lat' dir='ltr'><strong>sed</strong></span> <span class='ocrx_word' id='word_1_811' title='bbox 649 5627 813 5695; x_wconf 86' lang='lat' dir='ltr'><strong>ipsam</strong></span> <span class='ocrx_word' id='word_1_812' title='bbox 850 5633 1302 5701; x_wconf 85' lang='lat' dir='ltr'><strong>participationem</strong></span> <span class='ocrx_word' id='word_1_813' title='bbox 1340 5634 1572 5700; x_wconf 90' lang='lat' dir='ltr'><strong>priorum</strong></span> <span class='ocrx_word' id='word_1_814' title='bbox 1613 5636 1676 5687; x_wconf 91' lang='lat' dir='ltr'><strong>ad</strong></span> <span class='ocrx_word' id='word_1_815' title='bbox 1723 5634 2076 5702; x_wconf 89' lang='lat' dir='ltr'><strong>subteriures,</strong></span> 
     </span>
    </p>
   </div>
   <div class='ocr_carea' id='block_1_103' title="bbox 510 5722 2077 5797">
    <p class='ocr_par' dir='ltr' id='par_1_103' title="bbox 510 5722 2077 5797">
     <span class='ocr_line' id='line_1_103' title="bbox 510 5722 2077 5797; baseline 0.004 -25"><span class='ocrx_word' id='word_1_816' title='bbox 510 5725 561 5772; x_wconf 87' lang='lat' dir='ltr'><strong>et</strong></span> <span class='ocrx_word' id='word_1_817' title='bbox 602 5722 954 5776; x_wconf 73' lang='lat' dir='ltr'><strong>suliteriorum</strong></span> <span class='ocrx_word' id='word_1_818' title='bbox 997 5724 1061 5776; x_wconf 91' lang='lat' dir='ltr'><strong>ad</strong></span> <span class='ocrx_word' id='word_1_819' title='bbox 1107 5725 1327 5793; x_wconf 80' lang='lat' dir='ltr'><strong>priores.</strong></span> <span class='ocrx_word' id='word_1_820' title='bbox 1365 5724 1487 5779; x_wconf 61' lang='lat' dir='ltr'><strong>llaec</strong></span> <span class='ocrx_word' id='word_1_821' title='bbox 1523 5726 1682 5797; x_wconf 87' lang='lat' dir='ltr'><strong>igitur</strong></span> <span class='ocrx_word' id='word_1_822' title='bbox 1722 5725 2077 5797; x_wconf 82' lang='lat' dir='ltr'><strong>participatio,</strong></span> 
     </span>
    </p>
   </div>
   <div class='ocr_carea' id='block_1_104' title="bbox 2186 4606 3757 4692">
    <p class='ocr_par' dir='ltr' id='par_1_104' title="bbox 2186 4606 3757 4692">
     <span class='ocr_line' id='line_1_104' title="bbox 2186 4606 3757 4692; baseline -0.008 -14"><span class='ocrx_word' id='word_1_823' title='bbox 2186 4624 2345 4678; x_wconf 86' lang='lat' dir='ltr'><strong>modo</strong></span> <span class='ocrx_word' id='word_1_824' title='bbox 2376 4620 2735 4692; x_wconf 78' lang='lat' dir='ltr'><strong>principaliter</strong></span> <span class='ocrx_word' id='word_1_825' title='bbox 2763 4618 2815 4671; x_wconf 93' lang='lat' dir='ltr'><strong>in</strong></span> <span class='ocrx_word' id='word_1_826' title='bbox 2861 4615 3169 4680; x_wconf 90' lang='lat' dir='ltr'><strong>individuis,</strong></span> <span class='ocrx_word' id='word_1_827' title='bbox 3196 4613 3430 4668; x_wconf 87' lang='lat' dir='ltr'><strong>secundo</strong></span> <span class='ocrx_word' id='word_1_828' title='bbox 3463 4606 3607 4667; x_wconf 88' lang='lat' dir='ltr'><strong>vero</strong></span> <span class='ocrx_word' id='word_1_829' title='bbox 3642 4615 3757 4667; x_wconf 90' lang='lat' dir='ltr'><strong>loco</strong></span> 
     </span>
    </p>
   </div>
   <div class='ocr_carea' id='block_1_105' title="bbox 2185 4702 3759 4782">
    <p class='ocr_par' dir='ltr' id='par_1_105' title="bbox 2185 4702 3759 4782">
     <span class='ocr_line' id='line_1_105' title="bbox 2185 4702 3759 4782; baseline -0.009 -13"><span class='ocrx_word' id='word_1_830' title='bbox 2185 4725 2309 4769; x_wconf 90' lang='lat' dir='ltr'><strong>sunt</strong></span> <span class='ocrx_word' id='word_1_831' title='bbox 2334 4716 2383 4769; x_wconf 93' lang='lat' dir='ltr'><strong>iu</strong></span> <span class='ocrx_word' id='word_1_832' title='bbox 2414 4712 2713 4782; x_wconf 89' lang='lat' dir='ltr'><strong>speciebus.</strong></span> <span class='ocrx_word' id='word_1_833' title='bbox 2745 4708 2873 4763; x_wconf 79' lang='lat' dir='ltr'><strong>Nam</strong></span> <span class='ocrx_word' id='word_1_834' title='bbox 2902 4709 2945 4761; x_wconf 90' lang='lat' dir='ltr'><strong>si</strong></span> <span class='ocrx_word' id='word_1_835' title='bbox 2983 4706 3099 4776; x_wconf 91' lang='lat' dir='ltr'><strong>quis</strong></span> <span class='ocrx_word' id='word_1_836' title='bbox 3128 4705 3267 4759; x_wconf 90' lang='lat' dir='ltr'><strong>dicat</strong></span> <span class='ocrx_word' id='word_1_837' title='bbox 3313 4703 3550 4773; x_wconf 87' lang='lat' dir='ltr'><strong>singulos</strong></span> <span class='ocrx_word' id='word_1_838' title='bbox 3588 4702 3759 4756; x_wconf 90' lang='lat' dir='ltr'><strong>homi-</strong></span> 
     </span>
    </p>
   </div>
   <div class='ocr_carea' id='block_1_106' title="bbox 2188 4799 3758 4875">
    <p class='ocr_par' dir='ltr' id='par_1_106' title="bbox 2188 4799 3758 4875">
     <span class='ocr_line' id='line_1_106' title="bbox 2188 4799 3758 4875; baseline -0.007 -11"><span class='ocrx_word' id='word_1_839' title='bbox 2188 4825 2302 4875; x_wconf 90' lang='lat' dir='ltr'><strong>nes,</strong></span> <span class='ocrx_word' id='word_1_840' title='bbox 2347 4817 2530 4873; x_wconf 90' lang='lat' dir='ltr'><strong>utputa</strong></span> <span class='ocrx_word' id='word_1_841' title='bbox 2582 4808 2889 4861; x_wconf 73' lang='lat' dir='ltr'><strong>Ciceronem</strong></span> <span class='ocrx_word' id='word_1_842' title='bbox 2934 4804 3121 4858; x_wconf 87' lang='lat' dir='ltr'><strong>sedere</strong></span> <span class='ocrx_word' id='word_1_843' title='bbox 3169 4803 3251 4856; x_wconf 89' lang='lat' dir='ltr'><strong>vel</strong></span> <span class='ocrx_word' id='word_1_844' title='bbox 3296 4810 3458 4867; x_wconf 85' lang='lat' dir='ltr'><strong>stare,</strong></span> <span class='ocrx_word' id='word_1_845' title='bbox 3493 4799 3573 4853; x_wconf 88' lang='lat' dir='ltr'><strong>vel</strong></span> <span class='ocrx_word' id='word_1_846' title='bbox 3616 4799 3758 4870; x_wconf 90' lang='lat' dir='ltr'><strong>quod</strong></span> 
     </span>
    </p>
   </div>
   <div class='ocr_carea' id='block_1_107' title="bbox 2187 4892 3759 4966">
    <p class='ocr_par' dir='ltr' id='par_1_107' title="bbox 2187 4892 3759 4966">
     <span class='ocr_line' id='line_1_107' title="bbox 2187 4892 3759 4966; baseline -0.008 -10"><span class='ocrx_word' id='word_1_847' title='bbox 2187 4904 2327 4956; x_wconf 89' lang='lat' dir='ltr'><strong>aliud</strong></span> <span class='ocrx_word' id='word_1_848' title='bbox 2356 4903 2511 4965; x_wconf 90' lang='lat' dir='ltr'><strong>libet,</strong></span> <span class='ocrx_word' id='word_1_849' title='bbox 2543 4900 2596 4953; x_wconf 91' lang='lat' dir='ltr'><strong>in</strong></span> <span class='ocrx_word' id='word_1_850' title='bbox 2626 4898 2804 4966; x_wconf 88' lang='lat' dir='ltr'><strong>specie</strong></span> <span class='ocrx_word' id='word_1_851' title='bbox 2838 4895 3070 4949; x_wconf 87' lang='lat' dir='ltr'><strong>hominis</strong></span> <span class='ocrx_word' id='word_1_852' title='bbox 3096 4892 3283 4948; x_wconf 75' lang='lat' dir='ltr'><strong>eadem</strong></span> <span class='ocrx_word' id='word_1_853' title='bbox 3328 4907 3537 4960; x_wconf 90' lang='lat' dir='ltr'><strong>quoque</strong></span> <span class='ocrx_word' id='word_1_854' title='bbox 3566 4904 3759 4944; x_wconf 89' lang='lat' dir='ltr'><strong>conve-</strong></span> 
     </span>
    </p>
   </div>
   <div class='ocr_carea' id='block_1_108' title="bbox 2186 4982 3761 5048">
    <p class='ocr_par' dir='ltr' id='par_1_108' title="bbox 2186 4982 3761 5048">
     <span class='ocr_line' id='line_1_108' title="bbox 2186 4982 3761 5048; baseline -0.008 -2"><span class='ocrx_word' id='word_1_855' title='bbox 2186 4994 2303 5047; x_wconf 90' lang='lat' dir='ltr'><strong>nire</strong></span> <span class='ocrx_word' id='word_1_856' title='bbox 2330 5004 2547 5045; x_wconf 89' lang='lat' dir='ltr'><strong>necesse</strong></span> <span class='ocrx_word' id='word_1_857' title='bbox 2580 4999 2679 5042; x_wconf 92' lang='lat' dir='ltr'><strong>est.</strong></span> <span class='ocrx_word' id='word_1_858' title='bbox 2722 4987 2851 5041; x_wconf 86' lang='lat' dir='ltr'><strong>Nam</strong></span> <span class='ocrx_word' id='word_1_859' title='bbox 2889 4989 2932 5039; x_wconf 92' lang='lat' dir='ltr'><strong>si</strong></span> <span class='ocrx_word' id='word_1_860' title='bbox 2964 4986 3152 5039; x_wconf 86' lang='lat' dir='ltr'><strong>Cicero</strong></span> <span class='ocrx_word' id='word_1_861' title='bbox 3191 4982 3361 5048; x_wconf 90' lang='lat' dir='ltr'><strong>sedet,</strong></span> <span class='ocrx_word' id='word_1_862' title='bbox 3404 4982 3555 5035; x_wconf 90' lang='lat' dir='ltr'><strong>sedet</strong></span> <span class='ocrx_word' id='word_1_863' title='bbox 3597 4982 3761 5034; x_wconf 90' lang='lat' dir='ltr'><strong>etiam</strong></span> 
     </span>
    </p>
   </div>
   <div class='ocr_carea' id='block_1_109' title="bbox 2186 5072 3761 5143">
    <p class='ocr_par' dir='ltr' id='par_1_109' title="bbox 2186 5072 3761 5143">
     <span class='ocr_line' id='line_1_109' title="bbox 2186 5072 3761 5143; baseline -0.006 -8"><span class='ocrx_word' id='word_1_864' title='bbox 2186 5082 2367 5135; x_wconf 92' lang='lat' dir='ltr'><strong>homo.</strong></span> <span class='ocrx_word' id='word_1_865' title='bbox 2393 5080 2449 5134; x_wconf 86' lang='lat' dir='ltr'><strong>Si</strong></span> <span class='ocrx_word' id='word_1_866' title='bbox 2475 5080 2661 5133; x_wconf 82' lang='lat' dir='ltr'><strong>Cicero</strong></span> <span class='ocrx_word' id='word_1_867' title='bbox 2687 5077 2953 5143; x_wconf 89' lang='lat' dir='ltr'><strong>ambulat,</strong></span> <span class='ocrx_word' id='word_1_868' title='bbox 2977 5074 3210 5127; x_wconf 84' lang='lat' dir='ltr'><strong>ambulat</strong></span> <span class='ocrx_word' id='word_1_869' title='bbox 3233 5074 3391 5125; x_wconf 89' lang='lat' dir='ltr'><strong>etiam</strong></span> <span class='ocrx_word' id='word_1_870' title='bbox 3418 5072 3597 5125; x_wconf 88' lang='lat' dir='ltr'><strong>homo.</strong></span> <span class='ocrx_word' id='word_1_871' title='bbox 3626 5073 3761 5141; x_wconf 79' lang='lat' dir='ltr'><strong>Ergo</strong></span> 
     </span>
    </p>
   </div>
   <div class='ocr_carea' id='block_1_110' title="bbox 2186 5162 3761 5240">
    <p class='ocr_par' dir='ltr' id='par_1_110' title="bbox 2186 5162 3761 5240">
     <span class='ocr_line' id='line_1_110' title="bbox 2186 5162 3761 5240; baseline -0.006 -15"><span class='ocrx_word' id='word_1_872' title='bbox 2186 5171 2230 5225; x_wconf 75' lang='lat' dir='ltr'><strong>si</strong></span> <span class='ocrx_word' id='word_1_873' title='bbox 2261 5186 2363 5240; x_wconf 88' lang='lat' dir='ltr'><strong>qua</strong></span> <span class='ocrx_word' id='word_1_874' title='bbox 2387 5169 2681 5223; x_wconf 83' lang='lat' dir='ltr'><strong>accidentia</strong></span> <span class='ocrx_word' id='word_1_875' title='bbox 2711 5168 2952 5220; x_wconf 82' lang='lat' dir='ltr'><strong>venerint</strong></span> <span class='ocrx_word' id='word_1_876' title='bbox 2978 5165 3044 5218; x_wconf 89' lang='lat' dir='ltr'><strong>ab</strong></span> <span class='ocrx_word' id='word_1_877' title='bbox 3074 5162 3382 5228; x_wconf 70' lang='lat' dir='ltr'><strong>individuis,</strong></span> <span class='ocrx_word' id='word_1_878' title='bbox 3407 5171 3460 5217; x_wconf 90' lang='lat' dir='ltr'><strong>et</strong></span> <span class='ocrx_word' id='word_1_879' title='bbox 3486 5177 3548 5216; x_wconf 84' lang='lat' dir='ltr'><strong>ea</strong></span> <span class='ocrx_word' id='word_1_880' title='bbox 3597 5171 3761 5217; x_wconf 77' lang='lat' dir='ltr'><strong>tracta</strong></span> 
     </span>
    </p>
   </div>
   <div class='ocr_carea' id='block_1_111' title="bbox 2190 5253 3764 5334">
    <p class='ocr_par' dir='ltr' id='par_1_111' title="bbox 2190 5253 3764 5334">
     <span class='ocr_line' id='line_1_111' title="bbox 2190 5253 3764 5334; baseline -0.008 -14"><span class='ocrx_word' id='word_1_881' title='bbox 2190 5268 2241 5320; x_wconf 86' lang='lat' dir='ltr'><strong>in</strong></span> <span class='ocrx_word' id='word_1_882' title='bbox 2270 5265 2550 5334; x_wconf 82' lang='lat' dir='ltr'><strong>speciebus</strong></span> <span class='ocrx_word' id='word_1_883' title='bbox 2571 5261 2911 5316; x_wconf 90' lang='lat' dir='ltr'><strong>consederint</strong></span> <span class='ocrx_word' id='word_1_884' title='bbox 2932 5300 2945 5322; x_wconf 94' lang='lat'><strong>,</strong></span> <span class='ocrx_word' id='word_1_885' title='bbox 2974 5257 3039 5311; x_wconf 90' lang='lat' dir='ltr'><strong>ad</strong></span> <span class='ocrx_word' id='word_1_886' title='bbox 3072 5258 3182 5326; x_wconf 91' lang='lat' dir='ltr'><strong>ipsa</strong></span> <span class='ocrx_word' id='word_1_887' title='bbox 3210 5271 3421 5326; x_wconf 90' lang='lat' dir='ltr'><strong>quoque</strong></span> <span class='ocrx_word' id='word_1_888' title='bbox 3467 5253 3764 5309; x_wconf 88' lang='lat' dir='ltr'><strong>accidentia</strong></span> 
     </span>
    </p>
   </div>
   <div class='ocr_carea' id='block_1_112' title="bbox 2187 5343 3764 5427">
    <p class='ocr_par' dir='ltr' id='par_1_112' title="bbox 2187 5343 3764 5427">
     <span class='ocr_line' id='line_1_112' title="bbox 2187 5343 3764 5427; baseline -0.011 -14"><span class='ocrx_word' id='word_1_889' title='bbox 2187 5358 2290 5413; x_wconf 68' lang='lat' dir='ltr'><strong>dit&#39;i</strong></span> <span class='ocrx_word' id='word_1_890' title='bbox 2328 5359 2521 5427; x_wconf 89' lang='lat' dir='ltr'><strong>poterit</strong></span> <span class='ocrx_word' id='word_1_891' title='bbox 2559 5368 2744 5424; x_wconf 87' lang='lat' dir='ltr'><strong>genus.</strong></span> <span class='ocrx_word' id='word_1_892' title='bbox 2777 5352 2913 5418; x_wconf 88' lang='lat' dir='ltr'><strong>Quid</strong></span> <span class='ocrx_word' id='word_1_893' title='bbox 2947 5359 3030 5405; x_wconf 80' lang='lat' dir='ltr'><strong>est</strong></span> <span class='ocrx_word' id='word_1_894' title='bbox 3056 5350 3196 5403; x_wconf 89' lang='lat' dir='ltr'><strong>enim</strong></span> <span class='ocrx_word' id='word_1_895' title='bbox 3224 5347 3536 5410; x_wconf 86' lang='lat' dir='ltr'><strong>ambulans,</strong></span> <span class='ocrx_word' id='word_1_896' title='bbox 3569 5343 3610 5397; x_wconf 91' lang='lat' dir='ltr'><strong>si</strong></span> <span class='ocrx_word' id='word_1_897' title='bbox 3644 5344 3764 5413; x_wconf 88' lang='lat' dir='ltr'><strong>quis</strong></span> 
     </span>
    </p>
   </div>
   <div class='ocr_carea' id='block_1_113' title="bbox 2184 5438 3762 5521">
    <p class='ocr_par' dir='ltr' id='par_1_113' title="bbox 2184 5438 3762 5521">
     <span class='ocr_line' id='line_1_113' title="bbox 2184 5438 3762 5521; baseline -0.014 -13"><span class='ocrx_word' id='word_1_898' title='bbox 2184 5452 2515 5521; x_wconf 78' lang='lat' dir='ltr'><strong>interroget?</strong></span> <span class='ocrx_word' id='word_1_899' title='bbox 2557 5451 2747 5503; x_wconf 90' lang='lat' dir='ltr'><strong>merito</strong></span> <span class='ocrx_word' id='word_1_900' title='bbox 2784 5447 2978 5500; x_wconf 89' lang='lat' dir='ltr'><strong>animal</strong></span> <span class='ocrx_word' id='word_1_901' title='bbox 3028 5445 3242 5498; x_wconf 90' lang='lat' dir='ltr'><strong>dicitur.</strong></span> <span class='ocrx_word' id='word_1_902' title='bbox 3283 5439 3425 5494; x_wconf 81' lang='lat' dir='ltr'><strong>Nihil</strong></span> <span class='ocrx_word' id='word_1_903' title='bbox 3465 5438 3609 5491; x_wconf 91' lang='lat' dir='ltr'><strong>enim</strong></span> <span class='ocrx_word' id='word_1_904' title='bbox 3644 5451 3762 5489; x_wconf 84' lang='lat' dir='ltr'><strong>am-</strong></span> 
     </span>
    </p>
   </div>
   <div class='ocr_carea' id='block_1_114' title="bbox 2183 5526 3765 5607">
    <p class='ocr_par' dir='ltr' id='par_1_114' title="bbox 2183 5526 3765 5607">
     <span class='ocr_line' id='line_1_114' title="bbox 2183 5526 3765 5607; baseline -0.012 -9"><span class='ocrx_word' id='word_1_905' title='bbox 2183 5544 2367 5598; x_wconf 87' lang='lat' dir='ltr'><strong>bulare</strong></span> <span class='ocrx_word' id='word_1_906' title='bbox 2412 5542 2510 5595; x_wconf 91' lang='lat' dir='ltr'><strong>nisi</strong></span> <span class='ocrx_word' id='word_1_907' title='bbox 2542 5540 2737 5593; x_wconf 90' lang='lat' dir='ltr'><strong>animal</strong></span> <span class='ocrx_word' id='word_1_908' title='bbox 2770 5546 2962 5607; x_wconf 72' lang='lat' dir='ltr'><strong>potest.</strong></span> <span class='ocrx_word' id='word_1_909' title='bbox 2995 5535 3164 5589; x_wconf 80' lang='lat' dir='ltr'><strong>Porro</strong></span> <span class='ocrx_word' id='word_1_910' title='bbox 3199 5541 3376 5586; x_wconf 89' lang='lat' dir='ltr'><strong>autem</strong></span> <span class='ocrx_word' id='word_1_911' title='bbox 3415 5528 3514 5582; x_wconf 92' lang='lat' dir='ltr'><strong>sub</strong></span> <span class='ocrx_word' id='word_1_912' title='bbox 3556 5526 3765 5595; x_wconf 84' lang='lat' dir='ltr'><strong>specie-</strong></span> 
     </span>
    </p>
   </div>
   <div class='ocr_carea' id='block_1_115' title="bbox 2184 5619 3767 5693">
    <p class='ocr_par' dir='ltr' id='par_1_115' title="bbox 2184 5619 3767 5693">
     <span class='ocr_line' id='line_1_115' title="bbox 2184 5619 3767 5693; baseline -0.011 -6"><span class='ocrx_word' id='word_1_913' title='bbox 2184 5634 2281 5689; x_wconf 89' lang='lat' dir='ltr'><strong>bus</strong></span> <span class='ocrx_word' id='word_1_914' title='bbox 2326 5631 2597 5687; x_wconf 88' lang='lat' dir='ltr'><strong>individua</strong></span> <span class='ocrx_word' id='word_1_915' title='bbox 2637 5641 2792 5693; x_wconf 88' lang='lat' dir='ltr'><strong>sunt,</strong></span> <span class='ocrx_word' id='word_1_916' title='bbox 2824 5639 2883 5683; x_wconf 85' lang='lat' dir='ltr'><strong>ut</strong></span> <span class='ocrx_word' id='word_1_917' title='bbox 2914 5628 3103 5683; x_wconf 90' lang='lat' dir='ltr'><strong>Cicero</strong></span> <span class='ocrx_word' id='word_1_918' title='bbox 3144 5635 3198 5681; x_wconf 90' lang='lat' dir='ltr'><strong>et</strong></span> <span class='ocrx_word' id='word_1_919' title='bbox 3239 5622 3492 5692; x_wconf 82' lang='lat' dir='ltr'><strong>Virgilius</strong></span> <span class='ocrx_word' id='word_1_920' title='bbox 3524 5620 3625 5673; x_wconf 93' lang='lat' dir='ltr'><strong>sub</strong></span> <span class='ocrx_word' id='word_1_921' title='bbox 3671 5619 3767 5670; x_wconf 88' lang='lat' dir='ltr'><strong>ho-</strong></span> 
     </span>
    </p>
   </div>
   <div class='ocr_carea' id='block_1_116' title="bbox 2185 5708 3762 5795">
    <p class='ocr_par' dir='ltr' id='par_1_116' title="bbox 2185 5708 3762 5795">
     <span class='ocr_line' id='line_1_116' title="bbox 2185 5708 3762 5795; baseline -0.012 -15"><span class='ocrx_word' id='word_1_922' title='bbox 2185 5726 2329 5781; x_wconf 77' lang='lat' dir='ltr'><strong>mine</strong></span> <span class='ocrx_word' id='word_1_923' title='bbox 2381 5724 2445 5779; x_wconf 90' lang='lat' dir='ltr'><strong>ad</strong></span> <span class='ocrx_word' id='word_1_924' title='bbox 2497 5738 2615 5795; x_wconf 73' lang='lat' dir='ltr'><strong>qua:</strong></span> <span class='ocrx_word' id='word_1_925' title='bbox 2677 5720 2949 5776; x_wconf 85' lang='lat' dir='ltr'><strong>individua</strong></span> <span class='ocrx_word' id='word_1_926' title='bbox 3005 5734 3170 5787; x_wconf 76' lang='lat' dir='ltr'><strong>genus</strong></span> <span class='ocrx_word' id='word_1_927' title='bbox 3223 5713 3421 5784; x_wconf 85' lang='lat' dir='ltr'><strong>speciei</strong></span> <span class='ocrx_word' id='word_1_928' title='bbox 3478 5708 3762 5782; x_wconf 70' lang='lat' dir='ltr'><strong>prardtcat&#39;i</strong></span> 
     </span>
    </p>
   </div>
  </div>
