4106 6336
313 292 376 343 23
1447 292 1513 341 IN
1551 256 1999 343 PORPllYttlUM
2040 287 2381 346 DIALUGUS
2418 291 2456 345 ι.

3525 300 3601 361 50

322 411 523 473 potest.
554 401 683 455 Nam
720 402 765 456 si
808 403 1223 471 interrogaveris
1264 398 1390 469 quid
1422 409 1503 454 est
1541 401 1764 455 Cicero?
1793 414 1905 455 me—
1932 404 1981 460 A
2008 407 2219 453 constat
2246 399 2295 452 id
2326 399 2465 467 quod
2497 407 2579 455 est
2606 400 2809 459 risibile
2834 403 2993 459 etiam
3020 406 3279 462 rationale
3305 422 3466 477 posse
3498 424 3599 466 no-

314 494 415 549 rito
440 493 642 548 animal
672 493 841 547 dicas.
870 492 1052 547 Genus
1098 491 1258 561 igitur
1286 500 1339 545 et
1368 491 1435 545 ad
1474 493 1709 561 speciem
1742 501 1797 547 et
1833 492 1901 547 ad

315 585 671 650 differentias,
700 597 753 639 et
792 584 856 637 ad
900 584 1230 649 accidentia,
1260 592 1313 637 et
1358 582 1425 637 ad
1471 585 1714 653 propria,
1741 594 1797 639 et
1835 585 1901 639 ad

314 675 587 727 individua
620 676 944 729 nominatur.
976 673 1142 728 Porro
1185 684 1360 728 autem
1394 675 1620 743 Species,
1655 689 1762 730 non
1791 674 1901 744 jam

316 768 379 822 de
422 783 639 836 genere,
674 784 850 837 neque
880 769 947 822 de
977 766 1319 833 differentiis,
1348 766 1441 820 sed
1489 767 1555 821 de
1600 767 1731 821 solis
1773 784 1903 835 pro-

316 858 447 927 priis
485 868 538 912 et
584 859 842 927 subjectis
884 858 1176 913 individuis
1219 858 1537 927 appellatur.
1583 857 1636 911 In
1689 860 1816 924 illis,
1851 856 1902 912 id

316 959 399 1004 est
420 949 723 1019 individuis,
756 952 876 1019 quia
906 962 1179 1020 superest;
1209 951 1261 1005 in
1293 952 1547 1021 propriis,
1573 951 1700 1021 quia
1726 965 1903 1019 arqua-

316 1042 380 1097 lis
418 1051 517 1096 est.
562 1043 696 1109 Quid
742 1054 918 1098 autem
952 1044 1021 1098 sit
1052 1045 1152 1098 hoc
1189 1045 1349 1098 modo
1394 1045 1677 1098 videmus:
1709 1042 1902 1098 Omnia

315 1152 507 1204 genera
539 1139 819 1207 speciebus
849 1138 959 1193 suis
985 1146 1273 1207 supersunt
1301 1148 1355 1193 et
1385 1137 1677 1192 abundant.
1711 1136 1903 1190 Abun-

316 1230 444 1284 dare
482 1240 660 1284 autem
702 1247 897 1300 genera
943 1231 1174 1286 dicimus
1214 1231 1518 1300 speciebus,
1552 1231 1673 1301 plus
1702 1231 1907 1285 habere

248 1310 253 1315 θ
312 1336 504 1390 genera
551 1323 766 1377 virtutis
807 1339 965 1392 quam
1005 1324 1235 1393 Species.
1273 1324 1442 1379 Homo
1470 1325 1616 1380 enim
1650 1324 1791 1396 quod
1822 1333 1906 1380 est

313 1412 521 1477 species
563 1413 733 1466 soLm
777 1412 939 1467 homo
975 1422 1079 1468 est.
1120 1414 1333 1467 Animal
1370 1429 1499 1469 vero
1527 1413 1667 1483 quod
1703 1422 1788 1469 est
1815 1429 1909 1484 ge-

313 1514 433 1562 nus,
468 1516 572 1553 non
603 1500 775 1555 solum
812 1501 974 1555 homo
1001 1501 1236 1569 est,'scd
1268 1511 1322 1557 et
1350 1518 1521 1572 equus
1550 1503 1633 1558 vel
1668 1503 1786 1569 bos,
1817 1502 1906 1558 vel

313 1590 588 1662 quodlibet
636 1593 780 1648 aliud
829 1594 1045 1648 animali
1089 1595 1443 1664 suppositum.
1489 1594 1561 1649 fta
1608 1594 1782 1665 major
1827 1596 1906 1651 vis

315 1684 529 1753 generis
561 1696 707 1739 recte
736 1685 803 1739 de
832 1684 1024 1738 minori
1052 1685 1152 1740 sibi
1180 1695 1234 1740 et
1271 1686 1511 1755 subjecta
1546 1688 1726 1756 specie
1766 1704 1906 1759 pra:-

2006 490 2219 543 minari.
2249 489 2399 556 Quod
2429 490 2472 543 si
2503 491 2566 544 ad
2592 494 2795 561 species
2817 494 3116 549 differentia
3142 496 3358 565 dicitur,
3385 501 3598 568 species

2007 594 2184 637 autem
2215 585 2279 635 ad
2313 584 2581 637 individua
2615 586 2955 653 praedicatur,
2989 604 3213 644 necesse
3244 599 3328 644 est
3357 599 3415 644 ut
3445 591 3598 645 diffe-

2010 674 2178 726 rentia
2224 687 2434 744 quoque
2486 673 2552 726 ad
2586 673 2855 729 individua
2888 678 3225 744 prmdicirtur.
3269 680 3410 733 Dicis
3452 684 3593 734 enim

2008 765 2180 833 qualis
2211 776 2295 819 est
2331 764 2558 820 Cicero?
2590 767 2883 820 rationalis.
2917 768 3067 834 Quod
3110 769 3158 831 si
3199 770 3498 824 differentia
3528 770 3597 826 ad

2009 855 2278 909 individua
2315 855 2651 924 prmdicatur,
2686 854 2979 909 areidcntia
3011 874 3137 912 vero
3177 860 3465 914 individuis
3505 876 3597 915 ac-

2009 946 2218 1015 cidunt,
2250 961 2474 1001 necesse
2502 957 2584 1001 est
2615 946 2946 1002 differentias
2980 949 3045 1002 ad
3074 951 3369 1006 accidentia
3402 953 3598 1021 praedi-

2008 1039 2140 1091 cari.
2186 1037 2466 1107 Proprium
2496 1053 2625 1092 vero
2655 1041 2909 1107 quoniam
2954 1055 3166 1110 semper
3195 1043 3354 1097 unius
3396 1042 3596 1112 Speciei

2010 1131 2281 1199 proprium
2314 1139 2425 1197 est,
2457 1141 2510 1185 et
2547 1132 2613 1185 ad
2657 1147 2815 1186 unam
2865 1133 3097 1200 speciem
3143 1134 3461 1201 praedicatur
3502 1152 3596 1190 so-

2009 1220 2145 1288 lam,
2176 1222 2261 1275 cui
2291 1230 2374 1275 est
2406 1222 2700 1291 proprium.
2750 1222 2976 1277 Risibile
3014 1239 3245 1293 namque
3284 1226 3424 1293 quod
3470 1241 3594 1295 pro.

2010 1311 2184 1380 prium
2231 1320 2342 1375 est,
2370 1310 2436 1363 ad
2468 1310 2637 1364 solam
2682 1310 2912 1366 hominis
2956 1313 3195 1380 Speciem
3248 1313 3591 1381 prmdicatur.

2008 1402 2158 1470 Quod
2186 1401 2233 1457 si
2257 1402 2323 1456 ad
2351 1401 2583 1456 hominis
2606 1403 2839 1472 Speciem
2866 1405 3209 1473 prmdicatur,
3234 1405 3440 1473 species
3461 1420 3592 1462 vero
3652 1448 3663 1458 .

2007 1494 2074 1547 ad
2106 1491 2376 1546 individua
2404 1493 2619 1560 dicitur,
2654 1507 2758 1547 non
2788 1503 2871 1547 est
2899 1494 3118 1548 dubium
3142 1494 3275 1565 quin
3319 1496 3592 1565 proprium

2006 1599 2218 1655 quoque
2247 1582 2315 1638 de
2354 1582 2641 1637 individuis
2671 1583 3011 1652 prmdicetur.
3049 1583 3179 1638 Nam
3207 1585 3252 1638 si
3285 1584 3445 1638 homo
3474 1585 3595 1640 risi-

2007 1675 2113 1730 bile
2138 1664 2335 1728 animal
2377 1683 2490 1742 est,
2522 1671 2711 1729 Cicero
2750 1689 2963 1744 quoque
2992 1684 3045 1729 et
3081 1673 3337 1744 Virgilius
3373 1675 3594 1730 risibilla

313 1774 540 1828 dicatur.
569 1775 684 1828 Alia
724 1788 853 1829 vero
888 1782 1038 1840 sunt,
1071 1791 1191 1844 qua:
1220 1775 1320 1830 sibi
1349 1787 1473 1837 sunt
1513 1776 1659 1847 paria
1690 1788 1748 1832 ut
1775 1788 1901 1834 sunt
1930 1772 1981 1834 Β
2006 1766 2254 1820 animali-'1
2284 1776 2429 1819 “me
2458 1764 2731 1819 ἀίουηιυτ·
2767 1764 2919 1830 ρυοά
2962 1765 3008 1818 εί
3039 1765 3311 1834 Proprium
3352 1765 3417 1819 ³ί¹
3450 1764 3594 1819 indi‘

314 1868 526 1937 propria
562 1877 615 1921 et
656 1867 888 1936 species.
917 1867 1138 1936 Species
1180 1879 1262 1923 est
1288 1868 1482 1935 homo,
1514 1871 1787 1939 proprium
1826 1872 1900 1927 ri-

315 1960 491 2013 sibile.
532 1959 799 2028 Quidquid
842 1974 969 2029 ergo
992 1959 1173 2014 fuerit
1210 1961 1431 2026 risibile,
1469 1960 1569 2016 hoc
1598 1972 1681 2017 est
1713 1962 1894 2018 homo.

313 2051 576 2122 Quidquid
606 2052 790 2119 homo,
813 2052 915 2107 hoc
938 2052 1144 2107 risibile
1165 2063 1265 2108 est.
1290 2054 1472 2125 Itaque
1500 2070 1672 2124 neque
1695 2056 1898 2111 ris’bile

314 2141 564 2202 hominis,
593 2158 766 2211 neque
799 2144 960 2197 homo
990 2142 1213 2196 risibilis
1246 2143 1537 2212 potentiam
1564 2146 1893 2215 supervadit,

314 2233 406 2288 sed
438 2235 656 2302 :rqttalia
688 2234 789 2288 sibi
836 2234 903 2287 ad
933 2249 992 2288 se
1043 2233 1269 2289 invicem
1315 2236 1592 2302 praedicari
1638 2230 1901 2305 possunt,»

314 2334 372 2377 ut
410 2325 453 2377 si
490 2324 658 2388 dicas,
688 2324 816 2394 quid
861 2334 942 2379 est
974 2326 1168 2378 homo?
1198 2324 1443 2380 Risibile.
1478 2325 1613 2392 Quid
1652 2334 1735 2381 est
1776 2326 1897 2381 risi-

314 2415 454 2470 hile?
484 2417 673 2471 Homo.
708 2416 780 2470 fta
821 2416 981 2486 igitur
1010 2431 1342 2487 quaecunque
1389 2420 1664 2486 superiora
1698 2418 1898 2473 fuerint

315 2504 381 2559 ad
413 2506 497 2559 illa
539 2522 656 2575 qua;
696 2506 995 2561 subteriora
1037 2515 1192 2573 sunt,
1222 2507 1601 2577 prmdicantur.
1643 2507 1710 2562 Et
1753 2518 1898 2578 Quic-

315 2608 524 2664 cunque
546 2596 766 2665 mqualia
796 2597 1019 2664 fuerint,
1055 2597 1252 2665 pariter
1279 2598 1378 2650 sibi
1406 2598 1471 2651 ad
1505 2598 1730 2652 invicem
1761 2615 1898 2667 pra:-

316 2684 579 2737 dicantur.
627 2685 716 2739 lila
750 2702 876 2739 vero
913 2702 1030 2756 quin
1072 2688 1371 2741 subtcriora
1411 2696 1538 2741 sunt
1572 2699 1625 2743 et
1666 2689 1894 2754 minora,

315 2776 382 2830 de
412 2777 776 2844 superiorbus
815 2789 868 2833 et
906 2778 1300 2832 abundantibus
1344 2790 1401 2833 ut
1440 2789 1563 2833 sunt
1608 2796 1802 2850 genera
1843 2791 1897 2837 et

316 2870 523 2937 species
555 2869 829 2938 pra-dicari
863 2885 966 2924 non
996 2879 1236 2940 possunt.
1266 2870 1545 2942 Nunquam
1577 2877 1718 2928 enim
1754 2884 1897 2929 recte

313 2960 544 3029 speciem
576 2961 643 3015 de
685 2976 884 3030 genere
928 2963 1265 3032 prscdicabis.
1299 2963 1374 3018 ita
1424 2980 1550 3033 ergo
1596 2967 1802 3035 species
1829 2966 1898 3022 de
1946 2994 1949 2997 -

313 3050 536 3118 preprio
576 3053 897 3119 tricilicatur
933 3061 989 3106 ut
1029 3055 1163 3122 pari.
1195 3053 1299 3109 Sed
1330 3057 1580 3125 quoniam
1625 3057 1726 3111 sub
1773 3072 1899 3131 Spe:-

2004 1859 2156 1911 vidna
2193 1865 2338 1911 recte
2365 1856 2582 1921 dicitur,
2628 1864 2772 1910 recte
2817 1857 2984 1911 etiam
3028 1864 3083 1910 et
3116 1855 3183 1910 de
3226 1854 3594 1912 accidentibus

2002 1932 2340 2017 przedicatur,
2364 1962 2484 2015 quae
2514 1948 2645 2016 ipsis
2664 1947 2915 2002 accidunt
2941 1946 3247 2001 individuis.
3275 1948 3586 2002 Accideutia

2001 2055 2129 2094 vero
2151 2052 2202 2095 et
2227 2041 2363 2109 ipsa,
2388 2047 2441 2094 et
2463 2040 2528 2094 de
2550 2039 2847 2109 speciebus,
2876 2050 2929 2094 et
2951 2040 3016 2094 de
3042 2040 3161 2094 aliis
3185 2039 3433 2094 omnibus
3456 2055 3594 2108 pra:-

2001 2129 2265 2195 dieautnr,
2305 2140 2357 2185 et
2394 2130 2460 2184 de
2490 2130 2621 2198 ipsis
2662 2130 2895 2185 maxime
2925 2128 3233 2183 individuis.
3261 2129 3515 2200 ~Namque
3539 2138 3593 2186 et

2001 2225 2155 2278 albus
2186 2237 2355 2292 equus
2384 2232 2437 2277 et
2478 2223 2632 2276 albus
2664 2223 2827 2277 homo
2868 2223 3081 2290 dicitur,
3126 2231 3181 2278 et
3219 2222 3412 2277 iterum
3443 2223 3593 2293 niger

2000 2323 2259 2383 cquus,et
2279 2315 2426 2383 niger
2441 2312 2689 2382 Aﬂthiops
2710 2313 2922 2366 dicitur.
2938 2313 3088 2380 Quod
3107 2311 3151 2366 si
3175 2313 3244 2367 ita
3264 2322 3367 2378 est,
3392 2311 3591 2366 animal

2002 2420 2213 2476 quoque
2258 2405 2466 2473 nigrum
2509 2405 2722 2458 dicitur.
2759 2405 2959 2458 Dicitur
2999 2405 3160 2459 etiam
3205 2404 3465 2459 rationale
3508 2405 3592 2458 ni-

2000 2513 2153 2568 grum
2177 2506 2230 2551 et
2255 2497 2561 2551 irrationale
2594 2500 2800 2566 nigrum
2819 2537 2834 2552 .
2859 2498 3054 2567 quippe
3081 2497 3125 2551 si
3150 2513 3320 2568 equus
3348 2511 3400 2554 et
3430 2498 3591 2553 homo

2000 2590 2226 2659 mthiops
2274 2590 2406 2658 nigri
2460 2597 2603 2643 sunt.
2674 2590 2875 2643 Dicitur
2920 2592 3079 2644 etiam
3128 2591 3328 2646 risibile
3380 2591 3590 2661 nigrum

2001 2694 2121 2733 eum
2146 2679 2418 2732 hominum
2447 2681 2567 2748 quis
2589 2680 2737 2748 niger
2767 2680 2944 2733 fuerit.
2976 2679 3177 2735 Dicitur
3198 2682 3360 2734 etiam
3394 2682 3591 2735 indivi-

2003 2769 2165 2824 duum
2195 2771 2402 2839 nigrum
2422 2814 2438 2839 ,
2461 2786 2579 2824 cum
2603 2771 2681 2825 sic
2709 2772 2826 2840 quis
2855 2788 2991 2826 unus
3010 2771 3181 2845 homo
3212 2788 3275 2827 ex
3315 2772 3619 2847 Althiopia

2003 2862 2324 2915 nominatur.
2357 2861 2506 2927 Quod
2549 2875 2669 2914 eum
2714 2861 2784 2914 ita
2829 2863 2928 2927 sit,
2973 2870 3183 2916 constat
3223 2873 3275 2916 et
3317 2878 3488 2933 genus
3525 2864 3591 2920 ad

2002 2949 2230 3019 plurima
2263 2950 2575 3019 przedicari,
2606 2949 2656 3004 id
2685 2961 2765 3005 est
2795 2953 3032 3020 species,
3066 2951 3419 3019 differentias,
3451 2954 3591 3009 acci-

2004 3042 2214 3107 dentia,
2272 3041 2515 3112 propria,
2567 3054 2728 3111 atque
2782 3043 3089 3111 individua,
3138 3045 3489 3100 nihilominus
3540 3055 3592 3103 et

313 3143 493 3196 ciebus
539 3144 807 3213 sigillatim
857 3145 1133 3201 individua
1182 3156 1352 3201 sunt:
1402 3149 1674 3204 individua
1717 3160 1893 3205 autem

2005 3132 2356 3189 differentiam
2388 3135 2452 3189 ad
2486 3135 2709 3204 plurima
2741 3136 3050 3205 prmdicari,
3081 3136 3132 3191 id
3158 3137 3327 3217 estad
3358 3126 3593 3207 species,

314 3248 565 3288 vocamus
588 3250 708 3303 qua:
735 3237 787 3289 in
814 3237 987 3291 nullas
1017 3239 1245 3307 species,
1275 3254 1446 3306 neque
1479 3240 1529 3293 in
1558 3241 1763 3309 aliquas
1788 3240 1897 3311 jam

314 3325 446 3377 alias
479 3336 657 3393 partes
695 3326 858 3381 dividi
902 3339 1153 3397 possunt,
1186 3339 1241 3382 ut
1275 3338 1357 3383 est
1397 3331 1551 3399 Cato,
1600 3332 1683 3385 vel
1723 3330 1896 3399 Plato,

316 3418 399 3471 vel
446 3416 656 3484 Cicero,
694 3428 747 3473 et
787 3420 1042 3489 quidquid
1089 3421 1361 3475 hominum
1402 3422 1733 3491 singulorum
1777 3433 1896 3478 est:

315 3508 413 3562 hos
458 3511 600 3563 enim
651 3511 702 3564 in
749 3513 907 3565 nullis
952 3514 1193 3581 partibus
1239 3514 1468 3581 dividis,
1510 3524 1569 3570 ut
1607 3516 1803 3570 animal
1846 3517 1898 3571 in

314 3598 543 3667 species,
587 3601 858 3656 hominem
897 3604 1129 3669 scilicet,
1164 3613 1324 3674 atque
1364 3621 1590 3675 equum,
1625 3606 1899 3662 hominem

315 3706 524 3759 quoque
552 3691 722 3760 ipsum
755 3694 1076 3763 specialem,
1110 3704 1163 3749 et
1189 3696 1426 3764 singulos
1455 3697 1901 3767 circumplecten-

315 3791 454 3846 tem,
485 3782 537 3835 in
582 3781 871 3849 Catonem,
916 3785 1225 3850 Platonem,
1268 3786 1577 3855 Virgilium,
1615 3797 1668 3843 et
1710 3804 1901 3845 omnes

316 3872 583 3941 sigillatim
612 3874 862 3929 homines
892 3875 1230 3946 distributos,
1268 3876 1537 3932 hominem
1569 3894 1694 3934 vero
1725 3880 1898 3950 ipsum

317 3964 670 4034 singularem,
701 3967 754 4021 id
785 3976 867 4023 est
894 3966 1241 4035 Ciceronem,
1274 3968 1325 4023 in
1358 3970 1534 4025 nullos
1561 3972 1694 4025 alios
1722 3971 1902 4027 distri-

316 4057 481 4112 buere
528 4073 831 4127 possumus,
878 4070 1037 4129 atque
1082 4061 1201 4114 ideo
1247 4058 1460 4133 ἄτομον,
1510 4061 1560 4115 id
1592 4072 1671 4116 est
1711 4062 1903 4117 indivi-

316 4150 478 4205 duum
524 4153 812 4207 vocitatum
841 4164 946 4208 est.
989 4155 1210 4222 Species
1251 4148 1380 4225 ergo
1411 4170 1531 4225 qua:
1580 4157 1645 4209 ad
1686 4158 1901 4227 propria

315 4243 593 4313 :rqualiter
631 4245 950 4313 praedicatur
976 4246 1040 4300 ad
1087 4246 1355 4301 individua
1379 4287 1395 4311 ,
1444 4248 1694 4316 quoniam
1733 4249 1903 4316 major

314 4347 397 4389 cst
439 4337 649 4405 species
699 4339 949 4400 hominis,
992 4354 1148 4408 quam
1196 4326 1469 4408 quodlibet
1514 4339 1656 4393 aliud
1707 4340 1904 4395 indivi-

314 4428 510 4493 duum,
556 4428 625 4482 ita
671 4429 988 4498 prmdicatur
1032 4438 1088 4483 ut
1132 4430 1377 4498 superius
1421 4430 1486 4484 ad
1530 4431 1582 4485 id
1633 4432 1773 4501 quod
1818 4440 1902 4486 est

2005 3231 2218 3299 propria
2254 3230 2319 3283 ad
2359 3230 2631 3283 individua
2657 3240 2711 3284 et
2739 3230 3070 3298 accidenia,
3101 3239 3156 3286 et
3196 3233 3469 3301 pr0prium
3521 3230 3589 3283 ad

2003 3325 2262 3394 plurima,
2296 3324 2345 3378 id
2376 3332 2461 3378 est
2491 3306 2724 3393 Speciem
2745 3365 2762 3392 ,
2790 3324 3062 3377 individua
3095 3334 3149 3379 et
3176 3324 3494 3379 accidentia.
3531 3324 3594 3383 Et

2001 3420 2234 3487 speciem
2266 3415 2333 3471 ad
2382 3417 2635 3483 plurima,
2672 3416 2723 3469 id
2758 3427 2840 3472 cst
2881 3416 3148 3471 individua
3179 3428 3233 3472 et
3270 3417 3593 3472 accidentia.

2004 3509 2271 3564 Accidens
2302 3522 2430 3562 vero
2458 3516 2510 3561 et
2533 3506 2599 3560 ad
2630 3522 2797 3577 genus
2828 3518 2880 3561 et
2903 3509 2969 3562 ad
3000 3510 3266 3577 speciem,
3296 3518 3351 3562 et
3376 3507 3441 3562 ad
3471 3523 3594 3578 pro-

2004 3603 2210 3669 prium,
2240 3609 2293 3655 et
2326 3600 2391 3653 ad
2423 3599 2814 3665 differentiam,
2847 3610 2903 3654 et
2930 3599 2997 3653 ad
3038 3600 3328 3654 individua.
3370 3602 3520 3668 Quod
3548 3603 3594 3660 si

2003 3692 2074 3746 ita
2113 3701 2226 3756 est,
2269 3691 2365 3748 has
2405 3693 2635 3761 quinque
2668 3705 2755 3746 res
2786 3700 2996 3746 constat
3025 3691 3093 3746 ad
3142 3692 3371 3765 plurima
3402 3693 3593 3762 pradi-

2002 3782 2131 3837 cari.
2161 3787 2227 3836 At
2257 3796 2383 3836 vero
2411 3781 2757 3848 individuum,
2778 3783 3027 3852 quoniam
3045 3782 3146 3837 sub
3162 3798 3220 3838 se
3247 3783 3377 3837 nihil
3404 3783 3587 3851 habet,

2000 3876 2069 3929 ad
2102 3874 2530 3944 singularitatem
2561 3874 2846 3941 quamdam
2872 3886 2924 3929 et
2956 3875 3214 3930 unitatem
3245 3871 3590 3945 pi’iedicatur.

2002 3967 2193 4021 Cicero
2222 3967 2363 4020 enim
2411 3980 2547 4020 unus
2579 3975 2692 4033 est,
2726 3976 2781 4021 et
2822 3966 2886 4020 ad
2920 3982 3083 4020 unum
3113 3981 3310 4021 nomen
3358 3975 3591 4037 aptatur.

2005 4060 2077 4114 lta
2122 4058 2397 4113 individua
2424 4070 2544 4127 quae
2579 4058 2645 4112 ad
2677 4059 2932 4114 unitatem
2964 4059 3235 4125 dicuntur,
3269 4061 3476 4115 cunctis
3504 4075 3593 4114 su.

2005 4153 2304 4221 perioribus
2344 4151 2622 4221 supposita
2653 4161 2809 4219 sunt,
2841 4162 2898 4206 ut
2945 4168 3136 4222 genus,
3164 4154 3398 4223 species,
3434 4152 3594 4208 diffe-

2004 4242 2207 4307 rentia,
2257 4242 2323 4295 ad
2371 4241 2617 4311 propria,
2646 4242 2730 4295 vel
2778 4243 3111 4308 accidentia,
3143 4245 3387 4313 quamvis
3422 4244 3491 4297 ad
3536 4257 3593 4299 se

2004 4332 2229 4387 invicem
2267 4332 2369 4385 dici
2398 4341 2649 4401 possunt,
2682 4330 2749 4384 ad
2787 4331 3055 4386 individua
3101 4342 3279 4388 tamen
3315 4334 3593 4403 :equaliter

2006 4426 2385 4493 prsedicantur,
2425 4433 2481 4478 ut
2520 4425 2769 4493 superius
2797 4424 3222 4480 deindnstratum
3256 4436 3354 4481 est.
3391 4426 3593 4481 Indivi—

314 4535 339 4572 s
379 4520 655 4573 balterius.
680 4520 867 4575 Cicero
894 4523 1034 4576 enim
1068 4523 1213 4577 solus
1243 4522 1432 4576 Cicero
1464 4535 1579 4588 est,
1608 4523 1768 4577 homo
1801 4538 1896 4576 au-
1926 4507 1978 4567 Ῑ)
2003 4516 2107 4571 dua
2150 4532 2308 4579 ver".
2358 4518 2607 4586 quoniam
2641 4519 2739 4573 sub
2787 4533 2846 4573 se
2878 4518 3009 4571 nihil
3058 4518 3257 4573 habent
3291 4520 3382 4573 ubi
3423 4519 3594 4576 seculi

317 4620 420 4663 tem
457 4626 561 4662 non
590 4611 735 4664 solns
768 4620 852 4665 est
879 4611 1087 4677 Cicero,
1118 4611 1256 4679 quod
1288 4613 1330 4666 si
1364 4612 1427 4665 ad
1460 4613 1727 4666 individua
1762 4629 1901 4683 prie-

315 4700 546 4763 dicatur,
577 4709 630 4754 et
670 4701 734 4754 ad
782 4701 1175 4756 individuorum
1218 4702 1512 4757 accidentia
1556 4703 1898 4772 praedicatur.

315 4792 387 4844 ita
439 4791 600 4860 igitur
633 4795 842 4861 species
883 4792 947 4847 ad
991 4810 1159 4863 genus
1200 4794 1340 4863 quod
1382 4796 1628 4863 superius
1666 4803 1749 4850 est
1792 4812 1898 4851 non

317 4880 665 4948 pra'dieatnr,
705 4898 877 4951 neque
908 4882 971 4935 ad
1008 4883 1393 4948 differentiam,
1429 4886 1550 4954 quia
1595 4886 1898 4941 differentia

319 4976 400 5042 (ut
444 4988 586 5027 nunc
615 4977 955 5030 monstraturi
1000 4976 1207 5046 sumus)
1237 4992 1399 5046 super
1430 4960 1662 5045 speciem
1690 4989 1804 5043 est,
1833 4979 1901 5034 ad

320 5068 593 5134 proprium
621 5082 748 5121 vero
777 5069 860 5122 cui
892 5084 985 5132 par
1010 5070 1215 5137 Species
1237 5078 1347 5133 est,
1372 5072 1452 5125 vel
1479 5070 1542 5123 ad
1572 5071 1899 5127 individuum

319 5158 403 5212 cui
431 5169 706 5228 superest,
739 5160 1075 5229 pra-dicatur.
1108 5162 1416 5217 Differeutia
1448 5178 1574 5216 vero
1599 5172 1653 5217 et
1679 5165 1744 5216 ad
1777 5179 1899 5232 spe-

317 5250 450 5312 cies,
475 5260 526 5305 et
552 5250 617 5303 ad
650 5250 861 5321 propria
884 5292 898 5316 ,
925 5263 978 5306 et
1002 5253 1065 5306 ad
1096 5253 1421 5317 accidentia,
1450 5264 1503 5308 et
1530 5254 1594 5309 ad
1627 5255 1896 5310 individua

321 5341 661 5409 praedicatur.
704 5342 945 5412 Namque
992 5345 1252 5400 rationale
1292 5346 1433 5416 quod
1479 5356 1562 5402 est
1597 5347 1897 5403 differentia

316 5432 382 5483 ad
420 5426 689 5495 hominem
722 5433 1061 5501 prredicatur,
1093 5436 1233 5505 quod
1269 5447 1350 5490 est
1377 5440 1605 5504 Species.
1633 5438 1705 5492 lta
1740 5441 1900 5493 ratio-

320 5525 439 5578 nale
465 5524 604 5594 quod
643 5533 725 5579 est
754 5526 1439 5596 differentia,'pra2dieatur
1476 5530 1542 5584 ad
1588 5530 1814 5597 risibile,
1851 5533 1899 5587 id

314 5625 396 5668 est
428 5609 726 5683 proprium.
762 5616 962 5671 Dicitur
984 5616 1127 5669 enim
1162 5617 1211 5671 id
1244 5634 1364 5673 esse
1397 5620 1617 5688 uisibile,
1653 5624 1795 5692 quod
1826 5640 1903 5678 ra-

314 5704 535 5762 tionale.
579 5705 709 5761 Nam
751 5708 795 5760 si
843 5708 1003 5761 homo
1052 5710 1342 5775 rationale,
1378 5719 1431 5766 et
1470 5710 1632 5769 homo
1674 5714 1897 5784 risibile,

2004 4608 2358 4677 distribuiqne
2412 4609 2655 4676 possint,
2712 4609 2777 4662 ad
2837 4610 2967 4662 nihil
3015 4610 3157 4664 aliud
3210 4610 3593 4679 prazdicantur,

2007 4702 2110 4754 nisi
2139 4700 2204 4754 ad
2252 4701 2426 4768 seipsa
2457 4718 2577 4769 qua:
2630 4703 2837 4771 singula
2884 4700 3043 4771 atque
3086 4718 3187 4755 una
3236 4712 3380 4757 sunt.
3420 4705 3595 4774 Atque

2007 4793 2108 4846 hoc
2134 4805 2215 4847 est
2243 4793 2382 4861 quod
2412 4793 2523 4846 ait:
2561 4794 2758 4847 Eorum
2785 4812 2901 4864 qum
2925 4796 3171 4849 dicuntur
3198 4796 3302 4850 alia
3328 4798 3392 4849 ad
3425 4802 3596 4853 unita-

2007 4892 2112 4939 tem
2138 4884 2410 4949 dicuntur,
2436 4883 2577 4937 sicut
2603 4886 2780 4938 omnia
2812 4885 3109 4950 individua,
3134 4895 3188 4938 ut
3210 4897 3293 4940 est
3320 4888 3595 4955 Socrates,

2006 4984 2060 5029 et
2091 4975 2192 5029 hoc
2230 4986 2283 5029 et
2328 4975 2475 5029 illud.
2511 4974 2629 5028 Alia
2661 4980 2777 5044 qme
2807 4976 2872 5029 ad
2920 4977 3347 5044 multitudinem,
3378 4990 3436 5033 ut
3470 4987 3595 5034 sunt

2005 5083 2202 5137 genera
2223 5108 2237 5133 ,
2267 5077 2323 5121 et
2353 5068 2582 5137 species,
2609 5077 2664 5122 et
2700 5068 3035 5137 differentite,
3074 5078 3129 5123 et
3156 5072 3391 5138 propria,
3417 5080 3471 5124 et
3500 5085 3594 5123 ae-

2006 5159 2262 5214 cidentia.
2298 5159 2426 5213 Haec
2458 5159 2601 5213 enim
2643 5160 3000 5213 communiter
3044 5176 3147 5213 non
3183 5160 3340 5214 unius
3368 5159 3595 5229 propriae

2004 5250 2376 5319 appellationis
2400 5258 2545 5327 sunt.
2575 5249 2759 5305 Simile
2785 5261 2866 5304 est
2891 5266 2952 5304 ac
2974 5249 3016 5304 si
3039 5250 3241 5305 diceret
3264 5268 3279 5304 :
3308 5251 3429 5303 llaec
3449 5248 3593 5302 enim

2008 5341 2368 5396 communiter
2398 5342 2463 5395 ad
2508 5341 2738 5409 plurima
2772 5342 3129 5409 praedicantur
3170 5359 3274 5395 non
3315 5341 3380 5394 ad
3421 5340 3598 5393 unita-

2012 5444 2116 5489 tem
2139 5477 2151 5499 ,
2183 5437 2323 5490 sicut
2352 5436 2646 5491 individua.
2673 5436 2729 5490 En
2762 5435 2888 5506 quid
2920 5437 3024 5489 sint
3055 5450 3250 5505 genera
3279 5433 3362 5487 vel
3392 5432 3598 5499 Species

2011 5529 2094 5583 vel
2138 5528 2453 5583 differentia:
2494 5529 2574 5583 vel
2608 5529 2816 5598 propria
2856 5528 2938 5581 vel
2970 5526 3262 5583 accidentia
3291 5523 3596 5593 exemplum

2011 5622 2457 5692 supponitdicens
2481 5639 2495 5676 :
2528 5624 2620 5676 Est
2645 5624 2791 5677 enim
2813 5636 3004 5691 genus,
3029 5630 3085 5674 ut
3107 5617 3195 5672 ani
3219 5616 3333 5681 iial;
3367 5617 3595 5685 specii-5,

2012 5725 2067 5769 ut
2115 5716 2296 5783 homo,
2335 5729 2493 5780 quam
2535 5713 2735 5768 dudum
2783 5712 3012 5767 hominis
3053 5706 3287 5779 speciem
3328 5724 3447 5762 cum
3478 5705 3598 5762 aliis
