4066 6328
516 336 574 390 δι
1788 329 2084 409 AN.nAm

2187 329 2603 386 sev.sosru
3697 336 3766 391 δὲ

517 450 873 505 animantibus
908 450 1013 505 sub
1056 448 1271 503 animali
1315 447 1606 515 posuimus.
1651 446 1983 511 Dill‘erentia,
2033 456 2088 499 ut
2114 448 2162 505 Α
2186 459 2360 515 genus
2389 454 2491 510 cut,
2525 444 2575 497 id
2606 454 2685 497 est
2713 442 2810 497 sub
2839 459 2937 513 qua
2969 445 3175 512 species
3206 445 3361 501 nullm
3389 457 3529 502 sunt.
3564 448 3692 502 Nam
3721 451 3766 503 si

517 542 776 597 rationale
802 557 902 611 qua
934 542 1159 609 species,
1187 539 1388 593 scilicet
1420 538 1650 592 hominis
1682 537 1749 591 ab
1793 537 2085 592 irrationali

516 632 677 685 distat
706 631 941 686 animali.
986 631 1295 699 Pr«-prium,
1340 638 1397 683 ut
1437 628 1660 689 risibile,
1704 628 1842 697 quod
1888 629 2089 681 nu‘lum

518 721 663 775 aliud
691 722 920 785 animal,
953 735 1123 789 neque
1155 720 1436 784 rationale,
1471 733 1641 787 neque
1669 719 1970 772 irrationale
1996 717 2092 770 ba-

518 811 619 864 bet.
676 810 883 865 Nullum
929 806 1069 864 enim
1125 811 1319 864 animal
1372 810 1529 876 ridet,
1577 809 1673 861 nisi
1721 809 1865 862 solus
1908 807 2088 862 homo.

517 903 693 967 Quare
720 917 838 955 cum
871 901 1112 970 quietiam
1154 900 1447 956 caelestium
1496 909 1811 968 potestatum
1844 898 2089 951 animalia

518 992 1007 1058 rationabiliasint,
1035 1006 1219 1046 eorum
1252 1001 1425 1046 tamen
1456 1006 1726 1059 proprium
1758 988 1957 1043 risibile
1985 1004 2090 1044 non

517 1092 616 1147 est,
649 1082 895 1151 quoniam
933 1097 1037 1135 non
1069 1083 1260 1136 rident.
1304 1082 1465 1136 Recte
1508 1082 1661 1150 igitur
1691 1079 1896 1132 risiblle
1918 1078 2090 1139 solius

518 1174 748 1227 hominis
794 1174 1061 1243 proprium
1103 1173 1437 1243 prmdicatur.
1466 1172 1748 1239 Accidens,
1778 1172 1976 1235 album,
2007 1172 2091 1223 ni-

516 1276 666 1331 grum
696 1272 747 1316 et
774 1262 983 1326 sedere,
1005 1262 1255 1331 quoniam
1282 1262 1336 1315 in
1365 1261 1657 1315 substantia
1683 1259 1955 1314 hmninum
1982 1274 2089 1312 non

516 1363 660 1419 sunt,
692 1355 881 1430 merita
907 1354 1197 1408 accidentia
1227 1354 1581 1407 nominantur.
1612 1351 1741 1405 Nam
1773 1353 1815 1406 si
1848 1352 2094 1405 substin-

446 1436 453 1443 ’
520 1442 603 1496 tize
633 1443 994 1513 enjuscunque
1021 1443 1219 1513 speciei
1260 1445 1560 1508 interesset,
1596 1443 1645 1497 id
1674 1442 1814 1512 quod
1843 1442 2091 1496 accidens

517 1532 761 1596 dicimus,
796 1533 1111 1602 interempto
1137 1533 1394 1587 accidenti
1420 1533 1615 1602 periret
1640 1532 1800 1589 etiam
1830 1534 1944 1600 ejus
1970 1547 2091 1601 Spe.-

517 1622 613 1677 ciei
641 1622 931 1677 substantia
960 1623 1045 1678 cui
1072 1623 1287 1678 accidit.
1319 1623 1448 1677 Nam
1479 1624 1725 1691 quoniam
1758 1622 2014 1677 rationale
2037 1625 2093 1676 in

518 1707 748 1764 hominis
773 1712 1062 1766 substantia
1103 1722 1204 1778 est,
1236 1698 1280 1767 si
1325 1711 1707 1767 rationabilitas
1740 1713 2088 1778 inti-rimatur,

2194 538 2293 589 sub
2314 551 2373 589 ea
2399 537 2607 605 species
2629 546 2830 598 essent,
2864 538 2972 607 ipsa
3021 541 3179 592 etiam
3207 555 3373 609 genus
3416 557 3535 597 esse
3566 555 3764 612 posset.

2191 626 2410 694 Species
2452 640 2580 695 ergo
2601 641 2718 693 qua:
2750 642 2876 679 vere
2901 628 3106 694 species
3134 640 3233 695 est,
3262 631 3392 686 alias
3421 631 3521 686 sub
3540 647 3598 686 se
3643 647 3767 702 spe-

2189 718 2300 771 cies
2323 733 2425 770 non
2459 717 2702 781 habebit,
2732 727 2787 771 ut
2816 730 2895 772 est
2921 719 3099 774 homo.
3134 721 3373 792 Namque
3423 723 3603 789 homo,
3635 738 3767 791 quo-

2193 811 2334 864 niam
2359 812 2567 878 species
2602 820 2704 877 est,
2737 812 2929 881 singuli
2955 812 3196 868 homines
3216 816 3303 883 qui
3335 815 3433 869 sub
3464 816 3577 884 ipso
3619 824 3762 884 sunt,

2191 920 2296 958 non
2326 904 2443 973 ejus
2469 905 2693 973 species,
2721 904 2813 959 sed
2846 904 3114 959 indLvidua
3167 907 3528 962 nominantur.
3566 906 3696 961 Nam
3716 906 3765 962 si

2192 996 2351 1049 homo
2389 1011 2557 1065 genus
2585 1006 2729 1052 esset
2758 998 3028 1051 hominum
3083 998 3434 1068 singulorum,
3468 1014 3635 1069 genus
3671 1015 3766 1052 au-

2191 1094 2318 1152 tem,
2343 1087 2478 1140 sicut
2500 1087 2700 1141 dictum
2751 1098 2852 1154 est,
2880 1089 2943 1141 ad
2975 1089 3228 1157 plurimas
3260 1106 3344 1145 res
3390 1091 3569 1160 specie
3610 1089 3766 1144 dill'e-

2191 1188 2371 1233 rentes
2398 1180 2449 1233 in
2480 1196 2545 1233 eo
2574 1178 2715 1249 quod
2759 1179 2886 1249 quid
2932 1182 3002 1234 sit
3040 1182 3369 1251 appellatur:
3397 1182 3576 1247 homo,
3604 1181 3654 1235 id
3684 1189 3768 1237 est

2190 1274 2417 1339 Species,
2436 1273 2480 1327 si
2496 1283 2548 1325 ut
2569 1287 2738 1341 genus
2758 1274 3135 1340 praedicaretur
3155 1273 3221 1326 ad
3240 1274 3479 1343 singulos
3497 1272 3766 1337 homines,
3854 1296 3857 1297 ν

2190 1362 2379 1431 singuli
2402 1362 2657 1433 homines
2686 1365 2869 1432 specie
2916 1364 3030 1431 ipsa
3085 1363 3382 1429 ditl'errent.
3432 1363 3534 1417 Sed
3577 1363 3767 1432 singuli

2194 1432 2437 1505 homines
2457 1452 2635 1518 specie
2652 1467 2755 1505 non
2785 1450 3053 1517 differunt,
3087 1453 3224 1521 quod
3266 1462 3440 1507 autem
3470 1451 3647 1520 specie
3663 1466 3770 1504 non

2194 1540 2386 1607 ilill‘ert,
2434 1542 2477 1595 si
2510 1542 2634 1611 quid
2662 1542 2728 1595 ad
2760 1543 2861 1595 hoc
2905 1543 3244 1611 pradicatnm
3278 1542 3433 1597 luerit
3454 1584 3468 1608 ,
3498 1558 3601 1597 non
3635 1558 3765 1610 prse-

2191 1630 2399 1685 dicatur
2430 1640 2486 1685 ut
2507 1647 2675 1702 genus
2702 1632 2767 1686 ad
2794 1634 3018 1702 species,
3046 1634 3094 1686 id
3125 1632 3207 1687 est
3231 1634 3390 1686 homo
3436 1647 3539 1703 non
3579 1630 3766 1700 praedi-

2193 1730 2344 1774 catur
2364 1721 2427 1775 ad
2459 1723 2698 1791 singulos
2749 1722 2997 1777 homines
3021 1732 3077 1775 ut
3107 1738 3271 1792 genus
3306 1722 3370 1776 ad
3398 1738 3484 1777 res
3514 1723 3769 1791 plurimas

518 1801 747 1855 hominis
790 1819 1000 1879 quoque
1045 1804 1338 1858 substant’a
1381 1804 1682 1858 necessaiio
1724 1804 1953 1871 peritura
1990 1813 2088 1856 est.
2123 1809 2168 1868 Β
2196 1810 2375 1877 specie
2395 1809 2724 1875 diﬂerentes,
2755 1812 2846 1865 sed
2868 1813 2931 1865 ad
2965 1827 3050 1865 res
3079 1812 3335 1879 plurimas
3365 1827 3588 1865 numero
3618 1809 3767 1864 dilic-

518 1890 739 1958 ldcirCo,
771 1897 1018 1963 quoniam
1051 1895 1100 1948 in
1132 1894 1297 1963 ipsius
1333 1894 1525 1964 speciei
1556 1893 1851 1949 substan'ia
1879 1904 2093 1946 natura-

515 1998 619 2052 q':e
641 1994 900 2037 versatur.
933 1986 1000 2039 At
1029 2001 1155 2040 vero
1178 1986 1354 2038 album
1386 1995 1437 2039 et
1465 1985 1697 2053 nigrum,
1728 1984 1809 2038 vel
1835 1999 2088 2053 qucecun-

512 2090 615 2142 que
650 2084 771 2128 sunt
803 2076 1094 2131 accidentia
1125 2077 1168 2130 si
1196 2076 1494 2141 interimas,
1532 2060 1737 2144 Species
1768 2076 1878 2144 ipsa
1909 2075 1958 2127 in
1988 2089 2089 2143 qua

513 2162 598 2217 illa
629 2165 958 2232 accidebant,
985 2175 1178 2221 manet.
1205 2166 1335 2221 Nam
1371 2182 1538 2236 neque
1570 2165 1932 2221 omnishomo
1960 2182 2087 2219 can-

516 2254 689 2313 ilidns.
726 2272 896 2325 neque
923 2260 1095 2312 omnis
1126 2259 1274 2328 niger
1300 2270 1401 2322 est,
1433 2269 1484 2312 et
1514 2260 1595 2313 cui
1627 2261 1880 2314 alterutra
1908 2260 2087 2315 defue-

511 2343 614 2399 rint
637 2345 751 2414 cjtts
774 2349 979 2411 species
1010 2364 1112 2403 non
1142 2349 1349 2418 peribit.
1376 2349 1549 2419 Atque
1579 2351 1777 2406 idcirco
1805 2352 1916 2405 lucc
1944 2352 2087 2405 acci-

510 2437 711 2505 dentia,
749 2441 911 2495 veluti
950 2456 1054 2495 non
1091 2441 1270 2495 innata
1307 2442 1359 2495 in
1395 2444 1711 2507 substantia,
1752 2444 1845 2497 sed
1889 2459 1916 2495 a
1961 2444 2087 2497 luris

511 2531 773 2585 venientia
806 2540 949 2587 recte
988 2534 1254 2587 nominata
1299 2544 1441 2597 sunt.
1484 2534 1631 2588 Nunc
1656 2549 1804 2604 ergo,
1837 2533 2084 2602 quoniam

509 2621 631 2690 quid
663 2624 731 2675 sit
756 2638 922 2692 genus
953 2624 1271 2691 ostenditur,
1297 2638 1349 2680 et
1380 2641 1442 2679 ea
1477 2642 1595 2695 quae
1627 2626 1690 2678 ad
1720 2628 1974 2680 unitatem
2006 2626 2087 2681 di-

508 2724 717 2779 cuntur,
753 2715 818 2768 ab
849 2716 911 2770 iis
935 2732 1053 2785 qua:
1083 2716 1150 2770 de
1183 2717 1424 2785 pluritnis
1464 2717 1820 2786 praedicantur
1850 2717 2086 2772 distinxit

507 2812 665 2873 atque
696 2805 981 2871 distribuit,
1013 2808 1176 2875 ipsius
1200 2811 1413 2877 generis
1436 2808 1779 2872 dill'erentias,
1806 2810 1883 2864 vel
1912 2811 1979 2863 ab
2004 2810 2086 2864 his

507 2909 622 2963 qua:
650 2895 713 2949 ad
748 2896 1000 2949 unitatem
1027 2898 1294 2961 dicantur,
1327 2898 1408 2951 vel
1439 2898 1505 2953 ab
1534 2900 1613 2952 eis
1639 2914 1755 2969 quas
1799 2901 1864 2952 ad
1911 2901 2089 2969 plura-

506 2985 709 3041 litateni
737 2999 1055 3058 congruunt,
1092 2990 1140 3044 id
1168 3000 1250 3045 est
1275 2990 1592 3056 dili'erentia,
1620 2994 1819 3060 specie,
1846 2995 2081 3060 prolirio,

504 3077 873 3148 acc’dentique
914 3080 1166 3144 declarat,
1199 3090 1251 3134 et
1282 3080 1409 3134 dicit
1436 3096 1604 3149 genus
1634 3082 1703 3135 ab
1744 3081 1844 3135 illis
1873 3097 1990 3150 qua:
2019 3082 2083 3135 ad

2196 1909 2371 1953 rentes
2406 1918 2418 1953 :
2461 1901 2650 1969 singuli
2690 1900 2828 1954 enim
2862 1900 3105 1955 homines
3146 1916 3370 1955 numero
3402 1917 3431 1954 a
3463 1915 3536 1955 .se
3566 1910 3765 1954 tantum

2194 2007 2298 2044 non
2329 1992 2510 2060 specie
2542 1992 2756 2044 distant.
2790 1993 2964 2061 Atque
3010 1991 3151 2058 ideo,
3186 1990 3437 2060 quoniam
3484 2006 3652 2061 genus
3690 1992 3767 2045 sic

2191 2081 2256 2133 ad
2294 2082 2527 2148 subjecta
2572 2082 2910 2150 praedicatur,
2941 2091 2999 2137 ut.
3052 2083 3117 2136 ad
3168 2083 3424 2151 plurimas
3478 2097 3565 2136 res
3592 2084 3769 2150 specie

2190 2170 2496 2225 ditl‘erentes
2541 2172 2899 2237 praedicetur;
2934 2173 3140 2241 species
3184 2186 3361 2226 autem
3409 2172 3472 2226 ad
3525 2173 3765 2240 subjecta

2191 2259 2258 2311 ita
2294 2261 2627 2329 praedicatur,
2660 2272 2715 2313 ut
2749 2261 2814 2314 ad
2850 2262 3101 2331 plurimas
3132 2277 3220 2318 res
3250 2278 3475 2316 numero
3520 2262 3768 2317 dill'ereno

2192 2358 2270 2401 tes
2302 2349 2638 2416 praedicetur.
2665 2349 2980 2421 Congruunt
3024 2351 3181 2421 igitur
3222 2352 3322 2406 sibi
3372 2367 3541 2422 genus
3565 2360 3620 2406 et
3643 2366 3767 2421 spe-

2188 2436 2315 2503 cies,
2348 2440 2485 2507 quod
2507 2455 2672 2507 genus
2694 2450 2747 2495 et
2795 2444 3002 2510 species
3032 2441 3096 2495 ad
3131 2443 3354 2510 plurima
3387 2441 3765 2512 przedicantur,

2188 2537 2240 2579 et
2273 2525 2493 2596 utraque
2516 2529 2567 2583 in
2586 2545 2649 2583 eo
2670 2530 2808 2599 quod
2831 2530 2954 2599 quid
2984 2532 3073 2585 sit.
3104 2531 3233 2586 Nam
3260 2534 3305 2586 si
3334 2535 3626 2603 interroges
3642 2534 3767 2602 quid

2187 2632 2268 2675 est
2297 2621 2476 2687 homo,
2504 2623 2697 2676 animal
2747 2624 2959 2687 dicitur,
2992 2624 3041 2678 id
3072 2635 3149 2678 est
3178 2641 3368 2696 genus.
3401 2626 3463 2679 Et
3510 2627 3552 2679 si
3602 2626 3766 2679 inter-

2189 2724 2344 2779 roges
2369 2711 2499 2781 quid
2530 2712 2853 2780 est.Cicero,
2884 2713 3042 2768 homo
3073 2714 3287 2778 dicitur,
3321 2714 3370 2766 id
3420 2721 3502 2767 est
3539 2715 3766 2781 species.

2190 2800 2400 2855 Distant
2446 2813 2650 2871 autem,
2692 2804 2832 2872 quod
2867 2805 3110 2879 quamvis
3156 2817 3377 2872 utraque
3424 2804 3488 2856 ad
3544 2804 3767 2871 plurima

2192 2892 2565 2960 prmdieentur,
2594 2903 2647 2948 et
2677 2896 2727 2947 in
2756 2910 2821 2947 eo
2846 2897 2983 2962 quod
3002 2895 3124 2963 quid
3148 2895 3217 2947 sit
3243 2909 3411 2964 genus
3433 2904 3606 2948 tamen
3633 2911 3761 2964 pne-

2189 2986 2395 3039 dicatur
2416 2986 2482 3040 ad
2510 3003 2594 3041 res
2616 2987 2790 3055 specie
2818 2988 3156 3051 dill'erentes,
3188 2988 3393 3057 species
3422 3003 3549 3042 vero
3571 2989 3765 3043 dicitur

2188 3074 2253 3129 ad
2277 3092 2361 3129 res
2392 3085 2594 3131 tantum
2630 3092 2853 3131 numero
2884 3078 3210 3143 dill‘erentes,
3238 3079 3377 3147 quod
3435 3079 3766 3151 Porphyrius

472 3168 614 3221 ‘sola
642 3168 912 3225 individua
943 3170 1321 3239 praedicantur,
1360 3171 1409 3225 id
1442 3181 1523 3225 est
1560 3185 1677 3240 qua:
1705 3172 1768 3224 ad
1803 3172 2081 3242 unitatem,
2115 3160 2159 3220 C
2191 3166 2268 3219 sic
2290 3165 2621 3219 demonstrat
2652 3183 2664 3218 :

506 3258 607 3314 hoc
638 3260 873 3329 dill'erre,
904 3263 1042 3332 quod
1071 3278 1239 3332 genus
1266 3262 1332 3316 ad
1374 3262 1594 3331 plurima
1637 3263 1973 3331 praedicetur,
2006 3264 2084 3317 in-

410 3368 415 3373 ‘
505 3348 711 3404 dividua
736 3367 863 3405 vero
889 3353 952 3405 ad
982 3352 1207 3421 singula.
1226 3352 1350 3416 Sed,
1377 3354 1628 3422 quoniam
1649 3354 1762 3407 haec
1787 3354 2084 3409 differentia

504 3440 715 3508 generis
742 3441 805 3493 ad
834 3439 1107 3494 individua
1137 3441 1437 3494 communis
1465 3453 1578 3494 erat
1601 3441 1935 3502 diﬂ‘erentiis,
1964 3457 2085 3510 Spe-

505 3531 810 3601 ciebusque,
836 3531 1065 3601 propriis
1090 3541 1141 3586 et
1167 3532 1558 3596 accidentibus,
1584 3533 1651 3588 ab
1683 3531 1783 3588 illis
1810 3536 1937 3602 ipsis
1966 3536 2082 3588 aliis

505 3619 817 3675 dill‘erentiis
865 3637 1031 3693 genus
1077 3622 1265 3676 dividit
1302 3633 1457 3694 atque
1506 3623 1774 3694 disjungit.
1817 3625 1967 3693 Quod
2015 3628 2082 3680 ita

506 3712 852 3766 demonstrat.
884 3713 966 3766 Ab
996 3714 1077 3768 his
1119 3714 1275 3781 igitur
1304 3719 1422 3783 quin
1450 3716 1515 3768 ad
1546 3716 1798 3770 unitatem
1835 3718 2085 3772 dicuntur

505 3805 677 3859 differt
711 3820 901 3873 genus,
942 3805 1081 3875 quod
1117 3822 1286 3876 genus
1327 3816 1409 3863 est
1449 3807 1549 3861 hoc
1577 3810 1715 3877 quod
1741 3810 1806 3863 de
1843 3811 2083 3879 pluribus

452 3936 453 3941 η
505 3894 846 3964 prmdicatnr.

580 3984 648 4036 Ab
687 3986 763 4038 his
793 4002 910 4055 ergo
950 3987 1156 4055 reliquis
1187 4005 1341 4059 genus
1380 3988 1570 4055 (ii/fert.
1614 3987 1785 4041 Primo
1825 4005 1857 4041 a
1898 3990 2079 4057 specie,

506 4079 744 4145 quoniam
771 4081 980 4149 species,
1034 4082 1123 4133 etsi
1156 4082 1218 4133 de
1254 4082 1515 4150 pluribus,
1550 4097 1650 4133 non
1708 4092 1873 4133 tamen
1916 4082 2081 4151 specie

506 4166 870 4234 ili/ferentibus,
900 4171 990 4222 sed
1018 4184 1226 4223 numero
1256 4171 1581 4240 prcedicatur.

576 4262 650 4313 Ac
674 4264 898 4327 primum
922 4263 1131 4331 generis
1154 4262 1458 4328 specieiquc
1476 4262 1777 4315 distantiam
1794 4270 2077 4327 monstrat,

505 4363 619 4416 qua:
652 4350 796 4417 prior
817 4376 825 4395 ι
847 4361 897 4403 st
934 4366 962 4403 a
993 4366 1204 4420 genere.
1227 4350 1355 4403 Nam
1386 4353 1625 4418 quamvis
1664 4351 1958 4405 dill‘erentia
1986 4367 2075 4405 su-

507 4456 596 4506 pra
626 4442 859 4510 speciem
888 4445 975 4506 sit,
1001 4458 1103 4496 non
1135 4457 1298 4510 super
1326 4443 1681 4496 subalternain
1731 4453 1929 4511 tamen,
1981 4443 2074 4498 sed

2258 3257 2333 3310 Ab
2356 3258 2432 3309 liis
2465 3273 2582 3309 vero
2621 3258 2832 3326 reliquis
2873 3274 2983 3326 quce
3024 3258 3085 3311 de
3137 3260 3367 3327 pluribus
3417 3261 3761 3332 appellantur,

2186 3364 2344 3418 genus
2361 3346 2553 3415 cli/fert,
2570 3349 2733 3417 primo
2765 3365 2796 3400 a
2818 3352 3004 3419 specie.
3041 3348 3293 3415 Quoniam
3322 3352 3527 3421 species,
3561 3361 3607 3404 et
3634 3353 3678 3404 si
3702 3352 3764 3405 de

2187 3440 2419 3510 pluribus
2469 3440 2829 3507 prwdicentur,
2858 3456 2957 3493 non
2991 3452 3157 3495 tamen
3199 3443 3364 3510 specie
3393 3437 3763 3510 differentibus,

2186 3533 2272 3586 sed
2303 3548 2510 3585 numero
2537 3548 2555 3585 :
2587 3534 2738 3587 homo
2768 3535 2902 3588 enim
2946 3536 3135 3605 species
3169 3552 3283 3589 cum
3326 3538 3408 3601 sit,
3435 3538 3498 3590 de
3528 3536 3762 3609 Socrate,

2189 3621 2411 3675 Platone
2451 3632 2497 3676 et
2526 3621 2768 3678 Cicerone
2807 3626 3136 3693 praedicatur,
3178 3627 3263 3695 qui
3304 3644 3403 3680 non
3449 3630 3643 3696 specie,
3676 3629 3764 3683 sed

2188 3728 2403 3783 numero
2427 3711 2693 3778 diﬂ‘erunt.
2726 3715 2931 3767 Animal
2957 3732 3070 3768 vero
3100 3717 3234 3785 quod
3255 3733 3412 3787 genus
3429 3728 3524 3782 est,
3556 3729 3601 3771 et
3627 3719 3763 3771 bovis

2184 3811 2232 3855 et
2261 3803 2373 3870 equi
2398 3802 2691 3871 praedicatio
2726 3813 2818 3870 est,
2861 3821 2974 3873 qua:
3023 3805 3267 3871 (li/ferunt
3306 3809 3472 3875 specie
3493 3826 3524 3861 α
3555 3825 3606 3862 se
3640 3809 3763 3862 invi-

2184 3907 2310 3952 cem,
2336 3906 2433 3944 non
2467 3907 2674 3944 numero
2699 3895 2829 3947 solo.

2256 3981 2404 4047 Quod
2424 3980 2597 4035 simile
2625 3990 2709 4035 est
2736 3996 2798 4036 ac
2829 3983 2871 4035 si
2895 3982 3118 4049 diceret,
3153 3998 3315 4049 genus
3346 3998 3375 4038 a
3405 3985 3581 4053 specie
3604 4001 3763 4040 unam

2182 4068 2537 4124 dzllcrcntiam
2571 4072 2693 4140 plus
2722 4073 2938 4127 habere.
2975 4074 3283 4143 Congrunut
3316 4091 3541 4144 namque
3563 4091 3759 4145 genera

2183 4161 2485 4230 speciebus,
2521 4163 2660 4229 quod
2689 4172 2912 4234 utraque
2940 4165 2990 4218 in
3022 4179 3088 4219 eo
3117 4166 3256 4233 quod
3286 4166 3410 4236 quid
3457 4169 3527 4221 sit
3567 4168 3763 4236 prardi.

2182 4260 2389 4317 cantur,
2422 4264 2478 4305 ut
2509 4252 2709 4306 dictum
2736 4263 2838 4307 est.
2865 4253 3179 4323 Congruunt
3207 4257 3330 4309 item
3362 4270 3531 4325 genus
3559 4266 3613 4311 et
3638 4268 3762 4325 spe-

2182 4346 2291 4397 cies
2318 4345 2459 4413 quod
2480 4356 2703 4413 utraque
2729 4345 2791 4400 ad
2828 4361 2913 4401 res
2937 4348 3193 4414 plurimas
3224 4348 3599 4415 praedicantur.
3624 4350 3763 4406 Con-

2182 4437 2325 4503 gruit
2363 4438 2487 4490 item
2537 4451 2707 4504 genus
2753 4446 2807 4515 et
2858 4442 3085 4506 species,
3125 4440 3268 4509 quod
3312 4449 3537 4510 utraque
3572 4442 3637 4496 ad
3677 4458 3763 4498 res

506 4547 667 4599 super
721 4538 950 4601 speciem
997 4534 1437 4603 specialissimam
1497 4532 1796 4589 dill'erentia
1848 4535 2077 4603 punitur.
2109 4526 2163 4585 D
2189 4548 2412 4587 numero
2435 4532 2743 4587 diﬂ‘erentes
2772 4533 3147 4602 praedicantur.
3177 4534 3305 4589 Nam
3339 4545 3392 4591 et
3430 4536 3621 4607 singuli
3669 4538 3765 4591 ho-

503 4623 631 4675 Nam
681 4625 923 4691 quamvis
953 4625 1230 4679 rationalis
1255 4624 1548 4679 dill‘erentia
1593 4642 1751 4695 super
1806 4625 2076 4682 hominem

482 4723 747 4781 ponatur,
772 4729 889 4783 qua:
939 4715 1145 4783 species
1174 4716 1554 4785 specialissima
1610 4728 1711 4782 est,
1748 4727 1922 4772 tamen
1955 4730 2079 4775 ante

503 4805 732 4871 speciem
776 4805 1213 4873 specialissimam
1268 4807 1379 4875 ipsa
1418 4808 1712 4862 ditl‘erentia
1763 4810 1969 4878 species
1999 4820 2080 4865 est

502 4895 617 4964 ejus
660 4898 901 4967 generis,
935 4898 1017 4951 cui
1058 4897 1263 4967 species
1313 4900 1693 4975 specialissima
1743 4904 2075 4971 supponitur.

504 4984 631 5038 Nam
659 4986 759 5040 sub
794 4988 1011 5041 animali
1057 4998 1180 5043 ante
1211 4976 1477 5045 hominem
1527 4992 1787 5045 rationale
1844 4994 2077 5059 ponitur.

501 5077 664 5146 Igitur
682 5091 803 5130 cum
843 5090 1009 5147 genus
1037 5090 1088 5133 et
1118 5080 1330 5148 species
1359 5090 1583 5150 utraque
1613 5082 1675 5134 ad
1693 5083 1916 5150 plurima
1945 5098 2082 5151 pra:-

501 5169 766 5235 dici-ntur,
794 5185 960 5239 genus
991 5187 1120 5225 vero
1150 5173 1214 5224 ad
1240 5173 1495 5240 plurimas
1525 5174 1733 5241 species
1763 5175 1812 5226 in
1843 5189 1907 5227 eo
1938 5175 2076 5244 quod

499 5261 625 5329 quid
676 5263 744 5316 sit
783 5265 1129 5332 przcdicatur,
1164 5268 1370 5335 species
1410 5282 1513 5320 non
1550 5268 1656 5335 jam
1711 5266 1776 5320 ad
1824 5267 2079 5335 plurimas

498 5352 727 5419 species,
762 5354 857 5408 sed
890 5357 953 5409 ad
985 5357 1208 5426 plurima
1242 5357 1511 5411 individua
1562 5356 1897 5425 prmdieatur.
1947 5357 2079 5410 Sunt

498 5451 675 5498 autem
706 5445 947 5513 qumdam
978 5463 1173 5517 genera
1215 5449 1614 5519 generalissima
1646 5449 1725 5513 (ut
1750 5446 1949 5501 dictum
1972 5446 2079 5517 est)

499 5548 657 5603 supra
682 5552 799 5605 qure
835 5538 977 5591 aliud
1004 5556 1168 5608 genus
1192 5539 1417 5593 inveniri
1463 5554 1568 5591 non
1603 5538 1783 5605 possit.
1816 5537 1950 5593 Sunt
1988 5553 2082 5591 au-

426 5644 435 5649 '
501 5635 605 5678 tcm
636 5628 840 5695 species
868 5628 967 5683 sub
995 5630 1186 5699 quibus
1216 5630 1331 5683 aliis
1353 5630 1558 5696 species
1581 5626 1805 5681 inveniri
1831 5642 1935 5681 non
1959 5641 2082 5695 pos-

500 5714 635 5782 sint,
661 5720 930 5786 etintcgra
957 5721 1164 5786 species
1196 5720 1283 5772 illa
1317 5720 1640 5783 nominatur,
1666 5734 1782 5789 quae
1816 5734 2079 5788 nunquam

2185 4629 2356 4680 m'nes
2383 4627 2452 4679 ita
2477 4640 2506 4678 a
2537 4641 2595 4679 se
2619 4626 2771 4679 divisi
2804 4636 2945 4692 sunt,
2981 4637 3233 4697 quantum
3263 4630 3330 4684 ad
3372 4645 3671 4695 numerum,
3705 4640 3763 4684 ut

2188 4721 2347 4771 homo
2388 4717 2456 4771 ab
2485 4732 2621 4785 equo
2661 4718 2744 4772 vel
2791 4718 2948 4785 bove,
2978 4720 3113 4773 vela
3166 4735 3346 4785 cervo,
3376 4721 3461 4775 vel
3491 4736 3518 4773 a
3545 4720 3763 4789 quibus-

2186 4807 2313 4861 libet
2343 4807 2461 4861 aliis
2493 4808 2875 4862 animantibus.
2900 4809 2971 4863 At
2995 4823 3124 4863 vero
3146 4809 3346 4863 distata
3364 4810 3540 4877 specie
3568 4824 3760 4879 genus,

2183 4897 2322 4965 quod
2357 4910 2525 4967 genus
2580 4896 2646 4951 de
2687 4896 2922 4965 pluribus
2973 4899 3132 4952 rebus
3172 4899 3350 4966 specie
3392 4897 3762 4952 ditl‘erentibus

2184 4988 2521 5054 praedicatur,
2556 4987 2697 5055 quod
2741 4988 2949 5057 species
2977 5004 3082 5042 non
3127 4990 3341 5043 habent.
3386 4990 3528 5043 Nihil
3582 4999 3760 5044 autem

2185 5077 2399 5132 dill'erre
2428 5077 2679 5143 arbitror,
2703 5088 2875 5132 utrum
2902 5083 2969 5132 ita
2994 5080 3195 5134 dicatur
3220 5081 3375 5133 aliam
3390 5096 3501 5134 rem
3520 5079 3584 5132 ad
3600 5080 3757 5134 aliam

2184 5169 2486 5237 praedicari,
2525 5181 2590 5221 an
2618 5167 2773 5221 aliam
2808 5183 2918 5222 rem
2958 5168 3025 5223 de
3052 5170 3153 5223 alia
3195 5170 3489 5239 przedicari.
3527 5169 3762 5239 Uterque

2183 5260 2324 5313 enim
2355 5258 2496 5312 idem
2529 5259 2830 5312 intellectus
2852 5269 2953 5312 est.
2981 5258 3112 5314 Nam
3142 5263 3185 5314 si
3215 5261 3410 5314 animal
3441 5261 3761 5329 praedicatur

2184 5348 2249 5403 ad
2280 5348 2572 5414 hominem,
2604 5348 2743 5403 idem
2786 5349 2943 5402 etiam
2974 5351 3169 5404 animal
3217 5351 3283 5405 de
3324 5351 3539 5404 homine
3570 5350 3761 5418 pradi-

2185 5451 2355 5495 catur.
2387 5438 2519 5492 Nam
2550 5452 2670 5492 eum
2703 5439 3114 5509 interrogaveris
3135 5440 3259 5509 quid
3298 5448 3380 5492 est
3426 5437 3607 5501 homo,
3642 5428 3786 5502 res-i

2186 5530 2387 5601 pendes
2416 5529 2483 5583 de
2512 5529 2740 5584 hominis
2769 5530 3187 5600 interrogatione
3218 5529 3485 5582 hominem
3510 5541 3629 5581 esse
3645 5528 3761 5581 ani-

2160 5614 2163 5617 ⁷
2186 5624 2311 5678 mal.
2343 5623 2447 5678 Sed
2465 5637 2606 5677 nunc
2631 5631 2842 5691 oportet
2868 5638 2965 5679 nos
2980 5638 3040 5680 ea
3054 5638 3170 5693 qua?
3190 5627 3485 5689 sequuntur
3496 5619 3759 5688 aspicere.

2186 5716 2321 5785 Quid
2354 5731 2481 5786 ergo
2508 5715 2777 5784 sequitur?
