4106 6336
358 331 427 389 ss
1032 304 1040 311 “
1504 327 1568 384 IN
1610 323 1952 384 PORPllYRl

2094 323 2435 385 DIALOGL‘S
2474 329 2514 384 1.
3312 336 3325 345 “
3552 343 3623 398 ει

434 451 475 502 Α
507 446 719 518 proprio
746 452 918 498 autem
940 457 1095 513 genus
1117 440 1307 509 diﬂ'ert,
1336 442 1470 511 quod
1502 444 1767 513 proprium
1788 454 1945 512 juxta
1971 446 2024 502 Λ
2048 443 2320 510 accidens,
2353 444 2736 502 accidentalem
2784 449 3094 519 qualitatem
3145 470 3249 511 non
3286 460 3619 519 substantiae.

359 555 612 611 quamque
626 538 844 607 speciem
868 534 1134 602 proprium
1162 534 1449 605 appellatur
1463 535 1545 587 cui
1569 535 1832 604 preprium
1854 544 1945 600 est,

359 644 407 686 et
422 635 579 701 juxta
598 648 656 684 ea
668 628 883 699 quasub
908 628 1072 697 specie
1099 635 1239 693 sunt,
1260 628 1450 685 scilicet
1470 628 1755 682 individua.
1776 628 1945 686 Nam-

364 739 455 789 aue
480 721 673 775 risibile
702 720 923 773 hominis
944 717 1110 773 solum
1135 728 1227 785 est,
1245 728 1289 772 et
1315 719 1635 789 singulorum
1664 720 1835 789 utique
1859 719 1951 774 Ito-

363 814 575 865 minum.
606 809 648 864 6
654 827 775 865 enus
792 818 963 862 autem
992 823 1094 861 non
1118 809 1185 862 ad
1205 824 1359 862 unam
1380 808 1726 876 speciem,sed
1745 810 1813 863 ad
1836 808 1950 878 pluo

364 918 445 956 res
475 918 554 954 res
579 901 743 970 specie
764 898 1056 964 di/Terentes
1080 913 1277 969 semper
1303 886 1553 966 aptaturf

438 994 577 1062 Ergo
605 993 704 1048 hoc
731 991 944 1046 videtur
966 990 1052 1046 hic
1079 990 1276 1055 dicere,
1307 991 1450 1060 quod
1479 1005 1639 1047 omne
1676 990 1946 1060 proprium

367 1086 411 1140 si
440 1078 814 1153 fuerit‘speciei
843 1084 999 1138 unius
1030 1091 1156 1137 tunc
1175 1097 1300 1137 vere
1320 1091 1405 1138 est
1433 1083 1728 1153 proprium.
1760 1082 1889 1137 Nam
1903 1081 1950 1137 si

367 1174 523 1228 unius
554 1174 752 1246 speciei
803 1188 908 1227 non
941 1174 1121 1238 fuerit,
1162 1172 1257 1227 sed
1301 1172 1525 1227 duarum
1576 1173 1659 1227 vel
1691 1173 1945 1242 plurium,

365 1272 491 1318 tunc
517 1262 721 1317 duobus
746 1262 827 1316 vel
864 1262 1104 1331 pluribus
1134 1277 1239 1316 non
1297 1263 1593 1333 proprium,
1621 1263 1715 1318 sed
1745 1263 1849 1319 erit
1892 1264 1948 1319 in

365 1355 682 1410 substantia:
709 1356 914 1411 ratione
929 1369 1232 1410 commune.
1256 1355 1484 1411 Constat
1522 1369 1652 1425 ergo
1674 1356 1945 1425 proprium

364 1447 413 1500 ei
436 1446 587 1514 cujus
606 1454 691 1500 est
711 1446 1013 1515 proprium,
1043 1445 1143 1500 soli
1180 1445 1379 1514 speciei
1404 1446 1746 1517 singulariter
1768 1447 1949 1501 adhae-

365 1549 508 1590 rere.
539 1536 688 1591 Unde
726 1537 981 1605 quoniam
1029 1536 1262 1591 hominis
1288 1538 1497 1607 Species
1541 1539 1652 1593 sola
1699 1548 1785 1595 est
1830 1554 1948 1609 qua:

364 1626 556 1690 rideat,
589 1626 795 1681 risibile
818 1626 1017 1681 homini
1038 1630 1248 1698 proprie
1268 1638 1324 1684 et
1351 1630 1695 1699 singulariter
1713 1640 1945 1700 aptatur.

365 1716 444 1769 Ad
477 1732 638 1769 unam
671 1730 884 1785 semper
911 1717 1312 1787 igiturspeciem
1328 1721 1627 1791 proprietas
1640 1722 1941 1776 adhibetur.

2053 534 2194 605 Ergo
2235 538 2483 606 quoniam
2531 554 2700 609 genus
2726 555 2884 611 supra
2928 547 3159 612 speciem
3190 561 3289 615 est,
3332 564 3384 607 et
3415 559 3621 625 species

2049 626 2325 693 supposita
2348 629 2549 695 generi,
2574 644 2741 699 genus
2763 634 3026 701 speciem,
3055 639 3263 706 species
3292 642 3618 702 individuum

2050 714 2174 780 quid
2196 716 2265 769 sit
2292 717 2544 771 ostendit.
2570 718 2740 774 Porro
2774 731 2950 778 autem
2990 727 3104 780 sola
3136 740 3363 798 possunt
3413 738 3621 803 Species

2050 806 2344 862 differentia
2376 811 2644 881 segregari
2672 830 2683 864 :
2716 814 3056 883 qualitatibus
3083 820 3224 875 enim
3259 825 3622 885 substantiali-

2049 895 2169 961 bus,
2226 896 2278 952 id
2304 907 2386 952 est
2429 900 2754 957 substantias
2795 904 3223 977 declarantibus,
3272 915 3622 986 sejunguntur

2049 997 2210 1059 atque
2231 990 2635 1061 dispertiuntur.
2653 994 2785 1049 Nam
2804 1010 2928 1051 eum
2951 1000 3145 1055 animal
3167 1019 3333 1072 genus
3355 1009 3445 1069 sit.
3463 1010 3622 1067 homo

2049 1094 2177 1134 vero
2202 1082 2283 1136 vel
2309 1097 2477 1152 equus
2523 1086 2751 1154 species,
2781 1089 2965 1157 quales
3016 1101 3253 1162 utraeque
3280 1102 3486 1167 species
3516 1105 3623 1159 sint

2049 1178 2311 1225 monstrat
2338 1171 2651 1229 differentia:
2691 1179 3010 1248 segregatio.
3044 1191 3101 1237 ut
3123 1184 3362 1244 dicamus
3391 1195 3621 1260 speciem

2048 1274 2169 1317 esse
2207 1262 2439 1317 hominis
2461 1266 2798 1336 rationalem,
2832 1272 3064 1339 speciem
3107 1291 3233 1332 vero
3257 1283 3376 1349 equi
3408 1284 3621 1342 irratio-

2049 1353 2245 1407 nalem.
2278 1347 2333 1408 Si
2362 1358 2481 1424 quis
2506 1350 2648 1412 enim
2693 1360 2986 1434 interroget
3020 1367 3145 1435 quid
3174 1381 3255 1424 est
3303 1347 3480 1441 homo,
3509 1382 3621 1433 ani-

2048 1445 2151 1499 mal
2184 1445 2393 1501 dicitur.
2425 1449 2517 1505 Sin
2567 1462 2745 1507 autem
2794 1456 2915 1525 quis
2958 1458 3099 1514 dicat
3135 1464 3306 1529 qualis
3331 1475 3412 1522 est
3441 1468 3619 1538 homo,

2050 1536 2327 1592 rationalis
2351 1540 2727 1624 respondetur.
2764 1546 2834 1600 ita
2862 1561 3076 1618 semper
3096 1551 3397 1610 differentia
3441 1576 3545 1616 non
3569 1536 3621 1618 in

2035 1639 2115 1719 eo
2138 1627 2279 1696 quod
2311 1629 2436 1698 quid
2465 1632 2552 1697 sit,
2584 1634 2676 1688 sed
2704 1635 2758 1689 in
2784 1651 2852 1690 eo
2880 1640 3016 1708 quod
3044 1644 3197 1710 quale
3212 1646 3283 1700 sit
3304 1651 3621 1719 appellatur:

2050 1715 2118 1771 de
2140 1720 2397 1775 accidenti
2423 1736 2550 1777 vero
2582 1740 2688 1780 non
2717 1728 2932 1784 dubium
2960 1740 3059 1799 est,
3093 1748 3213 1790 cum
3261 1715 3623 1811 ipsa—qualitas

368 1805 535 1859 Distat
557 1806 717 1875 igitur
749 1807 1020 1875 proitrium
1064 1824 1093 1862 a
1120 1824 1342 1879 genere,
1372 1810 1515 1881 quod
1541 1826 1708 1880 genus
1733 1827 1945 1879 semper
1973 1797 2021 1859 Β
2050 1808 2101 1862 in
2133 1810 2424 1868 accidentis
2453 1817 2691 1884 partibus
2743 1797 3110 1891 componatur.
3143 1797 3381 1899 Namque
3406 1797 3457 1888 in

368 1897 429 1951 ad
455 1898 711 1967 plurimas
732 1900 937 1966 species
967 1901 1286 1969 appellatur,
1319 1902 1593 1970 proprium
1607 1917 1733 1957 vero
1750 1903 1816 1957 de
1843 1917 1945 1957 una

368 1997 569 2043 tantum
590 1989 771 2057 specie
799 1990 951 2060 cujus
978 2000 1060 2045 est
1089 1993 1384 2061 proprium.
1416 1992 1546 2048 Nam
1569 1995 1612 2061 si
1643 1995 1843 2049 risibile
1869 1995 1949 2057 di-

369 2093 478 2141 cas,
511 2079 575 2132 ad
598 2095 760 2133 unam
804 2090 1008 2136 tantum
1058 2082 1293 2150 speciem
1353 2083 1584 2138 hominis
1631 2084 1946 2153 appellatur.

370 2172 623 2237 Congruit
651 2180 828 2227 autem
852 2188 1020 2242 genus
1048 2189 1168 2227 cum
1187 2174 1400 2243 proprio
1423 2175 1476 2229 in
1502 2175 1604 2230 hoc
1621 2175 1761 2245 quod
1784 2190 1949 2243 genus

369 2272 424 2316 et
452 2264 724 2333 proprium
752 2264 820 2319 de
850 2264 1088 2333 pluribus
1117 2265 1477 2334 appellantur.
1526 2265 1765 2336 Namque
1786 2282 1951 2335 genus

374 2355 437 2406 ad
468 2355 645 2423 plures
674 2355 880 2424 Species
905 2357 1223 2425 appellatur.
1256 2356 1351 2423 Ap.
1374 2357 1568 2411 ellsitur
1594 2358 1754 2412 etiam
1784 2373 1950 2427 genus

372 2446 436 2499 de
482 2446 564 2500 his
608 2461 726 2515 quas
755 2447 855 2501 sub
902 2448 1184 2515 speciebus
1215 2458 1337 2501 sunt
1379 2448 1689 2503 individuis.
1734 2449 1867 2504 Nam
1905 2449 1948 2505 si

374 2538 537 2591 homo
564 2547 620 2592 et
639 2553 807 2607 equus
830 2539 1025 2593 animal
1054 2547 1160 2604 est,
1191 2539 1294 2594 erit
1328 2538 1490 2595 etiam
1519 2539 1707 2594 Cicero
1730 2540 1947 2608 animal,

373 2643 428 2688 et
445 2632 681 2703 quilibet
709 2650 877 2701 equus
908 2635 1249 2705 singulariter
1277 2636 1472 2689 animal
1513 2636 1838 2689 nominatur.
1870 2633 1951 2688 Si-

373 2724 570 2778 militer
586 2733 640 2778 et
666 2726 937 2795 proprium
969 2726 1035 2779 ad
1059 2726 1285 2794 plurima
1337 2724 1550 2779 dicitur.
1583 2724 1785 2778 Dicitur
1811 2724 1951 2778 enim

372 2815 436 2869 ad
465 2830 891 2887 unamquamque
938 2818 1196 2885 speciem,
1245 2824 1298 2870 et
1337 2815 1403 2870 ad
1439 2830 1501 2869 ea
1543 2815 1808 2869 individua
1838 2829 1953 2884 qua:

374 2917 494 2961 sunt
513 2908 612 2961 sub
627 2909 806 2991 specie
824 2924 916 2978 pra
936 2908 1161 2962 dicatur.
1188 2907 1318 2961 Nam
1346 2909 1391 2963 si
1427 2910 1586 2962 bomu
1610 2907 1833 2961 risibilis
1850 2916 1953 2971 est,

374 3000 591 3054 risibilis
625 3009 706 3055 est
752 3001 913 3056 etiam
944 3002 1136 3057 Cicero
1164 3012 1219 3056 et
1247 3000 1519 3070 Virgilius,
1554 3008 1609 3055 et
1652 3002 1955 3068 quicunque

374 3091 709 3162 singulariter
766 3093 1111 3147 nominantur
1167 3092 1397 3147 risibilcs
1451 3100 1594 3145 sunt.
1645 3089 1956 3158 Congruunt

387 3283 492 3329 tur.
520 3274 653 3330 Nam
683 3291 846 3345 genus
875 3275 943 3330 de
975 3276 1154 3345 specie
1180 3276 1231 3330 in
1263 3290 1330 3330 eo
1352 3274 1491 3344 quod
1520 3274 1646 3342 quid
1673 3275 1743 3327 sit
1769 3270 1959 3343 prtedi-

378 3376 545 3420 catur.
578 3366 708 3421 Nam
734 3368 779 3422 si
800 3366 934 3421 dicis
955 3366 1080 3437 quid
1112 3375 1192 3422 est
1216 3366 1397 3429 homo,
1420 3364 1615 3420 animal
1645 3360 1957 3434 appellabis.

380 3460 505 3515 Item
540 3462 810 3531 proprium
841 3462 892 3515 in
914 3476 978 3515 eo
1004 3460 1144 3529 quod
1173 3459 1297 3530 quid
1335 3461 1407 3515 sit
1448 3458 1792 3530 praedicatur.
1827 3455 1959 3510 Nam

378 3552 421 3606 si
453 3552 587 3607 dicis
616 3552 743 3623 quid
788 3562 868 3608 est
913 3552 1096 3622 h‘omo,
1144 3555 1338 3608 merito
1388 3551 1587 3607 risibile
1627 3549 1958 3620 przedicabis.

382 3642 687 3712 Cungtuunt
712 3653 891 3697 autem
919 3644 1059 3707 quod
1090 3657 1259 3711 genus
1288 3653 1340 3697 et
1388 3642 1659 3711 proprium
1704 3640 1770 3695 ad
1801 3640 1965 3709 pluri-

382 3720 495 3787 mas
521 3748 605 3787 res
628 3747 851 3788 numero
878 3732 1184 3789 differentes
1226 3733 1607 3801 prmdicantur.
1652 3730 1781 3785 Nam
1837 3732 1905 3783 ita
1932 3744 1961 3782 a

382 3838 438 3878 se
463 3824 715 3899 differunt
744 3824 952 3893 singula
986 3824 1259 3887 animalia,
1294 3823 1344 3878 id
1386 3832 1469 3879 est
1498 3823 1680 3884 homo,
1709 3835 1879 3890 equus
1904 3827 1962 3876 et

383 3928 595 3979 corvus,
633 3922 691 3969 et
736 3924 953 3979 caetera,
985 3924 1042 3968 ut
1087 3916 1279 3984 singuli
1310 3915 1574 3977 homines,
1613 3920 1868 3981 quantum
1898 3911 1964 3965 ad

383 4018 682 4058 numerum.
714 4004 885 4059 Distat
904 4013 1082 4059 autem
1102 4021 1131 4059 a
1163 4020 1381 4074 genere,
1407 4005 1548 4075 quod
1571 4019 1738 4074 genus
1754 4004 1820 4058 ad
1848 4003 1965 4071 plu-

383 4094 545 4148 rimas
585 4097 794 4163 species
838 4096 1174 4162 prtedicatur,
1209 4100 1478 4165 prOprium
1521 4110 1648 4148 vero
1693 4093 1758 4147 ad
1804 4106 1961 4146 unam

382 4191 551 4243 solam
576 4189 724 4259 cujus
740 4198 822 4245 est
852 4191 1123 4259 proprium
1157 4191 1482 4245 nominatur.
1515 4188 1620 4244 Sed
1647 4204 1750 4242 non
1774 4196 1856 4241 est
1884 4188 1962 4241 in-

384 4279 653 4350 teﬁgenus
668 4289 721 4335 et
742 4280 1011 4349 proprium
1033 4281 1222 4335 eadem
1239 4280 1541 4335 differentia
1570 4295 1689 4348 qua:
1717 4291 1798 4334 est
1822 4278 1962 4333 inter

382 4372 612 4438 speciem
638 4378 690 4423 et
710 4386 897 4440 genus.
930 4370 1061 4426 Nam
1089 4386 1132 4437 ες
1154 4371 1296 4426 eeies
1324 4371 1392 4425 de
1427 4370 1569 4425 nulla
1600 4370 1819 4425 omnino
1842 4384 1961 4437 spe-

382 4460 464 4514 cie
487 4460 823 4528 praedicatur,
848 4464 1123 4530 pr0prium
1147 4477 1276 4517 vero
1306 4462 1427 4517 licet
1452 4478 1559 4516 non
1582 4461 1643 4515 ad
1670 4462 1866 4531 plures,
1893 4461 1957 4513 ad

2049 1899 2363 1957 dieamentis
2385 1906 2523 1959 inter
2538 1907 2668 1964 alias
2692 1925 2881 1967 novem
2917 1923 3094 1982 partes
3121 1920 3432 1987 accidentis,
3463 1899 3624 1983 etiam

2050 1994 2275 2092 qualitas
2317 1998 2639 2054 nominatur.
2676 2002 2825 2064 Nam.
2856 2008 3013 2063 etiam
3065 2012 3111 2065 si
3157 2014 3275 2082 quis
3332 2017 3624 2092 interroget

2049 2084 2225 2177 qualis
2244 2088 2394 2141 corvi
2424 2090 2631 2159 species
2653 2093 2743 2159 sit,
2773 2096 2918 2165 nigra
2966 2102 3217 2159 continuo
3245 2084 3619 2177 respondetur.

2049 2171 2362 2243 Congruunt
2391 2192 2519 2249 ergo
2563 2195 2759 2250 genera
2810 2185 3219 2248 differentiiset
3258 2171 3625 2257 accidentibus

2050 2268 2191 2338 quod
2222 2269 2287 2324 de
2315 2274 2595 2341 speciebus
2632 2276 2873 2345 pluribus
2923 2284 3298 2349 prmdieantnr.
3331 2290 3460 2346 Nam
3489 2295 3624 2353 sicut

2053 2375 2219 2428 genus
2248 2364 2455 2433 species
2478 2366 2576 2420 sub
2589 2372 2648 2421 Se
2676 2369 2852 2435 plures
2873 2370 3051 2441 habet,
3070 2375 3139 2429 ita
3153 2376 3470 2438 differentia.
3494 2383 3625 2438 Nam

2055 2452 2365 2509 rationalem
2395 2444 2809 2514 dicitnus‘Deum
2836 2469 2892 2515 et
2921 2461 3210 2520 hominem.
3244 2468 3449 2526 Rursus
3466 2475 3627 2531 etiam

2054 2544 2303 2600 accidens
2345 2547 2412 2602 de
2441 2549 2678 2617 pluribus
2705 2552 2984 2622 Speciebus
3014 2557 3351 2625 praedicatur.
3380 2561 3509 2617 Nam
3549 2567 3626 2621 ni~

2054 2648 2204 2703 grum
2235 2636 2462 2693 dicimus
2492 2649 2544 2694 et
2574 2642 2866 2709 hominem,
2892 2652 2945 2699 et
2974 2660 3190 2716 equum,
3217 2660 3272 2705 et
3308 2666 3548 2721 corvum,
3576 2668 3628 2715 et

2056 2724 2305 2788 ebenum,
2335 2736 2388 2780 et
2418 2730 2675 2797 plurimas
2698 2732 2841 2788 alia:
2857 2736 3087 2803 species.
3134 2739 3342 2796 Rursus
3383 2749 3628 2815 congruit

2057 2828 2225 2883 genus
2256 2816 2585 2882 differentiae,
2619 2822 2782 2890 quod,
2819 2826 2958 2878 sicut
2999 2842 3185 2896 genus,
3225 2831 3303 2885 sic
3332 2832 3629 2892 differentia

2057 2906 2335 2972 :equaliter
2354 2907 2421 2962 ad
2448 2908 2777 2965 individuum
2809 2914 3151 2982 prtedieatur.
3182 2918 3313 2975 Nam
3353 2923 3395 2977 si
3444 2924 3630 2982 Cicero

2058 2996 2251 3051 animal
2283 3007 2384 3063 est,
2418 3001 2556 3069 quod
2585 3010 2667 3055 est
2698 3016 2885 3070 genus,
2909 3013 2960 3058 et
3003 3006 3262 3065 rationale
3302 3012 3497 3067 animal
3526 3023 3631 3081 est,

2012 3156 2026 3175 .
2060 3086 2200 3154 quod
2224 3097 2307 3141 εει
2349 3088 2668 3145 differentia.
2698 3090 3009 3162 Congruunt
3034 3099 3215 3160 etiam,
3246 3102 3386 3169 quod
3410 3103 3477 3158 de
3521 3120 3625 3159 nu-

374 3155 531 3241 etiam
551 3186 802 3255 quoniam
832 3195 1056 3256 utraque
1084 3186 1135 3240 in
1157 3200 1223 3240 eo
1250 3184 1390 3255 quod
1413 3184 1537 3253 quid
1566 3184 1636 3238 sit
1658 3182 1950 3242 nrwdican-
1981 3155 2027 3215 (ί

2062 3192 2211 3229 mero
2254 3178 2624 3236 differentibus
2672 3184 3061 3253 praedicantur,
3101 3190 3240 3258 quod
3281 3194 3522 3261 superius
3567 3198 3633 3254 de

2060 3267 2181 3324 aliis
2197 3279 2545 3326 monstratum
2560 3282 2660 3328 est;
2695 3275 3055 3333 Distatautem
3085 3282 3224 3348 quod
3248 3282 3408 3353 (sicut
3433 3287 3632 3344 dictum

2060 3359 2163 3430 est)
2187 3378 2353 3432 genus
2377 3363 2428 3418 in
2460 3379 2526 3420 eo
2540 3367 2679 3435 quod
2711 3368 2836 3436 quid
2861 3370 2945 3424 'sit
2975 3372 3272 3440 appellatur
3302 3376 3634 3435 :differentia

2060 3466 2189 3506 vero
2220 3453 2302 3506 vel
2322 3455 2618 3509 accidentia
2649 3456 2701 3510 in
2724 3473 2787 3511 eo
2812 3460 2953 3527 quod
2976 3463 3132 3529 qztale
3162 3464 3227 3517 sit
3258 3468 3633 3534 przedicantur.

2060 3544 2191 3599 Nam
2245 3546 2292 3601 si
2340 3546 2487 3601 dicas
2523 3548 2646 3615 quid
2689 3559 2773 3603 est
2821 3549 2999 3615 homo,
3033 3555 3326 3622 appellabis
3362 3574 3553 3625 genus,
3584 3571 3635 3619 et

2061 3635 2195 3691 dic’s
2236 3636 2433 3690 animal
2480 3652 2600 3692 esse
2656 3637 2949 3695 hominem.
2978 3642 3035 3697 Si
3066 3658 3193 3699 vero
3236 3648 3405 3715 qualis
3443 3652 3514 3704 sit
3568 3656 3635 3708 sd

2061 3726 2412 3781 differentiam
2464 3728 2907 3794 interrogaveris,
2960 3733 3221 3791 rationale
3254 3741 3635 3807 respondeam,

2062 3818 2145 3873 vel
2180 3819 2428 3873 accidens
2461 3819 2667 3889 nigrum
2711 3822 2796 3875 vel
2840 3823 3040 3892 albent,
3096 3826 3178 3879 vel
3202 3828 3372 3896 qualis
3416 3833 3638 3902 quisun

2062 3911 2131 3963 sit
2168 3911 2234 3964 de
2256 3926 2360 3980 quo
2389 3912 2763 3982 interrogatur.
2799 3913 2891 3968 His
2922 3915 3082 3984 igitur
3109 3917 3410 3976 distributis
3439 3922 3638 3981 distan-

2064 4002 2161 4056 tias
2186 4002 2325 4070 ipsas
2352 4018 2379 4054 a
2408 4002 2696 4070 primordio
2734 4006 2919 4060 rursu‘s
2941 4006 3146 4063 ordittir
3171 4011 3353 4068 dicens
3377 4031 3392 4068 :

2137 4090 2284 4145 Unde
2306 4078 2403 4145 ‘ltoc
2429 4094 2564 4163 quod
2588 4093 2653 4147 de
2685 4093 2914 4162 pluribus
2946 4100 3258 4166 pradicatur
3284 4121 3443 4173 genus
3486 4109 3640 4163 distat

2063 4181 2123 4233 ab
2156 4182 2218 4235 iis
2245 4197 2359 4249 qua:
2387 4182 2448 4236 de
2470 4183 2686 4254 singulis
2708 4188 3073 4255 pra’dicantur,
3109 4191 3202 4243 hoc
3222 4202 3294 4246 est
3341 4195 3405 4248 ab
3456 4199 3641 4253 indivi-

2064 4272 2198 4325 duis.
2230 4270 2333 4326 Illo
2362 4276 2501 4343 quod
2516 4276 2578 4329 de
2598 4268 2764 4343 specie
2780 4277 3128 4343 di/ferentibus
3153 4284 3465 4351 prazdicatur
3485 4290 3563 4343 dis
3589 4302 3642 4344 at

2062 4379 2095 4416 a
2135 4356 2392 4433 speciebus
2419 4377 2469 4420 et
2504 4383 2534 4419 a
2578 4369 2815 4439 propriis.
2858 4366 3156 4427 Illo‘etiam
3198 4376 3250 4429 in
3282 4395 3382 4446 quo
3417 4383 3541 4447 quid
3579 4385 3643 4437 sit

2071 4456 2380 4524 appellatur,
2415 4460 2695 4513 secernitur
2730 4476 2761 4513 a
2789 4460 3089 4527 differentiis
3133 4477 3178 4520 et
3229 4485 3261 4521 α
3312 4476 3643 4528 communiter

385 4564 540 4603 unam
568 4560 743 4605 tamen
766 4521 933 4605 501;.“
1218 4554 1370 4623 cuius
1398 4561 1479 4607 est
1502 4554 1794 4621 proprium,
1820 4568 1960 4607 sem-
1989 4521 2040 4581 υ
2065 4545 2426 4613 accidentibus,
2460 4549 2598 4614 quod
2626 4550 2734 4605 Itan:
2760 4551 2863 4605 duo
2893 4555 3045 4622 quale
3075 4557 3200 4625 qltld
3227 4559 3291 4611 sit
3319 4560 3603 4620 declarant.

384 4653 476 4707 per
498 4647 728 4706 aptatur.
760 4641 887 4695 Post
919 4641 1034 4696 haec
1064 4642 1229 4712 igitur.
1264 4643 1331 4697 de
1360 4643 1674 4700 differentiae
1715 4643 1958 4699 acciden-

385 4729 556 4798 tisque
582 4745 609 4782 a
626 4745 824 4799 genere
847 4731 1096 4787 distantia
1120 4732 1337 4790 disserit
1364 4733 1546 4789 dicens
1577 4750 1593 4786 :

453 4822 494 4873 Α
520 4821 805 4885 differentia
848 4840 966 4879 vero
1014 4833 1060 4879 et
1086 4826 1147 4879 ab
1196 4825 1535 4880 accidentibus
1577 4826 1749 4895 (li/fert
1777 4841 1957 4895 genus,

384 4915 619 4979 quoniam
639 4926 686 4969 et
714 4918 758 4970 si
785 4919 935 4971 etiam
963 4918 1061 4973 ista
1081 4920 1143 4973 de
1162 4920 1393 4989 pluribus
1420 4921 1584 4986 specie
1612 4918 1961 4986 diﬁerentibus

386 5003 726 5072 prwdicantur
754 5005 1075 5075 (di/ferentia
1094 5010 1303 5081 scilicet,
1331 5017 1377 5061 et
1394 5011 1677 5063 accidentia
1696 4996 1809 5079 qua:
1829 5026 1967 5065 com-

295 5090 301 5095 ’
387 5095 607 5147 muniter
627 5095 912 5165 accidunt),
937 5114 1036 5151 non
1062 5086 1225 5152 tamen
1256 5099 1307 5153 in
1336 5115 1397 5152 eo
1415 5107 1552 5170 quod
1573 5100 1695 5163 quid
1718 5102 1782 5153 sit
1797 5099 1969 5170 appels

385 5186 587 5250 lantur,
644 5204 759 5241 cum
812 5190 1235 5261 interrogantibus
1285 5194 1427 5247 nobis
1474 5193 1530 5260 ﬁt
1577 5195 1855 5246 secundum
1906 5209 1966 5247 ea

385 5279 646 5344 responsio
688 5296 700 5307 ·
725 5282 885 5350 magis
904 5285 1040 5336 enim
1061 5286 1212 5355 quale
1231 5285 1354 5355 quid
1381 5287 1444 5339 sit
1474 5286 1776 5342 ostenditur.

456 5367 820 5425 Differentiam
840 5387 967 5428 vero
996 5383 1051 5429 et
1079 5376 1329 5431 accidens
1373 5377 1572 5457 idcir‘co
1601 5377 1864 5446 posterius
1885 5393 1963 5432 re-

389 5460 794 5531 servavit,qttod
821 5478 1005 5518 eorum
1038 5480 1195 5519 unam
1220 5467 1573 5522 differentiam
1606 5476 1721 5521 erat
1762 5468 1965 5522 distan-

389 5549 622 5620 tiatnque
644 5552 900 5609 dicturus.
934 5554 1239 5611 Differentia
1290 5559 1431 5612 enim
1465 5568 1516 5613 et
1550 5559 1803 5615 accidens
1834 5576 1966 5629 qua-

390 5639 589 5696 litatem
621 5644 984 5715 cujuscunque
1015 5646 1206 5715 Speciei
1267 5648 1632 5703 demonstrant
1660 5667 1672 5701 :
1702 5650 1787 5703 illa
1838 5651 1965 5703 sub-

387 5734 597 5790 stantia:
649 5736 975 5806 qualitatem,
1016 5738 1068 5793 id
1120 5749 1201 5793 est
1250 5738 1577 5801 differentia;
1615 5740 1762 5805 illud,
1797 5741 1847 5793 id
1880 5751 1962 5793 est

2139 4636 2250 4691 Hoc
2272 4636 2399 4690 dicit
2426 4636 2625 4694 distare
2650 4655 2819 4709 genus
2874 4642 2943 4696 ab
2968 4643 3273 4712 indiv’iduis,
3306 4650 3447 4718 quod
3475 4668 3644 4721 genus
3734 4706 3745 4713 .

2067 4728 2133 4783 de
2156 4727 2391 4795 pluribus
2419 4728 2710 4799 (utdictum
2738 4732 2841 4802 est)
2872 4748 2964 4803 pra
2981 4734 3207 4795 dicatur.
3233 4739 3447 4808 COHigit
3467 4755 3645 4800 autem

2068 4822 2204 4876 etin
2248 4837 2407 4875 unum
2459 4823 2649 4892 redigit
2692 4827 2891 4895 proprii
2939 4830 3243 4899 specieique
3293 4832 3642 4890 differentias.

2067 4910 2221 4976 Nam,
2252 4912 2501 4980 quoniam
2534 4915 2741 4983 species
2790 4916 2858 4971 de
2889 4918 3129 4986 pluribus
3159 4937 3263 4975 non
3317 4926 3518 4993 specie,
3551 4927 3644 4980 sed

2069 5017 2291 5057 numero
2313 5004 2676 5060 differentibus
2731 5006 3070 5074 prmdicatnr,
3104 5011 3371 5078 proprium
3403 5029 3532 5069 vero
3579 5014 3646 5067 de

2069 5111 2174 5150 una
2212 5103 2415 5149 tantum
2471 5096 2651 5165 specie
2685 5106 2735 5150 ct
2772 5097 2839 5152 de
2884 5098 2950 5153 iis
2980 5115 3095 5169 qua:
3125 5102 3225 5155 sub
3254 5105 3439 5158 eadem
3468 5106 3646 5172 specie

2068 5195 2192 5242 sunt
2248 5186 2532 5240 individuis
2587 5186 2921 5256 prardicatur.
2954 5190 3205 5254 Quamvis
3236 5195 3375 5247 enim
3425 5195 3493 5247 tle
3543 5210 3646 5249 una

2069 5272 2246 5347 specie
2280 5277 2615 5346 prrdicetur,
2653 5287 2826 5332 tamen
2856 5295 3003 5348 teqtta
3035 5289 3117 5336 est
3157 5282 3230 5336 illi
3262 5297 3381 5336 cum
3407 5284 3587 5351 specie
3616 5300 3645 5337 a

2067 5387 2263 5443 genere
2284 5372 2578 5426 differentia
2604 5372 2670 5426 de
2693 5372 2928 5441 pluribus
2951 5375 3125 5442 specie
3152 5373 3517 5429 differentibus
3540 5390 3645 5431 non

2069 5464 2368 5531 prtedicari.
2398 5464 2528 5519 Nam
2560 5466 2958 5533 nequespeies
2993 5464 3284 5534 prtrdicare
3330 5464 3550 5519 omnino
3578 5467 3645 5522 de

2070 5558 2345 5624 Speciebus
2372 5556 2568 5626 aliquid
2600 5556 2797 5626 poterit
2823 5572 2834 5607 :
2867 5571 3039 5623 neque
3062 5557 3356 5625 proprium,
3386 5559 3641 5624 quoniam

2071 5649 2339 5717 proprium
2366 5662 2469 5701 non
2499 5646 2565 5701 de
2591 5646 2830 5716 pluribus
2856 5646 3158 5712 Speciehus,
3191 5644 3283 5699 ευά
3311 5644 3377 5699 de
3401 5661 3499 5700 una
3529 5657 3644 5702 tau-

2072 5752 2179 5793 tnm
2210 5740 2361 5803 cuius
2390 5747 2471 5794 est
2494 5738 2670 5807 specie
2696 5735 3033 5804 praedicatur.
3054 5734 3204 5802 Quod
3224 5736 3267 5790 si
3300 5735 3373 5789 ita
3401 5745 3508 5795 est.
3541 5752 3643 5790 una
