4066 6328
495 333 605 399 35_

1724 322 1833 379 AN.
1874 320 2080 378 MANL.
2122 317 2271 375 SEV.
2317 319 2534 376 BOETll
3685 320 3755 379 36

495 446 790 507 ama-entia
822 461 848 499 ο
881 457 1098 514 genere,
1131 439 1336 509 species
1361 448 1415 493 et
1445 437 1654 507 propria
1695 444 2065 506 sejunguntur.
2095 432 2141 491 Λ
2173 441 2380 487 cantur.
2409 434 2540 488 Nam
2571 435 2614 487 si
2642 433 2758 504 quis
2786 434 2924 490 dicat
2947 426 3217 492 hominem
3251 452 3370 492 esse
3402 439 3617 506 animal,
3648 458 3757 496 non

496 545 760 600 Accidens
809 556 935 594 vero
983 545 1037 591 et
1084 533 1379 589 differentia
1420 532 1606 586 eadem
1649 545 1860 600 quoque
1890 544 1991 583 una
2038 542 2069 582 a

495 652 692 707 genere
722 631 1016 688 differentia
1048 637 1381 693 separantur,
1411 624 1550 694 quod
1575 639 1739 692 genus
1768 624 1819 676 in
1843 636 1906 675 eo
1929 622 2069 690 quod

499 728 625 797 quid
651 727 719 779 sit
746 724 959 785 dicitur,
988 718 1290 771 diﬁcrenlia
1329 732 1461 770 vero
1483 716 1563 769 vel
1595 715 1906 778 accidentia,
1929 714 1980 767 in
2004 728 2069 768 eo

501 820 639 888 quod
655 814 807 884 quale
822 809 1170 880 appellantur.
1196 808 1301 861 llas
1326 807 1650 877 Porphyrius
1672 804 1737 857 ad
1753 813 2071 858 construen-

495 910 615 963 dam
629 904 809 975 generi
820 922 838 956 ,ς
854 902 1110 955 rationem
1137 899 1464 953 diﬁ‘erentias
1482 913 1635 964 quam
1652 896 1961 966 parcissime
1975 909 2068 962 po-

495 1009 600 1055 test
614 997 834 1065 colligit,
855 1005 909 1050 et
922 995 1065 1064 ipsas
1082 993 1301 1047 diﬁ'eren
1311 994 1409 1046 tias
1423 992 1597 1045 multis
1612 989 1785 1044 modis
1799 988 2069 1058 posterius

496 1093 838 1157 probaturus,
857 1100 997 1138 nunc
1016 1098 1163 1148 vero,
1193 1092 1447 1151 quantum
1462 1092 1543 1134 sat
1561 1091 1662 1145 εει,
1684 1079 1813 1134 dicit
1828 1094 1886 1134 se
1900 1080 2071 1133 abun-

494 1179 703 1233 dantem
723 1171 1281 1245 generiscouslitnissc
1296 1172 1574 1238 rationem,
1610 1171 1710 1224 hoc
1740 1169 1949 1224 dicens:

564 1268 679 1322 Hoc
707 1269 750 1322 si
775 1268 847 1321 ita
875 1275 967 1332 est,
994 1264 1137 1319 nullo
1160 1265 1325 1318 minus
1348 1274 1433 1318 aut
1448 1266 1564 1336 plus
1580 1264 1754 1331 εΙῙεεια
1775 1274 1850 1318 est
1872 1262 2069 1334 generis

492 1360 738 1430 diﬁinilio.
1190 1412 1193 1413 ν
2040 1350 2045 1355 ’

478 1502 483 1505 ,
565 1453 857 1507 Perfectam
877 1450 1192 1520 plenamque
1203 1447 1479 1517 segeneris
1494 1447 1861 1501 difﬁnitionem
1881 1444 2071 1500 iecisse

493 1545 904 1615 dicit,quoniam
924 1530 1109 1612 neque
1124 1543 1240 1611 plus
1272 1556 1444 1609 neque
1471 1540 1645 1594 minus
1678 1538 1809 1592 facta
1843 1537 2072 1591 sitdil'ﬁ-

492 1640 646 1706 uitio,
669 1637 761 1693 sed
792 1637 1070 1706 aequaliter
1092 1636 1157 1690 ad
1185 1649 1351 1701 genus
1379 1633 1722 1702 pariliterque
1750 1631 2067 1699 composita.

492 1730 642 1798 Quod
674 1730 827 1798 quale
857 1728 925 1781 sit
956 1729 1057 1780 hoc
1097 1725 1257 1781 modo
1311 1723 1717 1777 monstrandum
1771 1728 1872 1775 est.
1906 1719 2069 1773 Novi-

494 1837 611 1877 mus
651 1820 791 1891 qttod
816 1819 1061 1889 quaedam
1100 1832 1188 1872 res
1217 1830 1336 1885 qum
1367 1816 1431 1867 ad
1465 1814 1569 1867 alia
1603 1811 1961 1882 prxcdicantur
1990 1809 2071 1863 his

494 1914 560 1969 de
585 1914 776 1983 quibus
805 1911 1176 1978 prmdicantnr,
1220 1907 1512 1970 abundant,
1547 1912 1605 1997 u't
1632 1918 1824 1972 genera
1855 1912 1907 1955 et
1952 1917 2073 1971 spe-

490 2006 620 2061 cies.
645 2004 882 2072 Namque
909 2001 1103 2055 animal
1126 2000 1263 2069 quod
1282 2013 1449 2067 genus
1463 1993 1661 2057 est.'de
1691 1995 1906 2047 homine
1930 1993 2070 2062 quod

490 2107 572 2152 est
595 2096 824 2165 species,
852 2094 953 2147 hoc
979 2092 1243 2154 abundat,
1271 2088 1412 2157 quod
1443 2100 1637 2141 nomen
1669 2084 1881 2154 generis
1910 2085 2069 2138 etiam

490 2191 543 2243 in
566 2202 757 2258 equum
804 2193 963 2253 atque
1004 2184 1192 2237 bovem
1249 2186 1404 2249 atque
1459 2178 1511 2232 in
1542 2177 1642 2231 alia
1676 2178 1819 2230 va'et
1876 2174 2068 2243 aptari.

491 2279 632 2349 Ergo
662 2277 707 2330 si
732 2276 853 2345 quis
884 2274 949 2328 ad
982 2272 1277 2342 quamlibet
1325 2285 1437 2324 rem
1470 2268 1827 2321 abundantem
1862 2265 2067 2342 iecerit,

489 2370 851 2438 maioremque
877 2364 1239 2419 deﬁnitionem
1267 2376 1423 2432 quam
1450 2361 1561 2442 ipsa
1592 2375 1678 2414 res
1701 2359 1880 2422 fuerit,
1914 2372 2072 2427 quam

487 2458 696 2521 deﬁnit,
728 2472 835 2510 non
870 2456 971 2510 erit
1002 2456 1205 2523 integra
1258 2451 1578 2520 prOpriaque
1628 2449 1900 2515 deﬁnitio,
1934 2462 2073 2516 quo-

486 2553 631 2607 niam
657 2565 763 2604 non
792 2548 961 2602 solam
990 2546 1133 2599 illam
1167 2560 1278 2600 rem
1307 2542 1649 2612 amplectitur
1672 2557 1831 2610 quam
1861 2539 2069 2607 deﬁnit,

495 2643 539 2696 si
562 2640 732 2710 major
760 2639 916 2693 fuerit
952 2635 1222 2700 dilﬁnitio,
1257 2634 1351 2690 sed
1378 2635 1537 2689 etiam
1568 2633 1698 2687 alias
1728 2646 2075 2702 quascunque

489 2748 577 2788 res
604 2733 799 2802 quibus
852 2730 1018 2797 ipsius
1072 2725 1401 2781 definitionis
1451 2724 1709 2780 terminus
1757 2722 2068 2777 abundabit.

487 2826 744 2895 Majorum
797 2822 957 2891 igitur
984 2820 1518 2889 prtedicamentornm
1569 2817 1741 2886 major
1763 2817 1864 2871 erit
1886 2814 2075 2869 deﬁni-

472 2917 581 2981 tio,
607 2914 873 2968 minorum
910 2925 1039 2964 vero
1088 2911 1264 2962 minor
1293 2910 1397 2963 erit
1441 2908 1601 2961 etiam
1651 2905 1911 2961 deﬁnitio.
1945 2902 2075 2956 Ani-

485 3006 590 3061 mal
618 3019 744 3072 ergo
773 3002 911 3072 quod
944 2999 1116 3067 majus
1145 3006 1249 3063 est,
1281 2998 1349 3050 ita
1402 2996 1662 3070 deﬁniunt
1692 3014 1705 3049 :
1734 2991 1946 3047 Animal
1990 3000 2073 3046 est

481 3094 776 3152 substantia
809 3093 1038 3146 animata
1066 3088 1334 3143 sensibilis
1366 3104 1382 3142 :
1424 3086 1699 3141 hominem
1744 3100 1875 3139 vero
1926 3083 2068 3153 quod

2176 525 2370 589 poterit
2392 536 2705 579 convertere
2734 526 2929 579 animal
2968 541 3087 581 esse
3117 528 3407 582 hominem.
3438 529 3568 583 Nam
3593 518 3754 585 homo

2173 612 2307 667 nihil
2336 614 2498 680 aliud,
2527 621 2781 683 Quantum
2808 617 2871 671 ad
2904 632 3095 687 genus,
3124 602 3448 673 nisi‘animal
3480 633 3562 674 est
3595 637 3608 674 :
3640 625 3757 675 ani-

2172 705 2278 758 mal
2310 715 2565 774 quantum
2596 715 2660 760 ad
2690 708 2898 777 species
2923 718 3097 777 potest
3118 725 3237 765 esse
3260 711 3418 765 etiam
3444 727 3548 765 non
3566 712 3749 769 homo.

2172 795 2323 850 Paria
2352 812 2477 851 vero
2503 799 2911 866 prtedicamenta
2948 816 3160 870 semper
3204 804 3304 857 sibi
3357 804 3470 872 ipsa
3524 805 3750 860 invicem

2170 896 2579 944 convertuntur.
2598 890 2728 944 Nam
2759 893 3010 961 quoniam
3036 895 3241 950 risibile
3280 897 3446 950 solius
3477 906 3558 951 est
3580 897 3754 950 homi-

2171 976 2276 1041 nis,
2309 977 2513 1034 risibile
2542 980 2608 1033 ad
2633 982 2902 1036 hominem
2930 984 3273 1052 praedicatum
3313 988 3475 1041 etiam
3509 988 3751 1042 converti

2171 1077 2366 1137 potest,
2397 1081 2453 1123 ut
2482 1071 2642 1126 hamo
2668 1071 2732 1125 ad
2762 1073 2965 1129 risibile
2996 1076 3334 1142 praedicetur.
3381 1078 3584 1132 Dicitur
3604 1079 3748 1133 enim

2169 1161 2426 1230 quidquid
2478 1173 2560 1218 est
2603 1164 2784 1231 homo,
2827 1166 3033 1222 risibile
3081 1186 3094 1221 :
3136 1170 3355 1238 quiquid
3398 1181 3479 1225 est
3526 1170 3750 1238 risibile,

2171 1250 2353 1305 homo.
2387 1253 2526 1320 Ergo
2547 1269 2891 1326 quascunque
2920 1257 3264 1314 deﬁnitiones
3306 1270 3623 1317 convertere
3649 1277 3749 1332 po-

2173 1352 2277 1409 tes,
2295 1344 2399 1399 illa:
2424 1360 2566 1400 verm
2594 1355 2754 1416 atque.
2780 1363 2935 1416 pares
2962 1358 3089 1403 sunt
3113 1366 3126 1402 :
3153 1365 3492 1421 quascunque
3531 1368 3752 1407 conver-

2173 1442 2287 1489 tere
2317 1449 2421 1488 non
2453 1444 2624 1505 potes,
2669 1446 2763 1492 aut
2790 1438 3041 1508 majores,
3070 1449 3162 1494 aut
3214 1444 3449 1498 minores
3478 1452 3616 1512 sunt,
3652 1459 3745 1513 pa-

2171 1540 2258 1580 res
2281 1527 2503 1580 inveniri
2533 1543 2637 1582 non
2672 1538 2913 1597 possunt.
2942 1530 3075 1584 Nam
3093 1531 3135 1585 si
3160 1531 3307 1586 dicas
3340 1533 3605 1588 hominem
3630 1532 3752 1589 esse

2172 1616 2523 1671 substantiam
2556 1620 2846 1675 animatam
2878 1631 3038 1691 atque
3067 1623 3399 1687 sensibilem,
3435 1640 3616 1679 verum
3647 1630 3747 1678 6st.

2173 1709 2303 1763 ltem
2336 1710 2380 1764 si
2430 1722 2712 1797 convertas
2767 1722 2824 1768 ει
2866 1714 3015 1769 dicas
3068 1716 3418 1770 substantiam
3465 1718 3752 1775 animatam

2103 1791 2149 1852 Β
2178 1807 2333 1867 atque
2365 1802 2667 1857 sensibilem
2698 1791 2817 1858 esse
2846 1804 3139 1871 hominem,
3173 1823 3278 1861 non
3320 1808 3538 1862 omnino
3567 1824 3751 1865 verum

2176 1890 2397 1944 dixeris.
2433 1892 2612 1949 Potest
2640 1895 2779 1949 enim
2820 1897 3116 1952 substantia
3167 1900 3396 1953 animata
3428 1916 3548 1957 esse
3595 1913 3754 1972 atque

2177 1984 2445 2038 sensibilis
2470 1995 2524 2039 et
2553 1987 2710 2041 homo
2743 2004 2847 2051 non
2879 2005 3016 2045 esse.
3052 1991 3181 2046 ltem
3214 1992 3256 2046 si
3289 1993 3489 2048 dixeris
3526 2010 3638 2048 rem
3671 2013 3752 2050 ra-

2179 2072 2799 2143 tionalem,'ntortalem,
2860 2082 3000 2136 risus
3050 2091 3104 2137 ct
3154 2082 3447 2153 disciplina:
3502 2101 3751 2155 capacem

2176 2165 2370 2218 animal
2402 2180 2539 2232 esse,
2572 2184 2755 2222 verum
2799 2170 3013 2225 dixeris.
3046 2173 3100 2226 Si
3157 2184 3334 2228 autem
3390 2175 3537 2230 dicas
3593 2187 3769 2245 atque“

2176 2265 2456 2309 convertas
2496 2259 2689 2312 animal
2735 2275 2853 2315 esse
2883 2278 2993 2315 rem
3048 2264 3397 2330 rationalem,
3446 2268 3748 2336 mortalem,

2177 2347 2317 2400 risus
2336 2358 2391 2401 et
2411 2348 2702 2413 disciplinae
2730 2354 3154 2422 perceptibilem,
3180 2370 3282 2410 non
3314 2358 3534 2412 omnino
3567 2375 3750 2413 verum

2176 2437 2391 2493 dixeris.
2420 2442 2600 2496 Potest
2623 2445 2765 2498 enim
2790 2459 2908 2501 esse
2942 2449 3159 2512 animal,
3196 2460 3248 2504 et
3279 2465 3383 2503 non
3414 2465 3533 2506 esse
3585 2453 3750 2506 ratio-

2177 2529 2296 2583 nale
2340 2541 2394 2585 et
2424 2533 2564 2587 risus
2594 2549 2780 2604 capax.
2833 2539 2971 2604 Ergo
3011 2540 3220 2607 quoties
3259 2541 3430 2607 major
3457 2550 3538 2597 est
3567 2540 3749 2595 delini-

2177 2621 2272 2687 lio,
2301 2640 2457 2692 quam
2487 2626 2536 2679 id
2569 2628 2708 2696 qttnd
2739 2629 3012 2695 deﬁnitur,
3039 2632 3081 2684 si
3114 2633 3260 2701 prius
3288 2633 3482 2687 dicitur
3510 2634 3562 2687 id
3610 2634 3749 2704 quod

2175 2712 2445 2781 delinitur,
2471 2725 2524 2771 et
2550 2718 2720 2786 major
2741 2719 2982 2775 deﬁnitio
3002 2721 3304 2787 adhibetur,
3328 2739 3448 2777 vera
3472 2738 3589 2778 esse
3612 2734 3751 2793 pote-

2176 2806 2243 2859 rit
2271 2806 2533 2861 deﬁnitio.
2568 2811 2622 2864 Si
2645 2810 2786 2864 enim
2816 2815 2961 2880 prius
2982 2812 3182 2866 dixeris
3214 2813 3481 2866 hominem
3508 2829 3619 2867 rem
3648 2817 3753 2869 mi-

2175 2912 2383 2965 norem,
2413 2910 2467 2954 et
2495 2900 2561 2953 ad
2593 2903 2762 2969 ipsum
2810 2913 2992 2970 postea
3044 2903 3355 2958 adhibueris
3384 2904 3751 2963 deﬁnitionem

2176 2991 2455 3060 majorem,
2482 3005 2540 3049 ut
2579 2996 2723 3064 prius
2748 2995 2896 3051 dicas
2919 2996 3077 3051 homo
3101 3007 3200 3063 est,
3235 3009 3289 3055 et
3320 3011 3502 3069 postea
3532 3004 3750 3074 subjun-

2175 3085 2582 3151 gas'substantia
2633 3089 2864 3141 animata
2908 3090 3197 3155 sensibilis,
3230 3102 3404 3147 utrum
3443 3102 3541 3150 est.
3581 3096 3750 3151 llomo

481 3186 551 3240 ab
594 3184 809 3238 animali
860 3182 1038 3235 minus
1067 3188 1170 3243 est,
1200 3180 1272 3234 ita
1301 3178 1562 3232 deﬁniunt
1588 3194 1602 3229 :
1634 3175 1805 3231 Homo
1834 3182 1919 3230 est
1946 3174 2064 3227 ani-
2094 3153 2139 3214 (ἶ
2172 3175 2312 3228 enim
2338 3177 2639 3231 necessario
2669 3188 2751 3232 est
2785 3179 3080 3232 substantia
3108 3181 3337 3237 animata
3370 3186 3659 3241 sensibilis.
3691 3187 3748 3242 Si

485 3278 591 3333 mal
611 3276 893 3339 rationale,
918 3274 1166 3336 mortale,
1198 3273 1340 3327 risus
1369 3279 1426 3327 et
1453 3270 1754 3340 disciplinae
1803 3268 2067 3339 percepti—

485 3370 613 3424 bile.
638 3366 790 3434 Quod
813 3368 857 3420 si
881 3365 1053 3433 majus
1079 3373 1163 3420 est
1185 3356 1384 3418 animal
1426 3363 1494 3417 ab
1520 3362 1754 3425 homine,
1773 3360 1943 3429 major
1966 3359 2070 3414 erit

483 3461 644 3516 etiam
666 3457 911 3512 animalis
939 3455 1181 3510 deﬁnitio
1208 3455 1277 3509 ab
1307 3453 1539 3508 hominis
1576 3453 1908 3508 deﬁnitione.
1942 3450 2068 3506 Plus

481 3554 627 3610 enim
650 3552 753 3607 erit
772 3549 952 3606 dicere
999 3548 1296 3605 substantia
1326 3549 1558 3603 animata
1587 3546 1878 3610 sensibilis,
1907 3560 2066 3625 quam

480 3642 678 3699 animal
707 3642 987 3707 rationale,
1019 3640 1262 3696 mortale.
1295 3640 1428 3695 Nam
1482 3637 1779 3694 substantia
1832 3638 2066 3692 animata

481 3734 775 3798 sensibilis,
803 3732 941 3787 sicut
969 3731 1143 3799 ipsum
1176 3731 1394 3798 animal,
1430 3747 1535 3786 non
1587 3730 1762 3785 solum
1796 3730 2066 3784 hominem

454 3824 873 3895 complectitur,
900 3822 997 3879 sed
1020 3823 1179 3878 etiam
1201 3826 1401 3893 'equum
1431 3831 1485 3878 et
1507 3821 1699 3877 bovem
1746 3831 1907 3891 atque
1936 3820 2067 3875 alias

466 3916 781 3988 huiusmodi
810 3917 1035 3987 species.
1063 3915 1120 3971 Si
1158 3918 1276 3986 quis
1302 3928 1429 3984 ergo
1455 3913 1521 3968 ad
1562 3913 1835 3967 hominem
1890 3915 2061 3983 majo-

442 4060 443 4063 η
480 4024 592 4064 rem
619 4008 983 4063 deﬁnitionem
1011 4005 1291 4077 aptaverit,
1324 4019 1441 4074 qua:
1472 4010 1556 4059 est
1582 4004 1849 4071 animalis,
1880 4013 1937 4059 ut
1987 4006 2061 4060 ita

480 4099 699 4155 deﬁniat
727 4098 997 4152 hominem
1033 4117 1047 4152 :
1081 4097 1243 4150 homo
1265 4105 1343 4149 est
1360 4094 1655 4149 substantia
1685 4093 1915 4148 animata
1943 4109 2065 4150 sen-

462 4191 673 4255 sibilis,
703 4204 808 4243 non
838 4198 919 4243 est
949 4189 1103 4257 plena
1156 4186 1483 4242 deﬁnitionis
1522 4186 1682 4252 ratio,
1742 4200 1861 4240 eum
1895 4201 2064 4257 equus

481 4291 636 4353 atque
665 4281 759 4336 bos
809 4279 1105 4334 substantia
1157 4278 1387 4332 animata
1435 4287 1595 4347 atque
1626 4278 1896 4332 sensibilis
1946 4292 2065 4333 esse

479 4375 705 4443 possint,
736 4387 854 4441 qua:
884 4370 1089 4439 species
1113 4369 1345 4423 hominis
1393 4385 1497 4425 non
1530 4378 1678 4424 sunt.
1707 4370 1761 4424 Si
1793 4370 1912 4438 quis
1934 4385 2062 4425 vero

479 4465 667 4532 majori
697 4464 772 4517 rei
803 4461 1062 4516 minorem
1088 4460 1453 4515 deﬁnitionem
1484 4460 1767 4529 aptaverit,
1798 4474 1982 4513 curam
2010 4469 2064 4515 ct

2171 3278 2295 3320 vero
2318 3267 2463 3336 prius
2506 3267 2708 3323 dixeris
2735 3268 3126 3339 deﬁnitionem,
3157 3285 3209 3328 et
3255 3283 3437 3344 postea
3469 3276 3670 3332 dixeris
3701 3278 3749 3334 id

2170 3358 2310 3429 quod
2336 3359 2577 3423 deﬁnies,
2609 3376 2729 3416 vera
2763 3377 2887 3420 esse
2918 3379 3023 3419 non
3055 3375 3230 3435 potest
3256 3369 3499 3425 omnino.
3546 3368 3677 3425 Nam
3706 3371 3748 3428 si

2169 3450 2537 3506 deﬁnitionem
2570 3453 2829 3523 majorem
2861 3458 3008 3527 prius
3036 3458 3260 3527 dixeris,
3287 3461 3469 3516 dicens
3502 3463 3748 3518 substan-

2170 3541 2242 3596 tia
2272 3542 2501 3597 animata
2530 3546 2823 3613 sensibilis,
2849 3557 2901 3604 et
2927 3558 3109 3618 postea
3152 3567 3263 3607 rem
3316 3553 3575 3610 minorem
3608 3555 3748 3610 inttt~

2168 3630 2318 3699 leris,
2352 3642 2410 3685 ut
2438 3632 2585 3689 dicas
2633 3634 2795 3691 homo
2823 3648 2924 3705 est,
2955 3647 3012 3692 ut
3041 3639 3131 3705 sit,
3170 3639 3463 3694 substantia
3517 3642 3747 3700 animata

2168 3720 2439 3777 sensibilis
2484 3724 2647 3778 homo
2673 3733 2779 3791 est,
2817 3741 2924 3780 non
2967 3727 3186 3781 omnino
3219 3742 3403 3783 verum
3434 3736 3535 3783 est.
3567 3728 3746 3787 Potest

2170 3812 2313 3866 enim
2345 3826 2466 3866 esse
2496 3821 2550 3868 et
2577 3813 2876 3869 substantia
2896 3816 3125 3870 animata
3142 3818 3431 3885 sensibilis,
3447 3833 3550 3873 non
3571 3829 3746 3876 tamen

2168 3899 2348 3956 homo.
2373 3904 2448 3957 .At
2472 3917 2597 3957 vero
2642 3904 2689 3957 si
2740 3905 2916 3960 minor
2945 3906 3107 3960 fuerit
3155 3908 3397 3962 deﬁnitio
3445 3924 3602 3979 quam
3658 3911 3745 3965 illa

2170 3991 2282 4060 ipsa
2313 4007 2400 4046 res
2430 4007 2550 4062 quas
2594 3993 2864 4059 delinitur,
2909 3995 2953 4048 si
2986 3996 3133 4065 prius
3180 3998 3319 4051 dicta
3367 3999 3438 4052 sit
3483 3998 3745 4061 deﬁnitio.

2167 4098 2294 4138 vera
2317 4093 2417 4151 est,
2454 4086 2738 4155 posterior,
2764 4086 2914 4141 falsa.
2933 4086 3061 4141 Nam
3083 4089 3126 4143 si
3153 4089 3349 4144 dixeris
3377 4090 3743 4149 deﬁnitionem

2167 4189 2285 4245 quae
2315 4186 2397 4231 est
2421 4177 2619 4243 minor,
2647 4192 2736 4232 res
2764 4178 3057 4243 rationalis,
3080 4181 3500 4244 mortalis,~ristts
3518 4191 3570 4236 et
3587 4184 3745 4237 disci-

2169 4267 2325 4336 plinae
2354 4283 2547 4339 capax,
2575 4276 2631 4323 et
2673 4278 2793 4339 post
2833 4270 3074 4325 intuleris
3104 4273 3297 4325 animal
3326 4283 3428 4339 est,
3462 4283 3516 4328 ut
3543 4275 3633 4339 sit,
3658 4290 3745 4330 res

2167 4360 2463 4423 rationalis,
2495 4362 2758 4429 mortalis,
2793 4362 2931 4415 risus
2955 4371 3008 4416 et
3038 4362 3327 4429 disciplina:
3355 4380 3523 4433 capax
3552 4367 3745 4423 animal

2167 4460 2268 4513 est,
2301 4465 2427 4504 vera
2480 4457 2585 4504 est.
2618 4450 2803 4505 Omnis
2853 4451 2994 4504 enim
3046 4465 3161 4519 res,
3204 4468 3323 4521 quae
3363 4456 3640 4510 rationalis
3693 4467 3745 4513 ct

480 4559 791 4611 diminutam
820 4554 1211 4625 qttodammolo
1240 4554 1364 4608 facit
1394 4556 1677 4607 rationem.
1703 4552 1833 4606 Nam
1876 4553 1919 4605 si
1942 4554 2060 4621 quis

2170 4542 2407 4595 mortalis
2456 4554 2558 4608 est,
2606 4545 2745 4598 risus
2787 4552 2839 4599 et
2869 4545 3164 4614 disciplina:
3211 4562 3397 4619 capax,
3441 4554 3744 4606 necessario

479 4649 669 4703 animal
697 4645 921 4701 deﬁnire
954 4645 1143 4699 volens
1186 4645 1329 4699 dicat
1361 4662 1373 4697 :
1409 4645 1624 4698 Animal
1665 4652 1748 4698 est
1777 4658 1865 4698 res
1897 4646 2061 4699 ratio-

478 4740 635 4802 nalis,
668 4739 807 4792 risus
834 4750 886 4793 et
918 4736 1212 4806 disciplina:
1236 4735 1617 4806 perceptibilis,
1650 4728 1754 4788 non
1786 4735 1889 4789 erit
1918 4735 2057 4789 inte-

462 4846 569 4902 gra
610 4831 870 4895 deﬁnitio,
904 4832 1153 4901 quoniam
1194 4840 1317 4885 sunt
1363 4831 1604 4901 quaedam
1664 4831 1912 4885 animalia
1940 4846 2059 4901 quae

476 4928 628 4981 istius
657 4925 982 4981 deﬁnitionis
1036 4926 1294 4981 rationem
1329 4925 1698 4994 subtel‘ugere
1746 4936 1903 4997 atque
1935 4940 2057 4981 eva-

476 5019 601 5075 dere
630 5028 869 5089 possunt.
894 5019 983 5072 Est
1010 5019 1147 5072 enim
1180 5019 1373 5073 animal
1398 5018 1514 5082 bos,
1539 5017 1679 5087 quod
1700 5034 1870 5089 neque
1897 5018 2059 5072 ratio-

476 5110 596 5163 nale
628 5109 715 5173 sit,
749 5123 919 5175 neque
963 5110 1103 5163 risus
1135 5109 1504 5178 pcrceptibile.
1535 5108 1659 5164 Sola
1699 5109 1857 5177 igitur
1890 5110 2056 5163 relin-

477 5209 705 5268 quantur
728 5198 865 5254 bene
905 5198 1143 5265 deﬁniri,
1177 5215 1508 5269 quaecunque
1537 5201 1832 5270 aequalibus
1862 5200 2056 5257 deﬁni-

477 5288 709 5342 tionibus
739 5288 1150 5355 constitunnlur,
1184 5289 1272 5344 ubi
1324 5300 1501 5345 autem
1549 5292 1767 5360 aequalis
1816 5292 2059 5347 deﬁnitio

477 5382 565 5444 sit,
623 5381 726 5437 hoc
778 5384 936 5438 modo
983 5398 1264 5453 possumus
1319 5385 1556 5454 reperire
1590 5404 1603 5441 :
1638 5385 2058 5440 Praedicamenta

477 5485 804 5541 quaecunque
829 5472 1045 5540 fuerint,
1075 5475 1117 5528 si
1151 5475 1320 5545 majus
1357 5478 1827 5545 prmdicamcutum
1851 5476 1919 5531 de
1951 5478 2053 5530 mi-

482 5576 614 5615 nore
664 5564 840 5633 aliquo
894 5565 1253 5634 prtedicatur,
1298 5569 1536 5621 converti
1582 5583 1685 5622 non
1742 5578 1944 5636 potest,
2000 5577 2057 5623 ut

481 5653 655 5706 minor
683 5653 751 5708 de
793 5657 993 5725 majore
1023 5658 1360 5727 praedicetur.
1413 5658 1638 5728 Semper
1663 5660 1802 5714 enim
1850 5659 2052 5729 majora

480 5742 548 5797 de
574 5743 891 5803 minoribus.
912 5764 1193 5804 .nnnouam
1220 5750 1422 5804 minora
1456 5750 1521 5803 de
1551 5750 1837 5806 maioribus
1861 5752 2055 5808 nrmdi-

2168 4633 2362 4687 animal
2386 4643 2488 4689 est.
2516 4637 2583 4689 At
2611 4651 2737 4690 vero
2783 4637 2826 4690 si
2853 4638 3204 4705 converteris,
3247 4653 3298 4693 et
3327 4657 3439 4695 rem
3489 4642 3744 4711 majorem

2166 4723 2309 4793 prius
2340 4726 2571 4781 dixeris:
2599 4738 2717 4796 post
2747 4743 2877 4799 vero
2904 4730 3163 4785 minorem
3194 4730 3559 4788 deﬁnitionem
3586 4735 3747 4789 adhi-

2168 4816 2372 4885 bueris,
2403 4833 2525 4872 vera
2566 4820 2785 4874 omnino
2814 4834 2935 4875 esse
2979 4836 3085 4875 non
3116 4832 3307 4891 potest.
3361 4823 3490 4877 Nam
3523 4827 3567 4879 si
3600 4826 3744 4884 dicas

2168 4907 2335 4983 prius,
2368 4908 2561 4962 animal
2584 4918 2685 4977 εει,
2719 4919 2901 4979 postea
2926 4921 3098 4967 autem
3124 4912 3385 4981 junxeris,
3407 4930 3490 4968 res
3513 4916 3744 4970 rationa-

2168 4996 2255 5061 lis,
2287 4999 2546 5063 mortalis,
2599 5000 2740 5054 risus
2780 5008 2834 5054 et
2879 5000 3174 5070 disciplima
3223 5004 3602 5072 perceptibiﬁs,
3637 5022 3742 5059 ttnn
3802 5064 3805 5067 _

2167 5089 2384 5145 omnino
2411 5105 2593 5145 verum
2612 5102 2713 5146 est.
2748 5092 2929 5147 Potest
2949 5094 3092 5147 enim
3114 5108 3235 5148 esse
3256 5095 3473 5160 animal,
3504 5105 3557 5149 et
3584 5099 3743 5151 ratio-

2167 5189 2286 5243 nale
2308 5189 2390 5244 vel
2418 5190 2642 5247 mortale
2672 5207 2776 5246 non
2806 5207 2944 5247 esse.
2976 5192 3157 5261 itaque
3186 5193 3229 5247 si
3263 5194 3432 5261 major
3457 5203 3539 5249 est
3558 5194 3746 5248 deﬂui-

2169 5281 2242 5336 tio
2267 5298 2423 5352 quam
2450 5298 2533 5337 res
2564 5284 2721 5338 fuerit
2746 5302 2757 5336 :
2786 5284 2829 5339 si
2850 5285 2995 5353 prius
3026 5300 3139 5340 rem
3171 5284 3395 5354 dixeris,
3443 5295 3627 5355 postea
3654 5286 3747 5341 de.

2168 5370 2461 5425 ﬁnitionem
2492 5373 2758 5439 intuleris,
2790 5388 2916 5428 vera
2945 5383 3047 5428 est.
3079 5373 3136 5429 Si
3158 5390 3285 5428 vero
3304 5374 3449 5443 prius
3476 5373 3743 5428 deﬁnitio-

2163 5478 2282 5517 nem
2322 5462 2523 5518 dixeris
2551 5474 2671 5533 post
2710 5482 2820 5521 rem
2854 5466 3120 5531 intuleris,
3152 5466 3279 5520 falsa
3304 5476 3406 5520 est.
3440 5464 3495 5517 ltt
3529 5466 3743 5519 minori.

2162 5552 2261 5608 bus
2291 5568 2420 5608 vero
2469 5555 2871 5613 deﬁnitionibus
2920 5568 2976 5615 et
3029 5556 3318 5626 majoribus
3357 5556 3516 5611 rebus
3559 5569 3743 5612 contra

2162 5650 2262 5698 est.
2295 5641 2426 5699 Nam
2460 5646 2503 5699 si
2550 5645 2917 5703 deﬁnitionem
2967 5651 3114 5716 prius
3139 5645 3360 5711 dixeris,
3396 5654 3579 5715 postea
3632 5662 3743 5701 rem

2161 5734 2476 5807 subjeceris,
2498 5751 2621 5792 vera
2642 5746 2744 5796 est.
2778 5737 2835 5793 Si
2865 5750 2993 5792 vero
3017 5751 3128 5793 rem
3155 5735 3302 5793 prius
3328 5736 3546 5797 dixeris.
3563 5744 3741 5793 postea
