4106 6336
332 320 400 377 37
1495 314 1557 369 ΙΝ
1598 312 1913 369 PORPIIYR

2015 312 2035 366 vl
2074 314 2410 375 DIALOCUS
2449 318 2486 373 Ι.
3513 329 3585 388 58

329 432 703 489 deﬁnitionem
731 427 1189 499 subjcceris,vcra
1210 425 1427 493 omnino
1446 440 1682 480 essenon
1717 426 1988 494 potest.'A
2019 426 2213 495 speciei
2265 443 2394 497 vero
2446 431 2741 485 substantia
2796 446 2993 503 genere
3046 438 3404 507 superposito,
3444 449 3496 496 et
3530 424 3599 501 ad

332 525 401 578 At
430 539 564 577 vero
605 524 656 575 in
693 521 985 591 arqualibus
1033 518 1431 574 deﬁnitionibus
1461 517 1703 572 converti
1734 531 1913 585 aequa-

284 612 289 617 ”
330 614 453 669 liter
483 622 678 682 potest.
715 615 843 667 Nam
895 612 1145 680 quoniam
1197 610 1361 663 solius
1391 609 1621 663 hominis
1673 608 1788 661 hzec
1832 616 1915 662 est

327 705 597 768 deﬁnitio,
621 704 818 757 animal
844 702 1123 768 rationale,
1155 700 1404 765 mortale,
1439 699 1659 766 aequalis
1688 706 1770 751 est
1798 697 1913 751 lucc

328 798 397 852 ad
430 799 701 852 hominem
730 794 994 860 deﬁnitio,
1028 792 1277 863 quoniam
1333 806 1439 845 non
1493 797 1577 845 est
1630 786 1913 853 aliudncui

332 888 501 955 possit
529 887 724 954 aptari.
766 884 950 951 Itaque
1000 882 1045 935 si
1094 879 1242 949 prius
1269 877 1634 932 deﬁnitionem
1687 875 1908 939 dixeris,

332 986 515 1047 postea
555 991 667 1030 rem
698 972 1015 1042 subjcceris,
1061 986 1184 1025 vera
1238 969 1359 1035 erit,
1401 978 1460 1022 ut
1489 976 1603 1023 est:
1629 967 1789 1021 homo
1829 974 1913 1020 est

332 1065 832 1131 animalrationale,
861 1062 1111 1127 mortale,
1145 1062 1283 1114 risus
1310 1068 1363 1113 et
1399 1059 1697 1127 disciplinre
1726 1070 1911 1126 perce-

332 1156 536 1225 ptibilc.
568 1156 664 1209 Sin
694 1169 820 1207 vero
859 1152 1213 1215 converteris,
1248 1160 1301 1205 et
1329 1151 1476 1219 prius
1518 1142 1904 1215 deﬁnitionem,

330 1254 512 1313 postea
542 1258 652 1297 rem
691 1241 915 1305 dixeris,
944 1242 1069 1295 utsi
1110 1240 1277 1303 dicas,
1310 1239 1507 1292 animal
1545 1237 1723 1307 'quod-
1750 1236 1912 1293 fuerit

329 1335 611 1401 rationale,
639 1334 884 1398 mortale,
937 1334 1077 1388 risus
1127 1343 1182 1387 et
1228 1333 1521 1402 disciplinae
1561 1333 1911 1402 pereeptibile

306 1432 489 1488 homo
518 1441 623 1498 est,
651 1434 764 1486 haec
792 1445 1007 1500 quoque.
1029 1444 1154 1484 vera
1182 1440 1265 1483 est
1298 1447 1310 1481 :
1344 1428 1413 1483 ita
1444 1442 1657 1496 semper
1684 1430 1742 1481 ut
1778 1427 1909 1482 deﬁ-

328 1524 558 1579 nitiones
583 1539 724 1578 vera:
762 1524 889 1589 s'nt,
919 1536 1091 1591 neque
1114 1521 1257 1590 plus,
1287 1536 1460 1589 neque
1490 1522 1666 1574 minus
1692 1521 1745 1573 in
1776 1520 1908 1574 deﬁ—

328 1616 618 1670 nitionibus
647 1623 860 1683 oportet
911 1614 1102 1682 aptari,
1131 1612 1222 1668 sed
1256 1614 1531 1681 aequaliter
1569 1610 1909 1666 deﬁnitiones

328 1708 818 1775 conVenienterque
858 1703 1089 1773 disponi.
1145 1703 1295 1770 Quod
1350 1704 1675 1775 Porphyrius
1703 1704 1910 1757 scilicet

2020 518 2186 586 ipsam
2239 519 2547 587 prmdicatio
2580 523 2874 591 perﬁcitur,
2904 540 3011 580 non
3063 536 3144 580 est
3194 529 3413 583 dubium
3467 534 3597 599 quin

2013 622 2136 661 cum
2167 623 2336 677 genus
2362 610 2595 665 difﬁnire
2621 626 2838 667 necesse
2873 614 2944 667 sit
2967 614 3089 682 jure
3123 620 3447 687 speciem,et
3476 637 3594 677 cum

2016 698 2275 766 speciem,
2291 698 2586 767 jure‘nobis
2602 715 2767 769 genus
2787 704 3072 771 praedicare
3098 723 3316 762 necesse
3355 713 3441 764 sit.
3473 712 3595 767 ilice

2016 785 2179 865 igitur
2190 788 2351 841 etiam
2364 788 2417 842 in
2431 791 2639 858 generis
2653 792 3045 861 subscriptione
3057 800 3367 853 servabatur
3379 801 3595 857 distinc-

2015 877 2093 931 tio
2108 917 2122 941 ,
2143 893 2261 932 cum
2278 881 2491 949 generis
2507 882 2752 937 deﬁnitio
2774 883 2951 938 habita
2972 896 3072 941 est.
3111 888 3221 943 lloc
3233 892 3373 943 enim
3389 892 3594 949 dictum

2016 978 2117 1035 est,
2138 978 2261 1023 tunc
2279 985 2399 1025 esse
2424 987 2592 1041 genus
2614 974 2753 1044 quod
2781 975 2845 1029 ad
2871 976 3132 1033 distantes
3154 983 3361 1048 species
3388 975 3595 1041 dicere~

2015 1068 2121 1113 tur.
2146 1059 2437 1117 Nuncvero
2464 1064 2746 1119 dicendum
2776 1067 2923 1122 estid
2938 1084 3056 1123 esse
3087 1052 3315 1139 speciem
3345 1090 3462 1143 quae
3492 1078 3593 1132 sub
3676 1122 3679 1123 ν

1990 1165 2210 1219 genere
2224 1152 2456 1219 ponitur.
2477 1154 2581 1210 Sed
2597 1157 2873 1226 multiplex
2894 1159 3268 1227 ejusdifﬁnitio
3283 1164 3461 1220 haberi
3493 1182 3591 1235 po-

2014 1250 2139 1296 test.
2161 1241 2341 1298 Potest
2356 1245 2498 1300 enim
2530 1261 2717 1302 rursus
2743 1248 2849 1303 dici
2868 1250 2919 1304 id
2937 1265 3055 1306 esse
3075 1243 3328 1320 speciem,
3352 1256 3418 1309 ad
3433 1273 3590 1325 qnam

2011 1347 2180 1403 genus
2205 1333 2261 1387 in
2283 1349 2349 1389 eo
2369 1337 2508 1404 quod
2534 1337 2662 1407 quid
2679 1340 2770 1403 sit,
2805 1340 3142 1408 prmdicatur.
3176 1344 3303 1408 Quae
3324 1361 3407 1399 res
3420 1345 3595 1401 'utraa-i

2011 1437 2116 1492 que
2141 1423 2190 1477 id
2221 1423 2541 1495 signiﬁcant,
2594 1428 2825 1497 speciem
2875 1429 2997 1498 poni
3047 1432 3147 1485 sub
3184 1448 3401 1501 genere.
3458 1437 3588 1492 Nam

2014 1516 2185 1584 prima
2216 1518 2429 1586 quidem
2468 1518 2737 1585 deﬁnitio,
2769 1521 2818 1575 id
2845 1530 3030 1590 aperte
3056 1523 3319 1593 designat.
3346 1526 3588 1584 Secunda

2013 1619 2121 1658 non
2153 1607 2276 1660 talis
2323 1618 2437 1663 est:
2470 1610 2724 1678 quoniam
2777 1626 2991 1679 semper
3038 1614 3242 1668 minora
3298 1616 3590 1685 majoribus

2014 1709 2406 1767 supponuntur.
2439 1699 2615 1755 Genus
2649 1702 2716 1755 ab
2740 1717 2806 1757 eo
2829 1704 3026 1774 aliquid
3078 1706 3130 1759 in
3187 1721 3252 1761 eo
3298 1710 3437 1777 quod
3466 1711 3591 1779 quid

318 1810 427 1850 non
458 1794 715 1864 ignorans
760 1794 852 1855 ait,
891 1807 950 1847 se
992 1809 1167 1862 neque
1197 1792 1336 1862 plus,
1376 1810 1549 1863 neque
1578 1794 1753 1848 minus
1776 1792 1898 1848 ρπε.
1938 1789 1987 1851 Β
2016 1789 2085 1842 sit
2127 1790 2483 1858 praedicatur:
2518 1794 2661 1861 quod
2710 1795 2881 1865 majus
2904 1811 3023 1851 esse
3060 1812 3163 1851 non
3213 1800 3434 1855 dubium
3484 1812 3589 1859 est.

322 1885 460 1941 cisse
494 1884 707 1953 generis
744 1883 1130 1939 delinitioncm.
1164 1884 1229 1938 Et
1277 1885 1471 1940 Fabius
1503 1903 1516 1938 :
1549 1886 1800 1954 Sequitur
1828 1885 1910 1939 in-

331 1980 435 2049 ruit
459 1979 526 2033 de
551 1979 731 2047 specie
755 1979 1049 2047 disputare.
1086 1977 1203 2043 Dic,
1230 1978 1471 2047 inquam,
1488 1978 1613 2047 quid
1633 1978 1911 2047 sequitur?

324 2072 388 2125 lit
412 2070 611 2125 Fabius
647 2088 659 2122 :
691 2069 789 2124 llic
813 2069 895 2139 (ut
914 2066 1126 2137 opinor)
1153 2067 1288 2121 ordo
1309 2076 1412 2124 est.

878 2226 887 2233 ρ
930 2158 1014 2211 os
1054 2157 1313 2213 SPECIE.

397 2252 606 2320 Species
628 2266 824 2321 quoque
850 2250 1022 2303 multis
1052 2251 1237 2302 dicitur
1280 2250 1463 2303 modis.
1498 2248 1632 2302 Nam
1661 2256 1708 2302 el
1734 2251 1913 2302 unius-

330 2347 571 2415 :ujusque
621 2344 840 2397 hominis
889 2346 1052 2412 forma
1109 2343 1298 2416 species
1362 2342 1669 2409 appellatur.
1716 2342 1912 2395 Rursus

308 2434 569 2487 ‘Jicituret
586 2433 1120 2501 pulchritudovultus,
1152 2431 1286 2492 unde
1313 2431 1679 2500 pulcherrimos
1693 2447 1914 2499 quosque

338 2526 577 2593 iper-inse:
608 2525 843 2577 dicimus.
894 2523 1095 2575 Eicitur
1128 2522 1318 2589 species
1348 2531 1393 2575 et
1417 2538 1477 2577 ea
1506 2539 1620 2591 qua:
1649 2525 1913 2593 supposita

333 2617 611 2687 :ngeneri,
630 2616 767 2669 unde
788 2614 1042 2667 hominem
1060 2614 1301 2668 animalis
1320 2616 1537 2684 speciem
1571 2615 1909 2683 appellamus,

335 2706 649 2759 mmenimal
677 2706 839 2769 ipsum
866 2721 1028 2776 genus
1048 2705 1111 2758 sit
1134 2720 1153 2757 .'
1178 2715 1226 2758 et
1251 2704 1444 2770 album,
1476 2705 1659 2757 coloris
1676 2706 1910 2771 speciem.

297 2779 300 2782 ’
395 2796 548 2850 Tunc
604 2809 703 2865 ego
741 2794 938 2864 speciei
990 2810 1205 2864 quoque
1274 2810 1469 2849 nomen
1522 2795 1660 2849 sicut
1702 2796 1914 2865 generis

332 2887 662 2956 a-quivocum
706 2897 856 2957 puta.
901 2886 1031 2941 Nam
1058 2894 1116 2940 et
1168 2887 1270 2940 hoc
1313 2901 1526 2955 quoque
1567 2885 1912 2940 multifariam

333 2980 580 3047 appellari
604 2980 867 3049 designat.
926 2979 1127 3033 Dicitur
1173 2978 1340 3044 enim,
1386 2977 1578 3047 inquit,
1614 2978 1823 3047 species
1849 2986 1904 3031 et

332 3072 491 3140 ﬁgura
516 3072 847 3141 corporis,et
878 3072 1106 3126 fortasse
1137 3070 1237 3125 alia
1266 3072 1434 3141 plura.
1461 3071 1537 3126 De
1563 3071 1756 3141 quibus
1778 3086 1908 3140 quo-

2015 1879 2167 1945 Quod
2208 1882 2252 1935 si
2296 1882 2367 1936 ita
2418 1891 2521 1948 est,
2548 1885 2727 1939 nullus
2779 1896 2859 1941 est
2889 1888 3232 1945 obscuritatis
3260 1908 3431 1962 error,
3463 1897 3590 1963 quin

2013 1970 2223 2036 species
2252 1984 2371 2039 qum
2408 1972 2583 2026 minor
2607 1982 2689 2027 est
2729 1975 2919 2044 majori
2949 1978 3051 2032 sibi
3092 1982 3274 2048 generi
3323 1998 3592 2052 suppona-

2016 2066 2119 2111 tur.
2149 2057 2287 2112 Nihil
2312 2060 2470 2127 igitur
2505 2061 2619 2116 hmc
2645 2064 2876 2119 secunda
2907 2066 3233 2124 deﬁnitionis
3274 2072 3589 2142 signiﬁca'io

2013 2164 2042 2204 a
2078 2151 2257 2218 priore
2283 2147 2464 2209 differt
2494 2171 2507 2207 :
2534 2171 2639 2210 non
2668 2158 2810 2212 enim
2844 2161 3051 2227 species
3079 2163 3179 2216 sub
3204 2179 3399 2233 genere
3430 2182 3591 2235 pone-

2013 2251 2182 2307 retur,
2209 2244 2310 2299 nisi
2340 2260 2507 2314 genus
2527 2247 2593 2301 ad
2631 2249 2861 2317 speciem
2882 2251 2933 2303 in
2958 2266 3021 2305 eo
3048 2254 3188 2321 quod
3220 2255 3342 2323 quid
3369 2257 3437 2309 sit
3460 2273 3591 2327 pra:-

2016 2330 2310 2386 dicarelur.
2329 2334 2505 2388 Tertia
2537 2336 2913 2392 verodeﬁnitio
2935 2342 3128 2408 speciei
3160 2342 3358 2412 integra
3388 2348 3592 2403 ratione

2014 2420 2236 2475 collecta
2268 2429 2370 2487 est,
2403 2433 2458 2478 et
2502 2425 2671 2492 ipsius
2710 2428 2909 2495 speciei
2942 2431 3046 2483 vim
3103 2444 3454 2505 naturamque
3498 2439 3592 2494 de-

2015 2522 2295 2569 monstrat.
2324 2517 2461 2571 Dicit
2501 2519 2642 2573 enim
2701 2520 2934 2587 Speciem
2974 2534 3096 2576 esse
3125 2537 3243 2591 qua:
3270 2524 3334 2577 ad
3368 2527 3591 2594 plurima

2004 2620 2239 2664 'numero
2262 2611 2561 2667 differentia
2617 2614 2669 2667 iu
2702 2629 2767 2669 eo
2808 2614 2951 2684 quod
2981 2617 3106 2687 quid
3133 2618 3219 2671 sit
3247 2622 3589 2689 prmdicatur.

2015 2698 2144 2765 Quae
2172 2699 2420 2755 difﬁnitio
2446 2704 2606 2757 etiam
2631 2719 2698 2759 ex
2720 2706 2995 2775 superiore
3024 2721 3224 2780 genere
3268 2713 3445 2769 debuit
3471 2731 3592 2772 esse

2017 2787 2343 2854 planissima.
2373 2790 2479 2845 Sed
2509 2805 2609 2860 ego
2636 2807 2743 2846 non
2776 2804 3029 2863 quantum
3049 2800 3303 2867 castigata
3335 2804 3592 2870 permittit

2016 2878 2249 2932 brevitas
2301 2879 2615 2949 explicabo,
2661 2881 2755 2936 sed
2811 2884 2958 2953 prius
3009 2885 3078 2941 de
3127 2887 3255 2957 ipsis
3307 2892 3592 2958 generibus

2016 2968 2401 3038 speciebusque
2428 2984 2593 3039 pauca
2625 2969 2848 3025 dicenda
2866 2981 2991 3028 sunt
3022 2991 3038 3027 :
3066 2973 3198 3030 Cum
3227 2978 3592 3047 sintquaedam

1980 3056 1992 3067 '
2016 3073 2208 3127 genera
2233 3076 2352 3129 qua:
2380 3060 2587 3128 species
2608 3060 2856 3129 habeant,
2887 3071 3047 3132 atque
3078 3067 3189 3135 ipsa
3226 3068 3349 3123 aliis
3375 3073 3590 3137 generi-

316 3158 470 3217 niam
518 3163 697 3217 nullus
727 3171 987 3218 tractatus
1035 3163 1352 3227 habebatur,
1394 3163 1516 3233 jure
1548 3163 1906 3233 praetermissa

2015 3149 2114 3204 bus
2143 3152 2351 3220 species
2376 3167 2497 3207 esse
2528 3155 2751 3221 possint,
2786 3169 2893 3209 non
2925 3164 3008 3211 est
3044 3155 3263 3213 dubium
3293 3174 3353 3214 ea
3383 3164 3593 3230 gemina

333 3261 475 3305 sunt.
516 3252 615 3307 llic
646 3262 823 3308 tamen
868 3267 899 3306 a
923 3251 1201 3307 Victorino
1224 3253 1435 3307 videtur
1473 3262 1733 3319 erratum,
1763 3253 1905 3323 quod

332 3354 449 3397 cum
478 3342 618 3397 idem
644 3342 1098 3412 sitcujuscunque
1128 3342 1357 3397 hominis
1395 3343 1605 3411 species
1627 3358 1674 3397 ei
1708 3343 1903 3409 vultus,

334 3432 477 3499 quasi
524 3433 577 3485 in
606 3432 708 3486 alia
745 3433 1105 3502 appellatione
1141 3435 1339 3502 speciei
1362 3437 1539 3489 vultus
1568 3436 1757 3490 iterum
1792 3436 1910 3505 pul-

335 3520 697 3577 chritudinem
735 3521 872 3577 dixit
907 3539 920 3576 :
953 3523 1106 3593 quasi
1133 3538 1263 3583 vero
1290 3538 1393 3578 non
1424 3524 1647 3594 perinde
1677 3524 1911 3593 pulchri-

338 3610 464 3666 tudo
494 3611 668 3665 vultus
690 3612 760 3667 sit
785 3627 847 3667 ac
871 3622 978 3667 tota
1004 3612 1210 3681 species
1230 3613 1409 3679 fuerit,
1444 3630 1563 3669 nam
1588 3616 1630 3670 si
1648 3616 1910 3685 quispiam

336 3702 553 3771 pulcher
583 3701 745 3757 fuerit
788 3711 899 3757 toto
931 3718 1176 3772 corpore,
1212 3702 1371 3757 etiam
1406 3705 1575 3757 vultu.
1609 3704 1738 3770 Sed,
1782 3720 1916 3773 pra:-

336 3795 592 3849 termis'sis
615 3794 719 3862 his,
749 3794 815 3848 ad
842 3794 982 3849 illam
1008 3799 1241 3865 speciem
1271 3813 1388 3869 quae
1416 3796 1514 3851 sub
1539 3810 1736 3867 genere
1764 3797 1915 3864 poni-

335 3893 416 3939 tur
442 3895 603 3950 atque
625 3901 792 3955 genus
818 3886 986 3955 efﬁcit
1006 3888 1298 3944 veniamus.
1328 3890 1586 3958 Namque,
1630 3890 1911 3950 utdictum

336 3984 434 4039 est,
463 3976 779 4031 substantia:
808 3977 937 4046 ipsa:
976 3978 1124 4033 nullo
1156 3982 1355 4049 speciei
1402 3982 1614 4035 nomine
1640 3980 1915 4049 generisve

335 4074 640 4145 censentur,
674 4067 776 4121 nisi
795 4069 1021 4137 quadam
1052 4070 1118 4123 ad
1148 4086 1208 4125 se
1245 4071 1469 4124 invicem
1497 4069 1781 4124 collatione
1810 4070 1917 4122 sint

336 4159 836 4231 comparationeque
850 4164 1184 4231 compositm.
1198 4163 1437 4233 Namque
1464 4163 1605 4232 quod
1624 4163 1782 4216 homo
1804 4164 1918 4215 ani-

337 4251 442 4304 mal
471 4260 573 4319 est,
589 4266 691 4305 non
714 4252 910 4309 idcirco
932 4255 980 4308 ei
1009 4268 1179 4322 genus
1192 4255 1560 4320 est,quoniam
1591 4252 1784 4307 animal
1813 4261 1914 4316 est,

339 4342 427 4396 sed
452 4340 652 4396 idcirco
680 4344 815 4408 quod
839 4344 938 4397 sub
963 4359 1020 4398 se
1034 4344 1267 4398 hominis
1282 4353 1439 4411 atque
1465 4344 1609 4412 equi,
1628 4353 1917 4397 etcmtero-

339 4449 453 4486 rum
478 4433 823 4488 animantium
839 4436 1046 4504 species
1061 4434 1625 4503 habet,atqueidcirco
1639 4435 1739 4487 ait:
1768 4434 1917 4489 Unde

1982 4026 2015 4061 δ

2010 3242 2426 3311 comparationis
2459 3243 2769 3299 habitudine
2797 3244 2966 3313 fungi,
3011 3258 3069 3300 ut
3104 3247 3173 3302 ad
3216 3248 3318 3303 alia
3362 3251 3592 3319 species,

2011 3332 2078 3387 ad
2103 3332 2203 3385 alia
2229 3347 2425 3401 genera
2453 3334 2815 3389 nominentur.
2859 3334 2964 3390 Sed
2995 3336 3042 3389 si
3067 3335 3120 3389 in
3160 3351 3268 3392 uno
3320 3338 3409 3392 ﬁlo
3436 3348 3592 3408 atque

2012 3421 2201 3477 ordine
2230 3424 2585 3491 Speculemur,
2620 3434 2676 3479 et
2703 3425 3057 3496 quodcunque
3081 3442 3249 3497 genus
3272 3429 3496 3498 alicujus
3517 3429 3593 3489 rei

2013 3519 2283 3579 repertum
2308 3521 2411 3578 est,
2432 3513 2551 3581 ejus
2571 3528 2760 3567 rursus
2788 3527 2956 3583 genus
2980 3515 3123 3569 aliud
3154 3518 3509 3585 requiramus,
3541 3529 3592 3578 et

2013 3614 2199 3654 rursus
2220 3600 2364 3655 aliud
2394 3599 2554 3671 atque
2573 3602 2715 3655 aliud
2737 3620 2751 3656 :
2777 3603 2966 3657 iterum
2983 3605 3025 3657 si
3057 3606 3187 3659 nihil
3212 3608 3284 3661 sit
3305 3622 3415 3676 quo
3439 3608 3591 3664 intel-

2016 3688 2185 3743 le;tus
2213 3676 2459 3758 ratioque
2490 3692 2768 3755 consistat,
2816 3693 3205 3761 inexplicabilis
3253 3698 3391 3752 ratio
3427 3698 3593 3755 inter-

2016 3781 2390 3851 minabilisque
2416 3783 2754 3837 tractabitur:
2780 3784 2897 3849 sed,
2920 3786 3171 3854 quoniam
3197 3791 3357 3844 multa
3384 3801 3510 3846 sunt
3539 3792 3592 3848 in

2016 3873 2099 3927 his
2124 3874 2365 3928 scientias
2406 3873 2769 3942 fundanicnte,
2803 3892 2922 3945 quae
2948 3879 3086 3932 nulla
3118 3881 3323 3936 ratione
3348 3883 3510 3938 animi
3539 3886 3592 3940 in

2016 3962 2279 4017 inﬁnitum
2305 3966 2642 4033 procedentia
2664 3968 3071 4036 concluduntur,
3092 3970 3376 4027 dicendum
3393 3990 3592 4062 'neces-

2016 4055 2160 4109 sario
2178 4062 2261 4110 est
2283 4072 2440 4124 posse
2467 4073 2565 4112 nos
2590 4058 2943 4114 ascendentes
2966 4075 3133 4130 usque
3163 4062 3228 4117 ad
3266 4066 3368 4119 tale
3394 4055 3593 4136 aliquid

2020 4151 2315 4216 pervenire,
2338 4149 2489 4217 cujus
2517 4164 2636 4204 cum
2662 4152 2832 4219 ipsum
2890 4153 3098 4208 caeteris
3132 4170 3298 4223 genus
3318 4157 3408 4222 sit,
3450 4158 3593 4213 aliud

2016 4254 2184 4308 genus
2203 4240 2444 4295 invenire
2466 4255 2571 4294 non
2593 4256 2896 4307 possumus,
2916 4242 3056 4311 quod
3080 4258 3245 4312 genus
3269 4248 3517 4315 primum,
3541 4258 3593 4305 et

2020 4333 2187 4401 magis
2207 4347 2400 4402 genus,
2430 4342 2487 4386 et
2522 4331 2979 4400 generalissimum
3011 4350 3363 4407 nuncupetur.
3394 4342 3499 4397 Sed
3548 4342 3593 4397 si
3670 4360 3673 4361 ν

2022 4425 2199 4478 hocin
2240 4441 2435 4494 genere
2459 4425 2736 4494 contingit,
2770 4434 2827 4479 ut
2854 4428 3204 4483 ascendentes
3231 4431 3424 4485 a'icubi
3469 4447 3594 4487 con-

340 4523 607 4577 hominem
638 4525 883 4579 animalis
928 4527 1161 4594 speciem
1191 4526 1544 4596 appellamus,
1577 4542 1696 4579 cum
1719 4527 1912 4581 animal
1946 4514 1995 4576 Ι)
2021 4518 2297 4583 sistamus,
2314 4532 2418 4571 non
2452 4529 2533 4571 est
2572 4518 2790 4573 dubium
2815 4520 2941 4588 quin
2968 4521 3355 4578 descendentes
3404 4524 3593 4579 iterum

314 4660 315 4663 η
340 4612 509 4679 ipsum
533 4628 700 4681 genus
728 4615 828 4668 sit:
862 4630 1036 4684 neque
1060 4616 1199 4670 enim
1233 4616 1391 4670 homo
1404 4618 1609 4684 Species
1624 4616 1911 4681 diceretur,

341 4704 437 4757 nisi
455 4719 616 4772 super
634 4705 804 4774 ipsum
828 4706 1071 4761 animalis
1090 4708 1785 4777 appellatinprmdicaretur.
1809 4710 1915 4765 Sed

342 4804 396 4847 ut
434 4806 756 4852 monstraret
780 4814 884 4852 non
913 4798 963 4851 in
980 4799 1109 4853 solis
1130 4800 1442 4854 substantiis
1466 4815 1659 4869 genera
1688 4803 1918 4870 species-

343 4901 441 4953 que
456 4888 679 4951 versari,
703 4888 796 4941 sed
820 4888 980 4943 etiam
1015 4890 1066 4943 in
1100 4890 1335 4944 omnium
1386 4891 1916 4961 prmdicamentorum

344 4978 835 5044 nuncupatEonibus
860 4994 979 5035 esse
1014 4994 1273 5045 connexa,
1294 4997 1399 5035 non
1422 4983 1586 5036 solius
1610 4983 1919 5039 substantia:
1942 5056 1948 5063 .

345 5068 828 5137 deditexemplum,
847 5072 940 5127 sed
954 5074 1112 5127 etiam
1136 5074 1250 5141 ejus
1266 5074 1404 5143 quod
1430 5075 1920 5145 reliquum‘reman-

346 5169 483 5213 serat
498 5160 807 5214 accidentis.
827 5161 975 5227 Quod
999 5163 1143 5219 enim
1172 5166 1245 5218 ait
1268 5180 1283 5220 :
1309 5165 1372 5219 Et
1393 5165 1568 5219 album
1581 5166 1779 5219 coloris
1799 5182 1921 5235 spe-

345 5251 557 5316 ciem,in
570 5252 861 5308 accidentis
874 5255 1134 5310 divisione
1148 5257 1922 5328 pooiturqualitatis.Sed,quo-

346 5346 483 5398 niam
514 5346 649 5399 inter
666 5348 975 5416 sequtedam
993 5352 1257 5405 connexio
1270 5360 1367 5413 εει,
1386 5359 1439 5404 et
1462 5351 1579 5405 talis
1594 5352 1919 5419 comparatio

346 5444 500 5502 atque
516 5435 724 5500 relatio,
754 5447 1011 5505 utprmter
1034 5438 1097 5491 ad
1124 5452 1182 5492 se
1208 5440 1433 5494 invicem
1454 5439 1812 5495 habitudinem
1829 5456 1923 5510 ge-

347 5533 538 5579 neraet
557 5527 764 5595 species
785 5543 902 5583 esse
932 5543 1038 5582 non
1064 5530 1269 5594 possint
1294 5544 1309 5583 :
1336 5530 1466 5585 nihil
1489 5534 1629 5583 enim
1656 5532 1706 5585 in
1736 5548 1918 5587 eorum

346 5616 749 5672 dtttiuitionihus
761 5619 1005 5674 concludi
1026 5629 1218 5688 potest,
1235 5622 1333 5674 nisi
1347 5621 1659 5676 alterutrum
1675 5623 1919 5679 nomina-

318 5716 393 5765 .ta
426 5705 555 5762 sint.
593 5706 725 5762 Nam
767 5709 811 5763 si
842 5709 1133 5766 substantia
1168 5712 1381 5780 generis
1405 5711 1600 5780 speciei
1626 5715 1917 5784 supposita,

2022 4612 2227 4679 Species
2250 4611 2314 4664 ad
2342 4598 2571 4680 aliquem
2597 4611 2991 4681 quodammodo
3021 4614 3222 4669 calcem
3263 4616 3467 4671 offenso
3490 4628 3594 4673 ter-

2025 4703 2170 4757 mino
2222 4702 2595 4771 consistamus.
2648 4704 2811 4773 Igitur
2854 4720 2973 4759 cum
3022 4705 3455 4775 descenderimus
3504 4726 3596 4779 per

2021 4796 2252 4864 speciem
2283 4806 2334 4849 et
2363 4810 2529 4864 usque
2555 4795 2621 4849 ad
2670 4796 2811 4849 illam
2865 4798 3097 4865 speciem
3130 4801 3451 4866 venerimus,
3480 4818 3597 4871 qua:

2024 4889 2125 4942 sub
2146 4904 2204 4942 se
2229 4888 2435 4956 species
2475 4871 2648 4943 nullas
2689 4889 2871 4955 habet,
2902 4891 3041 4944 illam
3072 4894 3305 4955 speciem
3358 4894 3595 4949 ultimam

2028 4980 2258 5049 speciem
2282 4989 2335 5033 et
2372 4980 2535 5047 magis
2556 4981 2786 5047 speciem
2817 4988 2871 5036 et
2908 4982 3345 5050 specialissimam
3399 5000 3595 5040 nuncu~

2029 5085 2234 5140 pemus.
2256 5069 2382 5131 Sed,
2399 5071 2646 5139 quoniam
2668 5072 2873 5139 species
2900 5072 3196 5141 aliquorum
3220 5080 3299 5127 est
3322 5076 3595 5132 continens
3679 5142 3682 5146 Α
3770 5070 3773 5071 ⁷

2029 5162 2096 5233 (si
2126 5162 2422 5232 aliquorum
2453 5163 2630 5232 specie
2684 5162 3042 5217 diﬁercntium
3092 5164 3371 5219 continens
3408 5163 3595 5233 esset),

2029 5267 2132 5305 non
2163 5253 2330 5321 magis
2354 5252 2583 5321 species,
2612 5252 2704 5307 sed
2730 5268 2895 5322 genus
2921 5253 3113 5307 merito
3131 5264 3429 5308 vocaretur.
3466 5255 3596 5324 Sed,

2026 5330 2274 5414 quoniam
2289 5346 2603 5405 continet,et
2617 5361 2720 5398 non
2738 5345 2915 5413 specie
2926 5344 3232 5399 differentes
3244 5359 3326 5400 res
3340 5345 3596 5411 continet,

2024 5436 2229 5491 similes
2258 5449 2480 5491 necesse
2501 5449 2584 5489 est
2608 5436 2707 5490 sibi
2759 5437 3026 5490 contineat
3055 5436 3381 5505 pluralitates
3404 5452 3419 5489 :
3442 5437 3534 5490 sed
3555 5437 3597 5492 si

2024 5526 2258 5581 continet
2283 5526 2662 5596 pluralitatetn,
2693 5536 2749 5579 et
2805 5526 2976 5594 mrjus
3006 5541 3219 5595 semper
3248 5537 3327 5580 est
3370 5528 3419 5579 id
3460 5529 3597 5593 quod

2024 5620 2280 5681 continet,
2317 5634 2472 5689 quam
2521 5618 2570 5672 id
2618 5617 2757 5685 quod
2792 5618 3130 5678 criminetur,
3179 5617 3247 5671 de
3300 5617 3596 5685 pluralitate

2025 5712 2112 5766 illa
2141 5710 2348 5780 species
2380 5708 2774 5780 pradicabitur.
2811 5703 3181 5776 Appellabitur
3209 5707 3365 5777 igitur
3394 5708 3599 5775 species
