4106 6336
531 308 605 368 59
1030 322 1033 325 ’
1762 304 1873 358 ΑΝ.
1917 298 2123 356 MANL.

2234 298 2318 351 av.
2365 296 2585 352 nomn
3726 299 3803 361 ιο

531 426 603 482 de
629 421 868 494 pluribus
918 420 1079 477 rebus
1106 431 1329 475 numero
1351 414 1728 473 diﬁ'erentibus
1777 414 1830 467 in
1862 410 2121 481 ecquod
2142 413 2197 470 Α
2221 424 2336 464 rum
2370 409 2501 463 nihil
2541 409 2713 478 majus
2746 409 2933 478 poterit
2973 408 3228 472 inveniri,
3261 408 3454 464 merito
3484 411 3596 481 ipsa
3631 415 3803 485 magis

533 517 661 587 quid
691 516 779 570 sit.
810 515 1030 584 Species
1054 513 1193 567 enim
1223 525 1345 565 cum
1365 508 1665 578 appellatur
1696 506 1764 561 de
1792 503 2113 559 snbteriori-

536 609 659 674 bus,
697 605 1024 674 superiorem
1061 600 1294 671 speciem
1346 597 1811 667 substantiamque
1856 593 2111 649 declarat.

535 699 667 753 Nam
693 711 813 753 cum
852 693 1077 748 dicimus
1120 690 1248 760 quid
1277 698 1361 744 est
1400 688 1592 743 Cicero
1624 704 1640 741 :
1673 687 1834 741 homo
1865 684 2116 739 continuo

537 787 907 856 respondetur.
936 782 1068 837 Cum
1097 796 1225 851 ergo
1249 781 1418 836 tribus
1444 779 1618 836 modis
1665 775 1864 849 speciei
1891 774 2024 851 facta
2048 772 2119 827 sit

538 879 798 942 deﬁnitio,
819 873 1126 943 superiores
1152 872 1271 927 duae
1307 887 1413 926 non
1468 880 1672 924 tantum
1716 874 1839 922 sunt
1893 861 2112 933 speciei,

539 972 632 1027 sed
653 972 812 1025 etiam
842 965 1163 1021 subalterna:
1208 964 1429 1033 speciei.
1475 962 1570 1016 Est
1596 961 1738 1016 enim
1761 957 1968 1026 species
1997 968 2118 1024 qua:

536 1071 591 1117 et
617 1062 727 1130 ipsa
755 1071 926 1127 genus
951 1063 1035 1110 est
1064 1054 1176 1110 :sit
1195 1054 1335 1109 enim
1368 1054 1480 1123 ipsa
1510 1047 1975 1121 generalissimum
2025 1060 2118 1115 ge-

536 1166 638 1206 nus
653 1148 969 1212 substantia,
988 1157 1041 1201 et
1070 1146 1169 1200 sub
1191 1160 1254 1199 ea
1275 1158 1489 1212 corpus,
1508 1142 1609 1197 sub
1638 1153 1886 1208 corpore,
1916 1136 2120 1191 anima-

540 1254 652 1296 tum
674 1252 891 1307 corpus;
922 1237 1021 1290 sub
1057 1234 1292 1289 animato
1331 1246 1577 1302 corpore,
1603 1228 1820 1293 animal;
1852 1226 1952 1281 sub
1999 1225 2117 1279 ani-

537 1333 685 1397 mali,
710 1331 899 1394 homo;
923 1328 1024 1382 sub
1049 1327 1283 1394 homine,
1304 1324 1600 1379 individua.
1624 1321 1727 1377 Sed
1745 1320 1882 1375 hanc
1903 1314 2123 1373 divisio-

538 1439 659 1479 nem
682 1421 891 1492 plenius
921 1418 1187 1489 posterius
1215 1430 1601 1485 exsequemur,
1625 1427 1768 1466 nunc
1816 1418 1993 1463 autem
2020 1412 2122 1461 hoc

540 1516 696 1570 nobis
710 1521 912 1567 tantum
928 1510 1143 1567 sufﬁcit.
1163 1507 1467 1564 Substantia
1481 1507 1639 1574 igitur
1653 1503 1821 1572 magis
1832 1515 2002 1571 genus
2014 1506 2119 1566 est,

542 1609 701 1660 homo
717 1604 883 1673 magis
897 1603 1125 1670 species,
1144 1602 1211 1653 ita
1230 1609 1288 1654 ut
1302 1612 1473 1667 neque
1485 1594 1778 1651 substantia
1797 1592 2007 1662 species
2019 1590 2123 1645 ali-

540 1697 751 1767 quando
776 1709 894 1749 esse
919 1693 1104 1761 possit,
1131 1705 1231 1745 nec
1255 1691 1413 1744 homo
1426 1702 1591 1758 genus
1608 1704 1623 1743 :
1643 1700 1839 1755 corpus
1852 1698 1981 1740 vero
2010 1682 2125 1735 ani-

2217 515 2408 570 gcnera
2462 499 2782 554 vocitantur.
2843 500 2980 555 Sunt
3022 510 3197 555 autem
3244 503 3487 570 quasdam
3532 505 3635 558 alia
3678 521 3803 574 quae

2216 590 2386 659 magis
2430 590 2639 659 species
2680 589 3032 658 appellantur,
3065 590 3166 645 sub
3202 590 3395 660 quibus
3432 592 3550 648 alia:
3591 588 3823 663 species

2218 680 2405 735 locatas
2432 695 2537 735 non
2565 690 2710 736 sunt.
2736 680 2867 735 Nam
2895 681 3014 751 plus
3045 681 3255 736 videtur
3279 698 3400 737 esse
3426 685 3632 753 species
3661 701 3721 740 ea
3748 697 3806 741 et

2215 771 2494 842 integrior,
2530 786 2596 827 sc
2632 787 2760 827 vere
2797 772 3003 841 species
3035 783 3135 838 est,
3174 788 3293 842 qua:
3326 789 3495 843 genus
3531 791 3803 847 nunquam

2218 872 2320 928 est,
2356 877 2514 932 quam
2547 877 2610 917 ea
2636 877 2757 932 quae
2787 863 3071 932 aliquando
3090 878 3259 933 genus
3283 878 3404 919 esse
3426 875 3619 934 potest.
3649 866 3805 932 Quod

2218 955 2264 1008 si
2311 954 2484 1007 verior
2532 954 2738 1023 species
2781 963 2885 1020 est,
2934 970 3053 1024 quae
3100 955 3223 1010 sola
3259 956 3487 1025 species,
3532 971 3805 1025 nunquam

2219 1060 2387 1115 genus
2415 1054 2516 1111 est,
2547 1046 2739 1100 merito
2765 1046 2932 1116 magis
2963 1048 3171 1115 Species
3200 1048 3466 1115 appellata
3496 1060 3597 1104 est.
3640 1049 3806 1120 Igitur

2219 1133 2360 1189 inter
2385 1135 2553 1205 magis
2579 1136 2816 1203 speciem
2844 1145 2898 1190 et
2920 1137 3090 1206 magis
3112 1151 3279 1206 genus
3303 1122 3637 1194 intervallum
3660 1140 3804 1209 quod

2221 1237 2325 1294 est,
2349 1226 2652 1283 subalterna
2683 1243 2901 1298 genera,
2933 1240 2987 1284 et
3016 1231 3339 1286 subalterna:
3365 1235 3574 1301 species
3615 1236 3805 1304 imple-

2219 1326 2432 1374 verunt.
2485 1318 2615 1373 Nam
2642 1318 2953 1375 subalterna
2981 1335 3231 1378 vocamus
3260 1338 3590 1395 quascunque
3614 1327 3677 1381 ad
3708 1342 3803 1383 su-

2225 1412 2436 1479 periora
2465 1411 2693 1479 Species,
2719 1410 2787 1466 ad
2818 1411 3069 1467 inferiora
3098 1428 3194 1482 pro
3220 1415 3508 1484 generibus
3535 1417 3806 1487 accipiun-

2226 1509 2332 1568 tur,
2350 1501 2548 1556 idcirco
2568 1502 2776 1569 quia,si
2797 1517 2985 1559 omnes
3011 1520 3098 1559 res
3126 1506 3191 1559 ad
3215 1506 3465 1561 inferiora
3491 1523 3801 1578 componas,

2222 1603 2417 1657 genera
2438 1600 2584 1654 sunt,
2598 1591 2645 1647 si
2660 1591 2725 1645 ad
2740 1594 3036 1662 superiora,
3055 1595 3288 1664 species:
3304 1604 3357 1651 et
3380 1598 3423 1651 si
3446 1598 3512 1653 ad
3526 1600 3806 1669 superiora

2225 1692 2277 1736 et
2302 1682 2555 1739 inferiora
2582 1684 2764 1739 eadem
2788 1685 2973 1751 ducas,
2996 1702 3196 1757 genera
3220 1696 3275 1742 et
3296 1689 3504 1756 species
3530 1690 3808 1745 invenien-

541 1797 741 1843 matum
774 1785 854 1839 vel
871 1784 1069 1840 animal
1093 1782 1159 1836 ad
1180 1782 1457 1850 superiora
1472 1779 1705 1847 species,
1726 1778 1791 1831 ad
1823 1775 2123 1831 subteriora
2152 1769 2198 1829 Β
2230 1784 2331 1828 tur.
2355 1774 2531 1844 Atque
2552 1775 2670 1830 ideo
2690 1776 2997 1831 subalterna
3014 1792 3209 1847 genera
3231 1787 3285 1833 et
3305 1779 3513 1846 Species
3535 1781 3803 1836 nominata

539 1891 733 1947 genera
767 1874 1125 1929 nominantur.
1143 1870 1198 1926 Si
1214 1870 1335 1939 quis
1354 1883 1483 1937 ergo
1502 1881 1696 1936 corpus
1725 1866 2015 1920 animatum
2036 1864 2124 1918 vel

541 1966 738 2023 animal
752 1967 832 2020 vel
848 1964 1117 2018 hominem
1131 1961 1570 2030 velitexprimere
1582 1955 2123 2024 etdicat:Speciesest

540 2075 661 2130 quac
693 2058 905 2127 ponitur
925 2055 1254 2123 subgeuere,
1277 2051 1407 2105 etad
1424 2066 1579 2118 quam
1595 2064 1762 2119 genus
1810 2048 1862 2102 in
1890 2062 1956 2101 eo
1981 2044 2122 2116 quod

541 2150 633 2217 qui
656 2149 665 2199 l
684 2149 752 2201 sit
778 2144 1121 2215 praedicatur,
1142 2145 1256 2197 haec
1272 2140 1512 2197 deﬁnitio
1536 2150 1590 2195 et
1607 2136 1776 2207 magis
1798 2138 2053 2206 Speciem,
2072 2136 2124 2191 id

547 2246 631 2293 est
658 2238 1023 2301 hominem,et
1041 2233 1402 2289 subalternam
1424 2230 1655 2301 speciem
1678 2231 1936 2291 continet.
1955 2228 2006 2295 id
2045 2236 2128 2282 est

488 2374 493 2379 ,
544 2345 740 2397 corpus
766 2328 1059 2381 animatum
1088 2326 1170 2380 vel
1202 2324 1420 2379 animal.
1447 2323 1578 2377 Nam
1615 2335 1809 2390 corpus
1836 2321 2123 2373 animatum

545 2418 818 2473 etauimal
862 2428 915 2471 et
953 2417 1112 2470 homo
1138 2415 1237 2469 sub
1264 2428 1464 2483 genere
1485 2420 1612 2468 sunt
1646 2412 1839 2479 posita,
1870 2419 1920 2464 et
1941 2410 2007 2462 ad
2035 2423 2127 2463 eas

547 2524 734 2565 omnes
757 2509 809 2563 in
834 2523 895 2562 eo
922 2508 1063 2577 quod
1100 2505 1229 2576 quid
1264 2506 1332 2561 sit
1360 2505 1679 2573 appellatur,
1711 2510 1768 2555 ut
1793 2502 1992 2556 dictum
2023 2509 2124 2556 est.

550 2600 609 2654 Si
633 2600 750 2669 quis
776 2614 901 2653 vero
924 2599 1065 2652 illam
1089 2597 1323 2667 speciem
1347 2595 1654 2650 deﬁnitione
1684 2602 1986 2647 monstrare
2004 2592 2130 2646 velit

549 2705 666 2758 qua:
697 2704 819 2744 vere
848 2689 1055 2758 species
1085 2697 1187 2752 est,
1216 2687 1269 2742 id
1300 2694 1382 2741 est
1409 2683 1853 2755 specialissimam
1893 2681 2126 2750 Speciem

547 2796 664 2850 qua:
696 2788 895 2834 tantum
927 2780 1133 2848 species
1160 2788 1214 2832 et
1238 2792 1503 2847 nunquam
1527 2791 1691 2845 genus
1708 2779 1798 2840 sit,
1832 2774 1933 2828 hoc
1971 2772 2131 2827 modo

549 2871 769 2926 deﬁnict
792 2889 804 2925 :
837 2870 1079 2940 Speciem
1105 2884 1243 2933 esse,
1270 2882 1390 2939 quae
1414 2868 1477 2921 ad
1509 2867 1762 2936 plurimas
1797 2882 1882 2921 res
1909 2880 2132 2919 numero

547 2964 854 3019 differentes
895 2963 948 3015 iu
971 2976 1037 3017 eo
1060 2961 1200 3029 quod
1239 2960 1366 3030 quid
1398 2959 1466 3012 sit
1497 2958 1834 3027 prmdicetur.
1884 2955 1989 3011 Sed
2022 2956 2133 3008 haec

551 3056 795 3112 deﬁnitio
826 3054 1149 3109 subalternis
1177 3052 1458 3122 speciebus
1514 3066 1781 3120 nunquam
1827 3046 2133 3103 conveniet.

2224 1875 2378 1931 sunt,
2426 1867 2565 1935 quod
2607 1868 2695 1920 ﬁlo
2736 1867 2963 1937 quodim
3008 1876 3169 1936 atque
3209 1868 3398 1923 ordine
3443 1869 3510 1923 ad
3554 1872 3807 1926 in'eriora

2225 1958 2516 2027 composita
2543 1973 2761 2026 genera,
2793 1968 2847 2014 et
2875 1959 2942 2013 ad
2974 1962 3250 2028 superiora
3281 1962 3490 2031 species
3514 1976 3809 2032 agnoscan-

2227 2057 2331 2103 tur.
2363 2048 2467 2103 Sed
2495 2048 2607 2102 hmc
2634 2050 2704 2102 ita
2729 2062 2923 2116 genera
2946 2050 3259 2120 speciesque
3282 2064 3403 2105 esse
3429 2060 3671 2119 possunt,
3702 2065 3809 2107 non

2228 2151 2284 2195 ut
2318 2142 2402 2195 cui
2440 2155 2608 2209 genus
2634 2148 2736 2204 est,
2775 2140 2949 2195 eidem
2981 2143 3171 2195 iterum
3203 2143 3347 2197 velut
3375 2142 3581 2211 species
3613 2157 3811 2212 suppo-

2229 2244 2407 2288 natur.
2439 2234 2570 2286 Nam
2598 2231 2643 2286 Si
2668 2234 2747 2303 (ut
2775 2234 2921 2302 prius
2942 2243 3217 2288 ostensum
3241 2234 3345 2305 est)
3371 2235 3548 2306 specie
3577 2250 3671 2290 sua
3698 2250 3812 2290 ma-

2225 2325 2311 2393 jus
2340 2333 2423 2379 est
2449 2339 2644 2391 genus,
2689 2338 2794 2378 non
2840 2334 2923 2379 est
2963 2325 3183 2379 dubium
3213 2328 3341 2395 quin
3373 2327 3545 2396 major
3582 2341 3674 2383 res
3710 2328 3811 2383 sub

2230 2416 2421 2469 minori
2455 2416 2579 2483 poni
2611 2429 2714 2469 non
2748 2416 2916 2484 possit
2949 2433 2960 2467 :
2993 2426 3153 2485 atque
3183 2418 3302 2472 ideo
3330 2419 3423 2483 ait,
3446 2428 3511 2472 -ιιι
3541 2418 3690 2473 alteri
3721 2415 3813 2489 ge:

2234 2521 2361 2569 nus,
2393 2504 2545 2559 alteri
2586 2506 2794 2574 species
2828 2507 3183 2575 appellentur,
3212 2508 3353 2578 quod
3385 2522 3717 2579 nequaquam
3744 2509 3812 2563 ad

2232 2595 2475 2651 eamdem
2522 2611 2635 2650 rem
2676 2606 2729 2650 et
2768 2611 2935 2665 genus
2973 2612 3092 2651 esse
3132 2608 3186 2652 et
3229 2599 3435 2666 species
3479 2601 3812 2654 conveniret.

2235 2690 2331 2744 Da'
2357 2690 2516 2759 igitur
2542 2689 2698 2758 hujus
2723 2690 2796 2744 rei
2826 2690 3156 2759 exemplum,
3181 2699 3237 2744 ut
3259 2691 3398 2758 quod
3425 2689 3573 2755 dicit,
3605 2690 3815 2745 facilius

2235 2782 2407 2849 possit
2441 2781 2681 2849 agnosci.
2726 2780 2877 2835 Facit
2916 2780 3074 2850 igitur
3103 2782 3239 2836 hanc
3266 2781 3607 2836 divisionem.
3662 2782 3817 2837 Ponit

2234 2870 2583 2923 snbsmntlam
2646 2873 2811 2939 magis
2872 2886 3067 2940 genus,
3129 2872 3443 2940 supponitur
3504 2872 3817 2927 substantia:

2236 2974 2433 3029 corpus
2459 2970 2513 3014 et
2538 2960 2590 3014 in
2622 2960 3015 3031 incorporeum.
3037 2960 3280 3030 Corpori,
3309 2963 3598 3017 animatum
3623 2978 3818 3035 corpus

2238 3060 2293 3105 et
2322 3052 2688 3106 inanimatam.
2722 3054 2971 3107 Animato
3000 3056 3211 3122 corpori
3244 3054 3437 3109 animal
3466 3055 3738 3121 sensibile,
3765 3064 3817 3111 et

552 3149 661 3203 Illa:
677 3150 819 3203 enim
845 3163 965 3216 qua:
992 3147 1313 3201 subalterna:
1336 3156 1462 3200 sunt
1488 3145 1717 3214 species,
1736 3152 1951 3211 possunt
1978 3139 2141 3195 etiam
2170 3131 2216 3194 C
2246 3142 2442 3197 animal
2479 3144 2811 3211 insensibile,
2846 3154 2902 3198 ut
2935 3154 3059 3197 sunt
3086 3155 3260 3199 ostrea
3297 3145 3382 3199 vel
3413 3145 3696 3213 concliilia,
3731 3146 3818 3201 vel

556 3252 653 3304 pro
681 3238 965 3302 generibus
1014 3236 1203 3306 accipi,
1244 3237 1289 3290 si
1344 3235 1412 3289 ad
1464 3234 1702 3302 subjecta
1753 3232 2128 3301 prtedicentur.

554 3328 707 3392 Quod
736 3329 781 3381 si
809 3337 1026 3396 possunt
1058 3342 1154 3396 pro
1184 3325 1469 3396 generibus
1490 3324 1679 3394 accipi,
1699 3338 1816 3377 cum
1850 3339 1943 3391 pro
1972 3335 2136 3390 gene-

552 3418 701 3472 ribus
730 3428 964 3487 accepta:
1012 3416 1211 3471 fuerint
1255 3431 1359 3470 non
1391 3422 1595 3468 tantum
1649 3413 1715 3467 ad
1744 3413 2000 3480 plurimas
2047 3424 2135 3464 res

553 3522 797 3573 numero,
824 3507 919 3562 sed
942 3507 1102 3561 etiam
1127 3507 1309 3576 specie
1346 3505 1657 3559 diﬁerentes
1686 3501 2132 3572 praedicabantur,

552 3599 747 3668 quippe
763 3613 884 3653 cum
921 3606 1044 3652 sunt
1065 3611 1281 3667 genera.
1310 3596 1415 3651 Sed
1447 3595 1571 3665 quia
1602 3595 1703 3648 hoc
1732 3594 1786 3648 in
1814 3594 1981 3661 magis
2009 3605 2134 3659 spe-

552 3693 736 3748 ciebus
763 3708 868 3746 non
898 3691 1145 3746 evenitut
1169 3689 1457 3759 aliquando
1486 3688 1552 3743 de
1581 3684 2136 3757 speciediflerer.tibus

556 3781 936 3850 praedicentur,
992 3780 1107 3833 haec
1150 3778 1393 3832 deﬁnitio
1433 3778 1703 3846 posterior
1735 3777 1918 3830 -solius
1972 3775 2138 3842 magis

554 3872 751 3941 speciei
774 3870 1014 3925 deﬁnitio
1050 3879 1153 3931 est,
1184 3876 1238 3922 et
1258 3879 1614 3923 eamctnterte
1661 3866 1983 3920 subalterna
2014 3880 2137 3933 spe-

556 3964 665 4018 cies
686 3961 976 4045 escludunt
998 3967 1158 4029 atque
1207 3958 1451 4027 rejiciunt
1474 3997 1493 4023 ,
1522 3955 1665 4026 quod
1695 3955 2019 4025 Porphyrius
2068 3955 2141 4045 ita

556 4040 911 4108 demonstrat.
951 4049 1059 4105 Sed
1089 4050 1203 4104 haec
1223 4048 1465 4103 deﬁnitio
1487 4047 1605 4117 ejus
1659 4045 1855 4115 speciei
1888 4054 1991 4109 est,
2022 4040 2141 4113 quae

558 4145 728 4213 magis
759 4142 1194 4212 Speciesdicitur.
1245 4141 1380 4197 Aliae
1428 4155 1557 4195 vero
1598 4138 1938 4193 deﬁnitiones
1984 4146 2143 4191 erunt

560 4239 722 4293 etiam
755 4237 964 4291 illatum
997 4251 1115 4305 quae
1147 4250 1252 4290 non
1312 4243 1437 4289 sunt
1484 4234 1651 4304 magis
1679 4232 1906 4302 species,
1954 4232 2140 4286 horum

563 4342 694 4397 ergo
719 4327 885 4396 ipsam
911 4326 1358 4395 subscriptionem
1378 4325 2005 4393 demonstrationemque
2029 4323 2143 4377 cla-

560 4421 672 4475 rius
691 4421 922 4491 seipsum
944 4419 1125 4475 dicere
1146 4420 1409 4489 promittit
1438 4433 1560 4473 cum
1591 4417 1724 4473 dicit
1750 4434 1765 4472 :

2236 3234 2430 3295 echini,
2460 3236 2541 3289 vel
2571 3236 2810 3301 arbores,
2838 3246 2892 3291 et
2923 3236 3025 3290 alia
3050 3236 3434 3306 hujuscemodi,
3465 3252 3582 3306 quae
3606 3237 3819 3293 vivendi

2235 3327 2466 3377 animam
2511 3326 2727 3391 habent,
2769 3342 2875 3380 non
2915 3329 3076 3382 etiam
3107 3327 3392 3382 sentiendi.
3433 3327 3543 3381 Sub
3578 3327 3818 3391 animali,

2236 3419 2431 3472 animal
2456 3419 2716 3475 rationale
2741 3428 2795 3475 et
2822 3422 3149 3477 irrationale.
3173 3421 3282 3477 Sub
3306 3422 3569 3487 rationali,
3595 3423 3819 3479 mortale

2235 3517 2289 3563 et
2330 3511 2646 3566 immortale.
2687 3511 2797 3567 Sub
2840 3514 3067 3579 mortali,
3116 3513 3409 3567 hominem.
3452 3514 3563 3568 Sub
3603 3513 3820 3569 homine

2237 3599 2473 3670 singulos
2501 3601 2765 3668 homines,
2798 3602 2899 3657 hoc
2927 3614 3009 3657 est
3035 3618 3260 3673 corpora
3293 3603 3582 3668 individua,
3607 3605 3821 3659 Cicero-

2239 3706 2356 3745 nem
2381 3702 2435 3747 et
2460 3692 2733 3762 Virgilium
2757 3695 2982 3763 scilicet,
3002 3704 3053 3748 et
3077 3710 3168 3750 eos
3190 3697 3277 3763 qui
3297 3694 3404 3764 jam
3430 3697 3479 3748 in
3502 3708 3677 3764 partes
3697 3704 3822 3750 sunt

2237 3782 2454 3851 singuli.
2484 3784 2789 3839 Substantia
2818 3801 2945 3856 ergo
2971 3803 3039 3854 qu
3061 3806 3086 3837 ιε
3111 3788 3255 3854 prior
3279 3794 3382 3854 est,
3414 3788 3579 3857 magis
3607 3788 3820 3857 generis

2242 3876 2358 3928 loco
2383 3877 2658 3943 accipitur.
2696 3875 2881 3930 Genus
2910 3877 3050 3929 enim
3081 3878 3252 3931 solum
3286 3892 3389 3931 non
3418 3879 3577 3931 etiam
3609 3879 3821 3946 Species

2239 3973 2341 4028 est,
2366 3966 2504 4034 quod
2531 3980 2795 4034 nunquam
2817 3970 2863 4018 ei
2888 3980 3054 4035 genus
3076 3968 3320 4036 superius
3343 3968 3633 4030 invenitur,
3660 3968 3822 4021 homo

2241 4071 2371 4109 vero
2392 4056 2564 4110 solum
2593 4056 2802 4123 species
2828 4065 2910 4111 est
2934 4074 2946 4108 :
2975 4058 3147 4110 nullas
3171 4058 3312 4112 enim
3341 4058 3470 4111 alias
3496 4058 3596 4111 sub
3617 4073 3676 4111 se
3697 4073 3823 4127 spev

2242 4144 2350 4199 cies
2390 4155 2621 4201 coercet.
2665 4146 2870 4214 Singuli
2911 4148 3052 4201 enim
3094 4147 3336 4203 homines
3381 4164 3485 4201 non
3532 4150 3729 4217 specie,
3764 4159 3825 4203 ut

2242 4238 2441 4293 dictum
2472 4246 2574 4301 est,
2605 4238 2698 4294 sed
2735 4253 2956 4293 numero
2990 4238 3263 4294 diﬂ‘erunt.
3291 4238 3498 4309 Corpus
3525 4254 3653 4293 vero
3679 4238 3821 4307 quod

2244 4330 2448 4398 pridem
2485 4330 2584 4384 sub
2614 4344 2809 4398 genere
2844 4328 3118 4397 posuimus
3183 4328 3233 4382 id
3272 4339 3356 4383 est
3393 4329 3714 4387 substantia.
3754 4328 3824 4382 ad

2244 4419 2593 4473 substantiam
2628 4418 2872 4487 quaedam
2916 4418 3143 4485 Species,
3189 4416 3256 4471 ad
3296 4418 3589 4471 animatum
3629 4432 3826 4486 corpus

631 4490 952 4580 Manifestius
981 4520 1150 4565 autem
1182 4511 1276 4563 hoc
1301 4510 1386 4579 fiet
1414 4508 1549 4579 quod
1576 4509 1791 4562 dicimus
1819 4508 1914 4561 hoc
1945 4507 2133 4562 modo:
2162 4490 2216 4553 Ῑ)
2242 4525 2407 4580 genus
2436 4508 2713 4575 accipitur.
2759 4509 3064 4562 Animatum
3104 4519 3281 4563 autem
3312 4524 3507 4580 corpus
3536 4510 3599 4563 ad
3632 4526 3827 4579 corpus

562 4603 629 4658 In
665 4604 894 4656 ancilibus
929 4601 1339 4672 prwdicamentis
1373 4610 1490 4655 sunt
1523 4600 1755 4668 quaedam
1794 4602 1957 4670 magis
1993 4618 2142 4671 gene-

560 4713 673 4752 rum
700 4706 744 4750 et
770 4696 931 4771 magis
956 4695 1258 4760 specierum,
1284 4700 1401 4746 sunt
1424 4693 1529 4746 alia
1554 4693 1749 4745 ntixta:
1774 4694 1933 4763 magis
1957 4709 2141 4763 genera

560 4797 678 4840 sunt
718 4801 874 4855 supra
914 4800 1028 4855 qua:
1068 4784 1269 4838 nullum
1306 4784 1450 4837 aliud
1487 4800 1644 4853 genus
1684 4785 1865 4851 poterit
1907 4784 2141 4838 inveniri.

566 4879 729 4950 Magis
758 4878 949 4947 species
981 4893 1181 4941 rursus,
1212 4876 1305 4930 sub
1335 4893 1435 4946 qua
1466 4862 1610 4929 nulla
1644 4878 1831 4947 species
1867 4878 2140 4945 reperitur,

563 4973 742 5025 Iterum
787 4970 1058 5024 interualla
1098 4982 1211 5039 qme
1257 4967 1533 5036 possident,
1574 4979 1619 5022 et
1650 4986 1832 5039 genera
1867 4977 1925 5023 et.
1951 4970 2141 5039 species

562 5072 700 5125 sunt,
746 5060 945 5132 singula
994 5060 1338 5130 superioribus
1368 5070 1416 5112 et
1460 5059 1791 5130 inferioribus
1835 5060 2041 5125 eult'ata,
2086 5069 2141 5114 ut

561 5154 706 5208 alteri
734 5167 888 5222 genus
917 5149 1063 5205 alteri
1091 5150 1278 5219 species
1307 5149 1651 5220 appellentur.

634 5241 947 5311 llujusmodi
985 5252 1131 5308 sunt,
1165 5242 1355 5310 inquit,
1383 5242 1627 5311 qutedam
1669 5258 1895 5313 quorum
1942 5258 2137 5313 genera

567 5336 790 5391 inveniri
828 5351 934 5390 non
972 5346 1212 5405 possunt,
1246 5336 1463 5405 haecque
1491 5336 1602 5404 ipsa
1637 5336 1827 5389 merito
1855 5337 2022 5404 magis
2049 5350 2141 5404 ge-

567 5441 692 5481 nera
723 5427 1082 5495 nominantur,
1114 5429 1359 5498 quoniam
1391 5427 1561 5497 majus
1603 5427 1732 5495 ipsis
1767 5427 1963 5495 aliquid
1993 5428 2140 5482 inve-

567 5520 669 5573 niri
694 5536 796 5575 non
819 5530 1010 5591 potest.
1040 5521 1168 5575 Nam
1192 5521 1234 5575 si
1267 5522 1361 5575 ista
1386 5529 1508 5575 sunt
1529 5533 1723 5588 genera
1749 5519 1937 5588 (genus
1958 5531 2137 5575 autem

569 5611 811 5665 omnibus
839 5610 939 5666 sub
959 5626 1017 5667 se
1038 5612 1222 5680 positis
1251 5610 1421 5681 majus
1445 5607 1549 5678 est)
1573 5623 1795 5677 quorum
1827 5625 1995 5677 g-nus
2023 5609 2140 5663 nul-

569 5699 805 5767 lumest,
836 5704 961 5758 nihil
990 5717 1174 5757 eorum
1205 5701 1373 5769 majus
1402 5700 1594 5768 poterit
1614 5698 1855 5766 reperiri.
1889 5701 1976 5764 At,
2010 5715 2141 5769 quo-

2244 4604 2451 4670 species
2476 4611 2581 4665 est,
2610 4600 2677 4654 ad
2706 4600 2903 4654 animal
2933 4615 3133 4669 genus;
3166 4601 3360 4655 animal
3397 4610 3574 4656 autem
3614 4602 3678 4656 ad
3713 4604 3829 4656 ani-

2247 4703 2445 4745 matum
2481 4706 2677 4759 corpus
2704 4690 2910 4760 Species
2938 4690 3170 4756 videtur,
3210 4693 3274 4744 ad
3309 4694 3569 4746 rationale
3602 4692 3824 4762 animal,

2246 4795 2431 4851 genus.
2476 4780 2756 4836 Rationale
2795 4784 2920 4836 item
2962 4781 3180 4846 animal,
3225 4783 3464 4837 mortalis
3506 4799 3672 4854 genus
3720 4793 3827 4849 est,

2246 4875 2456 4943 species
2480 4873 2766 4935 animalis.
2811 4873 3034 4928 Mortale
3064 4883 3238 4927 autem
3266 4888 3436 4943 genus
3463 4874 3695 4928 hominis
3723 4884 3826 4941 est,

2249 4966 2456 5033 Species
2483 4966 2764 5021 rationalis
2793 4968 3038 5023 animalis
3063 4985 3074 5019 :
3103 4968 3263 5021 homo
3291 4977 3465 5021 autem
3496 4967 3635 5034 quod
3667 4982 3830 5034 super

2247 5056 2517 5112 individua
2556 5068 2669 5127 est,
2707 5059 2834 5113 nihil
2875 5060 2943 5114 de
2979 5060 3190 5129 generis
3232 5068 3418 5114 natura
3463 5059 3683 5113 sortitus
3721 5070 3827 5125 est,

2247 5149 2340 5204 scd
2374 5160 2575 5205 tantum
2603 5153 2714 5211 sola
2738 5153 2947 5221 species
2970 5153 3288 5222 appellatur.
3321 5152 3424 5208 Sed
3448 5152 3583 5205 hanc
3604 5151 3830 5207 divisio-

2247 5257 2368 5297 nem
2398 5244 2565 5298 sicubi
2608 5245 2661 5297 in
2691 5244 2812 5297 aliis
2850 5246 3010 5299 rebus
3051 5244 3325 5299 transferri
3355 5254 3408 5298 et
3439 5244 3607 5312 aptari
3637 5243 3830 5310 placet,

2248 5333 2319 5387 ita
2358 5334 2800 5388 considerandum
2838 5343 2952 5400 est,
2990 5343 3046 5389 ut
3080 5335 3336 5405 quidquid
3370 5334 3713 5401 fuerit‘cnjus
3742 5349 3832 5402 ge-

2247 5437 2347 5477 nus
2370 5424 2594 5478 inveniri
2620 5440 2720 5479 non
2740 5434 2935 5495 potest,
2960 5427 3126 5496 magis
3149 5427 3198 5480 id
3224 5442 3389 5495 genus
3413 5424 3735 5493 appelletur.
3772 5424 3831 5477 Et
3911 5465 3914 5468 .

2247 5515 2503 5585 quidquid
2541 5518 2691 5587 cujus
2730 5519 2874 5572 nulla
2911 5520 3117 5587 Species
3158 5517 3333 5577 fuerit.
3369 5516 3419 5569 id
3459 5522 3541 5568 est
3578 5524 3633 5568 ut
3672 5529 3834 5583 super

2248 5608 2514 5663 individua
2542 5609 2851 5674 collocetur,
2879 5608 2968 5663 illa
2998 5608 3164 5677 magis
3192 5605 3419 5676 species.
3451 5603 3673 5673 Oportet
3688 5604 3835 5659 enim

2248 5701 2291 5755 si
2329 5700 2471 5768 quod
2501 5714 2669 5770 genus
2699 5700 2791 5764 sit,
2822 5714 2987 5769 super
3013 5697 3323 5753 diﬁ‘erentes
3353 5697 3535 5760 Specie
3568 5709 3654 5757 res
3680 5693 3829 5757 poni.
