  <div class='ocr_page' id='page_1' title='image "/cluster/home/n/w/nwhite01/storage/ocr_20150623/64/hvd.32044024222309/029.png"; bbox 0 0 4066 6328; ppageno 0'>
   <div class='ocr_carea' id='block_1_1' title="bbox 404 273 1970 334">
    <p class='ocr_par' dir='ltr' id='par_1_1' title="bbox 404 277 1970 334">
     <span class='ocr_line' id='line_1_1' title="bbox 404 277 1970 334; baseline -0.001 -2"><span class='ocrx_word' id='word_1_1' title='bbox 404 279 467 334; x_wconf 72' lang='grc' dir='ltr'><strong>εδ</strong></span> <span class='ocrx_word' id='word_1_2' title='bbox 1637 278 1743 333; x_wconf 73' lang='lat' dir='ltr'><strong>AN.</strong></span> <span class='ocrx_word' id='word_1_3' title='bbox 1792 277 1970 334; x_wconf 77' lang='lat' dir='ltr'><strong>MANL</strong></span> 
     </span>
    </p>
   </div>
   <div class='ocr_carea' id='block_1_2' title="bbox 2072 273 3658 334">
    <p class='ocr_par' dir='ltr' id='par_1_2' title="bbox 2072 273 3658 332">
     <span class='ocr_line' id='line_1_2' title="bbox 2072 273 3658 332; baseline -0.003 -1"><span class='ocrx_word' id='word_1_4' title='bbox 2072 275 2189 331; x_wconf 76' lang='grc' dir='ltr'><strong>Εν.</strong></span> <span class='ocrx_word' id='word_1_5' title='bbox 2231 273 2460 332; x_wconf 74' lang='grc' dir='ltr'><strong>ΒΟΕΊῚῘ</strong></span> <span class='ocrx_word' id='word_1_6' title='bbox 2624 326 2627 327; x_wconf 35' lang='grc' dir='ltr'><em>ν</em></span> <span class='ocrx_word' id='word_1_7' title='bbox 3527 312 3539 321; x_wconf 86' lang='grc'><strong>.</strong></span> <span class='ocrx_word' id='word_1_8' title='bbox 3584 273 3658 327; x_wconf 80' lang='lat' dir='ltr'>u</span> 
     </span>
    </p>
   </div>
   <div class='ocr_carea' id='block_1_3' title="bbox 408 380 3658 463">
    <p class='ocr_par' dir='ltr' id='par_1_3' title="bbox 408 380 3658 463">
     <span class='ocr_line' id='line_1_3' title="bbox 408 380 3658 463; baseline -0.004 -10"><span class='ocrx_word' id='word_1_9' title='bbox 408 398 623 454; x_wconf 78' lang='lat' dir='ltr'><strong>deduci.</strong></span> <span class='ocrx_word' id='word_1_10' title='bbox 655 397 727 451; x_wconf 90' lang='lat' dir='ltr'><strong>lta</strong></span> <span class='ocrx_word' id='word_1_11' title='bbox 764 396 1142 451; x_wconf 70' lang='lat' dir='ltr'><strong>diversissnmze</strong></span> <span class='ocrx_word' id='word_1_12' title='bbox 1185 401 1370 463; x_wconf 83' lang='lat' dir='ltr'><strong>gentes</strong></span> <span class='ocrx_word' id='word_1_13' title='bbox 1410 407 1473 445; x_wconf 90' lang='lat' dir='ltr'><strong>ao</strong></span> <span class='ocrx_word' id='word_1_14' title='bbox 1519 393 1673 446; x_wconf 89' lang='lat' dir='ltr'><strong>unius</strong></span> <span class='ocrx_word' id='word_1_15' title='bbox 1711 392 1982 461; x_wconf 89' lang='lat' dir='ltr'><strong>cognatio-</strong></span> <span class='ocrx_word' id='word_1_16' title='bbox 2006 388 2059 449; x_wconf 80' lang='grc' dir='ltr'>Α</span> <span class='ocrx_word' id='word_1_17' title='bbox 2085 386 2269 442; x_wconf 85' lang='lat' dir='ltr'><strong>decem</strong></span> <span class='ocrx_word' id='word_1_18' title='bbox 2300 394 2445 452; x_wconf 87' lang='lat' dir='ltr'><strong>sunt,</strong></span> <span class='ocrx_word' id='word_1_19' title='bbox 2481 385 2574 441; x_wconf 88' lang='lat' dir='ltr'><strong>sed</strong></span> <span class='ocrx_word' id='word_1_20' title='bbox 2607 384 2806 455; x_wconf 80' lang='lat' dir='ltr'><strong>plures,</strong></span> <span class='ocrx_word' id='word_1_21' title='bbox 2850 397 2956 437; x_wconf 86' lang='lat' dir='ltr'><strong>non</strong></span> <span class='ocrx_word' id='word_1_22' title='bbox 3008 388 3187 438; x_wconf 88' lang='lat' dir='ltr'><strong>tamen</strong></span> <span class='ocrx_word' id='word_1_23' title='bbox 3243 380 3482 438; x_wconf 56' lang='lat' dir='ltr'><strong>inﬁnitae.</strong></span> <span class='ocrx_word' id='word_1_24' title='bbox 3510 383 3658 440; x_wconf 82' lang='lat' dir='ltr'><strong>ludi-</strong></span> 
     </span>
    </p>
   </div>
   <div class='ocr_carea' id='block_1_4' title="bbox 404 474 3657 557">
    <p class='ocr_par' dir='ltr' id='par_1_4' title="bbox 404 474 3657 557">
     <span class='ocr_line' id='line_1_4' title="bbox 404 474 3657 557; baseline -0.004 -13"><span class='ocrx_word' id='word_1_25' title='bbox 404 504 524 544; x_wconf 86' lang='lat' dir='ltr'><strong>uem</strong></span> <span class='ocrx_word' id='word_1_26' title='bbox 544 487 675 555; x_wconf 84' lang='lat' dir='ltr'><strong>erigi</strong></span> <span class='ocrx_word' id='word_1_27' title='bbox 695 497 936 557; x_wconf 88' lang='lat' dir='ltr'><strong>possunt,</strong></span> <span class='ocrx_word' id='word_1_28' title='bbox 956 483 1250 555; x_wconf 88' lang='lat' dir='ltr'><strong>quodidem</strong></span> <span class='ocrx_word' id='word_1_29' title='bbox 1288 483 1343 536; x_wconf 89' lang='lat' dir='ltr'><strong>in</strong></span> <span class='ocrx_word' id='word_1_30' title='bbox 1364 480 1971 552; x_wconf 86' lang='lat' dir='ltr'><strong>speciebusgeneribus-</strong></span> <span class='ocrx_word' id='word_1_31' title='bbox 2003 485 2017 498; x_wconf 90' lang='lat'>&#39;</span> <span class='ocrx_word' id='word_1_32' title='bbox 2080 477 2236 533; x_wconf 87' lang='lat' dir='ltr'><strong>vidua</strong></span> <span class='ocrx_word' id='word_1_33' title='bbox 2280 493 2411 534; x_wconf 90' lang='lat' dir='ltr'><strong>vero</strong></span> <span class='ocrx_word' id='word_1_34' title='bbox 2457 493 2575 547; x_wconf 62' lang='lat' dir='ltr'><strong>quae</strong></span> <span class='ocrx_word' id='word_1_35' title='bbox 2614 477 2713 531; x_wconf 85' lang='lat' dir='ltr'><strong>sub</strong></span> <span class='ocrx_word' id='word_1_36' title='bbox 2752 477 2920 545; x_wconf 88' lang='lat' dir='ltr'><strong>magis</strong></span> <span class='ocrx_word' id='word_1_37' title='bbox 2956 474 3241 545; x_wconf 82' lang='lat' dir='ltr'><strong>speciebus</strong></span> <span class='ocrx_word' id='word_1_38' title='bbox 3281 483 3409 530; x_wconf 88' lang='lat' dir='ltr'><strong>sunt</strong></span> <span class='ocrx_word' id='word_1_39' title='bbox 3452 474 3657 531; x_wconf 85' lang='lat' dir='ltr'><strong>inﬁnita</strong></span> 
     </span>
    </p>
   </div>
   <div class='ocr_carea' id='block_1_5' title="bbox 400 572 1975 650">
    <p class='ocr_par' dir='ltr' id='par_1_5' title="bbox 400 572 1975 650">
     <span class='ocr_line' id='line_1_5' title="bbox 400 572 1975 650; baseline -0.008 -16"><span class='ocrx_word' id='word_1_40' title='bbox 400 593 504 650; x_wconf 86' lang='lat' dir='ltr'><strong>quc</strong></span> <span class='ocrx_word' id='word_1_41' title='bbox 554 595 659 633; x_wconf 91' lang='lat' dir='ltr'><strong>non</strong></span> <span class='ocrx_word' id='word_1_42' title='bbox 708 578 784 632; x_wconf 90' lang='lat' dir='ltr'><strong>ﬁt.</strong></span> <span class='ocrx_word' id='word_1_43' title='bbox 814 579 1087 644; x_wconf 79' lang='lat' dir='ltr'><strong>Nunquam</strong></span> <span class='ocrx_word' id='word_1_44' title='bbox 1110 574 1250 628; x_wconf 91' lang='lat' dir='ltr'><strong>enim</strong></span> <span class='ocrx_word' id='word_1_45' title='bbox 1279 573 1492 628; x_wconf 89' lang='lat' dir='ltr'><strong>diversa</strong></span> <span class='ocrx_word' id='word_1_46' title='bbox 1520 587 1715 643; x_wconf 89' lang='lat' dir='ltr'><strong>genera</strong></span> <span class='ocrx_word' id='word_1_47' title='bbox 1742 572 1841 627; x_wconf 89' lang='lat' dir='ltr'><strong>sub</strong></span> <span class='ocrx_word' id='word_1_48' title='bbox 1869 585 1975 623; x_wconf 92' lang='lat' dir='ltr'><strong>uno</strong></span> 
     </span>
    </p>
   </div>
   <div class='ocr_carea' id='block_1_6' title="bbox 400 662 1977 741">
    <p class='ocr_par' dir='ltr' id='par_1_6' title="bbox 400 662 1977 741">
     <span class='ocr_line' id='line_1_6' title="bbox 400 662 1977 741; baseline -0.007 -15"><span class='ocrx_word' id='word_1_49' title='bbox 400 686 596 741; x_wconf 90' lang='lat' dir='ltr'><strong>genere</strong></span> <span class='ocrx_word' id='word_1_50' title='bbox 622 678 869 739; x_wconf 85' lang='lat' dir='ltr'><strong>poterunt</strong></span> <span class='ocrx_word' id='word_1_51' title='bbox 893 664 1304 723; x_wconf 80' lang='lat' dir='ltr'><strong>accommodari.</strong></span> <span class='ocrx_word' id='word_1_52' title='bbox 1345 664 1658 719; x_wconf 83' lang='lat' dir='ltr'><strong>Aristoteles</strong></span> <span class='ocrx_word' id='word_1_53' title='bbox 1696 663 1837 718; x_wconf 91' lang='lat' dir='ltr'><strong>enim</strong></span> <span class='ocrx_word' id='word_1_54' title='bbox 1869 662 1977 730; x_wconf 90' lang='lat' dir='ltr'><strong>pri—</strong></span> 
     </span>
    </p>
   </div>
   <div class='ocr_carea' id='block_1_7' title="bbox 400 753 1973 827">
    <p class='ocr_par' dir='ltr' id='par_1_7' title="bbox 400 753 1973 827">
     <span class='ocr_line' id='line_1_7' title="bbox 400 753 1973 827; baseline -0.007 -11"><span class='ocrx_word' id='word_1_55' title='bbox 400 776 607 815; x_wconf 88' lang='lat' dir='ltr'><strong>morum</strong></span> <span class='ocrx_word' id='word_1_56' title='bbox 666 774 918 827; x_wconf 75' lang='lat' dir='ltr'><strong>generum</strong></span> <span class='ocrx_word' id='word_1_57' title='bbox 974 756 1383 826; x_wconf 64' lang='lat' dir='ltr'><strong>praedicamenta</strong></span> <span class='ocrx_word' id='word_1_58' title='bbox 1440 757 1622 810; x_wconf 85' lang='lat' dir='ltr'><strong>decem</strong></span> <span class='ocrx_word' id='word_1_59' title='bbox 1673 753 1973 818; x_wconf 89' lang='lat' dir='ltr'><strong>constituit,</strong></span> 
     </span>
    </p>
   </div>
   <div class='ocr_carea' id='block_1_8' title="bbox 398 844 1979 918">
    <p class='ocr_par' dir='ltr' id='par_1_8' title="bbox 398 844 1979 918">
     <span class='ocr_line' id='line_1_8' title="bbox 398 844 1979 918; baseline -0.006 -12"><span class='ocrx_word' id='word_1_60' title='bbox 398 869 513 918; x_wconf 67' lang='lat' dir='ltr'><strong>qua:</strong></span> <span class='ocrx_word' id='word_1_61' title='bbox 570 852 717 907; x_wconf 89' lang='lat' dir='ltr'><strong>velut</strong></span> <span class='ocrx_word' id='word_1_62' title='bbox 775 849 968 918; x_wconf 85' lang='lat' dir='ltr'><strong>aliquis</strong></span> <span class='ocrx_word' id='word_1_63' title='bbox 1022 846 1175 914; x_wconf 81' lang='lat' dir='ltr'><strong>fons,</strong></span> <span class='ocrx_word' id='word_1_64' title='bbox 1235 847 1305 901; x_wconf 88' lang='lat' dir='ltr'><strong>ita</strong></span> <span class='ocrx_word' id='word_1_65' title='bbox 1367 845 1752 901; x_wconf 85' lang='lat' dir='ltr'><strong>subterioribus</strong></span> <span class='ocrx_word' id='word_1_66' title='bbox 1805 844 1979 898; x_wconf 90' lang='lat' dir='ltr'><strong>omni-</strong></span> 
     </span>
    </p>
   </div>
   <div class='ocr_carea' id='block_1_9' title="bbox 398 934 1975 1007">
    <p class='ocr_par' dir='ltr' id='par_1_9' title="bbox 398 934 1975 1007">
     <span class='ocr_line' id='line_1_9' title="bbox 398 934 1975 1007; baseline -0.006 -11"><span class='ocrx_word' id='word_1_67' title='bbox 398 942 495 996; x_wconf 88' lang='lat' dir='ltr'><strong>bus</strong></span> <span class='ocrx_word' id='word_1_68' title='bbox 526 952 701 995; x_wconf 92' lang='lat' dir='ltr'><strong>ortum</strong></span> <span class='ocrx_word' id='word_1_69' title='bbox 750 937 1144 1007; x_wconf 89' lang='lat' dir='ltr'><strong>quodammodo</strong></span> <span class='ocrx_word' id='word_1_70' title='bbox 1197 937 1573 1006; x_wconf 89' lang='lat' dir='ltr'><strong>nationemque</strong></span> <span class='ocrx_word' id='word_1_71' title='bbox 1609 934 1975 1003; x_wconf 77' lang='lat' dir='ltr'><strong>profuderunt.</strong></span> 
     </span>
    </p>
   </div>
   <div class='ocr_carea' id='block_1_10' title="bbox 396 1018 1979 1100">
    <p class='ocr_par' dir='ltr' id='par_1_10' title="bbox 396 1018 1979 1100">
     <span class='ocr_line' id='line_1_10' title="bbox 396 1018 1979 1100; baseline -0.006 -14"><span class='ocrx_word' id='word_1_72' title='bbox 396 1031 521 1087; x_wconf 69' lang='lat' dir='ltr'><strong>Haec</strong></span> <span class='ocrx_word' id='word_1_73' title='bbox 551 1032 708 1100; x_wconf 78' lang='lat' dir='ltr'><strong>igitur</strong></span> <span class='ocrx_word' id='word_1_74' title='bbox 750 1045 967 1100; x_wconf 85' lang='lat' dir='ltr'><strong>genera,</strong></span> <span class='ocrx_word' id='word_1_75' title='bbox 1008 1018 1256 1099; x_wconf 74' lang='lat' dir='ltr'><strong>quontam</strong></span> <span class='ocrx_word' id='word_1_76' title='bbox 1290 1026 1690 1096; x_wconf 83' lang='lat' dir='ltr'><strong>generalissima</strong></span> <span class='ocrx_word' id='word_1_77' title='bbox 1738 1032 1882 1091; x_wconf 90' lang='lat' dir='ltr'><strong>sunt,</strong></span> <span class='ocrx_word' id='word_1_78' title='bbox 1924 1032 1979 1079; x_wconf 89' lang='lat' dir='ltr'><strong>et</strong></span> 
     </span>
    </p>
   </div>
   <div class='ocr_carea' id='block_1_11' title="bbox 395 1116 2025 1195">
    <p class='ocr_par' dir='ltr' id='par_1_11' title="bbox 395 1116 2025 1195">
     <span class='ocr_line' id='line_1_11' title="bbox 395 1116 2025 1195; baseline -0.006 -15"><span class='ocrx_word' id='word_1_79' title='bbox 395 1125 636 1195; x_wconf 81' lang='lat' dir='ltr'><strong>superius</strong></span> <span class='ocrx_word' id='word_1_80' title='bbox 680 1125 758 1178; x_wconf 92' lang='lat' dir='ltr'><strong>eis</strong></span> <span class='ocrx_word' id='word_1_81' title='bbox 803 1124 1007 1178; x_wconf 91' lang='lat' dir='ltr'><strong>nullum</strong></span> <span class='ocrx_word' id='word_1_82' title='bbox 1053 1121 1195 1176; x_wconf 84' lang='lat' dir='ltr'><strong>aliud</strong></span> <span class='ocrx_word' id='word_1_83' title='bbox 1238 1120 1462 1175; x_wconf 83' lang='lat' dir='ltr'><strong>inveniri</strong></span> <span class='ocrx_word' id='word_1_84' title='bbox 1494 1134 1662 1189; x_wconf 86' lang='lat' dir='ltr'><strong>genus</strong></span> <span class='ocrx_word' id='word_1_85' title='bbox 1683 1127 1879 1188; x_wconf 86' lang='lat' dir='ltr'><strong>potest,</strong></span> <span class='ocrx_word' id='word_1_86' title='bbox 1910 1116 1979 1170; x_wconf 88' lang='lat' dir='ltr'><strong>ad</strong></span> <span class='ocrx_word' id='word_1_87' title='bbox 2024 1190 2025 1193; x_wconf 14' lang='grc' dir='ltr'><strong>η</strong></span> 
     </span>
    </p>
   </div>
   <div class='ocr_carea' id='block_1_12' title="bbox 396 1206 1975 1283">
    <p class='ocr_par' dir='ltr' id='par_1_12' title="bbox 396 1206 1975 1283">
     <span class='ocr_line' id='line_1_12' title="bbox 396 1206 1975 1283; baseline -0.007 -14"><span class='ocrx_word' id='word_1_88' title='bbox 396 1229 554 1269; x_wconf 92' lang='lat' dir='ltr'><strong>unum</strong></span> <span class='ocrx_word' id='word_1_89' title='bbox 608 1228 775 1283; x_wconf 89' lang='lat' dir='ltr'><strong>genus</strong></span> <span class='ocrx_word' id='word_1_90' title='bbox 828 1211 1008 1265; x_wconf 89' lang='lat' dir='ltr'><strong>reduci</strong></span> <span class='ocrx_word' id='word_1_91' title='bbox 1044 1226 1149 1265; x_wconf 90' lang='lat' dir='ltr'><strong>non</strong></span> <span class='ocrx_word' id='word_1_92' title='bbox 1198 1218 1484 1279; x_wconf 76' lang='lat' dir='ltr'><strong>poterunt.“</strong></span> <span class='ocrx_word' id='word_1_93' title='bbox 1510 1208 1661 1276; x_wconf 85' lang='lat' dir='ltr'><strong>Quod</strong></span> <span class='ocrx_word' id='word_1_94' title='bbox 1704 1207 1748 1260; x_wconf 85' lang='lat' dir='ltr'><strong>si</strong></span> <span class='ocrx_word' id='word_1_95' title='bbox 1792 1206 1975 1261; x_wconf 86' lang='lat' dir='ltr'><strong>decem</strong></span> 
     </span>
    </p>
   </div>
   <div class='ocr_carea' id='block_1_13' title="bbox 393 1299 1975 1373">
    <p class='ocr_par' dir='ltr' id='par_1_13' title="bbox 393 1299 1975 1373">
     <span class='ocr_line' id='line_1_13' title="bbox 393 1299 1975 1373; baseline -0.007 -14"><span class='ocrx_word' id='word_1_96' title='bbox 393 1320 584 1373; x_wconf 80' lang='lat' dir='ltr'><strong>genera</strong></span> <span class='ocrx_word' id='word_1_97' title='bbox 616 1305 785 1373; x_wconf 89' lang='lat' dir='ltr'><strong>prima</strong></span> <span class='ocrx_word' id='word_1_98' title='bbox 830 1302 894 1355; x_wconf 91' lang='lat' dir='ltr'><strong>ad</strong></span> <span class='ocrx_word' id='word_1_99' title='bbox 926 1317 1089 1355; x_wconf 91' lang='lat' dir='ltr'><strong>unum</strong></span> <span class='ocrx_word' id='word_1_100' title='bbox 1132 1315 1300 1369; x_wconf 89' lang='lat' dir='ltr'><strong>genus</strong></span> <span class='ocrx_word' id='word_1_101' title='bbox 1341 1299 1519 1353; x_wconf 88' lang='lat' dir='ltr'><strong>reduci</strong></span> <span class='ocrx_word' id='word_1_102' title='bbox 1571 1315 1675 1352; x_wconf 91' lang='lat' dir='ltr'><strong>non</strong></span> <span class='ocrx_word' id='word_1_103' title='bbox 1704 1305 1975 1366; x_wconf 86' lang='lat' dir='ltr'><strong>poterunt,</strong></span> 
     </span>
    </p>
   </div>
   <div class='ocr_carea' id='block_1_14' title="bbox 392 1386 1978 1466">
    <p class='ocr_par' dir='ltr' id='par_1_14' title="bbox 392 1386 1978 1466">
     <span class='ocr_line' id='line_1_14' title="bbox 392 1386 1978 1466; baseline -0.007 -13"><span class='ocrx_word' id='word_1_104' title='bbox 392 1412 492 1452; x_wconf 89' lang='lat' dir='ltr'><strong>nec</strong></span> <span class='ocrx_word' id='word_1_105' title='bbox 520 1397 605 1451; x_wconf 90' lang='lat' dir='ltr'><strong>illa</strong></span> <span class='ocrx_word' id='word_1_106' title='bbox 637 1412 755 1466; x_wconf 70' lang='lat' dir='ltr'><strong>qua:</strong></span> <span class='ocrx_word' id='word_1_107' title='bbox 781 1395 1007 1449; x_wconf 85' lang='lat' dir='ltr'><strong>subsunt</strong></span> <span class='ocrx_word' id='word_1_108' title='bbox 1035 1394 1236 1449; x_wconf 87' lang='lat' dir='ltr'><strong>eisdem</strong></span> <span class='ocrx_word' id='word_1_109' title='bbox 1263 1392 1568 1462; x_wconf 81' lang='lat' dir='ltr'><strong>generibus,</strong></span> <span class='ocrx_word' id='word_1_110' title='bbox 1592 1390 1644 1443; x_wconf 89' lang='lat' dir='ltr'><strong>id</strong></span> <span class='ocrx_word' id='word_1_111' title='bbox 1667 1398 1750 1445; x_wconf 88' lang='lat' dir='ltr'><strong>est</strong></span> <span class='ocrx_word' id='word_1_112' title='bbox 1774 1386 1978 1457; x_wconf 76' lang='lat' dir='ltr'><strong>species</strong></span> 
     </span>
    </p>
   </div>
   <div class='ocr_carea' id='block_1_15' title="bbox 391 1479 1977 1556">
    <p class='ocr_par' dir='ltr' id='par_1_15' title="bbox 391 1479 1977 1556">
     <span class='ocr_line' id='line_1_15' title="bbox 391 1479 1977 1556; baseline -0.008 -11"><span class='ocrx_word' id='word_1_113' title='bbox 391 1490 802 1556; x_wconf 86' lang='lat' dir='ltr'><strong>subalternaque</strong></span> <span class='ocrx_word' id='word_1_114' title='bbox 854 1502 1088 1556; x_wconf 82' lang='lat' dir='ltr'><strong>genera,</strong></span> <span class='ocrx_word' id='word_1_115' title='bbox 1143 1486 1209 1539; x_wconf 92' lang='lat' dir='ltr'><strong>ad</strong></span> <span class='ocrx_word' id='word_1_116' title='bbox 1269 1500 1430 1540; x_wconf 92' lang='lat' dir='ltr'><strong>unum</strong></span> <span class='ocrx_word' id='word_1_117' title='bbox 1477 1498 1645 1552; x_wconf 84' lang='lat' dir='ltr'><strong>genus</strong></span> <span class='ocrx_word' id='word_1_118' title='bbox 1692 1479 1977 1550; x_wconf 75' lang='lat' dir='ltr'><strong>aliquando</strong></span> 
     </span>
    </p>
   </div>
   <div class='ocr_carea' id='block_1_16' title="bbox 392 1571 1975 1650">
    <p class='ocr_par' dir='ltr' id='par_1_16' title="bbox 392 1571 1975 1650">
     <span class='ocr_line' id='line_1_16' title="bbox 392 1571 1975 1650; baseline -0.008 -14"><span class='ocrx_word' id='word_1_119' title='bbox 392 1590 642 1650; x_wconf 88' lang='lat' dir='ltr'><strong>poterunt</strong></span> <span class='ocrx_word' id='word_1_120' title='bbox 687 1579 961 1647; x_wconf 76' lang='lat' dir='ltr'><strong>applicari.</strong></span> <span class='ocrx_word' id='word_1_121' title='bbox 1005 1579 1135 1631; x_wconf 87' lang='lat' dir='ltr'><strong>Nam</strong></span> <span class='ocrx_word' id='word_1_122' title='bbox 1183 1578 1227 1630; x_wconf 89' lang='lat' dir='ltr'><strong>si</strong></span> <span class='ocrx_word' id='word_1_123' title='bbox 1273 1577 1438 1645; x_wconf 89' lang='lat' dir='ltr'><strong>prima</strong></span> <span class='ocrx_word' id='word_1_124' title='bbox 1471 1590 1655 1629; x_wconf 90' lang='lat' dir='ltr'><strong>eorum</strong></span> <span class='ocrx_word' id='word_1_125' title='bbox 1685 1587 1879 1642; x_wconf 89' lang='lat' dir='ltr'><strong>genera</strong></span> <span class='ocrx_word' id='word_1_126' title='bbox 1910 1571 1975 1625; x_wconf 89' lang='lat' dir='ltr'><strong>ad</strong></span> 
     </span>
    </p>
   </div>
   <div class='ocr_carea' id='block_1_17' title="bbox 392 1663 1975 1738">
    <p class='ocr_par' dir='ltr' id='par_1_17' title="bbox 392 1663 1975 1738">
     <span class='ocr_line' id='line_1_17' title="bbox 392 1663 1975 1738; baseline -0.006 -13"><span class='ocrx_word' id='word_1_127' title='bbox 392 1686 552 1725; x_wconf 92' lang='lat' dir='ltr'><strong>unum</strong></span> <span class='ocrx_word' id='word_1_128' title='bbox 602 1668 849 1738; x_wconf 84' lang='lat' dir='ltr'><strong>superius</strong></span> <span class='ocrx_word' id='word_1_129' title='bbox 901 1668 1021 1721; x_wconf 84' lang='lat' dir='ltr'><strong>duci</strong></span> <span class='ocrx_word' id='word_1_130' title='bbox 1054 1682 1158 1721; x_wconf 90' lang='lat' dir='ltr'><strong>non</strong></span> <span class='ocrx_word' id='word_1_131' title='bbox 1191 1674 1456 1735; x_wconf 87' lang='lat' dir='ltr'><strong>possunt,</strong></span> <span class='ocrx_word' id='word_1_132' title='bbox 1491 1680 1594 1719; x_wconf 89' lang='lat' dir='ltr'><strong>non</strong></span> <span class='ocrx_word' id='word_1_133' title='bbox 1626 1673 1706 1718; x_wconf 91' lang='lat' dir='ltr'><strong>est</strong></span> <span class='ocrx_word' id='word_1_134' title='bbox 1759 1663 1975 1717; x_wconf 88' lang='lat' dir='ltr'><strong>dubium</strong></span> 
     </span>
    </p>
   </div>
   <div class='ocr_carea' id='block_1_18' title="bbox 2078 563 3657 634">
    <p class='ocr_par' dir='ltr' id='par_1_18' title="bbox 2078 563 3657 634">
     <span class='ocr_line' id='line_1_18' title="bbox 2078 563 3657 634; baseline 0 -15"><span class='ocrx_word' id='word_1_135' title='bbox 2078 576 2237 632; x_wconf 91' lang='lat' dir='ltr'><strong>sunt,</strong></span> <span class='ocrx_word' id='word_1_136' title='bbox 2285 576 2339 622; x_wconf 91' lang='lat' dir='ltr'><strong>et</strong></span> <span class='ocrx_word' id='word_1_137' title='bbox 2393 581 2576 622; x_wconf 90' lang='lat' dir='ltr'><strong>eorum</strong></span> <span class='ocrx_word' id='word_1_138' title='bbox 2643 565 2991 634; x_wconf 80' lang='lat' dir='ltr'><strong>intelligentia</strong></span> <span class='ocrx_word' id='word_1_139' title='bbox 3047 563 3191 619; x_wconf 89' lang='lat' dir='ltr'><strong>nulla</strong></span> <span class='ocrx_word' id='word_1_140' title='bbox 3248 578 3481 634; x_wconf 80' lang='lat' dir='ltr'><strong>unquam</strong></span> <span class='ocrx_word' id='word_1_141' title='bbox 3536 566 3657 634; x_wconf 81' lang='lat' dir='ltr'><strong>capi</strong></span> 
     </span>
    </p>
   </div>
   <div class='ocr_carea' id='block_1_19' title="bbox 2042 655 3659 730">
    <p class='ocr_par' dir='ltr' id='par_1_19' title="bbox 2042 655 3659 730">
     <span class='ocr_line' id='line_1_19' title="bbox 2042 655 3659 730; baseline -0.002 -14"><span class='ocrx_word' id='word_1_142' title='bbox 2042 688 2043 691; x_wconf 56' lang='grc' dir='ltr'><strong>η</strong></span> <span class='ocrx_word' id='word_1_143' title='bbox 2077 661 2299 716; x_wconf 88' lang='lat' dir='ltr'><strong>scientia</strong></span> <span class='ocrx_word' id='word_1_144' title='bbox 2326 668 2519 730; x_wconf 86' lang='lat' dir='ltr'><strong>potest.</strong></span> <span class='ocrx_word' id='word_1_145' title='bbox 2550 660 2677 727; x_wconf 74' lang='lat' dir='ltr'><strong>Qum</strong></span> <span class='ocrx_word' id='word_1_146' title='bbox 2699 659 2839 715; x_wconf 88' lang='lat' dir='ltr'><strong>enim</strong></span> <span class='ocrx_word' id='word_1_147' title='bbox 2864 657 3070 713; x_wconf 90' lang='lat' dir='ltr'><strong>inﬁnita</strong></span> <span class='ocrx_word' id='word_1_148' title='bbox 3095 663 3219 712; x_wconf 90' lang='lat' dir='ltr'><strong>sunt</strong></span> <span class='ocrx_word' id='word_1_149' title='bbox 3249 655 3396 713; x_wconf 92' lang='lat' dir='ltr'><strong>nullo</strong></span> <span class='ocrx_word' id='word_1_150' title='bbox 3415 656 3659 713; x_wconf 65' lang='lat' dir='ltr'><strong>scientias</strong></span> 
     </span>
    </p>
   </div>
   <div class='ocr_carea' id='block_1_20' title="bbox 2016 748 3657 821">
    <p class='ocr_par' dir='ltr' id='par_1_20' title="bbox 2016 748 3657 821">
     <span class='ocr_line' id='line_1_20' title="bbox 2016 748 3657 821; baseline -0.002 -13"><span class='ocrx_word' id='word_1_151' title='bbox 2016 758 2035 791; x_wconf 60' lang='grc' dir='ltr'><strong>ἠ</strong></span> <span class='ocrx_word' id='word_1_152' title='bbox 2080 757 2307 809; x_wconf 84' lang='lat' dir='ltr'><strong>termino</strong></span> <span class='ocrx_word' id='word_1_153' title='bbox 2346 753 2754 808; x_wconf 89' lang='lat' dir='ltr'><strong>concluduntur.</strong></span> <span class='ocrx_word' id='word_1_154' title='bbox 2824 750 2963 821; x_wconf 81' lang='lat' dir='ltr'><strong>gitur</strong></span> <span class='ocrx_word' id='word_1_155' title='bbox 2996 750 3174 805; x_wconf 87' lang='lat' dir='ltr'><strong>omnis</strong></span> <span class='ocrx_word' id='word_1_156' title='bbox 3198 765 3228 804; x_wconf 89' lang='lat' dir='ltr'><strong>a</strong></span> <span class='ocrx_word' id='word_1_157' title='bbox 3256 750 3412 805; x_wconf 91' lang='lat' dir='ltr'><strong>nobis</strong></span> <span class='ocrx_word' id='word_1_158' title='bbox 3440 748 3657 816; x_wconf 81' lang='lat' dir='ltr'><strong>divisio,</strong></span> 
     </span>
    </p>
   </div>
   <div class='ocr_carea' id='block_1_21' title="bbox 2083 840 3659 916">
    <p class='ocr_par' dir='ltr' id='par_1_21' title="bbox 2083 840 3659 916">
     <span class='ocr_line' id='line_1_21' title="bbox 2083 840 3659 916; baseline -0.003 -16"><span class='ocrx_word' id='word_1_159' title='bbox 2083 847 2367 916; x_wconf 90' lang='lat' dir='ltr'><strong>omnisque</strong></span> <span class='ocrx_word' id='word_1_160' title='bbox 2392 845 2637 900; x_wconf 77' lang='lat' dir='ltr'><strong>scientia</strong></span> <span class='ocrx_word' id='word_1_161' title='bbox 2660 859 2689 898; x_wconf 87' lang='lat' dir='ltr'><strong>a</strong></span> <span class='ocrx_word' id='word_1_162' title='bbox 2728 844 2895 913; x_wconf 90' lang='lat' dir='ltr'><strong>magis</strong></span> <span class='ocrx_word' id='word_1_163' title='bbox 2918 841 3205 912; x_wconf 72' lang='lat' dir='ltr'><strong>generibus</strong></span> <span class='ocrx_word' id='word_1_164' title='bbox 3232 855 3331 910; x_wconf 90' lang='lat' dir='ltr'><strong>per</strong></span> <span class='ocrx_word' id='word_1_165' title='bbox 3350 840 3659 896; x_wconf 85' lang='lat' dir='ltr'><strong>subalterua</strong></span> 
     </span>
    </p>
   </div>
   <div class='ocr_carea' id='block_1_22' title="bbox 2080 932 3657 1006">
    <p class='ocr_par' dir='ltr' id='par_1_22' title="bbox 2080 932 3657 1006">
     <span class='ocr_line' id='line_1_22' title="bbox 2080 932 3657 1006; baseline -0.003 -16"><span class='ocrx_word' id='word_1_166' title='bbox 2080 950 2271 1006; x_wconf 88' lang='lat' dir='ltr'><strong>genera</strong></span> <span class='ocrx_word' id='word_1_167' title='bbox 2304 951 2472 1005; x_wconf 91' lang='lat' dir='ltr'><strong>usque</strong></span> <span class='ocrx_word' id='word_1_168' title='bbox 2501 935 2567 989; x_wconf 90' lang='lat' dir='ltr'><strong>ad</strong></span> <span class='ocrx_word' id='word_1_169' title='bbox 2598 936 2767 1004; x_wconf 86' lang='lat' dir='ltr'><strong>magis</strong></span> <span class='ocrx_word' id='word_1_170' title='bbox 2793 934 2999 1003; x_wconf 85' lang='lat' dir='ltr'><strong>species</strong></span> <span class='ocrx_word' id='word_1_171' title='bbox 3029 932 3345 988; x_wconf 81' lang='lat' dir='ltr'><strong>deducatur.</strong></span> <span class='ocrx_word' id='word_1_172' title='bbox 3391 932 3468 986; x_wconf 89' lang='lat' dir='ltr'><strong>lbi</strong></span> <span class='ocrx_word' id='word_1_173' title='bbox 3514 932 3657 988; x_wconf 82' lang='lat' dir='ltr'><strong>enim</strong></span> 
     </span>
    </p>
   </div>
   <div class='ocr_carea' id='block_1_23' title="bbox 2078 1023 3653 1093">
    <p class='ocr_par' dir='ltr' id='par_1_23' title="bbox 2078 1023 3653 1093">
     <span class='ocr_line' id='line_1_23' title="bbox 2078 1023 3653 1093; baseline -0.001 -13"><span class='ocrx_word' id='word_1_174' title='bbox 2078 1026 2432 1081; x_wconf 83' lang='lat' dir='ltr'><strong>consistentes</strong></span> <span class='ocrx_word' id='word_1_175' title='bbox 2453 1024 2712 1092; x_wconf 76' lang='lat' dir='ltr'><strong>integram</strong></span> <span class='ocrx_word' id='word_1_176' title='bbox 2735 1023 3071 1093; x_wconf 88' lang='lat' dir='ltr'><strong>superiorum</strong></span> <span class='ocrx_word' id='word_1_177' title='bbox 3096 1023 3376 1079; x_wconf 91' lang='lat' dir='ltr'><strong>scientiam</strong></span> <span class='ocrx_word' id='word_1_178' title='bbox 3404 1023 3653 1093; x_wconf 89' lang='lat' dir='ltr'><strong>accipere</strong></span> 
     </span>
    </p>
   </div>
   <div class='ocr_carea' id='block_1_24' title="bbox 2080 1113 3659 1186">
    <p class='ocr_par' dir='ltr' id='par_1_24' title="bbox 2080 1113 3659 1186">
     <span class='ocr_line' id='line_1_24' title="bbox 2080 1113 3659 1186; baseline -0.001 -17"><span class='ocrx_word' id='word_1_179' title='bbox 2080 1130 2362 1186; x_wconf 91' lang='lat' dir='ltr'><strong>possumus</strong></span> <span class='ocrx_word' id='word_1_180' title='bbox 2385 1130 2446 1169; x_wconf 87' lang='lat' dir='ltr'><strong>ac</strong></span> <span class='ocrx_word' id='word_1_181' title='bbox 2476 1117 2737 1170; x_wconf 77' lang='lat' dir='ltr'><strong>retinere.</strong></span> <span class='ocrx_word' id='word_1_182' title='bbox 2770 1115 2825 1170; x_wconf 90' lang='lat' dir='ltr'><strong>Si</strong></span> <span class='ocrx_word' id='word_1_183' title='bbox 2868 1115 2989 1184; x_wconf 87' lang='lat' dir='ltr'><strong>quis</strong></span> <span class='ocrx_word' id='word_1_184' title='bbox 3028 1121 3209 1169; x_wconf 88' lang='lat' dir='ltr'><strong>autem</strong></span> <span class='ocrx_word' id='word_1_185' title='bbox 3237 1113 3506 1168; x_wconf 87' lang='lat' dir='ltr'><strong>individua</strong></span> <span class='ocrx_word' id='word_1_186' title='bbox 3526 1114 3659 1169; x_wconf 87' lang='lat' dir='ltr'><strong>velit</strong></span> 
     </span>
    </p>
   </div>
   <div class='ocr_carea' id='block_1_25' title="bbox 2080 1207 3659 1278">
    <p class='ocr_par' dir='ltr' id='par_1_25' title="bbox 2080 1207 3659 1278">
     <span class='ocr_line' id='line_1_25' title="bbox 2080 1207 3659 1278; baseline -0.001 -15"><span class='ocrx_word' id='word_1_187' title='bbox 2080 1209 2298 1264; x_wconf 89' lang='lat' dir='ltr'><strong>scientia</strong></span> <span class='ocrx_word' id='word_1_188' title='bbox 2328 1208 2722 1278; x_wconf 88' lang='lat' dir='ltr'><strong>disciplinaque</strong></span> <span class='ocrx_word' id='word_1_189' title='bbox 2743 1207 3225 1278; x_wconf 87' lang='lat' dir='ltr'><strong>comprehendere,</strong></span> <span class='ocrx_word' id='word_1_190' title='bbox 3268 1207 3467 1264; x_wconf 71' lang='lat' dir='ltr'><strong>frusua</strong></span> <span class='ocrx_word' id='word_1_191' title='bbox 3508 1207 3659 1264; x_wconf 89' lang='lat' dir='ltr'><strong>labo-</strong></span> 
     </span>
    </p>
   </div>
   <div class='ocr_carea' id='block_1_26' title="bbox 2082 1297 3657 1369">
    <p class='ocr_par' dir='ltr' id='par_1_26' title="bbox 2082 1297 3657 1369">
     <span class='ocr_line' id='line_1_26' title="bbox 2082 1297 3657 1369; baseline -0.001 -15"><span class='ocrx_word' id='word_1_192' title='bbox 2082 1310 2161 1355; x_wconf 90' lang='lat' dir='ltr'><strong>rat</strong></span> <span class='ocrx_word' id='word_1_193' title='bbox 2193 1320 2205 1354; x_wconf 93' lang='lat'><strong>:</strong></span> <span class='ocrx_word' id='word_1_194' title='bbox 2238 1301 2333 1355; x_wconf 91' lang='lat' dir='ltr'><strong>sed</strong></span> <span class='ocrx_word' id='word_1_195' title='bbox 2370 1301 2441 1355; x_wconf 88' lang='lat' dir='ltr'><strong>ita</strong></span> <span class='ocrx_word' id='word_1_196' title='bbox 2478 1301 2730 1369; x_wconf 88' lang='lat' dir='ltr'><strong>jubemur</strong></span> <span class='ocrx_word' id='word_1_197' title='bbox 2760 1315 2790 1354; x_wconf 91' lang='lat' dir='ltr'><strong>a</strong></span> <span class='ocrx_word' id='word_1_198' title='bbox 2843 1300 3011 1369; x_wconf 88' lang='lat' dir='ltr'><strong>magis</strong></span> <span class='ocrx_word' id='word_1_199' title='bbox 3051 1297 3338 1369; x_wconf 77' lang='lat' dir='ltr'><strong>generibus</strong></span> <span class='ocrx_word' id='word_1_200' title='bbox 3378 1310 3549 1369; x_wconf 85' lang='lat' dir='ltr'><strong>usque</strong></span> <span class='ocrx_word' id='word_1_201' title='bbox 3591 1300 3657 1354; x_wconf 90' lang='lat' dir='ltr'><strong>ad</strong></span> 
     </span>
    </p>
   </div>
   <div class='ocr_carea' id='block_1_27' title="bbox 2080 1376 3660 1462">
    <p class='ocr_par' dir='ltr' id='par_1_27' title="bbox 2080 1376 3660 1462">
     <span class='ocr_line' id='line_1_27' title="bbox 2080 1376 3660 1462; baseline 0.002 -17"><span class='ocrx_word' id='word_1_202' title='bbox 2080 1392 2248 1459; x_wconf 79' lang='lat' dir='ltr'><strong>magis</strong></span> <span class='ocrx_word' id='word_1_203' title='bbox 2298 1376 2506 1461; x_wconf 87' lang='lat' dir='ltr'><strong>species</strong></span> <span class='ocrx_word' id='word_1_204' title='bbox 2551 1408 2648 1462; x_wconf 88' lang='lat' dir='ltr'><strong>per</strong></span> <span class='ocrx_word' id='word_1_205' title='bbox 2688 1392 2863 1447; x_wconf 91' lang='lat' dir='ltr'><strong>media</strong></span> <span class='ocrx_word' id='word_1_206' title='bbox 2905 1383 3191 1447; x_wconf 80' lang='lat' dir='ltr'><strong>intervalla</strong></span> <span class='ocrx_word' id='word_1_207' title='bbox 3226 1391 3552 1457; x_wconf 87' lang='lat' dir='ltr'><strong>discurrere,</strong></span> <span class='ocrx_word' id='word_1_208' title='bbox 3602 1400 3660 1448; x_wconf 92' lang='lat' dir='ltr'><strong>ut</strong></span> 
     </span>
    </p>
   </div>
   <div class='ocr_carea' id='block_1_28' title="bbox 2079 1482 3658 1552">
    <p class='ocr_par' dir='ltr' id='par_1_28' title="bbox 2079 1482 3658 1552">
     <span class='ocr_line' id='line_1_28' title="bbox 2079 1482 3658 1552; baseline 0.001 -16"><span class='ocrx_word' id='word_1_209' title='bbox 2079 1484 2345 1551; x_wconf 86' lang='lat' dir='ltr'><strong>speciﬁcis</strong></span> <span class='ocrx_word' id='word_1_210' title='bbox 2400 1482 2718 1538; x_wconf 81' lang='lat' dir='ltr'><strong>differentiis</strong></span> <span class='ocrx_word' id='word_1_211' title='bbox 2771 1482 3074 1538; x_wconf 86' lang='lat' dir='ltr'><strong>dividentes</strong></span> <span class='ocrx_word' id='word_1_212' title='bbox 3100 1482 3408 1539; x_wconf 87' lang='lat' dir='ltr'><strong>subalterna</strong></span> <span class='ocrx_word' id='word_1_213' title='bbox 3434 1496 3658 1552; x_wconf 85' lang='lat' dir='ltr'><strong>genera,</strong></span> 
     </span>
    </p>
   </div>
   <div class='ocr_carea' id='block_1_29' title="bbox 2080 1573 3659 1645">
    <p class='ocr_par' dir='ltr' id='par_1_29' title="bbox 2080 1573 3659 1645">
     <span class='ocr_line' id='line_1_29' title="bbox 2080 1573 3659 1645; baseline -0.001 -16"><span class='ocrx_word' id='word_1_214' title='bbox 2080 1591 2107 1629; x_wconf 89' lang='lat' dir='ltr'><strong>a</strong></span> <span class='ocrx_word' id='word_1_215' title='bbox 2138 1575 2305 1643; x_wconf 87' lang='lat' dir='ltr'><strong>magis</strong></span> <span class='ocrx_word' id='word_1_216' title='bbox 2336 1574 2621 1643; x_wconf 83' lang='lat' dir='ltr'><strong>generibus</strong></span> <span class='ocrx_word' id='word_1_217' title='bbox 2650 1589 2819 1645; x_wconf 89' lang='lat' dir='ltr'><strong>usque</strong></span> <span class='ocrx_word' id='word_1_218' title='bbox 2862 1573 2927 1628; x_wconf 91' lang='lat' dir='ltr'><strong>ad</strong></span> <span class='ocrx_word' id='word_1_219' title='bbox 2973 1575 3143 1644; x_wconf 88' lang='lat' dir='ltr'><strong>magis</strong></span> <span class='ocrx_word' id='word_1_220' title='bbox 3185 1573 3393 1644; x_wconf 87' lang='lat' dir='ltr'><strong>species</strong></span> <span class='ocrx_word' id='word_1_221' title='bbox 3438 1573 3659 1629; x_wconf 83' lang='lat' dir='ltr'><strong>descen-</strong></span> 
     </span>
    </p>
   </div>
   <div class='ocr_carea' id='block_1_30' title="bbox 2079 1664 3663 1735">
    <p class='ocr_par' dir='ltr' id='par_1_30' title="bbox 2079 1664 3663 1735">
     <span class='ocr_line' id='line_1_30' title="bbox 2079 1664 3663 1735; baseline 0 -15"><span class='ocrx_word' id='word_1_222' title='bbox 2079 1665 2286 1720; x_wconf 88' lang='lat' dir='ltr'><strong>damus.</strong></span> <span class='ocrx_word' id='word_1_223' title='bbox 2346 1665 2621 1734; x_wconf 80' lang='lat' dir='ltr'><strong>Speciticae</strong></span> <span class='ocrx_word' id='word_1_224' title='bbox 2673 1664 2989 1721; x_wconf 67' lang='lat' dir='ltr'><strong>differentiae</strong></span> <span class='ocrx_word' id='word_1_225' title='bbox 3052 1673 3178 1720; x_wconf 86' lang='lat' dir='ltr'><strong>sunt</strong></span> <span class='ocrx_word' id='word_1_226' title='bbox 3235 1679 3355 1733; x_wconf 82' lang='lat' dir='ltr'><strong>quae</strong></span> <span class='ocrx_word' id='word_1_227' title='bbox 3419 1665 3663 1735; x_wconf 83' lang='lat' dir='ltr'><strong>speciem</strong></span> 
     </span>
    </p>
   </div>
   <div class='ocr_carea' id='block_1_31' title="bbox 392 1752 3659 1829">
    <p class='ocr_par' dir='ltr' id='par_1_31' title="bbox 392 1752 3659 1829">
     <span class='ocr_line' id='line_1_31' title="bbox 392 1752 3659 1829; baseline -0 -14"><span class='ocrx_word' id='word_1_228' title='bbox 392 1762 515 1829; x_wconf 88' lang='lat' dir='ltr'><strong>quin</strong></span> <span class='ocrx_word' id='word_1_229' title='bbox 540 1776 598 1815; x_wconf 89' lang='lat' dir='ltr'><strong>ea</strong></span> <span class='ocrx_word' id='word_1_230' title='bbox 625 1760 735 1828; x_wconf 87' lang='lat' dir='ltr'><strong>ipsa</strong></span> <span class='ocrx_word' id='word_1_231' title='bbox 768 1774 885 1827; x_wconf 83' lang='lat' dir='ltr'><strong>quae</strong></span> <span class='ocrx_word' id='word_1_232' title='bbox 913 1758 1011 1813; x_wconf 88' lang='lat' dir='ltr'><strong>sub</strong></span> <span class='ocrx_word' id='word_1_233' title='bbox 1038 1758 1170 1825; x_wconf 87' lang='lat' dir='ltr'><strong>ipsis</strong></span> <span class='ocrx_word' id='word_1_234' title='bbox 1199 1767 1343 1824; x_wconf 85' lang='lat' dir='ltr'><strong>sunt,</strong></span> <span class='ocrx_word' id='word_1_235' title='bbox 1376 1755 1442 1809; x_wconf 86' lang='lat' dir='ltr'><strong>ab</strong></span> <span class='ocrx_word' id='word_1_236' title='bbox 1468 1771 1572 1809; x_wconf 92' lang='lat' dir='ltr'><strong>uno</strong></span> <span class='ocrx_word' id='word_1_237' title='bbox 1599 1768 1796 1824; x_wconf 87' lang='lat' dir='ltr'><strong>genere</strong></span> <span class='ocrx_word' id='word_1_238' title='bbox 1827 1767 1980 1807; x_wconf 86' lang='lat' dir='ltr'><strong>coer-</strong></span> <span class='ocrx_word' id='word_1_239' title='bbox 2007 1752 2054 1813; x_wconf 88' lang='lat' dir='ltr'><strong>B</strong></span> <span class='ocrx_word' id='word_1_240' title='bbox 2084 1771 2453 1826; x_wconf 86' lang='lat' dir='ltr'><strong>quamcunque</strong></span> <span class='ocrx_word' id='word_1_241' title='bbox 2519 1757 2819 1814; x_wconf 85' lang='lat' dir='ltr'><strong>declarant.</strong></span> <span class='ocrx_word' id='word_1_242' title='bbox 2867 1758 3152 1814; x_wconf 89' lang='lat' dir='ltr'><strong>Declarant</strong></span> <span class='ocrx_word' id='word_1_243' title='bbox 3209 1765 3389 1814; x_wconf 89' lang='lat' dir='ltr'><strong>autem</strong></span> <span class='ocrx_word' id='word_1_244' title='bbox 3449 1757 3659 1827; x_wconf 75' lang='lat' dir='ltr'><strong>species</strong></span> 
     </span>
    </p>
   </div>
   <div class='ocr_carea' id='block_1_32' title="bbox 392 1844 1974 1917">
    <p class='ocr_par' dir='ltr' id='par_1_32' title="bbox 392 1844 1974 1917">
     <span class='ocr_line' id='line_1_32' title="bbox 392 1844 1974 1917; baseline -0.008 -10"><span class='ocrx_word' id='word_1_245' title='bbox 392 1853 498 1907; x_wconf 89' lang='lat' dir='ltr'><strong>ceri</strong></span> <span class='ocrx_word' id='word_1_246' title='bbox 558 1850 926 1917; x_wconf 89' lang='lat' dir='ltr'><strong>continerique</strong></span> <span class='ocrx_word' id='word_1_247' title='bbox 974 1864 1078 1903; x_wconf 90' lang='lat' dir='ltr'><strong>non</strong></span> <span class='ocrx_word' id='word_1_248' title='bbox 1114 1850 1399 1917; x_wconf 71' lang='lat' dir='ltr'><strong>patiantur.</strong></span> <span class='ocrx_word' id='word_1_249' title='bbox 1429 1846 1558 1900; x_wconf 84' lang='lat' dir='ltr'><strong>Nam</strong></span> <span class='ocrx_word' id='word_1_250' title='bbox 1586 1845 1629 1899; x_wconf 89' lang='lat' dir='ltr'><strong>si</strong></span> <span class='ocrx_word' id='word_1_251' title='bbox 1654 1844 1974 1908; x_wconf 86' lang='lat' dir='ltr'><strong>substantia,</strong></span> 
     </span>
    </p>
   </div>
   <div class='ocr_carea' id='block_1_33' title="bbox 392 1935 1976 2014">
    <p class='ocr_par' dir='ltr' id='par_1_33' title="bbox 392 1935 1976 2014">
     <span class='ocr_line' id='line_1_33' title="bbox 392 1935 1976 2014; baseline -0.006 -16"><span class='ocrx_word' id='word_1_252' title='bbox 392 1944 641 2014; x_wconf 80' lang='lat' dir='ltr'><strong>qualitas,</strong></span> <span class='ocrx_word' id='word_1_253' title='bbox 672 1954 726 1997; x_wconf 89' lang='lat' dir='ltr'><strong>et</strong></span> <span class='ocrx_word' id='word_1_254' title='bbox 763 1942 1053 2011; x_wconf 86' lang='lat' dir='ltr'><strong>quantitas,</strong></span> <span class='ocrx_word' id='word_1_255' title='bbox 1085 1947 1139 1995; x_wconf 89' lang='lat' dir='ltr'><strong>et</strong></span> <span class='ocrx_word' id='word_1_256' title='bbox 1183 1948 1376 1994; x_wconf 77' lang='lat' dir='ltr'><strong>ctetera</strong></span> <span class='ocrx_word' id='word_1_257' title='bbox 1418 1939 1518 1992; x_wconf 89' lang='lat' dir='ltr'><strong>sub</strong></span> <span class='ocrx_word' id='word_1_258' title='bbox 1566 1938 1672 1992; x_wconf 91' lang='lat' dir='ltr'><strong>alio</strong></span> <span class='ocrx_word' id='word_1_259' title='bbox 1700 1935 1976 1991; x_wconf 86' lang='lat' dir='ltr'><strong>communi</strong></span> 
     </span>
    </p>
   </div>
   <div class='ocr_carea' id='block_1_34' title="bbox 392 2030 1979 2103">
    <p class='ocr_par' dir='ltr' id='par_1_34' title="bbox 392 2030 1979 2103">
     <span class='ocr_line' id='line_1_34' title="bbox 392 2030 1979 2103; baseline -0.004 -15"><span class='ocrx_word' id='word_1_260' title='bbox 392 2049 585 2103; x_wconf 87' lang='lat' dir='ltr'><strong>genere</strong></span> <span class='ocrx_word' id='word_1_261' title='bbox 624 2032 749 2101; x_wconf 89' lang='lat' dir='ltr'><strong>poni</strong></span> <span class='ocrx_word' id='word_1_262' title='bbox 788 2048 893 2086; x_wconf 91' lang='lat' dir='ltr'><strong>non</strong></span> <span class='ocrx_word' id='word_1_263' title='bbox 943 2040 1186 2100; x_wconf 88' lang='lat' dir='ltr'><strong>possunt,</strong></span> <span class='ocrx_word' id='word_1_264' title='bbox 1229 2030 1369 2101; x_wconf 90' lang='lat' dir='ltr'><strong>quod</strong></span> <span class='ocrx_word' id='word_1_265' title='bbox 1398 2030 1510 2099; x_wconf 90' lang='lat' dir='ltr'><strong>ipsa</strong></span> <span class='ocrx_word' id='word_1_266' title='bbox 1544 2030 1713 2099; x_wconf 82' lang='lat' dir='ltr'><strong>magis</strong></span> <span class='ocrx_word' id='word_1_267' title='bbox 1738 2038 1862 2083; x_wconf 88' lang='lat' dir='ltr'><strong>sunt</strong></span> <span class='ocrx_word' id='word_1_268' title='bbox 1884 2042 1979 2097; x_wconf 88' lang='lat' dir='ltr'><strong>ge-</strong></span> 
     </span>
    </p>
   </div>
   <div class='ocr_carea' id='block_1_35' title="bbox 391 2121 1980 2194">
    <p class='ocr_par' dir='ltr' id='par_1_35' title="bbox 391 2121 1980 2194">
     <span class='ocr_line' id='line_1_35' title="bbox 391 2121 1980 2194; baseline -0.003 -14"><span class='ocrx_word' id='word_1_269' title='bbox 391 2142 541 2192; x_wconf 89' lang='lat' dir='ltr'><strong>nera,</strong></span> <span class='ocrx_word' id='word_1_270' title='bbox 575 2140 674 2179; x_wconf 80' lang='lat' dir='ltr'><strong>nrc</strong></span> <span class='ocrx_word' id='word_1_271' title='bbox 722 2123 976 2194; x_wconf 87' lang='lat' dir='ltr'><strong>quidquid</strong></span> <span class='ocrx_word' id='word_1_272' title='bbox 1009 2123 1301 2178; x_wconf 87' lang='lat' dir='ltr'><strong>substantia</strong></span> <span class='ocrx_word' id='word_1_273' title='bbox 1352 2123 1528 2187; x_wconf 88' lang='lat' dir='ltr'><strong>fuerit,</strong></span> <span class='ocrx_word' id='word_1_274' title='bbox 1563 2121 1614 2175; x_wconf 90' lang='lat' dir='ltr'><strong>id</strong></span> <span class='ocrx_word' id='word_1_275' title='bbox 1645 2130 1728 2176; x_wconf 92' lang='lat' dir='ltr'><strong>est</strong></span> <span class='ocrx_word' id='word_1_276' title='bbox 1758 2121 1859 2176; x_wconf 91' lang='lat' dir='ltr'><strong>sub</strong></span> <span class='ocrx_word' id='word_1_277' title='bbox 1885 2135 1980 2175; x_wconf 89' lang='lat' dir='ltr'><strong>eo-</strong></span> 
     </span>
    </p>
   </div>
   <div class='ocr_carea' id='block_1_36' title="bbox 390 2215 1981 2288">
    <p class='ocr_par' dir='ltr' id='par_1_36' title="bbox 390 2215 1981 2288">
     <span class='ocr_line' id='line_1_36' title="bbox 390 2215 1981 2288; baseline -0.003 -16"><span class='ocrx_word' id='word_1_278' title='bbox 390 2220 511 2273; x_wconf 90' lang='lat' dir='ltr'><strong>dem</strong></span> <span class='ocrx_word' id='word_1_279' title='bbox 539 2232 757 2288; x_wconf 87' lang='lat' dir='ltr'><strong>genere,</strong></span> <span class='ocrx_word' id='word_1_280' title='bbox 804 2228 859 2270; x_wconf 91' lang='lat' dir='ltr'><strong>ut</strong></span> <span class='ocrx_word' id='word_1_281' title='bbox 894 2216 1091 2271; x_wconf 83' lang='lat' dir='ltr'><strong>animal</strong></span> <span class='ocrx_word' id='word_1_282' title='bbox 1123 2215 1205 2271; x_wconf 86' lang='lat' dir='ltr'><strong>vel</strong></span> <span class='ocrx_word' id='word_1_283' title='bbox 1236 2215 1417 2282; x_wconf 92' lang='lat' dir='ltr'><strong>homo,</strong></span> <span class='ocrx_word' id='word_1_284' title='bbox 1450 2216 1531 2269; x_wconf 86' lang='lat' dir='ltr'><strong>vel</strong></span> <span class='ocrx_word' id='word_1_285' title='bbox 1564 2215 1691 2269; x_wconf 89' lang='lat' dir='ltr'><strong>item</strong></span> <span class='ocrx_word' id='word_1_286' title='bbox 1722 2215 1822 2269; x_wconf 86' lang='lat' dir='ltr'><strong>sub</strong></span> <span class='ocrx_word' id='word_1_287' title='bbox 1852 2229 1981 2284; x_wconf 81' lang='lat' dir='ltr'><strong>qua-</strong></span> 
     </span>
    </p>
   </div>
   <div class='ocr_carea' id='block_1_37' title="bbox 394 2306 1982 2380">
    <p class='ocr_par' dir='ltr' id='par_1_37' title="bbox 394 2306 1982 2380">
     <span class='ocr_line' id='line_1_37' title="bbox 394 2306 1982 2380; baseline 0 -16"><span class='ocrx_word' id='word_1_288' title='bbox 394 2311 544 2365; x_wconf 88' lang='lat' dir='ltr'><strong>litate</strong></span> <span class='ocrx_word' id='word_1_289' title='bbox 583 2311 663 2364; x_wconf 87' lang='lat' dir='ltr'><strong>vel</strong></span> <span class='ocrx_word' id='word_1_290' title='bbox 694 2311 1009 2380; x_wconf 87' lang='lat' dir='ltr'><strong>quantitate,</strong></span> <span class='ocrx_word' id='word_1_291' title='bbox 1042 2306 1106 2363; x_wconf 82' lang='lat' dir='ltr'><strong>ad</strong></span> <span class='ocrx_word' id='word_1_292' title='bbox 1134 2309 1345 2379; x_wconf 88' lang='lat' dir='ltr'><strong>aliquod</strong></span> <span class='ocrx_word' id='word_1_293' title='bbox 1385 2323 1553 2380; x_wconf 92' lang='lat' dir='ltr'><strong>genus</strong></span> <span class='ocrx_word' id='word_1_294' title='bbox 1591 2324 1877 2370; x_wconf 84' lang='lat' dir='ltr'><strong>commune</strong></span> <span class='ocrx_word' id='word_1_295' title='bbox 1923 2323 1982 2365; x_wconf 89' lang='lat' dir='ltr'><strong>se</strong></span> 
     </span>
    </p>
   </div>
   <div class='ocr_carea' id='block_1_38' title="bbox 392 2398 1976 2470">
    <p class='ocr_par' dir='ltr' id='par_1_38' title="bbox 392 2398 1976 2470">
     <span class='ocr_line' id='line_1_38' title="bbox 392 2398 1976 2470; baseline -0.002 -14"><span class='ocrx_word' id='word_1_296' title='bbox 392 2410 642 2468; x_wconf 90' lang='lat' dir='ltr'><strong>poterunt</strong></span> <span class='ocrx_word' id='word_1_297' title='bbox 688 2399 979 2470; x_wconf 83' lang='lat' dir='ltr'><strong>applicare.</strong></span> <span class='ocrx_word' id='word_1_298' title='bbox 1029 2400 1305 2468; x_wconf 83' lang='lat' dir='ltr'><strong>Nunquam</strong></span> <span class='ocrx_word' id='word_1_299' title='bbox 1356 2400 1498 2453; x_wconf 82' lang='lat' dir='ltr'><strong>enim</strong></span> <span class='ocrx_word' id='word_1_300' title='bbox 1536 2398 1763 2453; x_wconf 85' lang='lat' dir='ltr'><strong>inveniri</strong></span> <span class='ocrx_word' id='word_1_301' title='bbox 1808 2414 1976 2467; x_wconf 86' lang='lat' dir='ltr'><strong>genus</strong></span> 
     </span>
    </p>
   </div>
   <div class='ocr_carea' id='block_1_39' title="bbox 391 2489 1978 2562">
    <p class='ocr_par' dir='ltr' id='par_1_39' title="bbox 391 2489 1978 2562">
     <span class='ocr_line' id='line_1_39' title="bbox 391 2489 1978 2562; baseline -0.005 -14"><span class='ocrx_word' id='word_1_302' title='bbox 391 2493 603 2559; x_wconf 87' lang='lat' dir='ltr'><strong>poterit,</strong></span> <span class='ocrx_word' id='word_1_303' title='bbox 635 2492 774 2562; x_wconf 91' lang='lat' dir='ltr'><strong>quod</strong></span> <span class='ocrx_word' id='word_1_304' title='bbox 809 2491 922 2545; x_wconf 73' lang='lat' dir='ltr'><strong>ltrec</strong></span> <span class='ocrx_word' id='word_1_305' title='bbox 947 2490 1358 2560; x_wconf 68' lang='lat' dir='ltr'><strong>derem&#39;genera</strong></span> <span class='ocrx_word' id='word_1_306' title='bbox 1390 2489 1634 2544; x_wconf 86' lang='lat' dir='ltr'><strong>solitario</strong></span> <span class='ocrx_word' id='word_1_307' title='bbox 1663 2501 1716 2543; x_wconf 93' lang='lat' dir='ltr'><strong>et</strong></span> <span class='ocrx_word' id='word_1_308' title='bbox 1759 2491 1978 2557; x_wconf 55' lang='lat' dir='ltr'><strong>proiirio</strong></span> 
     </span>
    </p>
   </div>
   <div class='ocr_carea' id='block_1_40' title="bbox 392 2580 1981 2651">
    <p class='ocr_par' dir='ltr' id='par_1_40' title="bbox 392 2580 1981 2651">
     <span class='ocr_line' id='line_1_40' title="bbox 392 2580 1981 2651; baseline -0.001 -13"><span class='ocrx_word' id='word_1_309' title='bbox 392 2585 665 2641; x_wconf 92' lang='lat' dir='ltr'><strong>intellectu</strong></span> <span class='ocrx_word' id='word_1_310' title='bbox 696 2584 835 2637; x_wconf 90' lang='lat' dir='ltr'><strong>intra</strong></span> <span class='ocrx_word' id='word_1_311' title='bbox 857 2598 916 2638; x_wconf 90' lang='lat' dir='ltr'><strong>se</strong></span> <span class='ocrx_word' id='word_1_312' title='bbox 944 2581 1110 2650; x_wconf 90' lang='lat' dir='ltr'><strong>possit</strong></span> <span class='ocrx_word' id='word_1_313' title='bbox 1142 2581 1305 2637; x_wconf 91' lang='lat' dir='ltr'><strong>veluti</strong></span> <span class='ocrx_word' id='word_1_314' title='bbox 1336 2585 1542 2651; x_wconf 87' lang='lat' dir='ltr'><strong>species</strong></span> <span class='ocrx_word' id='word_1_315' title='bbox 1573 2583 1871 2638; x_wconf 86' lang='lat' dir='ltr'><strong>continere.</strong></span> <span class='ocrx_word' id='word_1_316' title='bbox 1909 2580 1981 2637; x_wconf 79' lang='lat' dir='ltr'><strong>At</strong></span> 
     </span>
    </p>
   </div>
   <div class='ocr_carea' id='block_1_41' title="bbox 392 2673 1981 2747">
    <p class='ocr_par' dir='ltr' id='par_1_41' title="bbox 392 2673 1981 2747">
     <span class='ocr_line' id='line_1_41' title="bbox 392 2673 1981 2747; baseline -0.002 -18"><span class='ocrx_word' id='word_1_317' title='bbox 392 2676 535 2730; x_wconf 89' lang='lat' dir='ltr'><strong>dicat</strong></span> <span class='ocrx_word' id='word_1_318' title='bbox 564 2676 681 2743; x_wconf 90' lang='lat' dir='ltr'><strong>quis</strong></span> <span class='ocrx_word' id='word_1_319' title='bbox 714 2693 726 2726; x_wconf 88' lang='lat'><strong>:</strong></span> <span class='ocrx_word' id='word_1_320' title='bbox 762 2675 883 2728; x_wconf 77' lang='lat' dir='ltr'><strong>llzrc</strong></span> <span class='ocrx_word' id='word_1_321' title='bbox 922 2675 1100 2729; x_wconf 80' lang='lat' dir='ltr'><strong>omnia</strong></span> <span class='ocrx_word' id='word_1_322' title='bbox 1133 2674 1316 2729; x_wconf 89' lang='lat' dir='ltr'><strong>decem</strong></span> <span class='ocrx_word' id='word_1_323' title='bbox 1347 2689 1545 2747; x_wconf 88' lang='lat' dir='ltr'><strong>genera</strong></span> <span class='ocrx_word' id='word_1_324' title='bbox 1592 2673 1636 2728; x_wconf 91' lang='lat' dir='ltr'><strong>si</strong></span> <span class='ocrx_word' id='word_1_325' title='bbox 1684 2689 1811 2728; x_wconf 86' lang='lat' dir='ltr'><strong>vere</strong></span> <span class='ocrx_word' id='word_1_326' title='bbox 1858 2681 1981 2728; x_wconf 91' lang='lat' dir='ltr'><strong>sunt</strong></span> 
     </span>
    </p>
   </div>
   <div class='ocr_carea' id='block_1_42' title="bbox 391 2764 1977 2835">
    <p class='ocr_par' dir='ltr' id='par_1_42' title="bbox 391 2764 1977 2835">
     <span class='ocr_line' id='line_1_42' title="bbox 391 2764 1977 2835; baseline -0.003 -12"><span class='ocrx_word' id='word_1_327' title='bbox 391 2766 762 2831; x_wconf 82' lang='lat' dir='ltr'><strong>subsistentia,</strong></span> <span class='ocrx_word' id='word_1_328' title='bbox 791 2765 1182 2835; x_wconf 57' lang='lat' dir='ltr'><strong>quodammodo</strong></span> <span class='ocrx_word' id='word_1_329' title='bbox 1229 2766 1522 2821; x_wconf 86' lang='lat' dir='ltr'><strong>substantia</strong></span> <span class='ocrx_word' id='word_1_330' title='bbox 1567 2764 1650 2820; x_wconf 89' lang='lat' dir='ltr'><strong>vel</strong></span> <span class='ocrx_word' id='word_1_331' title='bbox 1701 2765 1842 2820; x_wconf 87' lang='lat' dir='ltr'><strong>entia</strong></span> <span class='ocrx_word' id='word_1_332' title='bbox 1873 2765 1977 2819; x_wconf 86' lang='lat' dir='ltr'><strong>dici</strong></span> 
     </span>
    </p>
   </div>
   <div class='ocr_carea' id='block_1_43' title="bbox 392 2857 1979 2929">
    <p class='ocr_par' dir='ltr' id='par_1_43' title="bbox 392 2857 1979 2929">
     <span class='ocr_line' id='line_1_43' title="bbox 392 2857 1979 2929; baseline -0.001 -15"><span class='ocrx_word' id='word_1_333' title='bbox 392 2874 567 2927; x_wconf 90' lang='lat' dir='ltr'><strong>posse.</strong></span> <span class='ocrx_word' id='word_1_334' title='bbox 602 2857 797 2913; x_wconf 79' lang='lat' dir='ltr'><strong>Flexus</strong></span> <span class='ocrx_word' id='word_1_335' title='bbox 827 2859 970 2913; x_wconf 93' lang='lat' dir='ltr'><strong>cnim</strong></span> <span class='ocrx_word' id='word_1_336' title='bbox 1014 2859 1100 2914; x_wconf 80' lang='lat' dir='ltr'><strong>hic</strong></span> <span class='ocrx_word' id='word_1_337' title='bbox 1128 2874 1307 2913; x_wconf 89' lang='lat' dir='ltr'><strong>sermo</strong></span> <span class='ocrx_word' id='word_1_338' title='bbox 1355 2867 1439 2913; x_wconf 90' lang='lat' dir='ltr'><strong>est</strong></span> <span class='ocrx_word' id='word_1_339' title='bbox 1485 2859 1553 2913; x_wconf 90' lang='lat' dir='ltr'><strong>ab</strong></span> <span class='ocrx_word' id='word_1_340' title='bbox 1599 2874 1664 2914; x_wconf 91' lang='lat' dir='ltr'><strong>eo</strong></span> <span class='ocrx_word' id='word_1_341' title='bbox 1705 2858 1848 2929; x_wconf 89' lang='lat' dir='ltr'><strong>quod</strong></span> <span class='ocrx_word' id='word_1_342' title='bbox 1896 2867 1979 2913; x_wconf 90' lang='lat' dir='ltr'><strong>est</strong></span> 
     </span>
    </p>
   </div>
   <div class='ocr_carea' id='block_1_44' title="bbox 391 2949 1979 3019">
    <p class='ocr_par' dir='ltr' id='par_1_44' title="bbox 391 2949 1979 3019">
     <span class='ocr_line' id='line_1_44' title="bbox 391 2949 1979 3019; baseline -0.001 -13"><span class='ocrx_word' id='word_1_343' title='bbox 391 2966 535 3017; x_wconf 89' lang='lat' dir='ltr'><strong>esse,</strong></span> <span class='ocrx_word' id='word_1_344' title='bbox 564 2959 617 3005; x_wconf 91' lang='lat' dir='ltr'><strong>et</strong></span> <span class='ocrx_word' id='word_1_345' title='bbox 648 2950 699 3003; x_wconf 93' lang='lat' dir='ltr'><strong>in</strong></span> <span class='ocrx_word' id='word_1_346' title='bbox 732 2950 997 3019; x_wconf 89' lang='lat' dir='ltr'><strong>participii</strong></span> <span class='ocrx_word' id='word_1_347' title='bbox 1047 2949 1305 3004; x_wconf 89' lang='lat' dir='ltr'><strong>abusione</strong></span> <span class='ocrx_word' id='word_1_348' title='bbox 1355 2959 1581 3003; x_wconf 89' lang='lat' dir='ltr'><strong>tractum</strong></span> <span class='ocrx_word' id='word_1_349' title='bbox 1632 2950 1715 3004; x_wconf 65' lang='grc' dir='ltr'><strong>εει</strong></span> <span class='ocrx_word' id='word_1_350' title='bbox 1762 2956 1979 3017; x_wconf 81' lang='lat' dir='ltr'><strong>propter</strong></span> 
     </span>
    </p>
   </div>
   <div class='ocr_carea' id='block_1_45' title="bbox 391 3041 1975 3113">
    <p class='ocr_par' dir='ltr' id='par_1_45' title="bbox 391 3041 1975 3113">
     <span class='ocr_line' id='line_1_45' title="bbox 391 3041 1975 3113; baseline -0.001 -18"><span class='ocrx_word' id='word_1_351' title='bbox 391 3042 819 3113; x_wconf 85' lang='lat' dir='ltr'><strong>angustationem</strong></span> <span class='ocrx_word' id='word_1_352' title='bbox 878 3041 1079 3095; x_wconf 74' lang='lat' dir='ltr'><strong>Latina:</strong></span> <span class='ocrx_word' id='word_1_353' title='bbox 1136 3041 1329 3111; x_wconf 61' lang='lat' dir='ltr'><strong>linguae</strong></span> <span class='ocrx_word' id='word_1_354' title='bbox 1386 3041 1975 3109; x_wconf 84' lang='lat' dir='ltr'><strong>compressionemque.</strong></span> 
     </span>
    </p>
   </div>
   <div class='ocr_carea' id='block_1_46' title="bbox 2083 1846 3659 1918">
    <p class='ocr_par' dir='ltr' id='par_1_46' title="bbox 2083 1846 3659 1918">
     <span class='ocr_line' id='line_1_46' title="bbox 2083 1846 3659 1918; baseline 0.003 -18"><span class='ocrx_word' id='word_1_355' title='bbox 2083 1846 2401 1902; x_wconf 70' lang='lat' dir='ltr'><strong>differentiis</strong></span> <span class='ocrx_word' id='word_1_356' title='bbox 2427 1848 2527 1901; x_wconf 90' lang='lat' dir='ltr'><strong>hoc</strong></span> <span class='ocrx_word' id='word_1_357' title='bbox 2555 1846 2737 1903; x_wconf 91' lang='lat' dir='ltr'><strong>modo.</strong></span> <span class='ocrx_word' id='word_1_358' title='bbox 2769 1846 2827 1903; x_wconf 88' lang='lat' dir='ltr'><strong>Si</strong></span> <span class='ocrx_word' id='word_1_359' title='bbox 2872 1849 2993 1918; x_wconf 93' lang='lat' dir='ltr'><strong>quis</strong></span> <span class='ocrx_word' id='word_1_360' title='bbox 3035 1848 3177 1903; x_wconf 90' lang='lat' dir='ltr'><strong>enim</strong></span> <span class='ocrx_word' id='word_1_361' title='bbox 3214 1847 3359 1903; x_wconf 88' lang='lat' dir='ltr'><strong>dicat</strong></span> <span class='ocrx_word' id='word_1_362' title='bbox 3407 1848 3659 1904; x_wconf 87' lang='lat' dir='ltr'><strong>substan-</strong></span> 
     </span>
    </p>
   </div>
   <div class='ocr_carea' id='block_1_47' title="bbox 2085 1941 3656 2013">
    <p class='ocr_par' dir='ltr' id='par_1_47' title="bbox 2085 1941 3656 2013">
     <span class='ocr_line' id='line_1_47' title="bbox 2085 1941 3656 2013; baseline -0.001 -17"><span class='ocrx_word' id='word_1_363' title='bbox 2085 1944 2240 2007; x_wconf 86' lang='lat' dir='ltr'><strong>tiam,</strong></span> <span class='ocrx_word' id='word_1_364' title='bbox 2270 1950 2327 1996; x_wconf 92' lang='lat' dir='ltr'><strong>ut</strong></span> <span class='ocrx_word' id='word_1_365' title='bbox 2354 1952 2517 2013; x_wconf 91' lang='lat' dir='ltr'><strong>ponat</strong></span> <span class='ocrx_word' id='word_1_366' title='bbox 2542 1943 2641 1997; x_wconf 90' lang='lat' dir='ltr'><strong>sub</strong></span> <span class='ocrx_word' id='word_1_367' title='bbox 2682 1943 3000 2009; x_wconf 86' lang='lat' dir='ltr'><strong>substantia,</strong></span> <span class='ocrx_word' id='word_1_368' title='bbox 3033 1955 3228 2011; x_wconf 89' lang='lat' dir='ltr'><strong>corpus</strong></span> <span class='ocrx_word' id='word_1_369' title='bbox 3265 1941 3365 1997; x_wconf 88' lang='lat' dir='ltr'><strong>sub</strong></span> <span class='ocrx_word' id='word_1_370' title='bbox 3407 1955 3656 2011; x_wconf 89' lang='lat' dir='ltr'><strong>corpore,</strong></span> 
     </span>
    </p>
   </div>
   <div class='ocr_carea' id='block_1_48' title="bbox 2082 2034 3657 2106">
    <p class='ocr_par' dir='ltr' id='par_1_48' title="bbox 2082 2034 3657 2106">
     <span class='ocr_line' id='line_1_48' title="bbox 2082 2034 3657 2106; baseline 0.001 -19"><span class='ocrx_word' id='word_1_371' title='bbox 2082 2035 2374 2089; x_wconf 90' lang='lat' dir='ltr'><strong>animatum</strong></span> <span class='ocrx_word' id='word_1_372' title='bbox 2414 2050 2609 2103; x_wconf 89' lang='lat' dir='ltr'><strong>corpus</strong></span> <span class='ocrx_word' id='word_1_373' title='bbox 2656 2036 2757 2090; x_wconf 90' lang='lat' dir='ltr'><strong>sub</strong></span> <span class='ocrx_word' id='word_1_374' title='bbox 2795 2036 3032 2091; x_wconf 87' lang='lat' dir='ltr'><strong>animato</strong></span> <span class='ocrx_word' id='word_1_375' title='bbox 3061 2050 3307 2106; x_wconf 89' lang='lat' dir='ltr'><strong>corpore,</strong></span> <span class='ocrx_word' id='word_1_376' title='bbox 3335 2036 3532 2091; x_wconf 79' lang='lat' dir='ltr'><strong>animal</strong></span> <span class='ocrx_word' id='word_1_377' title='bbox 3557 2034 3657 2090; x_wconf 86' lang='lat' dir='ltr'><strong>sub</strong></span> 
     </span>
    </p>
   </div>
   <div class='ocr_carea' id='block_1_49' title="bbox 2081 2126 3658 2193">
    <p class='ocr_par' dir='ltr' id='par_1_49' title="bbox 2081 2126 3658 2193">
     <span class='ocr_line' id='line_1_49' title="bbox 2081 2126 3658 2193; baseline -0.001 -11"><span class='ocrx_word' id='word_1_378' title='bbox 2081 2126 2319 2191; x_wconf 88' lang='lat' dir='ltr'><strong>animali,</strong></span> <span class='ocrx_word' id='word_1_379' title='bbox 2347 2126 2604 2181; x_wconf 88' lang='lat' dir='ltr'><strong>rationale</strong></span> <span class='ocrx_word' id='word_1_380' title='bbox 2629 2126 2826 2182; x_wconf 85' lang='lat' dir='ltr'><strong>animal</strong></span> <span class='ocrx_word' id='word_1_381' title='bbox 2856 2126 2957 2183; x_wconf 89' lang='lat' dir='ltr'><strong>sub</strong></span> <span class='ocrx_word' id='word_1_382' title='bbox 2981 2127 3196 2182; x_wconf 89' lang='lat' dir='ltr'><strong>animali</strong></span> <span class='ocrx_word' id='word_1_383' title='bbox 3217 2127 3490 2193; x_wconf 86' lang='lat' dir='ltr'><strong>rationali,</strong></span> <span class='ocrx_word' id='word_1_384' title='bbox 3515 2140 3658 2182; x_wconf 88' lang='lat' dir='ltr'><strong>mor-</strong></span> 
     </span>
    </p>
   </div>
   <div class='ocr_carea' id='block_1_50' title="bbox 2085 2218 3657 2289">
    <p class='ocr_par' dir='ltr' id='par_1_50' title="bbox 2085 2218 3657 2289">
     <span class='ocr_line' id='line_1_50' title="bbox 2085 2218 3657 2289; baseline 0.002 -16"><span class='ocrx_word' id='word_1_385' title='bbox 2085 2219 2208 2283; x_wconf 89' lang='lat' dir='ltr'><strong>tale,</strong></span> <span class='ocrx_word' id='word_1_386' title='bbox 2242 2226 2297 2273; x_wconf 88' lang='lat' dir='ltr'><strong>et</strong></span> <span class='ocrx_word' id='word_1_387' title='bbox 2322 2233 2509 2273; x_wconf 89' lang='lat' dir='ltr'><strong>omnes</strong></span> <span class='ocrx_word' id='word_1_388' title='bbox 2540 2219 2635 2273; x_wconf 90' lang='lat' dir='ltr'><strong>has</strong></span> <span class='ocrx_word' id='word_1_389' title='bbox 2662 2219 2871 2289; x_wconf 88' lang='lat' dir='ltr'><strong>species</strong></span> <span class='ocrx_word' id='word_1_390' title='bbox 2898 2233 3017 2289; x_wconf 67' lang='lat' dir='ltr'><strong>quae</strong></span> <span class='ocrx_word' id='word_1_391' title='bbox 3043 2228 3169 2275; x_wconf 90' lang='lat' dir='ltr'><strong>sunt</strong></span> <span class='ocrx_word' id='word_1_392' title='bbox 3197 2218 3511 2275; x_wconf 71' lang='lat' dir='ltr'><strong>substantia:</strong></span> <span class='ocrx_word' id='word_1_393' title='bbox 3536 2233 3657 2276; x_wconf 87' lang='lat' dir='ltr'><strong>cum</strong></span> 
     </span>
    </p>
   </div>
   <div class='ocr_carea' id='block_1_51' title="bbox 2082 2307 3657 2378">
    <p class='ocr_par' dir='ltr' id='par_1_51' title="bbox 2082 2307 3657 2378">
     <span class='ocr_line' id='line_1_51' title="bbox 2082 2307 3657 2378; baseline 0 -15"><span class='ocrx_word' id='word_1_394' title='bbox 2082 2308 2398 2365; x_wconf 83' lang='lat' dir='ltr'><strong>diﬁ‘erentiis</strong></span> <span class='ocrx_word' id='word_1_395' title='bbox 2456 2310 2730 2378; x_wconf 85' lang='lat' dir='ltr'><strong>posuerit,</strong></span> <span class='ocrx_word' id='word_1_396' title='bbox 2777 2308 3007 2364; x_wconf 88' lang='lat' dir='ltr'><strong>hominis</strong></span> <span class='ocrx_word' id='word_1_397' title='bbox 3058 2307 3263 2365; x_wconf 84' lang='lat' dir='ltr'><strong>scilicet</strong></span> <span class='ocrx_word' id='word_1_398' title='bbox 3323 2309 3532 2378; x_wconf 90' lang='lat' dir='ltr'><strong>species</strong></span> <span class='ocrx_word' id='word_1_399' title='bbox 3576 2308 3657 2363; x_wconf 90' lang='lat' dir='ltr'><strong>in-</strong></span> 
     </span>
    </p>
   </div>
   <div class='ocr_carea' id='block_1_52' title="bbox 2081 2399 3657 2470">
    <p class='ocr_par' dir='ltr' id='par_1_52' title="bbox 2081 2399 3657 2470">
     <span class='ocr_line' id='line_1_52' title="bbox 2081 2399 3657 2470; baseline 0 -15"><span class='ocrx_word' id='word_1_400' title='bbox 2081 2400 2421 2456; x_wconf 81' lang='lat' dir='ltr'><strong>formabitur.</strong></span> <span class='ocrx_word' id='word_1_401' title='bbox 2438 2400 2568 2454; x_wconf 88' lang='lat' dir='ltr'><strong>Nam</strong></span> <span class='ocrx_word' id='word_1_402' title='bbox 2590 2415 2786 2470; x_wconf 88' lang='lat' dir='ltr'><strong>corpus</strong></span> <span class='ocrx_word' id='word_1_403' title='bbox 2811 2400 3102 2455; x_wconf 88' lang='lat' dir='ltr'><strong>animatum</strong></span> <span class='ocrx_word' id='word_1_404' title='bbox 3128 2400 3195 2455; x_wconf 88' lang='lat' dir='ltr'><strong>ab</strong></span> <span class='ocrx_word' id='word_1_405' title='bbox 3224 2399 3516 2455; x_wconf 87' lang='lat' dir='ltr'><strong>inanimato</strong></span> <span class='ocrx_word' id='word_1_406' title='bbox 3539 2413 3657 2455; x_wconf 80' lang='lat' dir='ltr'><strong>cor-</strong></span> 
     </span>
    </p>
   </div>
   <div class='ocr_carea' id='block_1_53' title="bbox 2083 2490 3657 2564">
    <p class='ocr_par' dir='ltr' id='par_1_53' title="bbox 2083 2490 3657 2564">
     <span class='ocr_line' id='line_1_53' title="bbox 2083 2490 3657 2564; baseline -0.001 -17"><span class='ocrx_word' id='word_1_407' title='bbox 2083 2509 2217 2564; x_wconf 84' lang='lat' dir='ltr'><strong>pore</strong></span> <span class='ocrx_word' id='word_1_408' title='bbox 2266 2492 2565 2549; x_wconf 85' lang='lat' dir='ltr'><strong>differentia</strong></span> <span class='ocrx_word' id='word_1_409' title='bbox 2604 2502 2705 2548; x_wconf 89' lang='lat' dir='ltr'><strong>est.</strong></span> <span class='ocrx_word' id='word_1_410' title='bbox 2731 2493 2897 2548; x_wconf 87' lang='lat' dir='ltr'><strong>Porro</strong></span> <span class='ocrx_word' id='word_1_411' title='bbox 2921 2502 3097 2548; x_wconf 90' lang='lat' dir='ltr'><strong>autem</strong></span> <span class='ocrx_word' id='word_1_412' title='bbox 3120 2491 3320 2547; x_wconf 89' lang='lat' dir='ltr'><strong>animal</strong></span> <span class='ocrx_word' id='word_1_413' title='bbox 3348 2490 3416 2546; x_wconf 88' lang='lat' dir='ltr'><strong>ab</strong></span> <span class='ocrx_word' id='word_1_414' title='bbox 3435 2490 3657 2549; x_wconf 82' lang='lat' dir='ltr'><strong>insensi-</strong></span> 
     </span>
    </p>
   </div>
   <div class='ocr_carea' id='block_1_54' title="bbox 2086 2583 3658 2653">
    <p class='ocr_par' dir='ltr' id='par_1_54' title="bbox 2086 2583 3658 2653">
     <span class='ocr_line' id='line_1_54' title="bbox 2086 2583 3658 2653; baseline -0.002 -11"><span class='ocrx_word' id='word_1_415' title='bbox 2086 2587 2308 2653; x_wconf 86' lang='lat' dir='ltr'><strong>bilibus,</strong></span> <span class='ocrx_word' id='word_1_416' title='bbox 2327 2595 2382 2641; x_wconf 90' lang='lat' dir='ltr'><strong>et</strong></span> <span class='ocrx_word' id='word_1_417' title='bbox 2405 2586 2667 2641; x_wconf 87' lang='lat' dir='ltr'><strong>rationale</strong></span> <span class='ocrx_word' id='word_1_418' title='bbox 2696 2585 2764 2641; x_wconf 91' lang='lat' dir='ltr'><strong>ab</strong></span> <span class='ocrx_word' id='word_1_419' title='bbox 2788 2583 3108 2653; x_wconf 84' lang='lat' dir='ltr'><strong>irrationali,</strong></span> <span class='ocrx_word' id='word_1_420' title='bbox 3135 2592 3191 2641; x_wconf 90' lang='lat' dir='ltr'><strong>et</strong></span> <span class='ocrx_word' id='word_1_421' title='bbox 3218 2584 3443 2641; x_wconf 87' lang='lat' dir='ltr'><strong>mortale</strong></span> <span class='ocrx_word' id='word_1_422' title='bbox 3463 2583 3533 2639; x_wconf 91' lang='lat' dir='ltr'><strong>ab</strong></span> <span class='ocrx_word' id='word_1_423' title='bbox 3555 2583 3658 2639; x_wconf 86' lang='lat' dir='ltr'><strong>im-</strong></span> 
     </span>
    </p>
   </div>
   <div class='ocr_carea' id='block_1_55' title="bbox 2086 2677 3658 2750">
    <p class='ocr_par' dir='ltr' id='par_1_55' title="bbox 2086 2677 3658 2750">
     <span class='ocr_line' id='line_1_55' title="bbox 2086 2677 3658 2750; baseline 0.002 -19"><span class='ocrx_word' id='word_1_424' title='bbox 2086 2678 2398 2733; x_wconf 87' lang='lat' dir='ltr'><strong>mortalibus</strong></span> <span class='ocrx_word' id='word_1_425' title='bbox 2428 2677 2745 2734; x_wconf 70' lang='lat' dir='ltr'><strong>ditlerentite</strong></span> <span class='ocrx_word' id='word_1_426' title='bbox 2773 2686 2899 2734; x_wconf 90' lang='lat' dir='ltr'><strong>sunt</strong></span> <span class='ocrx_word' id='word_1_427' title='bbox 2927 2695 2943 2733; x_wconf 90' lang='lat'><strong>:</strong></span> <span class='ocrx_word' id='word_1_428' title='bbox 2970 2678 3085 2734; x_wconf 67' lang='lat' dir='ltr'><strong>haec</strong></span> <span class='ocrx_word' id='word_1_429' title='bbox 3109 2678 3272 2750; x_wconf 91' lang='lat' dir='ltr'><strong>igitur</strong></span> <span class='ocrx_word' id='word_1_430' title='bbox 3314 2678 3492 2733; x_wconf 86' lang='lat' dir='ltr'><strong>omnia</strong></span> <span class='ocrx_word' id='word_1_431' title='bbox 3537 2688 3658 2735; x_wconf 87' lang='lat' dir='ltr'><strong>cum</strong></span> 
     </span>
    </p>
   </div>
   <div class='ocr_carea' id='block_1_56' title="bbox 2078 2767 3657 2841">
    <p class='ocr_par' dir='ltr' id='par_1_56' title="bbox 2078 2767 3657 2841">
     <span class='ocr_line' id='line_1_56' title="bbox 2078 2767 3657 2841; baseline 0 -17"><span class='ocrx_word' id='word_1_432' title='bbox 2078 2770 2345 2838; x_wconf 69' lang='lat' dir='ltr'><strong>iunxeris,</strong></span> <span class='ocrx_word' id='word_1_433' title='bbox 2379 2785 2538 2825; x_wconf 88' lang='lat' dir='ltr'><strong>unam</strong></span> <span class='ocrx_word' id='word_1_434' title='bbox 2566 2770 2803 2841; x_wconf 88' lang='lat' dir='ltr'><strong>speciem</strong></span> <span class='ocrx_word' id='word_1_435' title='bbox 2831 2770 3147 2838; x_wconf 86' lang='lat' dir='ltr'><strong>deelarabis,</strong></span> <span class='ocrx_word' id='word_1_436' title='bbox 3170 2768 3224 2823; x_wconf 91' lang='lat' dir='ltr'><strong>id</strong></span> <span class='ocrx_word' id='word_1_437' title='bbox 3252 2777 3333 2823; x_wconf 89' lang='lat' dir='ltr'><strong>est</strong></span> <span class='ocrx_word' id='word_1_438' title='bbox 3360 2767 3657 2825; x_wconf 90' lang='lat' dir='ltr'><strong>hominem.</strong></span> 
     </span>
    </p>
   </div>
   <div class='ocr_carea' id='block_1_57' title="bbox 2080 2857 3657 2937">
    <p class='ocr_par' dir='ltr' id='par_1_57' title="bbox 2080 2857 3657 2937">
     <span class='ocr_line' id='line_1_57' title="bbox 2080 2857 3657 2937; baseline 0 -22"><span class='ocrx_word' id='word_1_439' title='bbox 2080 2860 2215 2915; x_wconf 83' lang='lat' dir='ltr'><strong>Nam</strong></span> <span class='ocrx_word' id='word_1_440' title='bbox 2256 2876 2379 2915; x_wconf 91' lang='lat' dir='ltr'><strong>cum</strong></span> <span class='ocrx_word' id='word_1_441' title='bbox 2420 2861 2553 2916; x_wconf 90' lang='lat' dir='ltr'><strong>dicis</strong></span> <span class='ocrx_word' id='word_1_442' title='bbox 2582 2874 2776 2928; x_wconf 90' lang='lat' dir='ltr'><strong>corpus</strong></span> <span class='ocrx_word' id='word_1_443' title='bbox 2819 2861 3131 2927; x_wconf 88' lang='lat' dir='ltr'><strong>animatum,</strong></span> <span class='ocrx_word' id='word_1_444' title='bbox 3164 2858 3364 2937; x_wconf 83' lang='lat' dir='ltr'><strong>animal</strong></span> <span class='ocrx_word' id='word_1_445' title='bbox 3392 2857 3657 2915; x_wconf 87' lang='lat' dir='ltr'><strong>rationale</strong></span> 
     </span>
    </p>
   </div>
   <div class='ocr_carea' id='block_1_58' title="bbox 2080 2948 3656 3022">
    <p class='ocr_par' dir='ltr' id='par_1_58' title="bbox 2080 2948 3656 3022">
     <span class='ocr_line' id='line_1_58' title="bbox 2080 2948 3656 3022; baseline -0.002 -14"><span class='ocrx_word' id='word_1_446' title='bbox 2080 2963 2139 3008; x_wconf 90' lang='lat' dir='ltr'><strong>et</strong></span> <span class='ocrx_word' id='word_1_447' title='bbox 2165 2954 2415 3021; x_wconf 87' lang='lat' dir='ltr'><strong>mortale,</strong></span> <span class='ocrx_word' id='word_1_448' title='bbox 2450 2968 2569 3022; x_wconf 68' lang='lat' dir='ltr'><strong>qua:</strong></span> <span class='ocrx_word' id='word_1_449' title='bbox 2595 2953 2797 3007; x_wconf 88' lang='lat' dir='ltr'><strong>scilicet</strong></span> <span class='ocrx_word' id='word_1_450' title='bbox 2819 2951 3132 3006; x_wconf 66' lang='lat' dir='ltr'><strong>differentia:</strong></span> <span class='ocrx_word' id='word_1_451' title='bbox 3154 2949 3207 3005; x_wconf 91' lang='lat' dir='ltr'><strong>in</strong></span> <span class='ocrx_word' id='word_1_452' title='bbox 3230 2948 3541 3005; x_wconf 82' lang='lat' dir='ltr'><strong>subalterno</strong></span> <span class='ocrx_word' id='word_1_453' title='bbox 3570 2966 3656 3005; x_wconf 54' lang='lat' dir='ltr'><strong>oro</strong></span> 
     </span>
    </p>
   </div>
   <div class='ocr_carea' id='block_1_59' title="bbox 2081 3039 3656 3113">
    <p class='ocr_par' dir='ltr' id='par_1_59' title="bbox 2081 3039 3656 3113">
     <span class='ocr_line' id='line_1_59' title="bbox 2081 3039 3656 3113; baseline -0.004 -11"><span class='ocrx_word' id='word_1_454' title='bbox 2081 3044 2209 3102; x_wconf 87' lang='lat' dir='ltr'><strong>dine</strong></span> <span class='ocrx_word' id='word_1_455' title='bbox 2248 3045 2348 3099; x_wconf 90' lang='lat' dir='ltr'><strong>sibi</strong></span> <span class='ocrx_word' id='word_1_456' title='bbox 2389 3044 2679 3113; x_wconf 69' lang='lat' dir='ltr'><strong>suppositae</strong></span> <span class='ocrx_word' id='word_1_457' title='bbox 2725 3051 2871 3110; x_wconf 90' lang='lat' dir='ltr'><strong>sunt,</strong></span> <span class='ocrx_word' id='word_1_458' title='bbox 2930 3039 3199 3097; x_wconf 90' lang='lat' dir='ltr'><strong>hominem</strong></span> <span class='ocrx_word' id='word_1_459' title='bbox 3252 3041 3656 3097; x_wconf 84' lang='lat' dir='ltr'><strong>demonstrasti.</strong></span> 
     </span>
    </p>
   </div>
   <div class='ocr_carea' id='block_1_60' title="bbox 393 3115 3715 3205">
    <p class='ocr_par' dir='ltr' id='par_1_60' title="bbox 393 3115 3715 3205">
     <span class='ocr_line' id='line_1_60' title="bbox 393 3115 3715 3205; baseline 0.001 -19"><span class='ocrx_word' id='word_1_460' title='bbox 393 3133 516 3188; x_wconf 65' lang='lat' dir='ltr'><strong>llaec</strong></span> <span class='ocrx_word' id='word_1_461' title='bbox 537 3133 797 3203; x_wconf 84' lang='lat' dir='ltr'><strong>igitur(ut</strong></span> <span class='ocrx_word' id='word_1_462' title='bbox 827 3133 1028 3187; x_wconf 88' lang='lat' dir='ltr'><strong>dictum</strong></span> <span class='ocrx_word' id='word_1_463' title='bbox 1055 3134 1161 3203; x_wconf 90' lang='lat' dir='ltr'><strong>est)</strong></span> <span class='ocrx_word' id='word_1_464' title='bbox 1188 3132 1328 3187; x_wconf 85' lang='lat' dir='ltr'><strong>entia</strong></span> <span class='ocrx_word' id='word_1_465' title='bbox 1358 3142 1579 3201; x_wconf 86' lang='lat' dir='ltr'><strong>possunt</strong></span> <span class='ocrx_word' id='word_1_466' title='bbox 1598 3132 1882 3200; x_wconf 84' lang='lat' dir='ltr'><strong>appellari.</strong></span> <span class='ocrx_word' id='word_1_467' title='bbox 1905 3132 1971 3186; x_wconf 83' lang='lat' dir='ltr'><strong>Et</strong></span> <span class='ocrx_word' id='word_1_468' title='bbox 1994 3115 2045 3179; x_wconf 64' lang='grc' dir='ltr'><strong>(ἶ</strong></span> <span class='ocrx_word' id='word_1_469' title='bbox 2077 3136 2214 3191; x_wconf 85' lang='lat' dir='ltr'><strong>Sunt</strong></span> <span class='ocrx_word' id='word_1_470' title='bbox 2260 3145 2435 3192; x_wconf 88' lang='lat' dir='ltr'><strong>autem</strong></span> <span class='ocrx_word' id='word_1_471' title='bbox 2484 3135 2726 3205; x_wconf 77' lang='lat' dir='ltr'><strong>quaedam</strong></span> <span class='ocrx_word' id='word_1_472' title='bbox 2782 3136 2902 3191; x_wconf 73' lang='lat' dir='ltr'><strong>alite</strong></span> <span class='ocrx_word' id='word_1_473' title='bbox 2959 3133 3293 3200; x_wconf 75' lang='lat' dir='ltr'><strong>diﬁ&#39;erentize,</strong></span> <span class='ocrx_word' id='word_1_474' title='bbox 3348 3149 3467 3205; x_wconf 66' lang='lat' dir='ltr'><strong>qua:</strong></span> <span class='ocrx_word' id='word_1_475' title='bbox 3522 3135 3655 3191; x_wconf 84' lang='lat' dir='ltr'><strong>tales</strong></span> <span class='ocrx_word' id='word_1_476' title='bbox 3712 3186 3715 3187; x_wconf 34' lang='grc' dir='ltr'><em>ν</em></span> 
     </span>
    </p>
   </div>
   <div class='ocr_carea' id='block_1_61' title="bbox 391 3223 1971 3293">
    <p class='ocr_par' dir='ltr' id='par_1_61' title="bbox 391 3223 1971 3293">
     <span class='ocr_line' id='line_1_61' title="bbox 391 3223 1971 3293; baseline 0 -14"><span class='ocrx_word' id='word_1_477' title='bbox 391 3237 488 3279; x_wconf 87' lang='lat' dir='ltr'><strong>ens</strong></span> <span class='ocrx_word' id='word_1_478' title='bbox 543 3224 642 3277; x_wconf 90' lang='lat' dir='ltr'><strong>hoc</strong></span> <span class='ocrx_word' id='word_1_479' title='bbox 692 3224 888 3293; x_wconf 79' lang='lat' dir='ltr'><strong>ipsum,</strong></span> <span class='ocrx_word' id='word_1_480' title='bbox 922 3224 971 3277; x_wconf 87' lang='lat' dir='ltr'><strong>id</strong></span> <span class='ocrx_word' id='word_1_481' title='bbox 1004 3234 1083 3277; x_wconf 77' lang='lat' dir='ltr'><strong>est</strong></span> <span class='ocrx_word' id='word_1_482' title='bbox 1133 3238 1271 3287; x_wconf 88' lang='lat' dir='ltr'><strong>esse,</strong></span> <span class='ocrx_word' id='word_1_483' title='bbox 1304 3239 1467 3291; x_wconf 74' lang='lat' dir='ltr'><strong>genus</strong></span> <span class='ocrx_word' id='word_1_484' title='bbox 1510 3238 1695 3277; x_wconf 90' lang='lat' dir='ltr'><strong>eorum</strong></span> <span class='ocrx_word' id='word_1_485' title='bbox 1742 3223 1971 3279; x_wconf 82' lang='lat' dir='ltr'><strong>fortasse</strong></span> 
     </span>
    </p>
   </div>
   <div class='ocr_carea' id='block_1_62' title="bbox 391 3314 1970 3385">
    <p class='ocr_par' dir='ltr' id='par_1_62' title="bbox 391 3314 1970 3385">
     <span class='ocr_line' id='line_1_62' title="bbox 391 3314 1970 3385; baseline 0 -15"><span class='ocrx_word' id='word_1_486' title='bbox 391 3316 491 3372; x_wconf 88' lang='lat' dir='ltr'><strong>diei</strong></span> <span class='ocrx_word' id='word_1_487' title='bbox 520 3316 805 3382; x_wconf 90' lang='lat' dir='ltr'><strong>videbitur,</strong></span> <span class='ocrx_word' id='word_1_488' title='bbox 840 3317 934 3370; x_wconf 89' lang='lat' dir='ltr'><strong>sed</strong></span> <span class='ocrx_word' id='word_1_489' title='bbox 966 3315 1121 3369; x_wconf 60' lang='lat' dir='ltr'><strong>falso.</strong></span> <span class='ocrx_word' id='word_1_490' title='bbox 1151 3314 1392 3385; x_wconf 88' lang='lat' dir='ltr'><strong>Namque</strong></span> <span class='ocrx_word' id='word_1_491' title='bbox 1437 3317 1614 3369; x_wconf 88' lang='lat' dir='ltr'><strong>omnia</strong></span> <span class='ocrx_word' id='word_1_492' title='bbox 1662 3331 1779 3385; x_wconf 75' lang='lat' dir='ltr'><strong>qua:</strong></span> <span class='ocrx_word' id='word_1_493' title='bbox 1831 3315 1970 3370; x_wconf 90' lang='lat' dir='ltr'><strong>inter</strong></span> 
     </span>
    </p>
   </div>
   <div class='ocr_carea' id='block_1_63' title="bbox 390 3406 1973 3477">
    <p class='ocr_par' dir='ltr' id='par_1_63' title="bbox 390 3406 1973 3477">
     <span class='ocr_line' id='line_1_63' title="bbox 390 3406 1973 3477; baseline -0.002 -13"><span class='ocrx_word' id='word_1_494' title='bbox 390 3424 449 3464; x_wconf 89' lang='lat' dir='ltr'><strong>se</strong></span> <span class='ocrx_word' id='word_1_495' title='bbox 474 3408 745 3477; x_wconf 77' lang='lat' dir='ltr'><strong>tequivoce</strong></span> <span class='ocrx_word' id='word_1_496' title='bbox 786 3407 1147 3471; x_wconf 86' lang='lat' dir='ltr'><strong>nominantur,</strong></span> <span class='ocrx_word' id='word_1_497' title='bbox 1201 3422 1467 3476; x_wconf 89' lang='lat' dir='ltr'><strong>nunquam</strong></span> <span class='ocrx_word' id='word_1_498' title='bbox 1517 3406 1754 3475; x_wconf 88' lang='lat' dir='ltr'><strong>ejusdem</strong></span> <span class='ocrx_word' id='word_1_499' title='bbox 1798 3407 1973 3462; x_wconf 90' lang='lat' dir='ltr'><strong>conti-</strong></span> 
     </span>
    </p>
   </div>
   <div class='ocr_carea' id='block_1_64' title="bbox 394 3497 1971 3570">
    <p class='ocr_par' dir='ltr' id='par_1_64' title="bbox 394 3497 1971 3570">
     <span class='ocr_line' id='line_1_64' title="bbox 394 3497 1971 3570; baseline -0.003 -13"><span class='ocrx_word' id='word_1_500' title='bbox 394 3503 630 3557; x_wconf 86' lang='lat' dir='ltr'><strong>nentiam</strong></span> <span class='ocrx_word' id='word_1_501' title='bbox 678 3500 893 3570; x_wconf 85' lang='lat' dir='ltr'><strong>generis</strong></span> <span class='ocrx_word' id='word_1_502' title='bbox 942 3499 1255 3554; x_wconf 90' lang='lat' dir='ltr'><strong>sortiuntur.</strong></span> <span class='ocrx_word' id='word_1_503' title='bbox 1308 3500 1513 3568; x_wconf 86' lang='lat' dir='ltr'><strong>Quippe</strong></span> <span class='ocrx_word' id='word_1_504' title='bbox 1566 3513 1787 3569; x_wconf 92' lang='lat' dir='ltr'><strong>quorum</strong></span> <span class='ocrx_word' id='word_1_505' title='bbox 1844 3497 1971 3553; x_wconf 88' lang='lat' dir='ltr'><strong>sub-</strong></span> 
     </span>
    </p>
   </div>
   <div class='ocr_carea' id='block_1_65' title="bbox 389 3592 1969 3663">
    <p class='ocr_par' dir='ltr' id='par_1_65' title="bbox 389 3592 1969 3663">
     <span class='ocr_line' id='line_1_65' title="bbox 389 3592 1969 3663; baseline 0 -16"><span class='ocrx_word' id='word_1_506' title='bbox 389 3593 581 3647; x_wconf 86' lang='lat' dir='ltr'><strong>stantia</strong></span> <span class='ocrx_word' id='word_1_507' title='bbox 612 3593 897 3662; x_wconf 89' lang='lat' dir='ltr'><strong>discrepat,</strong></span> <span class='ocrx_word' id='word_1_508' title='bbox 922 3609 1027 3647; x_wconf 90' lang='lat' dir='ltr'><strong>non</strong></span> <span class='ocrx_word' id='word_1_509' title='bbox 1057 3603 1136 3648; x_wconf 88' lang='lat' dir='ltr'><strong>est</strong></span> <span class='ocrx_word' id='word_1_510' title='bbox 1162 3592 1377 3649; x_wconf 90' lang='lat' dir='ltr'><strong>dubium</strong></span> <span class='ocrx_word' id='word_1_511' title='bbox 1413 3592 1537 3663; x_wconf 91' lang='lat' dir='ltr'><strong>quin</strong></span> <span class='ocrx_word' id='word_1_512' title='bbox 1588 3592 1796 3662; x_wconf 85' lang='lat' dir='ltr'><strong>generis</strong></span> <span class='ocrx_word' id='word_1_513' title='bbox 1838 3607 1969 3662; x_wconf 88' lang='lat' dir='ltr'><strong>quo-</strong></span> 
     </span>
    </p>
   </div>
   <div class='ocr_carea' id='block_1_66' title="bbox 387 3682 1969 3753">
    <p class='ocr_par' dir='ltr' id='par_1_66' title="bbox 387 3682 1969 3753">
     <span class='ocr_line' id='line_1_66' title="bbox 387 3682 1969 3753; baseline 0 -15"><span class='ocrx_word' id='word_1_514' title='bbox 387 3698 491 3753; x_wconf 84' lang='lat' dir='ltr'><strong>que</strong></span> <span class='ocrx_word' id='word_1_515' title='bbox 521 3683 687 3751; x_wconf 90' lang='lat' dir='ltr'><strong>ipsius</strong></span> <span class='ocrx_word' id='word_1_516' title='bbox 717 3682 960 3738; x_wconf 88' lang='lat' dir='ltr'><strong>deﬁnitio</strong></span> <span class='ocrx_word' id='word_1_517' title='bbox 985 3683 1310 3753; x_wconf 90' lang='lat' dir='ltr'><strong>discrepabit</strong></span> <span class='ocrx_word' id='word_1_518' title='bbox 1341 3700 1356 3736; x_wconf 87' lang='lat'><strong>:</strong></span> <span class='ocrx_word' id='word_1_519' title='bbox 1391 3684 1501 3737; x_wconf 65' lang='lat' dir='ltr'><strong>hare</strong></span> <span class='ocrx_word' id='word_1_520' title='bbox 1533 3692 1708 3737; x_wconf 90' lang='lat' dir='ltr'><strong>autem</strong></span> <span class='ocrx_word' id='word_1_521' title='bbox 1742 3690 1801 3737; x_wconf 94' lang='lat' dir='ltr'><strong>ut</strong></span> <span class='ocrx_word' id='word_1_522' title='bbox 1825 3684 1969 3738; x_wconf 89' lang='lat' dir='ltr'><strong>entia</strong></span> 
     </span>
    </p>
   </div>
   <div class='ocr_carea' id='block_1_67' title="bbox 393 3772 1971 3845">
    <p class='ocr_par' dir='ltr' id='par_1_67' title="bbox 393 3772 1971 3845">
     <span class='ocr_line' id='line_1_67' title="bbox 393 3772 1971 3845; baseline -0.001 -16"><span class='ocrx_word' id='word_1_523' title='bbox 393 3775 755 3838; x_wconf 90' lang='lat' dir='ltr'><strong>nominentur,</strong></span> <span class='ocrx_word' id='word_1_524' title='bbox 787 3789 890 3828; x_wconf 93' lang='lat' dir='ltr'><strong>non</strong></span> <span class='ocrx_word' id='word_1_525' title='bbox 940 3774 1187 3841; x_wconf 76' lang='lat' dir='ltr'><strong>univoco,</strong></span> <span class='ocrx_word' id='word_1_526' title='bbox 1225 3776 1320 3829; x_wconf 85' lang='lat' dir='ltr'><strong>sed</strong></span> <span class='ocrx_word' id='word_1_527' title='bbox 1369 3775 1641 3845; x_wconf 74' lang='lat' dir='ltr'><strong>tequivoce</strong></span> <span class='ocrx_word' id='word_1_528' title='bbox 1671 3772 1971 3844; x_wconf 72' lang='lat' dir='ltr'><strong>praedican-</strong></span> 
     </span>
    </p>
   </div>
   <div class='ocr_carea' id='block_1_68' title="bbox 2075 3224 3656 3295">
    <p class='ocr_par' dir='ltr' id='par_1_68' title="bbox 2075 3224 3656 3295">
     <span class='ocr_line' id='line_1_68' title="bbox 2075 3224 3656 3295; baseline 0.003 -16"><span class='ocrx_word' id='word_1_529' title='bbox 2075 3236 2221 3292; x_wconf 88' lang='lat' dir='ltr'><strong>sunt,</strong></span> <span class='ocrx_word' id='word_1_530' title='bbox 2255 3241 2317 3280; x_wconf 89' lang='lat' dir='ltr'><strong>ac</strong></span> <span class='ocrx_word' id='word_1_531' title='bbox 2365 3224 2409 3280; x_wconf 87' lang='lat' dir='ltr'><strong>si</strong></span> <span class='ocrx_word' id='word_1_532' title='bbox 2454 3224 2604 3280; x_wconf 89' lang='lat' dir='ltr'><strong>dicas</strong></span> <span class='ocrx_word' id='word_1_533' title='bbox 2648 3225 2847 3280; x_wconf 89' lang='lat' dir='ltr'><strong>animal</strong></span> <span class='ocrx_word' id='word_1_534' title='bbox 2891 3224 3305 3290; x_wconf 90' lang='lat' dir='ltr'><strong>rhetoricorum,</strong></span> <span class='ocrx_word' id='word_1_535' title='bbox 3337 3225 3483 3295; x_wconf 90' lang='lat' dir='ltr'><strong>quod</strong></span> <span class='ocrx_word' id='word_1_536' title='bbox 3508 3226 3656 3284; x_wconf 84' lang='lat' dir='ltr'><strong>solus</strong></span> 
     </span>
    </p>
   </div>
   <div class='ocr_carea' id='block_1_69' title="bbox 2075 3315 3655 3386">
    <p class='ocr_par' dir='ltr' id='par_1_69' title="bbox 2075 3315 3655 3386">
     <span class='ocr_line' id='line_1_69' title="bbox 2075 3315 3655 3386; baseline 0.004 -18"><span class='ocrx_word' id='word_1_537' title='bbox 2075 3315 2239 3370; x_wconf 87' lang='lat' dir='ltr'><strong>homo</strong></span> <span class='ocrx_word' id='word_1_538' title='bbox 2266 3317 2454 3370; x_wconf 83' lang='lat' dir='ltr'><strong>rhetor</strong></span> <span class='ocrx_word' id='word_1_539' title='bbox 2483 3331 2604 3371; x_wconf 82' lang='lat' dir='ltr'><strong>esse</strong></span> <span class='ocrx_word' id='word_1_540' title='bbox 2635 3315 2821 3386; x_wconf 90' lang='lat' dir='ltr'><strong>possit.</strong></span> <span class='ocrx_word' id='word_1_541' title='bbox 2870 3316 2975 3374; x_wconf 89' lang='lat' dir='ltr'><strong>Sed</strong></span> <span class='ocrx_word' id='word_1_542' title='bbox 3030 3316 3146 3372; x_wconf 67' lang='lat' dir='ltr'><strong>hrcc</strong></span> <span class='ocrx_word' id='word_1_543' title='bbox 3203 3315 3503 3373; x_wconf 76' lang='lat' dir='ltr'><strong>differentia</strong></span> <span class='ocrx_word' id='word_1_544' title='bbox 3550 3331 3655 3375; x_wconf 84' lang='lat' dir='ltr'><strong>non</strong></span> 
     </span>
    </p>
   </div>
   <div class='ocr_carea' id='block_1_70' title="bbox 2077 3406 3654 3476">
    <p class='ocr_par' dir='ltr' id='par_1_70' title="bbox 2077 3406 3654 3476">
     <span class='ocr_line' id='line_1_70' title="bbox 2077 3406 3654 3476; baseline 0 -15"><span class='ocrx_word' id='word_1_545' title='bbox 2077 3407 2328 3474; x_wconf 85' lang='lat' dir='ltr'><strong>speciﬁca</strong></span> <span class='ocrx_word' id='word_1_546' title='bbox 2367 3406 2666 3462; x_wconf 66' lang='lat' dir='ltr'><strong>differentia</strong></span> <span class='ocrx_word' id='word_1_547' title='bbox 2689 3416 2793 3476; x_wconf 89' lang='lat' dir='ltr'><strong>est,</strong></span> <span class='ocrx_word' id='word_1_548' title='bbox 2822 3417 2878 3463; x_wconf 90' lang='lat' dir='ltr'><strong>et</strong></span> <span class='ocrx_word' id='word_1_549' title='bbox 2905 3408 3259 3467; x_wconf 85' lang='lat' dir='ltr'><strong>substantiam</strong></span> <span class='ocrx_word' id='word_1_550' title='bbox 3297 3408 3527 3464; x_wconf 86' lang='lat' dir='ltr'><strong>hominis</strong></span> <span class='ocrx_word' id='word_1_551' title='bbox 3555 3422 3654 3463; x_wconf 86' lang='lat' dir='ltr'><strong>na-</strong></span> 
     </span>
    </p>
   </div>
   <div class='ocr_carea' id='block_1_71' title="bbox 2075 3493 3653 3565">
    <p class='ocr_par' dir='ltr' id='par_1_71' title="bbox 2075 3493 3653 3565">
     <span class='ocr_line' id='line_1_71' title="bbox 2075 3493 3653 3565; baseline 0.001 -16"><span class='ocrx_word' id='word_1_552' title='bbox 2075 3500 2356 3561; x_wconf 88' lang='lat' dir='ltr'><strong>turamque</strong></span> <span class='ocrx_word' id='word_1_553' title='bbox 2392 3508 2498 3548; x_wconf 92' lang='lat' dir='ltr'><strong>non</strong></span> <span class='ocrx_word' id='word_1_554' title='bbox 2524 3493 2753 3563; x_wconf 90' lang='lat' dir='ltr'><strong>perﬁcit,</strong></span> <span class='ocrx_word' id='word_1_555' title='bbox 2781 3494 2877 3550; x_wconf 90' lang='lat' dir='ltr'><strong>sed</strong></span> <span class='ocrx_word' id='word_1_556' title='bbox 2910 3503 3115 3550; x_wconf 89' lang='lat' dir='ltr'><strong>tantum</strong></span> <span class='ocrx_word' id='word_1_557' title='bbox 3158 3505 3326 3550; x_wconf 84' lang='lat' dir='ltr'><strong>artem</strong></span> <span class='ocrx_word' id='word_1_558' title='bbox 3371 3494 3653 3565; x_wconf 85' lang='lat' dir='ltr'><strong>quamdam</strong></span> 
     </span>
    </p>
   </div>
   <div class='ocr_carea' id='block_1_72' title="bbox 2071 3584 3654 3656">
    <p class='ocr_par' dir='ltr' id='par_1_72' title="bbox 2071 3584 3654 3656">
     <span class='ocr_line' id='line_1_72' title="bbox 2071 3584 3654 3656; baseline 0.001 -17"><span class='ocrx_word' id='word_1_559' title='bbox 2071 3584 2463 3655; x_wconf 80' lang='lat' dir='ltr'><strong>scientiamque</strong></span> <span class='ocrx_word' id='word_1_560' title='bbox 2503 3586 2867 3642; x_wconf 87' lang='lat' dir='ltr'><strong>commendat.</strong></span> <span class='ocrx_word' id='word_1_561' title='bbox 2900 3586 3006 3640; x_wconf 83' lang='lat' dir='ltr'><strong>Illae</strong></span> <span class='ocrx_word' id='word_1_562' title='bbox 3036 3585 3197 3656; x_wconf 88' lang='lat' dir='ltr'><strong>igitur</strong></span> <span class='ocrx_word' id='word_1_563' title='bbox 3225 3586 3279 3641; x_wconf 93' lang='lat' dir='ltr'><strong>in</strong></span> <span class='ocrx_word' id='word_1_564' title='bbox 3303 3584 3654 3641; x_wconf 84' lang='lat' dir='ltr'><strong>divis’ionibus</strong></span> 
     </span>
    </p>
   </div>
   <div class='ocr_carea' id='block_1_73' title="bbox 2072 3677 3653 3751">
    <p class='ocr_par' dir='ltr' id='par_1_73' title="bbox 2072 3677 3653 3751">
     <span class='ocr_line' id='line_1_73' title="bbox 2072 3677 3653 3751; baseline -0.001 -18"><span class='ocrx_word' id='word_1_565' title='bbox 2072 3678 2392 3736; x_wconf 77' lang='lat' dir='ltr'><strong>diﬁ‘erentite</strong></span> <span class='ocrx_word' id='word_1_566' title='bbox 2438 3680 2753 3751; x_wconf 85' lang='lat' dir='ltr'><strong>speciesque</strong></span> <span class='ocrx_word' id='word_1_567' title='bbox 2797 3687 3043 3749; x_wconf 89' lang='lat' dir='ltr'><strong>prosunt,</strong></span> <span class='ocrx_word' id='word_1_568' title='bbox 3086 3693 3151 3734; x_wconf 79' lang='lat' dir='ltr'><strong>es</strong></span> <span class='ocrx_word' id='word_1_569' title='bbox 3182 3677 3372 3748; x_wconf 89' lang='lat' dir='ltr'><strong>quibus</strong></span> <span class='ocrx_word' id='word_1_570' title='bbox 3409 3677 3499 3733; x_wconf 83' lang='lat' dir='ltr'><strong>illa</strong></span> <span class='ocrx_word' id='word_1_571' title='bbox 3535 3692 3653 3747; x_wconf 71' lang='lat' dir='ltr'><strong>qua!</strong></span> 
     </span>
    </p>
   </div>
   <div class='ocr_carea' id='block_1_74' title="bbox 2072 3769 3653 3841">
    <p class='ocr_par' dir='ltr' id='par_1_74' title="bbox 2072 3769 3653 3841">
     <span class='ocr_line' id='line_1_74' title="bbox 2072 3769 3653 3841; baseline -0.003 -16"><span class='ocrx_word' id='word_1_572' title='bbox 2072 3769 2271 3826; x_wconf 84' lang='lat' dir='ltr'><strong>dicitur</strong></span> <span class='ocrx_word' id='word_1_573' title='bbox 2319 3772 2489 3841; x_wconf 84' lang='lat' dir='ltr'><strong>magis</strong></span> <span class='ocrx_word' id='word_1_574' title='bbox 2543 3770 2753 3839; x_wconf 81' lang='lat' dir='ltr'><strong>species</strong></span> <span class='ocrx_word' id='word_1_575' title='bbox 2808 3769 3145 3838; x_wconf 84' lang='lat' dir='ltr'><strong>informatur,</strong></span> <span class='ocrx_word' id='word_1_576' title='bbox 3179 3778 3235 3824; x_wconf 86' lang='lat' dir='ltr'><strong>et</strong></span> <span class='ocrx_word' id='word_1_577' title='bbox 3274 3769 3390 3824; x_wconf 75' lang='lat' dir='ltr'><strong>haec</strong></span> <span class='ocrx_word' id='word_1_578' title='bbox 3437 3777 3653 3824; x_wconf 80' lang='lat' dir='ltr'><strong>vocatur</strong></span> 
     </span>
    </p>
   </div>
   <div class='ocr_carea' id='block_1_75' title="bbox 388 3858 3653 3935">
    <p class='ocr_par' dir='ltr' id='par_1_75' title="bbox 388 3858 3653 3935">
     <span class='ocr_line' id='line_1_75' title="bbox 388 3858 3653 3935; baseline -0.002 -16"><span class='ocrx_word' id='word_1_579' title='bbox 388 3876 491 3921; x_wconf 86' lang='lat' dir='ltr'><strong>tur.</strong></span> <span class='ocrx_word' id='word_1_580' title='bbox 527 3864 658 3919; x_wconf 84' lang='lat' dir='ltr'><strong>Nam</strong></span> <span class='ocrx_word' id='word_1_581' title='bbox 689 3866 939 3934; x_wconf 87' lang='lat' dir='ltr'><strong>quoniam</strong></span> <span class='ocrx_word' id='word_1_582' title='bbox 988 3865 1282 3921; x_wconf 54' lang='lat' dir='ltr'><strong>substantia</strong></span> <span class='ocrx_word' id='word_1_583' title='bbox 1328 3881 1425 3920; x_wconf 91' lang='lat' dir='ltr'><strong>ens</strong></span> <span class='ocrx_word' id='word_1_584' title='bbox 1472 3873 1579 3933; x_wconf 87' lang='lat' dir='ltr'><strong>est,</strong></span> <span class='ocrx_word' id='word_1_585' title='bbox 1607 3873 1662 3921; x_wconf 88' lang='lat' dir='ltr'><strong>et</strong></span> <span class='ocrx_word' id='word_1_586' title='bbox 1684 3866 1810 3921; x_wconf 91' lang='lat' dir='ltr'><strong>item</strong></span> <span class='ocrx_word' id='word_1_587' title='bbox 1842 3880 1973 3935; x_wconf 84' lang='lat' dir='ltr'><strong>qua—</strong></span> <span class='ocrx_word' id='word_1_588' title='bbox 2071 3864 2320 3934; x_wconf 83' lang='lat' dir='ltr'><strong>speeitica</strong></span> <span class='ocrx_word' id='word_1_589' title='bbox 2346 3864 2668 3930; x_wconf 72' lang='lat' dir='ltr'><strong>differentia,</strong></span> <span class='ocrx_word' id='word_1_590' title='bbox 2695 3876 2815 3934; x_wconf 64' lang='lat' dir='ltr'><strong>quae</strong></span> <span class='ocrx_word' id='word_1_591' title='bbox 2853 3862 3022 3933; x_wconf 86' lang='lat' dir='ltr'><strong>magis</strong></span> <span class='ocrx_word' id='word_1_592' title='bbox 3050 3862 3285 3933; x_wconf 90' lang='lat' dir='ltr'><strong>speciem</strong></span> <span class='ocrx_word' id='word_1_593' title='bbox 3326 3862 3495 3931; x_wconf 89' lang='lat' dir='ltr'><strong>possit</strong></span> <span class='ocrx_word' id='word_1_594' title='bbox 3538 3858 3653 3914; x_wconf 79' lang='lat' dir='ltr'><strong>efﬁ-</strong></span> 
     </span>
    </p>
   </div>
   <div class='ocr_carea' id='block_1_76' title="bbox 394 3953 3653 4028">
    <p class='ocr_par' dir='ltr' id='par_1_76' title="bbox 394 3953 3653 4028">
     <span class='ocr_line' id='line_1_76' title="bbox 394 3953 3653 4028; baseline 0 -21"><span class='ocrx_word' id='word_1_595' title='bbox 394 3954 516 4008; x_wconf 87' lang='lat' dir='ltr'><strong>litas</strong></span> <span class='ocrx_word' id='word_1_596' title='bbox 561 3968 679 4017; x_wconf 83' lang='lat' dir='ltr'><strong>ens,</strong></span> <span class='ocrx_word' id='word_1_597' title='bbox 709 3953 751 4007; x_wconf 91' lang='lat' dir='ltr'><strong>si</strong></span> <span class='ocrx_word' id='word_1_598' title='bbox 782 3956 901 4024; x_wconf 89' lang='lat' dir='ltr'><strong>quis</strong></span> <span class='ocrx_word' id='word_1_599' title='bbox 928 3954 1186 4010; x_wconf 89' lang='lat' dir='ltr'><strong>rationem</strong></span> <span class='ocrx_word' id='word_1_600' title='bbox 1234 3955 1701 4025; x_wconf 71' lang='lat' dir='ltr'><strong>deﬁnitionemque</strong></span> <span class='ocrx_word' id='word_1_601' title='bbox 1728 3954 1973 4010; x_wconf 92' lang='lat' dir='ltr'><strong>substan-</strong></span> <span class='ocrx_word' id='word_1_602' title='bbox 2070 3974 2219 4015; x_wconf 87' lang='lat' dir='ltr'><strong>cere.</strong></span> <span class='ocrx_word' id='word_1_603' title='bbox 2249 3958 2389 4028; x_wconf 87' lang='lat' dir='ltr'><strong>Ergo</strong></span> <span class='ocrx_word' id='word_1_604' title='bbox 2422 3972 2544 4013; x_wconf 91' lang='lat' dir='ltr'><strong>cum</strong></span> <span class='ocrx_word' id='word_1_605' title='bbox 2582 3973 2675 4028; x_wconf 90' lang='lat' dir='ltr'><strong>per</strong></span> <span class='ocrx_word' id='word_1_606' title='bbox 2715 3957 2830 4013; x_wconf 68' lang='lat' dir='ltr'><strong>haec</strong></span> <span class='ocrx_word' id='word_1_607' title='bbox 2857 3956 3172 4012; x_wconf 89' lang='lat' dir='ltr'><strong>descensum</strong></span> <span class='ocrx_word' id='word_1_608' title='bbox 3200 3953 3361 4010; x_wconf 87' lang='lat' dir='ltr'><strong>fuerit</strong></span> <span class='ocrx_word' id='word_1_609' title='bbox 3386 3954 3455 4008; x_wconf 89' lang='lat' dir='ltr'><strong>ad</strong></span> <span class='ocrx_word' id='word_1_610' title='bbox 3485 3953 3653 4023; x_wconf 85' lang='lat' dir='ltr'><strong>magis</strong></span> 
     </span>
    </p>
   </div>
   <div class='ocr_carea' id='block_1_77' title="bbox 395 4044 3652 4120">
    <p class='ocr_par' dir='ltr' id='par_1_77' title="bbox 395 4044 3652 4120">
     <span class='ocr_line' id='line_1_77' title="bbox 395 4044 3652 4120; baseline -0.002 -22"><span class='ocrx_word' id='word_1_611' title='bbox 395 4045 484 4098; x_wconf 77' lang='lat' dir='ltr'><strong>tite</strong></span> <span class='ocrx_word' id='word_1_612' title='bbox 510 4055 561 4099; x_wconf 93' lang='lat' dir='ltr'><strong>et</strong></span> <span class='ocrx_word' id='word_1_613' title='bbox 586 4044 855 4113; x_wconf 75' lang='lat' dir='ltr'><strong>qualitatis</strong></span> <span class='ocrx_word' id='word_1_614' title='bbox 882 4044 1094 4109; x_wconf 80' lang='lat' dir='ltr'><strong>dixerit,</strong></span> <span class='ocrx_word' id='word_1_615' title='bbox 1119 4044 1431 4100; x_wconf 86' lang='lat' dir='ltr'><strong>eademnam</strong></span> <span class='ocrx_word' id='word_1_616' title='bbox 1474 4046 1712 4114; x_wconf 91' lang='lat' dir='ltr'><strong>utrisque</strong></span> <span class='ocrx_word' id='word_1_617' title='bbox 1741 4060 1848 4101; x_wconf 86' lang='lat' dir='ltr'><strong>non</strong></span> <span class='ocrx_word' id='word_1_618' title='bbox 1877 4061 1973 4117; x_wconf 89' lang='lat' dir='ltr'><strong>po-</strong></span> <span class='ocrx_word' id='word_1_619' title='bbox 2071 4050 2301 4117; x_wconf 66' lang='lat' dir='ltr'><strong>mecies,</strong></span> <span class='ocrx_word' id='word_1_620' title='bbox 2328 4050 2679 4120; x_wconf 83' lang='lat' dir='ltr'><strong>relinquenda</strong></span> <span class='ocrx_word' id='word_1_621' title='bbox 2714 4060 2838 4105; x_wconf 83' lang='lat' dir='ltr'><strong>sum</strong></span> <span class='ocrx_word' id='word_1_622' title='bbox 2882 4049 2982 4104; x_wconf 85' lang='lat' dir='ltr'><strong>sub</strong></span> <span class='ocrx_word' id='word_1_623' title='bbox 3010 4048 3177 4118; x_wconf 75' lang='lat' dir='ltr'><strong>magis</strong></span> <span class='ocrx_word' id='word_1_624' title='bbox 3205 4046 3486 4119; x_wconf 73' lang='lat' dir='ltr'><strong>speciebus</strong></span> <span class='ocrx_word' id='word_1_625' title='bbox 3515 4046 3652 4099; x_wconf 77' lang='lat' dir='ltr'><strong>indi.</strong></span> 
     </span>
    </p>
   </div>
   <div class='ocr_carea' id='block_1_78' title="bbox 358 4135 3651 4213">
    <p class='ocr_par' dir='ltr' id='par_1_78' title="bbox 358 4135 3651 4213">
     <span class='ocr_line' id='line_1_78' title="bbox 358 4135 3651 4213; baseline 0.002 -24"><span class='ocrx_word' id='word_1_626' title='bbox 358 4166 363 4170; x_wconf 92' lang='lat'><strong>-</strong></span> <span class='ocrx_word' id='word_1_627' title='bbox 398 4135 522 4189; x_wconf 90' lang='lat' dir='ltr'><strong>terit</strong></span> <span class='ocrx_word' id='word_1_628' title='bbox 546 4135 852 4199; x_wconf 89' lang='lat' dir='ltr'><strong>convenire,</strong></span> <span class='ocrx_word' id='word_1_629' title='bbox 884 4150 989 4190; x_wconf 92' lang='lat' dir='ltr'><strong>non</strong></span> <span class='ocrx_word' id='word_1_630' title='bbox 1028 4145 1111 4191; x_wconf 89' lang='lat' dir='ltr'><strong>est</strong></span> <span class='ocrx_word' id='word_1_631' title='bbox 1156 4135 1373 4190; x_wconf 92' lang='lat' dir='ltr'><strong>dubium</strong></span> <span class='ocrx_word' id='word_1_632' title='bbox 1411 4137 1537 4206; x_wconf 90' lang='lat' dir='ltr'><strong>quin</strong></span> <span class='ocrx_word' id='word_1_633' title='bbox 1579 4136 1877 4192; x_wconf 90' lang='lat' dir='ltr'><strong>substantia</strong></span> <span class='ocrx_word' id='word_1_634' title='bbox 1919 4148 1975 4193; x_wconf 87' lang='lat' dir='ltr'><strong>et</strong></span> <span class='ocrx_word' id='word_1_635' title='bbox 2073 4142 2258 4206; x_wconf 88' lang='lat' dir='ltr'><strong>vidua,</strong></span> <span class='ocrx_word' id='word_1_636' title='bbox 2281 4158 2380 4197; x_wconf 91' lang='lat' dir='ltr'><strong>nec</strong></span> <span class='ocrx_word' id='word_1_637' title='bbox 2406 4157 2590 4197; x_wconf 89' lang='lat' dir='ltr'><strong>eorum</strong></span> <span class='ocrx_word' id='word_1_638' title='bbox 2611 4150 2693 4197; x_wconf 91' lang='lat' dir='ltr'><strong>est</strong></span> <span class='ocrx_word' id='word_1_639' title='bbox 2712 4142 2888 4213; x_wconf 83' lang='lat' dir='ltr'><strong>aliqua</strong></span> <span class='ocrx_word' id='word_1_640' title='bbox 2914 4141 3135 4197; x_wconf 90' lang='lat' dir='ltr'><strong>scientia</strong></span> <span class='ocrx_word' id='word_1_641' title='bbox 3157 4138 3492 4211; x_wconf 90' lang='lat' dir='ltr'><strong>requirenda.</strong></span> <span class='ocrx_word' id='word_1_642' title='bbox 3518 4138 3651 4194; x_wconf 79' lang='lat' dir='ltr'><strong>Nam</strong></span> 
     </span>
    </p>
   </div>
   <div class='ocr_carea' id='block_1_79' title="bbox 393 4226 1970 4298">
    <p class='ocr_par' dir='ltr' id='par_1_79' title="bbox 393 4226 1970 4298">
     <span class='ocr_line' id='line_1_79' title="bbox 393 4226 1970 4298; baseline 0.001 -17"><span class='ocrx_word' id='word_1_643' title='bbox 393 4227 621 4295; x_wconf 89' lang='lat' dir='ltr'><strong>qualitas</strong></span> <span class='ocrx_word' id='word_1_644' title='bbox 666 4242 772 4282; x_wconf 92' lang='lat' dir='ltr'><strong>non</strong></span> <span class='ocrx_word' id='word_1_645' title='bbox 823 4227 1068 4293; x_wconf 87' lang='lat' dir='ltr'><strong>univocc,</strong></span> <span class='ocrx_word' id='word_1_646' title='bbox 1123 4226 1219 4282; x_wconf 91' lang='lat' dir='ltr'><strong>sed</strong></span> <span class='ocrx_word' id='word_1_647' title='bbox 1274 4227 1546 4298; x_wconf 65' lang='lat' dir='ltr'><strong>mquivoce</strong></span> <span class='ocrx_word' id='word_1_648' title='bbox 1593 4228 1970 4297; x_wconf 74' lang='lat' dir='ltr'><strong>prtedicentur.</strong></span> 
     </span>
    </p>
   </div>
   <div class='ocr_carea' id='block_1_80' title="bbox 391 4317 1972 4391">
    <p class='ocr_par' dir='ltr' id='par_1_80' title="bbox 391 4317 1972 4391">
     <span class='ocr_line' id='line_1_80' title="bbox 391 4317 1972 4391; baseline 0.003 -19"><span class='ocrx_word' id='word_1_649' title='bbox 391 4319 546 4387; x_wconf 87' lang='lat' dir='ltr'><strong>Quod</strong></span> <span class='ocrx_word' id='word_1_650' title='bbox 574 4317 619 4373; x_wconf 88' lang='lat' dir='ltr'><strong>si</strong></span> <span class='ocrx_word' id='word_1_651' title='bbox 646 4320 923 4390; x_wconf 76' lang='lat' dir='ltr'><strong>:equivoce</strong></span> <span class='ocrx_word' id='word_1_652' title='bbox 946 4319 1324 4388; x_wconf 70' lang='lat' dir='ltr'><strong>prmdicantur,</strong></span> <span class='ocrx_word' id='word_1_653' title='bbox 1354 4320 1455 4376; x_wconf 94' lang='lat' dir='ltr'><strong>sub</strong></span> <span class='ocrx_word' id='word_1_654' title='bbox 1492 4320 1731 4390; x_wconf 84' lang='lat' dir='ltr'><strong>ejusdem</strong></span> <span class='ocrx_word' id='word_1_655' title='bbox 1762 4323 1972 4391; x_wconf 88' lang='lat' dir='ltr'><strong>generis</strong></span> 
     </span>
    </p>
   </div>
   <div class='ocr_carea' id='block_1_81' title="bbox 392 4410 1971 4481">
    <p class='ocr_par' dir='ltr' id='par_1_81' title="bbox 392 4410 1971 4481">
     <span class='ocr_line' id='line_1_81' title="bbox 392 4410 1971 4481; baseline 0.003 -18"><span class='ocrx_word' id='word_1_656' title='bbox 392 4412 539 4465; x_wconf 90' lang='lat' dir='ltr'><strong>fonte</strong></span> <span class='ocrx_word' id='word_1_657' title='bbox 572 4412 690 4479; x_wconf 91' lang='lat' dir='ltr'><strong>poni</strong></span> <span class='ocrx_word' id='word_1_658' title='bbox 724 4426 827 4465; x_wconf 85' lang='lat' dir='ltr'><strong>n0&#39;l</strong></span> <span class='ocrx_word' id='word_1_659' title='bbox 861 4420 1129 4479; x_wconf 89' lang='lat' dir='ltr'><strong>poterunt.</strong></span> <span class='ocrx_word' id='word_1_660' title='bbox 1160 4410 1276 4467; x_wconf 86' lang='lat' dir='ltr'><strong>Non</strong></span> <span class='ocrx_word' id='word_1_661' title='bbox 1307 4421 1387 4467; x_wconf 89' lang='lat' dir='ltr'><strong>est</strong></span> <span class='ocrx_word' id='word_1_662' title='bbox 1418 4412 1576 4481; x_wconf 88' lang='lat' dir='ltr'><strong>igitur</strong></span> <span class='ocrx_word' id='word_1_663' title='bbox 1605 4411 1657 4466; x_wconf 89' lang='lat' dir='ltr'><strong>in</strong></span> <span class='ocrx_word' id='word_1_664' title='bbox 1686 4411 1971 4481; x_wconf 91' lang='lat' dir='ltr'><strong>generibus</strong></span> 
     </span>
    </p>
   </div>
   <div class='ocr_carea' id='block_1_82' title="bbox 2072 4233 3651 4302">
    <p class='ocr_par' dir='ltr' id='par_1_82' title="bbox 2072 4233 3651 4302">
     <span class='ocr_line' id='line_1_82' title="bbox 2072 4233 3651 4302; baseline -0.001 -13"><span class='ocrx_word' id='word_1_665' title='bbox 2072 4234 2160 4290; x_wconf 85' lang='lat' dir='ltr'><strong>illa</strong></span> <span class='ocrx_word' id='word_1_666' title='bbox 2191 4251 2297 4290; x_wconf 91' lang='lat' dir='ltr'><strong>non</strong></span> <span class='ocrx_word' id='word_1_667' title='bbox 2341 4235 2515 4290; x_wconf 92' lang='lat' dir='ltr'><strong>solum</strong></span> <span class='ocrx_word' id='word_1_668' title='bbox 2551 4234 2759 4290; x_wconf 89' lang='lat' dir='ltr'><strong>inﬁnita</strong></span> <span class='ocrx_word' id='word_1_669' title='bbox 2787 4242 2947 4300; x_wconf 90' lang='lat' dir='ltr'><strong>sunt,</strong></span> <span class='ocrx_word' id='word_1_670' title='bbox 2978 4233 3073 4290; x_wconf 90' lang='lat' dir='ltr'><strong>sed</strong></span> <span class='ocrx_word' id='word_1_671' title='bbox 3113 4233 3277 4288; x_wconf 91' lang='lat' dir='ltr'><strong>etiam</strong></span> <span class='ocrx_word' id='word_1_672' title='bbox 3320 4245 3651 4302; x_wconf 58' lang='lat' dir='ltr'><strong>quacunque</strong></span> 
     </span>
    </p>
   </div>
   <div class='ocr_carea' id='block_1_83' title="bbox 2072 4322 3649 4382">
    <p class='ocr_par' dir='ltr' id='par_1_83' title="bbox 2072 4322 3649 4382">
     <span class='ocr_line' id='line_1_83' title="bbox 2072 4322 3649 4382; baseline -0.001 -4"><span class='ocrx_word' id='word_1_673' title='bbox 2072 4325 2125 4379; x_wconf 88' lang='lat' dir='ltr'><strong>in</strong></span> <span class='ocrx_word' id='word_1_674' title='bbox 2171 4339 2293 4381; x_wconf 87' lang='lat' dir='ltr'><strong>sese</strong></span> <span class='ocrx_word' id='word_1_675' title='bbox 2347 4324 2711 4382; x_wconf 90' lang='lat' dir='ltr'><strong>continuerint</strong></span> <span class='ocrx_word' id='word_1_676' title='bbox 2760 4324 2965 4380; x_wconf 88' lang='lat' dir='ltr'><strong>inﬁnita</strong></span> <span class='ocrx_word' id='word_1_677' title='bbox 3009 4323 3163 4379; x_wconf 88' lang='lat' dir='ltr'><strong>ﬁunt.</strong></span> <span class='ocrx_word' id='word_1_678' title='bbox 3195 4322 3480 4379; x_wconf 83' lang='lat' dir='ltr'><strong>Rhetorica</strong></span> <span class='ocrx_word' id='word_1_679' title='bbox 3504 4322 3649 4377; x_wconf 91' lang='lat' dir='ltr'><strong>enim</strong></span> 
     </span>
    </p>
   </div>
   <div class='ocr_carea' id='block_1_84' title="bbox 2071 4413 3647 4486">
    <p class='ocr_par' dir='ltr' id='par_1_84' title="bbox 2071 4413 3647 4486">
     <span class='ocr_line' id='line_1_84' title="bbox 2071 4413 3647 4486; baseline -0.003 -14"><span class='ocrx_word' id='word_1_680' title='bbox 2071 4418 2280 4486; x_wconf 84' lang='lat' dir='ltr'><strong>species</strong></span> <span class='ocrx_word' id='word_1_681' title='bbox 2318 4426 2423 4473; x_wconf 88' lang='lat' dir='ltr'><strong>est.</strong></span> <span class='ocrx_word' id='word_1_682' title='bbox 2468 4416 2574 4473; x_wconf 89' lang='lat' dir='ltr'><strong>Sed</strong></span> <span class='ocrx_word' id='word_1_683' title='bbox 2617 4433 2737 4471; x_wconf 90' lang='lat' dir='ltr'><strong>cum</strong></span> <span class='ocrx_word' id='word_1_684' title='bbox 2786 4417 2999 4472; x_wconf 82' lang='lat' dir='ltr'><strong>venerit</strong></span> <span class='ocrx_word' id='word_1_685' title='bbox 3037 4416 3088 4470; x_wconf 93' lang='lat' dir='ltr'><strong>in</strong></span> <span class='ocrx_word' id='word_1_686' title='bbox 3118 4414 3355 4486; x_wconf 91' lang='lat' dir='ltr'><strong>singulos</strong></span> <span class='ocrx_word' id='word_1_687' title='bbox 3380 4413 3647 4478; x_wconf 87' lang='lat' dir='ltr'><strong>homines,</strong></span> 
     </span>
    </p>
   </div>
   <div class='ocr_carea' id='block_1_85' title="bbox 378 4484 3647 4595">
    <p class='ocr_par' dir='ltr' id='par_1_85' title="bbox 378 4484 3647 4595">
     <span class='ocr_line' id='line_1_85' title="bbox 378 4484 3647 4595; baseline 0.002 -42"><span class='ocrx_word' id='word_1_688' title='bbox 378 4501 760 4571; x_wconf 78' lang='lat' dir='ltr'><strong>speciebusque</strong></span> <span class='ocrx_word' id='word_1_689' title='bbox 825 4502 1043 4569; x_wconf 87' lang='lat' dir='ltr'><strong>aliquod</strong></span> <span class='ocrx_word' id='word_1_690' title='bbox 1119 4518 1289 4572; x_wconf 90' lang='lat' dir='ltr'><strong>genus</strong></span> <span class='ocrx_word' id='word_1_691' title='bbox 1346 4503 1519 4557; x_wconf 91' lang='lat' dir='ltr'><strong>solum</strong></span> <span class='ocrx_word' id='word_1_692' title='bbox 1584 4504 1725 4571; x_wconf 92' lang='lat' dir='ltr'><strong>quod</strong></span> <span class='ocrx_word' id='word_1_693' title='bbox 1791 4484 2193 4573; x_wconf 80' lang='lat' dir='ltr'><strong>possitDtunc</strong></span> <span class='ocrx_word' id='word_1_694' title='bbox 2236 4522 2332 4577; x_wconf 91' lang='lat' dir='ltr'><strong>per</strong></span> <span class='ocrx_word' id='word_1_695' title='bbox 2382 4508 2619 4595; x_wconf 72' lang='lat' dir='ltr'><strong>singulos</strong></span> <span class='ocrx_word' id='word_1_696' title='bbox 2666 4516 2722 4563; x_wconf 89' lang='lat' dir='ltr'><strong>et</strong></span> <span class='ocrx_word' id='word_1_697' title='bbox 2764 4507 3002 4563; x_wconf 88' lang='lat' dir='ltr'><strong>inﬁnitos</strong></span> <span class='ocrx_word' id='word_1_698' title='bbox 3031 4484 3223 4573; x_wconf 72' lang='lat' dir='ltr'><strong>divisa,</strong></span> <span class='ocrx_word' id='word_1_699' title='bbox 3256 4505 3465 4576; x_wconf 90' lang='lat' dir='ltr'><strong>singula</strong></span> <span class='ocrx_word' id='word_1_700' title='bbox 3488 4504 3647 4559; x_wconf 90' lang='lat' dir='ltr'><strong>etiam</strong></span> 
     </span>
    </p>
   </div>
   <div class='ocr_carea' id='block_1_86' title="bbox 377 4593 1959 4662">
    <p class='ocr_par' dir='ltr' id='par_1_86' title="bbox 377 4593 1959 4662">
     <span class='ocr_line' id='line_1_86' title="bbox 377 4593 1959 4662; baseline 0.002 -16"><span class='ocrx_word' id='word_1_701' title='bbox 377 4595 587 4648; x_wconf 86' lang='lat' dir='ltr'><strong>diversa</strong></span> <span class='ocrx_word' id='word_1_702' title='bbox 616 4608 794 4647; x_wconf 88' lang='lat' dir='ltr'><strong>rerum</strong></span> <span class='ocrx_word' id='word_1_703' title='bbox 826 4608 1025 4662; x_wconf 88' lang='lat' dir='ltr'><strong>genera</strong></span> <span class='ocrx_word' id='word_1_704' title='bbox 1054 4594 1491 4650; x_wconf 84' lang='lat' dir='ltr'><strong>coercere.Tunc</strong></span> <span class='ocrx_word' id='word_1_705' title='bbox 1523 4593 1716 4649; x_wconf 86' lang='lat' dir='ltr'><strong>Fabius</strong></span> <span class='ocrx_word' id='word_1_706' title='bbox 1740 4612 1753 4647; x_wconf 91' lang='lat'><strong>:</strong></span> <span class='ocrx_word' id='word_1_707' title='bbox 1776 4594 1959 4649; x_wconf 78' lang='lat' dir='ltr'><strong>Abun-</strong></span> 
     </span>
    </p>
   </div>
   <div class='ocr_carea' id='block_1_87' title="bbox 378 4685 1955 4757">
    <p class='ocr_par' dir='ltr' id='par_1_87' title="bbox 378 4685 1955 4757">
     <span class='ocr_line' id='line_1_87' title="bbox 378 4685 1955 4757; baseline 0.002 -17"><span class='ocrx_word' id='word_1_708' title='bbox 378 4686 572 4741; x_wconf 87' lang='lat' dir='ltr'><strong>danter</strong></span> <span class='ocrx_word' id='word_1_709' title='bbox 600 4687 735 4752; x_wconf 69' lang='lat' dir='ltr'><strong>haec,</strong></span> <span class='ocrx_word' id='word_1_710' title='bbox 766 4685 955 4755; x_wconf 86' lang='lat' dir='ltr'><strong>inquit,</strong></span> <span class='ocrx_word' id='word_1_711' title='bbox 981 4688 1182 4754; x_wconf 87' lang='lat' dir='ltr'><strong>omnia,</strong></span> <span class='ocrx_word' id='word_1_712' title='bbox 1210 4697 1265 4743; x_wconf 91' lang='lat' dir='ltr'><strong>et</strong></span> <span class='ocrx_word' id='word_1_713' title='bbox 1292 4688 1360 4743; x_wconf 91' lang='lat' dir='ltr'><strong>de</strong></span> <span class='ocrx_word' id='word_1_714' title='bbox 1387 4687 1472 4744; x_wconf 89' lang='lat' dir='ltr'><strong>his</strong></span> <span class='ocrx_word' id='word_1_715' title='bbox 1503 4687 1633 4757; x_wconf 90' lang='lat' dir='ltr'><strong>ipsis</strong></span> <span class='ocrx_word' id='word_1_716' title='bbox 1653 4686 1814 4743; x_wconf 90' lang='lat' dir='ltr'><strong>rebus</strong></span> <span class='ocrx_word' id='word_1_717' title='bbox 1846 4687 1955 4743; x_wconf 86' lang='lat' dir='ltr'><strong>fre-</strong></span> 
     </span>
    </p>
   </div>
   <div class='ocr_carea' id='block_1_88' title="bbox 372 4775 1948 4848">
    <p class='ocr_par' dir='ltr' id='par_1_88' title="bbox 372 4775 1948 4848">
     <span class='ocr_line' id='line_1_88' title="bbox 372 4775 1948 4848; baseline -0.001 -15"><span class='ocrx_word' id='word_1_718' title='bbox 372 4775 619 4846; x_wconf 89' lang='lat' dir='ltr'><strong>quentius</strong></span> <span class='ocrx_word' id='word_1_719' title='bbox 658 4776 975 4832; x_wconf 90' lang='lat' dir='ltr'><strong>inculcatum</strong></span> <span class='ocrx_word' id='word_1_720' title='bbox 1020 4788 1123 4832; x_wconf 87' lang='lat' dir='ltr'><strong>est.</strong></span> <span class='ocrx_word' id='word_1_721' title='bbox 1165 4777 1268 4834; x_wconf 91' lang='lat' dir='ltr'><strong>Sed</strong></span> <span class='ocrx_word' id='word_1_722' title='bbox 1324 4792 1485 4847; x_wconf 87' lang='lat' dir='ltr'><strong>perge</strong></span> <span class='ocrx_word' id='word_1_723' title='bbox 1534 4776 1601 4833; x_wconf 90' lang='lat' dir='ltr'><strong>ad</strong></span> <span class='ocrx_word' id='word_1_724' title='bbox 1649 4777 1948 4848; x_wconf 89' lang='lat' dir='ltr'><strong>sequentia.</strong></span> 
     </span>
    </p>
   </div>
   <div class='ocr_carea' id='block_1_89' title="bbox 377 4866 1952 4937">
    <p class='ocr_par' dir='ltr' id='par_1_89' title="bbox 377 4866 1952 4937">
     <span class='ocr_line' id='line_1_89' title="bbox 377 4866 1952 4937; baseline 0 -14"><span class='ocrx_word' id='word_1_725' title='bbox 377 4868 613 4936; x_wconf 81' lang='lat' dir='ltr'><strong>Faciam,</strong></span> <span class='ocrx_word' id='word_1_726' title='bbox 647 4866 884 4937; x_wconf 84' lang='lat' dir='ltr'><strong>inquam.</strong></span> <span class='ocrx_word' id='word_1_727' title='bbox 918 4868 1043 4923; x_wconf 65' lang='lat' dir='ltr'><strong>Haec</strong></span> <span class='ocrx_word' id='word_1_728' title='bbox 1072 4869 1239 4935; x_wconf 91' lang='lat' dir='ltr'><strong>enim,</strong></span> <span class='ocrx_word' id='word_1_729' title='bbox 1266 4876 1324 4923; x_wconf 89' lang='lat' dir='ltr'><strong>ut</strong></span> <span class='ocrx_word' id='word_1_730' title='bbox 1349 4868 1602 4933; x_wconf 89' lang='lat' dir='ltr'><strong>arbitror,</strong></span> <span class='ocrx_word' id='word_1_731' title='bbox 1632 4878 1952 4936; x_wconf 89' lang='lat' dir='ltr'><strong>sequuntur.</strong></span> 
     </span>
    </p>
   </div>
   <div class='ocr_carea' id='block_1_90' title="bbox 446 4960 1956 5034">
    <p class='ocr_par' dir='ltr' id='par_1_90' title="bbox 446 4960 1956 5034">
     <span class='ocr_line' id='line_1_90' title="bbox 446 4960 1956 5034; baseline 0.001 -19"><span class='ocrx_word' id='word_1_732' title='bbox 446 4960 586 5031; x_wconf 83' lang='lat' dir='ltr'><strong>Ergo</strong></span> <span class='ocrx_word' id='word_1_733' title='bbox 609 4961 781 5016; x_wconf 85' lang='lat' dir='ltr'><strong>decem</strong></span> <span class='ocrx_word' id='word_1_734' title='bbox 808 4978 994 5034; x_wconf 85' lang='lat' dir='ltr'><strong>genera</strong></span> <span class='ocrx_word' id='word_1_735' title='bbox 1022 4963 1287 5017; x_wconf 80' lang='lat' dir='ltr'><strong>constituit</strong></span> <span class='ocrx_word' id='word_1_736' title='bbox 1328 4961 1626 5018; x_wconf 79' lang='lat' dir='ltr'><strong>Aristoteles</strong></span> <span class='ocrx_word' id='word_1_737' title='bbox 1669 4964 1723 5017; x_wconf 86' lang='lat' dir='ltr'><strong>in</strong></span> <span class='ocrx_word' id='word_1_738' title='bbox 1763 4964 1956 5032; x_wconf 79' lang='lat' dir='ltr'><strong>prazdi-</strong></span> 
     </span>
    </p>
   </div>
   <div class='ocr_carea' id='block_1_91' title="bbox 367 5052 1954 5125">
    <p class='ocr_par' dir='ltr' id='par_1_91' title="bbox 367 5052 1954 5125">
     <span class='ocr_line' id='line_1_91' title="bbox 367 5052 1954 5125; baseline 0.001 -18"><span class='ocrx_word' id='word_1_739' title='bbox 367 5052 612 5108; x_wconf 73' lang='lat' dir='ltr'><strong>cernentis</strong></span> <span class='ocrx_word' id='word_1_740' title='bbox 649 5067 764 5122; x_wconf 64' lang='lat' dir='ltr'><strong>qua</strong></span> <span class='ocrx_word' id='word_1_741' title='bbox 810 5054 971 5124; x_wconf 87' lang='lat' dir='ltr'><strong>magis</strong></span> <span class='ocrx_word' id='word_1_742' title='bbox 1017 5070 1217 5123; x_wconf 13' lang='lat' dir='ltr'><strong>genera,</strong></span> <span class='ocrx_word' id='word_1_743' title='bbox 1248 5062 1390 5108; x_wconf 86' lang='lat' dir='ltr'><strong>sunt.</strong></span> <span class='ocrx_word' id='word_1_744' title='bbox 1437 5054 1502 5106; x_wconf 81' lang='lat' dir='ltr'><strong>At</strong></span> <span class='ocrx_word' id='word_1_745' title='bbox 1547 5069 1663 5107; x_wconf 83' lang='lat' dir='ltr'><strong>vero</strong></span> <span class='ocrx_word' id='word_1_746' title='bbox 1707 5053 1815 5108; x_wconf 71' lang='lat' dir='ltr'><strong>illae</strong></span> <span class='ocrx_word' id='word_1_747' title='bbox 1840 5070 1954 5125; x_wconf 65' lang='lat' dir='ltr'><strong>quae</strong></span> 
     </span>
    </p>
   </div>
   <div class='ocr_carea' id='block_1_92' title="bbox 367 5145 1949 5219">
    <p class='ocr_par' dir='ltr' id='par_1_92' title="bbox 367 5145 1949 5219">
     <span class='ocr_line' id='line_1_92' title="bbox 367 5145 1949 5219; baseline 0.001 -18"><span class='ocrx_word' id='word_1_748' title='bbox 367 5147 528 5217; x_wconf 80' lang='lat' dir='ltr'><strong>magis</strong></span> <span class='ocrx_word' id='word_1_749' title='bbox 553 5145 743 5219; x_wconf 76' lang='lat' dir='ltr'><strong>species</strong></span> <span class='ocrx_word' id='word_1_750' title='bbox 772 5157 909 5213; x_wconf 83' lang='lat' dir='ltr'><strong>sunt,</strong></span> <span class='ocrx_word' id='word_1_751' title='bbox 939 5164 1133 5219; x_wconf 85' lang='lat' dir='ltr'><strong>semper</strong></span> <span class='ocrx_word' id='word_1_752' title='bbox 1166 5148 1219 5201; x_wconf 85' lang='lat' dir='ltr'><strong>in</strong></span> <span class='ocrx_word' id='word_1_753' title='bbox 1249 5147 1473 5215; x_wconf 84' lang='lat' dir='ltr'><strong>plurimo</strong></span> <span class='ocrx_word' id='word_1_754' title='bbox 1502 5147 1708 5217; x_wconf 81' lang='lat' dir='ltr'><strong>quidem</strong></span> <span class='ocrx_word' id='word_1_755' title='bbox 1736 5163 1949 5203; x_wconf 85' lang='lat' dir='ltr'><strong>numero</strong></span> 
     </span>
    </p>
   </div>
   <div class='ocr_carea' id='block_1_93' title="bbox 364 5240 1950 5312">
    <p class='ocr_par' dir='ltr' id='par_1_93' title="bbox 364 5240 1950 5312">
     <span class='ocr_line' id='line_1_93' title="bbox 364 5240 1950 5312; baseline 0.002 -19"><span class='ocrx_word' id='word_1_756' title='bbox 364 5248 505 5305; x_wconf 83' lang='lat' dir='ltr'><strong>sunt,</strong></span> <span class='ocrx_word' id='word_1_757' title='bbox 533 5256 636 5294; x_wconf 83' lang='lat' dir='ltr'><strong>non</strong></span> <span class='ocrx_word' id='word_1_758' title='bbox 670 5253 839 5295; x_wconf 81' lang='lat' dir='ltr'><strong>tamen</strong></span> <span class='ocrx_word' id='word_1_759' title='bbox 890 5242 947 5294; x_wconf 86' lang='lat' dir='ltr'><strong>in</strong></span> <span class='ocrx_word' id='word_1_760' title='bbox 981 5240 1203 5310; x_wconf 78' lang='lat' dir='ltr'><strong>inﬁnito.</strong></span> <span class='ocrx_word' id='word_1_761' title='bbox 1266 5240 1328 5294; x_wconf 82' lang='lat' dir='ltr'><strong>At</strong></span> <span class='ocrx_word' id='word_1_762' title='bbox 1377 5256 1493 5294; x_wconf 81' lang='lat' dir='ltr'><strong>vero</strong></span> <span class='ocrx_word' id='word_1_763' title='bbox 1546 5240 1806 5295; x_wconf 81' lang='lat' dir='ltr'><strong>individua</strong></span> <span class='ocrx_word' id='word_1_764' title='bbox 1833 5256 1950 5312; x_wconf 72' lang='lat' dir='ltr'><strong>qua:</strong></span> 
     </span>
    </p>
   </div>
   <div class='ocr_carea' id='block_1_94' title="bbox 365 5328 1694 5402">
    <p class='ocr_par' dir='ltr' id='par_1_94' title="bbox 365 5328 1694 5402">
     <span class='ocr_line' id='line_1_94' title="bbox 365 5328 1694 5402; baseline 0.003 -19"><span class='ocrx_word' id='word_1_765' title='bbox 365 5328 443 5383; x_wconf 67' lang='lat' dir='ltr'><strong>nb’</strong></span> <span class='ocrx_word' id='word_1_766' title='bbox 457 5330 628 5401; x_wconf 82' lang='lat' dir='ltr'><strong>magis</strong></span> <span class='ocrx_word' id='word_1_767' title='bbox 648 5329 916 5398; x_wconf 81' lang='lat' dir='ltr'><strong>speciebus</strong></span> <span class='ocrx_word' id='word_1_768' title='bbox 941 5340 1080 5396; x_wconf 82' lang='lat' dir='ltr'><strong>sunt,</strong></span> <span class='ocrx_word' id='word_1_769' title='bbox 1107 5330 1308 5400; x_wconf 84' lang='lat' dir='ltr'><strong>inﬁnita</strong></span> <span class='ocrx_word' id='word_1_770' title='bbox 1334 5342 1450 5386; x_wconf 84' lang='lat' dir='ltr'><strong>sunt</strong></span> <span class='ocrx_word' id='word_1_771' title='bbox 1479 5349 1694 5402; x_wconf 85' lang='lat' dir='ltr'><strong>semper.</strong></span> 
     </span>
    </p>
   </div>
   <div class='ocr_carea' id='block_1_95' title="bbox 440 5421 1945 5493">
    <p class='ocr_par' dir='ltr' id='par_1_95' title="bbox 440 5421 1945 5493">
     <span class='ocr_line' id='line_1_95' title="bbox 440 5421 1945 5493; baseline 0.002 -18"><span class='ocrx_word' id='word_1_772' title='bbox 440 5421 550 5477; x_wconf 85' lang='lat' dir='ltr'><strong>lloc</strong></span> <span class='ocrx_word' id='word_1_773' title='bbox 592 5422 734 5477; x_wconf 90' lang='lat' dir='ltr'><strong>enim</strong></span> <span class='ocrx_word' id='word_1_774' title='bbox 773 5422 953 5477; x_wconf 87' lang='lat' dir='ltr'><strong>dicere</strong></span> <span class='ocrx_word' id='word_1_775' title='bbox 982 5423 1095 5476; x_wconf 90' lang='lat' dir='ltr'><strong>vult</strong></span> <span class='ocrx_word' id='word_1_776' title='bbox 1133 5424 1274 5493; x_wconf 91' lang='lat' dir='ltr'><strong>quod</strong></span> <span class='ocrx_word' id='word_1_777' title='bbox 1322 5423 1488 5478; x_wconf 92' lang='lat' dir='ltr'><strong>multo</strong></span> <span class='ocrx_word' id='word_1_778' title='bbox 1518 5425 1697 5493; x_wconf 90' lang='lat' dir='ltr'><strong>plures</strong></span> <span class='ocrx_word' id='word_1_779' title='bbox 1735 5423 1945 5491; x_wconf 88' lang='lat' dir='ltr'><strong>species</strong></span> 
     </span>
    </p>
   </div>
   <div class='ocr_carea' id='block_1_96' title="bbox 365 5513 1940 5585">
    <p class='ocr_par' dir='ltr' id='par_1_96' title="bbox 365 5513 1940 5585">
     <span class='ocr_line' id='line_1_96' title="bbox 365 5513 1940 5585; baseline 0.002 -18"><span class='ocrx_word' id='word_1_780' title='bbox 365 5524 670 5583; x_wconf 68' lang='lat' dir='ltr'><strong>suntquam</strong></span> <span class='ocrx_word' id='word_1_781' title='bbox 699 5528 894 5584; x_wconf 86' lang='lat' dir='ltr'><strong>genera</strong></span> <span class='ocrx_word' id='word_1_782' title='bbox 929 5532 942 5567; x_wconf 89' lang='lat'><strong>:</strong></span> <span class='ocrx_word' id='word_1_783' title='bbox 974 5513 1135 5569; x_wconf 84' lang='lat' dir='ltr'><strong>habet</strong></span> <span class='ocrx_word' id='word_1_784' title='bbox 1160 5516 1301 5569; x_wconf 90' lang='lat' dir='ltr'><strong>enim</strong></span> <span class='ocrx_word' id='word_1_785' title='bbox 1329 5530 1497 5585; x_wconf 89' lang='lat' dir='ltr'><strong>genus</strong></span> <span class='ocrx_word' id='word_1_786' title='bbox 1545 5516 1645 5570; x_wconf 94' lang='lat' dir='ltr'><strong>sub</strong></span> <span class='ocrx_word' id='word_1_787' title='bbox 1673 5530 1733 5570; x_wconf 87' lang='lat' dir='ltr'><strong>se</strong></span> <span class='ocrx_word' id='word_1_788' title='bbox 1771 5515 1940 5585; x_wconf 89' lang='lat' dir='ltr'><strong>pluri-</strong></span> 
     </span>
    </p>
   </div>
   <div class='ocr_carea' id='block_1_97' title="bbox 363 5604 1942 5677">
    <p class='ocr_par' dir='ltr' id='par_1_97' title="bbox 363 5604 1942 5677">
     <span class='ocr_line' id='line_1_97' title="bbox 363 5604 1942 5677; baseline 0.001 -18"><span class='ocrx_word' id='word_1_789' title='bbox 363 5619 477 5661; x_wconf 84' lang='lat' dir='ltr'><strong>mas</strong></span> <span class='ocrx_word' id='word_1_790' title='bbox 532 5604 739 5674; x_wconf 86' lang='lat' dir='ltr'><strong>species</strong></span> <span class='ocrx_word' id='word_1_791' title='bbox 787 5616 893 5661; x_wconf 90' lang='lat' dir='ltr'><strong>:et</strong></span> <span class='ocrx_word' id='word_1_792' title='bbox 947 5609 1198 5677; x_wconf 82' lang='lat' dir='ltr'><strong>quoniam</strong></span> <span class='ocrx_word' id='word_1_793' title='bbox 1258 5607 1442 5663; x_wconf 87' lang='lat' dir='ltr'><strong>decem</strong></span> <span class='ocrx_word' id='word_1_794' title='bbox 1514 5621 1710 5677; x_wconf 88' lang='lat' dir='ltr'><strong>genera</strong></span> <span class='ocrx_word' id='word_1_795' title='bbox 1763 5621 1942 5663; x_wconf 88' lang='lat' dir='ltr'><strong>rerum</strong></span> 
     </span>
    </p>
   </div>
   <div class='ocr_carea' id='block_1_98' title="bbox 360 5695 1941 5770">
    <p class='ocr_par' dir='ltr' id='par_1_98' title="bbox 360 5695 1941 5770">
     <span class='ocr_line' id='line_1_98' title="bbox 360 5695 1941 5770; baseline 0.001 -18"><span class='ocrx_word' id='word_1_796' title='bbox 360 5695 599 5752; x_wconf 86' lang='lat' dir='ltr'><strong>omnium</strong></span> <span class='ocrx_word' id='word_1_797' title='bbox 621 5696 791 5759; x_wconf 75' lang='lat' dir='ltr'><strong>prima</strong></span> <span class='ocrx_word' id='word_1_798' title='bbox 810 5705 956 5765; x_wconf 87' lang='lat' dir='ltr'><strong>sunt,</strong></span> <span class='ocrx_word' id='word_1_799' title='bbox 983 5698 1187 5770; x_wconf 87' lang='lat' dir='ltr'><strong>species</strong></span> <span class='ocrx_word' id='word_1_800' title='bbox 1211 5697 1610 5769; x_wconf 77' lang='lat' dir='ltr'><strong>specialissimte</strong></span> <span class='ocrx_word' id='word_1_801' title='bbox 1631 5713 1737 5755; x_wconf 92' lang='lat' dir='ltr'><strong>non</strong></span> <span class='ocrx_word' id='word_1_802' title='bbox 1770 5698 1941 5754; x_wconf 90' lang='lat' dir='ltr'><strong>solum</strong></span> 
     </span>
    </p>
   </div>
   <div class='ocr_carea' id='block_1_99' title="bbox 2066 4599 3645 4670">
    <p class='ocr_par' dir='ltr' id='par_1_99' title="bbox 2066 4599 3645 4670">
     <span class='ocr_line' id='line_1_99' title="bbox 2066 4599 3645 4670; baseline -0.003 -15"><span class='ocrx_word' id='word_1_803' title='bbox 2066 4601 2157 4656; x_wconf 89' lang='lat' dir='ltr'><strong>ﬁet</strong></span> <span class='ocrx_word' id='word_1_804' title='bbox 2208 4610 2264 4655; x_wconf 90' lang='lat' dir='ltr'><strong>et</strong></span> <span class='ocrx_word' id='word_1_805' title='bbox 2313 4602 2537 4657; x_wconf 84' lang='lat' dir='ltr'><strong>inﬁnita.</strong></span> <span class='ocrx_word' id='word_1_806' title='bbox 2570 4602 2625 4656; x_wconf 93' lang='lat' dir='ltr'><strong>Si</strong></span> <span class='ocrx_word' id='word_1_807' title='bbox 2665 4602 2806 4656; x_wconf 90' lang='lat' dir='ltr'><strong>enim</strong></span> <span class='ocrx_word' id='word_1_808' title='bbox 2849 4615 3035 4655; x_wconf 84' lang='lat' dir='ltr'><strong>omnes</strong></span> <span class='ocrx_word' id='word_1_809' title='bbox 3060 4599 3363 4670; x_wconf 90' lang='lat' dir='ltr'><strong>quicunque</strong></span> <span class='ocrx_word' id='word_1_810' title='bbox 3408 4607 3533 4655; x_wconf 90' lang='lat' dir='ltr'><strong>sunt</strong></span> <span class='ocrx_word' id='word_1_811' title='bbox 3562 4599 3645 4652; x_wconf 91' lang='lat' dir='ltr'><strong>vel</strong></span> 
     </span>
    </p>
   </div>
   <div class='ocr_carea' id='block_1_100' title="bbox 2065 4684 3649 4757">
    <p class='ocr_par' dir='ltr' id='par_1_100' title="bbox 2065 4684 3649 4757">
     <span class='ocr_line' id='line_1_100' title="bbox 2065 4684 3649 4757; baseline -0.003 -12"><span class='ocrx_word' id='word_1_812' title='bbox 2065 4690 2214 4747; x_wconf 89' lang='lat' dir='ltr'><strong>fuere</strong></span> <span class='ocrx_word' id='word_1_813' title='bbox 2270 4699 2618 4747; x_wconf 86' lang='lat' dir='ltr'><strong>numerentur</strong></span> <span class='ocrx_word' id='word_1_814' title='bbox 2645 4691 2906 4755; x_wconf 84' lang='lat' dir='ltr'><strong>rhetores,</strong></span> <span class='ocrx_word' id='word_1_815' title='bbox 2933 4689 3113 4745; x_wconf 88' lang='lat' dir='ltr'><strong>nullus</strong></span> <span class='ocrx_word' id='word_1_816' title='bbox 3160 4703 3393 4755; x_wconf 88' lang='lat' dir='ltr'><strong>unquam</strong></span> <span class='ocrx_word' id='word_1_817' title='bbox 3425 4684 3649 4757; x_wconf 84' lang='lat' dir='ltr'><strong>hujusce</strong></span> 
     </span>
    </p>
   </div>
   <div class='ocr_carea' id='block_1_101' title="bbox 2067 4778 3640 4853">
    <p class='ocr_par' dir='ltr' id='par_1_101' title="bbox 2067 4778 3640 4853">
     <span class='ocr_line' id='line_1_101' title="bbox 2067 4778 3640 4853; baseline -0.004 -16"><span class='ocrx_word' id='word_1_818' title='bbox 2067 4782 2453 4837; x_wconf 89' lang='lat' dir='ltr'><strong>numerationis</strong></span> <span class='ocrx_word' id='word_1_819' title='bbox 2497 4782 2620 4836; x_wconf 87' lang='lat' dir='ltr'><strong>ﬁnis</strong></span> <span class='ocrx_word' id='word_1_820' title='bbox 2667 4781 2793 4846; x_wconf 89' lang='lat' dir='ltr'><strong>erit,</strong></span> <span class='ocrx_word' id='word_1_821' title='bbox 2825 4795 2944 4835; x_wconf 91' lang='lat' dir='ltr'><strong>cum</strong></span> <span class='ocrx_word' id='word_1_822' title='bbox 2990 4780 3288 4850; x_wconf 65' lang='lat' dir='ltr'><strong>praesertim</strong></span> <span class='ocrx_word' id='word_1_823' title='bbox 3336 4778 3497 4833; x_wconf 91' lang='lat' dir='ltr'><strong>etiam</strong></span> <span class='ocrx_word' id='word_1_824' title='bbox 3552 4791 3640 4853; x_wconf 84' lang='lat' dir='ltr'><strong>pet</strong></span> 
     </span>
    </p>
   </div>
   <div class='ocr_carea' id='block_1_102' title="bbox 2065 4867 3648 4942">
    <p class='ocr_par' dir='ltr' id='par_1_102' title="bbox 2065 4867 3648 4942">
     <span class='ocr_line' id='line_1_102' title="bbox 2065 4867 3648 4942; baseline -0.005 -13"><span class='ocrx_word' id='word_1_825' title='bbox 2065 4873 2272 4929; x_wconf 87' lang='lat' dir='ltr'><strong>intinita</strong></span> <span class='ocrx_word' id='word_1_826' title='bbox 2300 4884 2539 4942; x_wconf 88' lang='lat' dir='ltr'><strong>tempora</strong></span> <span class='ocrx_word' id='word_1_827' title='bbox 2570 4872 2625 4927; x_wconf 88' lang='lat' dir='ltr'><strong>in</strong></span> <span class='ocrx_word' id='word_1_828' title='bbox 2654 4870 2886 4926; x_wconf 81' lang='lat' dir='ltr'><strong>futurum</strong></span> <span class='ocrx_word' id='word_1_829' title='bbox 2915 4869 3109 4939; x_wconf 88' lang='lat' dir='ltr'><strong>singuli</strong></span> <span class='ocrx_word' id='word_1_830' title='bbox 3131 4868 3375 4923; x_wconf 88' lang='lat' dir='ltr'><strong>homines</strong></span> <span class='ocrx_word' id='word_1_831' title='bbox 3402 4867 3648 4922; x_wconf 84' lang='lat' dir='ltr'><strong>rhetores</strong></span> 
     </span>
    </p>
   </div>
   <div class='ocr_carea' id='block_1_103' title="bbox 2059 4960 3646 5035">
    <p class='ocr_par' dir='ltr' id='par_1_103' title="bbox 2059 4960 3646 5035">
     <span class='ocr_line' id='line_1_103' title="bbox 2059 4960 3646 5035; baseline -0.006 -14"><span class='ocrx_word' id='word_1_832' title='bbox 2059 4981 2180 5021; x_wconf 89' lang='lat' dir='ltr'><strong>esse</strong></span> <span class='ocrx_word' id='word_1_833' title='bbox 2230 4968 2455 5035; x_wconf 50' lang='lat' dir='ltr'><strong>possint.</strong></span> <span class='ocrx_word' id='word_1_834' title='bbox 2509 4965 2604 5021; x_wconf 90' lang='lat' dir='ltr'><strong>llic</strong></span> <span class='ocrx_word' id='word_1_835' title='bbox 2659 4963 2857 5020; x_wconf 84' lang='lat' dir='ltr'><strong>Fabius</strong></span> <span class='ocrx_word' id='word_1_836' title='bbox 2899 4981 2912 5016; x_wconf 86' lang='lat'><strong>:</strong></span> <span class='ocrx_word' id='word_1_837' title='bbox 2949 4963 3058 5019; x_wconf 88' lang='lat' dir='ltr'><strong>lloc</strong></span> <span class='ocrx_word' id='word_1_838' title='bbox 3106 4961 3285 5032; x_wconf 87' lang='lat' dir='ltr'><strong>igitur,</strong></span> <span class='ocrx_word' id='word_1_839' title='bbox 3317 4960 3646 5030; x_wconf 79' lang='lat' dir='ltr'><strong>inquit.crat</strong></span> 
     </span>
    </p>
   </div>
   <div class='ocr_carea' id='block_1_104' title="bbox 2059 5059 2325 5129">
    <p class='ocr_par' dir='ltr' id='par_1_104' title="bbox 2059 5059 2325 5129">
     <span class='ocr_line' id='line_1_104' title="bbox 2059 5059 2325 5129; baseline 0.015 -18"><span class='ocrx_word' id='word_1_840' title='bbox 2059 5059 2199 5129; x_wconf 87' lang='lat' dir='ltr'><strong>quod</strong></span> <span class='ocrx_word' id='word_1_841' title='bbox 2230 5059 2325 5115; x_wconf 87' lang='lat' dir='ltr'><strong>ait.</strong></span> 
     </span>
    </p>
   </div>
   <div class='ocr_carea' id='block_1_105' title="bbox 2135 5142 3646 5217">
    <p class='ocr_par' dir='ltr' id='par_1_105' title="bbox 2135 5142 3646 5217">
     <span class='ocr_line' id='line_1_105' title="bbox 2135 5142 3646 5217; baseline -0.006 -13"><span class='ocrx_word' id='word_1_842' title='bbox 2135 5149 2295 5204; x_wconf 85' lang='lat' dir='ltr'><strong>Porro</strong></span> <span class='ocrx_word' id='word_1_843' title='bbox 2325 5160 2493 5203; x_wconf 86' lang='lat' dir='ltr'><strong>autem</strong></span> <span class='ocrx_word' id='word_1_844' title='bbox 2517 5149 2595 5202; x_wconf 78' lang='lat' dir='ltr'><strong>vel</strong></span> <span class='ocrx_word' id='word_1_845' title='bbox 2623 5149 2812 5202; x_wconf 85' lang='lat' dir='ltr'><strong>artium</strong></span> <span class='ocrx_word' id='word_1_846' title='bbox 2839 5148 2917 5202; x_wconf 83' lang='lat' dir='ltr'><strong>uel</strong></span> <span class='ocrx_word' id='word_1_847' title='bbox 2948 5146 3343 5217; x_wconf 82' lang='lat' dir='ltr'><strong>disciplinarum</strong></span> <span class='ocrx_word' id='word_1_848' title='bbox 3366 5160 3481 5198; x_wconf 88' lang='lat' dir='ltr'><strong>cum</strong></span> <span class='ocrx_word' id='word_1_849' title='bbox 3513 5142 3646 5197; x_wconf 81' lang='lat' dir='ltr'><strong>indt-</strong></span> 
     </span>
    </p>
   </div>
   <div class='ocr_carea' id='block_1_106' title="bbox 2053 5238 3645 5313">
    <p class='ocr_par' dir='ltr' id='par_1_106' title="bbox 2053 5238 3645 5313">
     <span class='ocr_line' id='line_1_106' title="bbox 2053 5238 3645 5313; baseline -0.006 -16"><span class='ocrx_word' id='word_1_850' title='bbox 2053 5244 2206 5297; x_wconf 81' lang='lat' dir='ltr'><strong>vidua</strong></span> <span class='ocrx_word' id='word_1_851' title='bbox 2242 5259 2331 5313; x_wconf 85' lang='lat' dir='ltr'><strong>per</strong></span> <span class='ocrx_word' id='word_1_852' title='bbox 2359 5242 2589 5311; x_wconf 85' lang='lat' dir='ltr'><strong>singulos</strong></span> <span class='ocrx_word' id='word_1_853' title='bbox 2626 5241 2855 5295; x_wconf 80' lang='lat' dir='ltr'><strong>homines</strong></span> <span class='ocrx_word' id='word_1_854' title='bbox 2887 5255 2994 5294; x_wconf 84' lang='lat' dir='ltr'><strong>esse</strong></span> <span class='ocrx_word' id='word_1_855' title='bbox 3022 5239 3271 5309; x_wconf 84' lang='lat' dir='ltr'><strong>ceperint,</strong></span> <span class='ocrx_word' id='word_1_856' title='bbox 3302 5239 3555 5291; x_wconf 79' lang='lat' dir='ltr'><strong>rationem</strong></span> <span class='ocrx_word' id='word_1_857' title='bbox 3579 5238 3645 5288; x_wconf 83' lang='lat' dir='ltr'><strong>ad</strong></span> 
     </span>
    </p>
   </div>
   <div class='ocr_carea' id='block_1_107' title="bbox 2056 5329 3639 5404">
    <p class='ocr_par' dir='ltr' id='par_1_107' title="bbox 2056 5329 3639 5404">
     <span class='ocr_line' id='line_1_107' title="bbox 2056 5329 3639 5404; baseline -0.006 -17"><span class='ocrx_word' id='word_1_858' title='bbox 2056 5333 2438 5404; x_wconf 82' lang='lat' dir='ltr'><strong>percipiendum</strong></span> <span class='ocrx_word' id='word_1_859' title='bbox 2487 5346 2669 5400; x_wconf 87' lang='lat' dir='ltr'><strong>capere</strong></span> <span class='ocrx_word' id='word_1_860' title='bbox 2698 5331 2776 5386; x_wconf 77' lang='lat' dir='ltr'><strong>vel</strong></span> <span class='ocrx_word' id='word_1_861' title='bbox 2816 5330 3000 5385; x_wconf 82' lang='lat' dir='ltr'><strong>habere</strong></span> <span class='ocrx_word' id='word_1_862' title='bbox 3028 5329 3237 5384; x_wconf 88' lang='lat' dir='ltr'><strong>omnino</strong></span> <span class='ocrx_word' id='word_1_863' title='bbox 3272 5342 3374 5381; x_wconf 84' lang='lat' dir='ltr'><strong>non</strong></span> <span class='ocrx_word' id='word_1_864' title='bbox 3408 5331 3639 5396; x_wconf 83' lang='lat' dir='ltr'><strong>possunt.</strong></span> 
     </span>
    </p>
   </div>
   <div class='ocr_carea' id='block_1_108' title="bbox 2131 5415 3643 5494">
    <p class='ocr_par' dir='ltr' id='par_1_108' title="bbox 2131 5415 3643 5494">
     <span class='ocr_line' id='line_1_108' title="bbox 2131 5415 3643 5494; baseline -0.007 -16"><span class='ocrx_word' id='word_1_865' title='bbox 2131 5424 2197 5478; x_wconf 87' lang='lat' dir='ltr'><strong>Et</strong></span> <span class='ocrx_word' id='word_1_866' title='bbox 2220 5439 2339 5494; x_wconf 85' lang='lat' dir='ltr'><strong>ego.</strong></span> <span class='ocrx_word' id='word_1_867' title='bbox 2370 5422 2500 5488; x_wconf 86' lang='lat' dir='ltr'><strong>lloc,</strong></span> <span class='ocrx_word' id='word_1_868' title='bbox 2532 5423 2768 5493; x_wconf 85' lang='lat' dir='ltr'><strong>inquam,</strong></span> <span class='ocrx_word' id='word_1_869' title='bbox 2792 5418 3037 5492; x_wconf 84' lang='lat' dir='ltr'><strong>estquod</strong></span> <span class='ocrx_word' id='word_1_870' title='bbox 3067 5435 3189 5475; x_wconf 88' lang='lat' dir='ltr'><strong>cum</strong></span> <span class='ocrx_word' id='word_1_871' title='bbox 3212 5427 3355 5472; x_wconf 89' lang='lat' dir='ltr'><strong>artes</strong></span> <span class='ocrx_word' id='word_1_872' title='bbox 3376 5416 3459 5470; x_wconf 88' lang='lat' dir='ltr'><strong>vel</strong></span> <span class='ocrx_word' id='word_1_873' title='bbox 3480 5415 3643 5470; x_wconf 87' lang='lat' dir='ltr'><strong>disci-</strong></span> 
     </span>
    </p>
   </div>
   <div class='ocr_carea' id='block_1_109' title="bbox 2059 5506 3639 5585">
    <p class='ocr_par' dir='ltr' id='par_1_109' title="bbox 2059 5506 3639 5585">
     <span class='ocr_line' id='line_1_109' title="bbox 2059 5506 3639 5585; baseline -0.004 -19"><span class='ocrx_word' id='word_1_874' title='bbox 2059 5517 2239 5585; x_wconf 69' lang='lat' dir='ltr'><strong>plinae,</strong></span> <span class='ocrx_word' id='word_1_875' title='bbox 2274 5529 2394 5585; x_wconf 82' lang='lat' dir='ltr'><strong>quae</strong></span> <span class='ocrx_word' id='word_1_876' title='bbox 2424 5515 2475 5569; x_wconf 91' lang='lat' dir='ltr'><strong>in</strong></span> <span class='ocrx_word' id='word_1_877' title='bbox 2518 5530 2613 5570; x_wconf 88' lang='lat' dir='ltr'><strong>sua</strong></span> <span class='ocrx_word' id='word_1_878' title='bbox 2652 5516 2841 5585; x_wconf 85' lang='lat' dir='ltr'><strong>specie</strong></span> <span class='ocrx_word' id='word_1_879' title='bbox 2859 5529 2962 5569; x_wconf 90' lang='lat' dir='ltr'><strong>una</strong></span> <span class='ocrx_word' id='word_1_880' title='bbox 2994 5520 3120 5567; x_wconf 90' lang='lat' dir='ltr'><strong>ante</strong></span> <span class='ocrx_word' id='word_1_881' title='bbox 3157 5508 3383 5565; x_wconf 89' lang='lat' dir='ltr'><strong>collecta</strong></span> <span class='ocrx_word' id='word_1_882' title='bbox 3422 5506 3639 5569; x_wconf 82' lang='lat' dir='ltr'><strong>fuerint,</strong></span> 
     </span>
    </p>
   </div>
   <div class='ocr_carea' id='block_1_110' title="bbox 2057 5596 3637 5674">
    <p class='ocr_par' dir='ltr' id='par_1_110' title="bbox 2057 5596 3637 5674">
     <span class='ocr_line' id='line_1_110' title="bbox 2057 5596 3637 5674; baseline -0.008 -13"><span class='ocrx_word' id='word_1_883' title='bbox 2057 5610 2109 5662; x_wconf 89' lang='lat' dir='ltr'><strong>in</strong></span> <span class='ocrx_word' id='word_1_884' title='bbox 2135 5604 2406 5661; x_wconf 89' lang='lat' dir='ltr'><strong>individua</strong></span> <span class='ocrx_word' id='word_1_885' title='bbox 2434 5606 2697 5672; x_wconf 89' lang='lat' dir='ltr'><strong>venerint,</strong></span> <span class='ocrx_word' id='word_1_886' title='bbox 2724 5605 2775 5661; x_wconf 92' lang='lat' dir='ltr'><strong>id</strong></span> <span class='ocrx_word' id='word_1_887' title='bbox 2797 5616 2903 5670; x_wconf 87' lang='lat' dir='ltr'><strong>est,</strong></span> <span class='ocrx_word' id='word_1_888' title='bbox 2933 5619 3029 5674; x_wconf 89' lang='lat' dir='ltr'><strong>per</strong></span> <span class='ocrx_word' id='word_1_889' title='bbox 3050 5600 3289 5671; x_wconf 91' lang='lat' dir='ltr'><strong>singulos</strong></span> <span class='ocrx_word' id='word_1_890' title='bbox 3319 5598 3565 5654; x_wconf 87' lang='lat' dir='ltr'><strong>homines</strong></span> <span class='ocrx_word' id='word_1_891' title='bbox 3584 5596 3637 5649; x_wconf 90' lang='lat' dir='ltr'><strong>in</strong></span> 
     </span>
    </p>
   </div>
   <div class='ocr_carea' id='block_1_111' title="bbox 2055 5686 3638 5764">
    <p class='ocr_par' dir='ltr' id='par_1_111' title="bbox 2055 5686 3638 5764">
     <span class='ocr_line' id='line_1_111' title="bbox 2055 5686 3638 5764; baseline -0.007 -11"><span class='ocrx_word' id='word_1_892' title='bbox 2055 5697 2321 5754; x_wconf 88' lang='lat' dir='ltr'><strong>inﬁnitam</strong></span> <span class='ocrx_word' id='word_1_893' title='bbox 2349 5697 2743 5764; x_wconf 82' lang='lat' dir='ltr'><strong>multitudinem</strong></span> <span class='ocrx_word' id='word_1_894' title='bbox 2783 5691 3338 5762; x_wconf 84' lang='lat' dir='ltr'><strong>innumerabilemque</strong></span> <span class='ocrx_word' id='word_1_895' title='bbox 3379 5702 3499 5745; x_wconf 85' lang='lat' dir='ltr'><strong>sese</strong></span> <span class='ocrx_word' id='word_1_896' title='bbox 3526 5686 3638 5743; x_wconf 73' lang='lat' dir='ltr'><strong>dis-</strong></span> 
     </span>
    </p>
   </div>
  </div>
