4106 6336
331 325 404 383 ιδ
948 344 967 357 -
1504 323 1572 380 1N
1610 288 2063 380 conparatus
2103 319 2452 380 DIALGGUS
2488 322 2529 378 l.
3563 325 3635 385 ω

330 437 573 512 pertinut
598 454 612 493 :
642 436 748 494 hoc
777 445 957 494 autem
978 437 1184 493 idcirm
1207 437 1409 502 evenit,
1439 437 1579 507 quod
1606 438 1719 491 haec
1741 436 1928 492 eadem
1956 436 2122 496 Anls
2165 435 2459 505 appellatio
2495 448 2604 489 non
2630 445 2903 492 convenit.
2944 436 3077 493 {Nam
3124 438 3171 492 si
3215 439 3361 496 dicas
3408 442 3633 512 animal,

329 534 471 589 ratio
498 542 774 602 estquam
806 531 1137 601 Porphyrius
1170 531 1284 602 ipse
1311 531 1493 585 dicere
1538 545 1643 584 non
1676 530 1930 601 neglexit.

331 624 515 687 Genus
541 626 684 679 enim
724 639 846 679 cum
888 639 1051 677 unum
1095 623 1187 690 sit,
1228 624 1581 693 plurimarum
1630 624 1933 691 specierum

333 716 727 786 progenitivum
768 726 871 769 est.
916 716 1164 785 Namque
1210 716 1311 769 sub
1352 730 1460 770 une
1513 729 1712 785 genere
1751 716 1934 785 plores

332 811 540 879 specim
584 808 954 873 inveniuntur,
985 808 1189 862 idcirco
1226 808 1478 877 quoniam
1522 807 1735 877 species
1764 823 1935 877 genus

336 902 469 956 illud
523 900 664 956 unde
711 901 1023 971 proﬂuunt,
1076 902 1129 956 in
1178 902 1404 970 plurima
1446 911 1731 972 segregant
1774 911 1935 971 atque

336 996 673 1064 dispertiunt.
708 994 893 1051 Genus
921 1005 1104 1051 autem
1128 996 1397 1065 plurimas
1412 996 1620 1066 colligit
1652 1011 1762 1063 res,
1795 997 1938 1050 sicut

335 1089 507 1157 ipsum
536 1103 566 1142 a
596 1088 842 1157 plurimis
865 1091 1057 1143 iterum
1082 1089 1366 1157 speciebus
1390 1089 1669 1145 dividitur.
1692 1088 1936 1155 Namque

335 1182 518 1245 homo.
547 1196 741 1236 corvus
770 1192 825 1237 et
853 1197 1046 1252 equus,
1088 1198 1207 1252 quas
1237 1193 1362 1238 sunt
1410 1184 1643 1253 species,
1672 1192 1935 1255 quantum

330 1275 399 1329 ad
429 1274 649 1339 animal,
680 1275 960 1345 aequaliter
980 1275 1230 1331 animalia
1272 1285 1418 1331 sunt.
1453 1275 1529 1330 Ita
1560 1277 1707 1333 enim
1739 1290 1937 1333 nomen

331 1369 580 1423 animalis
606 1384 796 1425 omnes
824 1384 954 1426 suas
984 1371 1196 1439 species
1224 1370 1363 1426 intra
1394 1385 1455 1426 se
1491 1371 1752 1426 continet.
1781 1371 1937 1436 Quod
1976 1408 1979 1411 ι

331 1462 377 1513 si
409 1471 463 1515 et
494 1461 547 1517 in
586 1461 807 1517 homine
845 1463 1094 1517 animalis
1130 1477 1329 1518 nomen
1356 1472 1464 1527 est,
1498 1474 1559 1519 et
1589 1465 1640 1517 in
1669 1479 1855 1529 corvo,
1886 1474 1940 1519 et

332 1550 388 1611 in
420 1568 585 1621 equo.
616 1568 727 1611 non
756 1562 842 1611 est
868 1553 1109 1621 dubium,
1132 1555 1385 1623 quoniam
1414 1555 1547 1610 illud
1572 1570 1762 1625 genus,
1793 1556 1939 1625 quod

332 1646 439 1709 sub
466 1646 705 1713 seipsutn
737 1661 797 1699 ea
827 1646 1087 1713 continet,
1122 1648 1334 1715 species
1364 1648 1553 1702 diVism
1599 1649 1739 1703 inter
1768 1663 1828 1704 se
1855 1649 1937 1703 di-

336 1735 523 1797 vitiant
562 1737 1041 1807 multiplicantque.
1081 1739 1292 1808 Colligit
1334 1740 1494 1809 igitur
1526 1754 1697 1809 genus
1727 1742 1937 1810 species

2040 527 2142 583 hoc
2172 536 2276 591 est,
2320 527 2469 597 quod
2513 527 2677 582 homo
2722 529 2773 583 in
2821 529 2907 584 illa
2954 539 3105 600 parte
3134 532 3189 585 in
3218 548 3321 601 qua
3349 549 3519 604 crpus
3548 544 3637 592 est
3672 562 3675 565 λ

2038 633 2145 673 non
2178 619 2284 673 erit
2314 619 2498 686 homo,
2527 628 2687 689 atque
2716 621 2839 675 ideo
2870 624 3250 679 universaliter
3279 640 3386 679 non
3408 639 3638 684 conven-

2040 721 2248 767 tuntur.
2278 712 2410 767 Nam
2434 713 2653 777 sidicis,
2685 714 2860 768 omnis
2888 715 3050 771 homo
3068 717 3290 785 animal,
3319 732 3509 773 verum
3526 728 3634 774 est.

2037 804 2091 859 Si
2123 805 2357 871 dixeris,
2386 819 2548 860 omne
2575 806 2775 860 animal
2805 806 2965 861 homo
2986 817 3089 877 est,
3124 808 3316 864 falsum
3344 820 3449 866 est.
3481 813 3637 877 Quod

2038 897 2084 951 si
2134 899 2341 965 majora
2381 897 2451 954 de
2488 898 2791 953 minoribus
2829 898 3037 955 idcirco
3080 901 3461 970 prmdicamur,
3513 904 3638 973 quia

2038 1006 2201 1047 omne
2229 990 2401 1061 majus
2432 993 2609 1046 minus
2639 993 2693 1047 in
2719 1007 2780 1048 se
2806 997 3081 1048 continet:
3113 1004 3166 1050 et
3194 997 3402 1051 minora
3431 997 3498 1051 de
3526 1012 3642 1052 mat

2034 1083 2466 1153 joribusidclrco
2496 1099 2602 1140 non
2626 1085 3007 1154 praedicantur,
3035 1088 3158 1157 quia
3183 1089 3385 1158 majora
3414 1091 3642 1146 minoris

2038 1176 2407 1232 definitionem
2451 1178 2842 1247 supervadunt,
2885 1188 2941 1233 et
2974 1180 3374 1248 quodammodo
3402 1198 3643 1252 exsupe-

2041 1278 2184 1334 rant,
2214 1284 2321 1323 non
2376 1277 2460 1324 est
2502 1269 2722 1325 dubium
2773 1271 2901 1341 quin
2938 1271 3025 1326 ilia
3063 1287 3183 1342 qua:
3225 1284 3351 1329 sunt
3389 1276 3639 1345 aequalia,

2038 1361 2143 1416 sibi
2174 1363 2384 1431 possint
2409 1362 2529 1431 ipsa
2559 1364 2822 1417 converti.
2866 1361 3120 1433 Equalia
3171 1373 3350 1419 autem
3386 1367 3476 1421 illa
3514 1378 3645 1424 sunt

2040 1471 2160 1525 qua:
2191 1472 2365 1525 neque
2394 1460 2603 1511 minora
2632 1472 2809 1528 neque
2848 1458 3050 1525 majora
3082 1468 3228 1523 sunt,
3280 1459 3332 1513 id
3367 1470 3473 1525 est,
3507 1473 3561 1515 ut
3592 1463 3644 1520 si
3682 1518 3685 1519 ν

2042 1546 2099 1600 in
2124 1547 2417 1616 quamlibet
2439 1548 2678 1615 speciem
2701 1536 3060 1617 opponantur,
3093 1558 3147 1603 et
3168 1551 3313 1605 omni
3335 1550 3413 1606 illi
3442 1555 3644 1621 speciei

2040 1637 2257 1703 adsunt,
2290 1648 2344 1694 ct
2375 1641 2506 1695 milli
2538 1641 2626 1695 alii
2654 1659 2668 1694 :
2703 1656 2825 1696 nam
2865 1642 3044 1698 omnis
3072 1642 3234 1699 homo
3275 1644 3494 1701 risibilis
3537 1657 3645 1716 est,

2046 1739 2102 1785 et
2122 1732 2268 1787 nulla
2292 1733 2393 1787 alia
2420 1735 2628 1803 species
2658 1734 2848 1789 risibili
2875 1744 3053 1805 potest
3078 1737 3294 1806 proprio
3324 1740 3644 1809 nuncupari,

334 1828 393 1887 in
414 1844 497 1895 se,
517 1830 732 1896 species
754 1846 881 1893 vero
898 1846 994 1885 sua
1006 1842 1093 1900 pse
1112 1841 1303 1887 natura
1328 1846 1501 1901 genus
1525 1833 1699 1900 ipsum
1724 1832 1936 1902 disper-
1962 1820 2012 1881 B
2038 1834 2202 1893 atque
2233 1826 2353 1881 ideo
2384 1825 2640 1896 quoniam
2666 1828 2892 1895 aequalia
2917 1836 3042 1881 sunt
3058 1838 3469 1885 convertuntur.
3502 1833 3648 1891 Dicis

335 1924 494 1983 tiunt.
528 1925 625 1980 Est
648 1925 810 1995 igitur
828 1939 999 1995 genus
1022 1924 1360 1980 collectivum
1387 1926 1692 1995 specierum
1717 1939 1935 1979 suarum

334 2028 388 2071 et
435 2016 835 2086 quodammodo
874 2018 1242 2072 adunativum.
1299 2016 1520 2086 Species
1570 2030 1702 2071 vero
1749 2014 1938 2069 divisae

335 2111 546 2180 generis
563 2108 962 2179 quodammodo
981 2117 1037 2164 et
1058 2109 1497 2178 multiplicativae.
1529 2108 1696 2178 igitur
1713 2108 1941 2177 quicun-

336 2217 440 2273 que
485 2201 553 2257 ad
600 2202 774 2270 maia
818 2216 1016 2272 genesa
1072 2202 1334 2266 ascendit,
1367 2217 1582 2256 omnem
1633 2202 1938 2270 specierum

337 2294 733 2351 multitudinem
792 2308 887 2363 per
930 2309 1133 2363 genera
1174 2294 1377 2365 colligit
1418 2294 1746 2363 adnuatque.
1804 2293 1937 2346 Cum

338 2396 468 2439 vero
499 2400 529 2438 a
560 2384 730 2455 magis
757 2385 1047 2452 generibus
1091 2400 1260 2453 usque
1288 2384 1357 2439 ad
1390 2384 1564 2454 magis
1593 2384 1806 2452 species
1836 2383 1937 2437 de.

340 2476 596 2547 curritur,
627 2477 800 2529 omnis
829 2476 1003 2528 unitas
1035 2490 1293 2546 generum
1340 2475 1675 2546 superiorum
1709 2476 1761 2529 in
1795 2474 1940 2528 mul-

346 2564 526 2619 tiﬁdas
551 2581 892 2636 ramosasque
921 2568 1133 2635 species
1160 2567 1547 2638 segregabitur.
1578 2567 1730 2635 Quod
1760 2576 1939 2621 autem

346 2657 425 2711 ait
468 2658 751 2712 multitudo
790 2659 1075 2726 capienda,
1127 2660 1350 2728 perinde
1395 2671 1479 2717 eSt
1524 2675 1586 2713 ac
1635 2660 1681 2714 si
1712 2659 1937 2723 diceret,

343 2749 630 2805 multitudo
675 2750 915 2806 facienda
953 2759 1036 2805 cst
1070 2768 1084 2803 :
1134 2766 1255 2804 nam
1295 2767 1416 2807 cum
1449 2751 1642 2805 dividis
1672 2767 1841 2822 genus
1886 2752 1943 2808 in
1983 2774 1989 2779 ο

342 2845 575 2914 species,
604 2848 821 2903 easdem
851 2846 1060 2917 species
1082 2848 1276 2902 multas
1314 2862 1435 2902 esse
1468 2846 1691 2914 accipis,
1724 2861 1856 2927 quas
1886 2854 1942 2901 tu
1981 2842 1989 2850 ’

345 2940 490 3013 idem
524 2940 717 2995 iecisti.
757 2940 976 3010 Species
1006 2956 1219 3012 quoque
1262 2942 1345 2995 ab,
1371 2940 1471 2994 hac
1497 2942 1711 3010 generis
1741 2940 1942 2995 aduna-

346 3033 491 3091 tione
534 3049 598 3091 ac
643 3034 1042 3104 quodammodo
1080 3035 1400 3090 collectione
1450 3051 1557 3091 non
1609 3034 1940 3103 discrepant.

345 3128 585 3200 Namque
634 3139 688 3187 et
718 3130 849 3200 ipsa:
886 3130 1202 3189 inﬁnitatem
1254 3130 1647 3187 individuorum
1679 3130 1745 3183 ad
1781 3145 1941 3185 unam

2041 1918 2225 1977 enim:
2269 1918 2405 1985 Quid
2448 1933 2527 1975 est
2577 1921 2774 1976 homo?
2820 1920 3071 1989 Risibile;
3102 1923 3240 1990 Quid
3284 1936 3369 1981 est
3398 1926 3647 1986 risibile!

2043 2009 2253 2067 Homo:
2287 2021 2341 2065 et
2362 2011 2517 2082 item,
2549 2011 2687 2078 Quid
2715 2023 2797 2067 est
2828 2013 3135 2069 hinnibile‘!
3166 2015 3379 2086 Equus;
3403 2019 3541 2086 Quid
3562 2031 3650 2079 est

2041 2104 2243 2172 equus?
2267 2104 2559 2161 Hinnibile.
2591 2104 2746 2172 Quod
2774 2108 2817 2161 si
2850 2121 3069 2177 semper
3097 2111 3302 2176 majora
3329 2112 3396 2169 de
3425 2114 3651 2178 minori-

2044 2193 2144 2250 bus
2180 2197 2559 2264 praedicantur,
2592 2198 2875 2266 superiora
2907 2214 3134 2255 necesse
3160 2213 3242 2258 est
3270 2218 3467 2272 genera
3497 2221 3646 2272 esse.

2045 2298 2099 2347 et,
2124 2289 2303 2343 omnia
2336 2289 2647 2345 subalterna
2681 2290 2910 2347 minora.
2938 2291 3090 2359 Quod
3121 2295 3167 2348 si
3196 2296 3501 2352 subalterna
3529 2313 3650 2353 om-

2048 2383 2133 2436 nia
2179 2385 2383 2438 minora
2425 2395 2586 2453 sunt,
2617 2402 2724 2441 non
2757 2396 2843 2443 est
2888 2388 3111 2468 dubium
3152 2392 3281 2462 quin
3313 2395 3356 2446 si
3397 2394 3517 2464 quis
3549 2410 3649 2465 per

2044 2475 2467 2533 subdivisionem
2490 2480 2787 2535 descen'dat
2814 2481 2879 2534 ad
2912 2484 3151 2538 uitimam
3186 2488 3444 2556 speciem,
3476 2492 3651 2560 quod-

2044 2585 2256 2640 cunque
2295 2587 2465 2641 genus
2495 2574 2561 2627 de
2595 2574 2782 2629 vicinis
2827 2576 2927 2630 sibi
2965 2580 3363 2649 prmdicabilur,
3392 2585 3550 2639 ctiam
3580 2585 3649 2642 de

2047 2664 2376 2720 subalternis
2398 2667 2724 2735 praedicetur
2754 2687 2765 2723 :
2788 2684 3025 2741 namque
3043 2672 3335 2728 substantia
3364 2676 3526 2733 habet
3545 2681 3649 2739 sibi

1994 2808 1997 2811 .
2045 2758 2279 2815 vicinum
2328 2760 2394 2813 ad
2438 2761 2742 2815 subteriora
2782 2778 2977 2831 genus,
3012 2766 3076 2818 ad
3118 2781 3177 2819 se
3217 2784 3349 2822 vero
3386 2774 3651 2841 speciem,

2046 2850 2188 2919 quod
2222 2860 2302 2905 est
2327 2866 2554 2921 corpus;
2582 2853 2649 2908 de
2673 2854 2776 2909 hoc
2796 2854 2958 2924 igitur
2979 2858 3277 2913 substantia
3307 2864 3650 2930 praedicatur.

2050 2944 2105 2997 Si
2137 2944 2260 3014 quis
2286 2945 2428 3000 enim
2461 2945 2762 3016 interroget
2786 2950 2913 3017 quid
2943 2958 3027 3004 est
3049 2965 3268 3021 corpus,
3297 2955 3492 3012 dicitur
3519 2960 3653 3016 sub-

2050 3037 2268 3091 stantia.
2316 3037 2431 3092 Sub
2469 3054 2697 3109 corpore
2728 3056 2859 3095 vero
2889 3052 2975 3097 est
3006 3044 3303 3101 animatum
3344 3063 3560 3120 corpus,
3596 3064 3679 3111 et

2053 3130 2154 3183 sub
2201 3146 2269 3185 eo
2327 3132 2548 3187 animal.
2608 3134 2748 3204 Ergo
2796 3137 3049 3204 quoniam
3098 3140 3398 3199 substantia
3452 3146 3654 3206 idcirco

348 3222 864 3280 revocantl'ormam.
884 3223 1227 3294 Singulorum
1258 3224 1399 3278 enim
1431 3222 1705 3291 hominum
1734 3223 1947 3292 species
1975 3206 2022 3270 C
2054 3224 2379 3293 praedicatur
2393 3226 2463 3280 de
2484 3242 2733 3298 corpore,
2758 3232 2880 3299 quia
2913 3230 2988 3285 illi
3013 3241 3099 3287 est
3127 3235 3395 3303 superior,
3429 3252 3657 3299 necesse

347 3333 465 3388 qua:
493 3328 578 3377 est
604 3319 788 3387 homo,
812 3318 1091 3375 collectiva
1118 3327 1223 3385 est,
1256 3319 1355 3372 hoc
1384 3317 1569 3373 modo.
1600 3317 1679 3371 Ad
1710 3316 1943 3372 hominis

347 3414 490 3471 enim
531 3414 764 3483 speciem
815 3413 994 3468 cuncti
1043 3412 1240 3483 singuli
1280 3413 1550 3475 homines,
1600 3427 1737 3467 unus
1778 3410 1943 3465 homo

348 3515 492 3572 sunt,
514 3505 575 3573 id
602 3515 685 3561 est
712 3506 882 3577 prima
912 3506 1123 3576 species
1145 3521 1265 3572 quae
1301 3520 1398 3560 nos
1426 3505 1665 3559 continet
1700 3512 1945 3560 coercet.

349 3615 471 3669 que.
505 3599 674 3653 Porro
705 3608 884 3654 autem
931 3599 1046 3668 ipsa
1089 3600 1297 3667 species
1327 3600 1379 3653 in
1412 3612 1510 3653 nos
1540 3597 1737 3652 mullos
1771 3598 1942 3652 scissa

353 3694 622 3757 dividitur.
656 3692 830 3751 (hunc
858 3693 1001 3749 enim
1029 3677 1169 3760 quod
1208 3692 1474 3762 singulum
1505 3699 1590 3746 est
1614 3701 1773 3761 atque
1802 3689 1942 3744 iudi-

352 3787 588 3853 riduum,
624 3785 751 3840 illud
785 3785 925 3839 unde
965 3785 1203 3840 nascitur
1232 3784 1439 3839 dividit.
1466 3783 1637 3840 Omne
1662 3782 1803 3852 quod
1834 3796 1941 3837 non

351 3890 435 3935 est
475 3879 741 3950 singultim
790 3888 952 3948 atque
1003 3877 1355 3951 individuum,
1394 3876 1488 3931 sed
1538 3873 1700 3930 dividi
1745 3880 1943 3943 potest,

354 3988 460 4027 non
491 3987 583 4042 per
607 3987 665 4027 se
686 3972 862 4040 ipsum
891 3970 1059 4039 magis
1086 3968 1275 4025 dividit
1302 3968 1625 4032 sub:eriora,
1651 3981 1809 4035 quam
1832 3964 1946 4020 col-

354 4066 489 4135 ligit.
518 4066 610 4127 llis
639 4064 800 4135 igitur
822 4064 1107 4134 expeditis,
1148 4070 1361 4118 constat
1390 4073 1444 4119 et
1482 4076 1653 4131 genus
1686 4060 1946 4129 plurima-

360 4175 480 4214 rum
507 4160 799 4227 Specierum
829 4172 948 4213 esse
977 4171 1168 4227 genus,
1209 4167 1264 4211 et
1300 4155 1537 4225 speciem
1571 4152 1802 4224 plurima
1844 4150 1950 4206 sub

359 4270 418 4310 se
449 4254 717 4310 individua
747 4268 1019 4309 coercere.
1053 4250 1187 4307 Nam
1229 4251 1275 4304 si
1326 4249 1415 4303 illa
1443 4263 1565 4319 quae
1596 4259 1724 4301 sunt
1764 4245 1952 4300 subte-

358 4348 503 4403 riora
531 4328 871 4416 dispertiunt,
905 4354 960 4399 et
989 4345 1041 4398 in
1074 4341 1470 4399 multitudinem
1509 4340 1778 4409 dissipant
1811 4338 1953 4394 divi-

357 4443 617 4511 duntque,
646 4455 749 4495 non
778 4449 863 4495 est
889 4438 1111 4493 dubium
1145 4437 1273 4506 quin
1303 4435 1582 4502 superiora
1616 4448 1828 4503 semper
1866 4430 1958 4485 in-

2048 3326 2152 3384 est,
2184 3319 2376 3387 quibus
2406 3321 2605 3389 coipus
2634 3323 2882 3391 superius
2918 3323 3102 3393 fuerit,
3150 3327 3354 3382 eiédem
3392 3331 3554 3387 etiam
3584 3332 3656 3393 sit

2053 3411 2353 3468 substantia
2400 3414 2669 3484 superior.
2720 3414 2855 3471 Nam
2904 3415 2948 3471 si
2991 3432 3188 3487 corpus
3236 3422 3557 3489 praedicatur
3584 3425 3683 3483 de.

2051 3507 2291 3562 animato
2312 3522 2561 3583 corpore,
2590 3519 2644 3564 et
2678 3509 2749 3564 de
2791 3510 3033 3577 animali,
3078 3512 3462 3582 pracdicahitnr
3490 3518 3657 3579 etiam

2052 3599 2352 3656 substantia
2381 3601 2450 3655 de
2481 3602 2722 3656 animato
2756 3616 3009 3672 corpore,
3059 3612 3115 3663 et
3157 3605 3225 3661 de
3264 3607 3504 3663 animali.
3559 3610 3657 3673 Sic

2057 3692 2219 3763 igitur
2248 3707 2588 3764 quaecunque
2616 3694 2898 3762 superiora
2930 3693 3134 3753 fuerint
3159 3697 3226 3754 de
3255 3698 3657 3760 subterioribus

2054 3800 2159 3841 non
2186 3786 2359 3841 solum
2390 3787 2489 3842 sibi
2519 3787 2734 3853 vicinis,
2766 3788 2860 3845 sed
2889 3790 3051 3845 etiam
3078 3790 3237 3864 longe
3261 3793 3673 3857 subterioribus.

2054 3877 2439 3947 praedicantur.
2472 3877 2603 3935 Nam
2633 3880 2681 3937 si
2709 3880 2913 3949 majora
2941 3890 3065 3938 sunt
3095 3881 3161 3938 iis
3190 3885 3311 3954 quae
3335 3884 3438 3941 sibi
3464 3888 3658 3945 vicina

2053 3980 2179 4026 sunt
2203 3972 2510 4041 speciebus,
2534 3974 2704 4029 multo
2721 3974 2925 4042 majora
2953 3985 3116 4032 erunt
3138 3979 3301 4032 etiam
3333 3978 3441 4034 illis
3461 3981 3659 4052 quibus

2058 4065 2163 4121 illa:
2185 4066 2376 4121 vicinae
2397 4068 2608 4135 species
2633 4068 2836 4124 iuerint
2854 4069 3145 4139 ampliores
3163 4088 3176 4124 :
3201 4085 3330 4142 ergo
3345 4072 3414 4128 de
3432 4074 3659 4143 quibus~

2056 4172 2269 4227 cunque
2294 4158 2505 4228 species
2533 4158 2876 4229 praedicatur,
2919 4158 2989 4214 de
3016 4159 3152 4229 ipsis
3181 4161 3567 4230 praedicabitur
3603 4173 3659 4221 et

2060 4250 2203 4305 illius
2232 4250 2434 4319 speciei
2458 4264 2647 4320 genus.
2679 4250 2814 4307 Nam
2836 4251 2882 4306 si
2917 4251 3129 4319 species
3157 4252 3357 4323 aliqua,
3390 4254 3568 4325 aliqua
3598 4271 3659 4311 re

2061 4342 2231 4412 major
2259 4352 2363 4407 est,
2396 4343 2569 4400 multo
2591 4358 2762 4414 genus
2787 4344 2985 4413 speciei
3017 4343 3186 4413 ipsius
3208 4346 3296 4400 illa
3318 4362 3377 4401 re
3402 4361 3507 4417 qua
3529 4363 3658 4420 spe-

2062 4436 2173 4490 cies
2200 4435 2373 4506 majo'r
2400 4449 2506 4501 eSl,
2540 4436 2716 4505 majus
2737 4440 2860 4491 erit.
2891 4437 3069 4505 Atque
3098 4436 3173 4491 ita
3211 4436 3278 4491 ad
3309 4436 3359 4491 id
3397 4438 3660 4506 praedica-

358 4535 643 4591 ferioribus
692 4534 940 4602 pauciora
992 4532 1123 4586 sint.
1176 4529 1603 4585 Praedicamenta
1658 4542 1788 4582 vero
1834 4541 2020 4602 quin_
2062 4526 2206 4582 bitur
2225 4527 2806 4597 quemadmodumipsa
2833 4528 3040 4598 species
3059 4535 3219 4583 antea
3243 4529 3531 4601 praedicata
3554 4542 3661 4588 est.

357 4628 501 4683 aliud
527 4627 594 4682 de
618 4594 722 4680 alio
745 4625 1124 4694 praedicantur,
1159 4623 1240 4678 vel
1268 4623 1334 4675 ad
1361 4637 1419 4675 se
1442 4622 1668 4678 invicem
1691 4636 1812 4691 quae
1841 4594 1952 4675 tor-
1976 4594 2032 4657 D
2059 4621 2211 4689 Quod
2240 4594 2282 4675 si
2316 4621 2387 4676 ita
2414 4631 2518 4687 est,
2548 4638 2654 4677 non
2685 4594 2769 4678 est
2804 4594 3026 4678 dubium
3062 4622 3191 4693 quin
3233 4594 3400 4693 genus
3446 4639 3660 4697 quoque

360 4733 611 4791 queritur,
662 4720 763 4772 hoc
813 4716 972 4772 modo
1000 4724 1163 4772 sunt:
1196 4714 1375 4769 omnis
1408 4714 1552 4769 enim
1598 4728 1686 4767 res
1728 4713 1831 4766 alia
1862 4723 1956 4767 aut

362 4815 534 4882 major
571 4815 691 4879 erit,
734 4822 824 4867 aut
873 4813 1071 4874 minor,
1115 4817 1208 4865 aut
1238 4823 1426 4876 aequa;
1475 4822 1636 4864 omne
1679 4807 1823 4877 quod
1871 4813 1959 4861 est

364 4908 557 4977 majus,
586 4906 653 4961 de
682 4906 890 4959 minore
932 4904 1129 4970 poterit
1174 4900 1490 4971 praedicari:
1522 4916 1645 4954 nam
1677 4914 1800 4955 cum
1840 4900 1958 4953 ani-

366 5001 467 5054 mal
504 5001 574 5053 sit
602 4998 774 5067 majus
801 4998 866 5052 ab
898 4997 1135 5064 homine,
1176 4996 1373 5065 poterit
1402 4994 1599 5049 animal
1638 4993 1707 5049 de
1737 4993 1958 5050 homine

368 5092 667 5160 prcdicari.
706 5091 885 5145 minus
910 5104 1039 5145 vero
1080 5089 1148 5144 de
1181 5086 1386 5157 majore
1424 5102 1529 5139 non
1560 5084 1773 5139 dicitur.
1823 5084 1956 5139 Nam

366 5185 615 5254 quoniam
654 5182 848 5236 animal
886 5190 969 5236 est
1010 5192 1065 5237 et
1111 5179 1272 5235 homo
1319 5188 1375 5234 ct
1420 5193 1613 5247 equus,
1644 5177 1711 5232 ad
1757 5176 1957 5232 animal

366 5277 637 5333 hominem
669 5278 714 5331 si
741 5275 1032 5345 praedicare
1054 5274 1308 5339 volueris,
1338 5282 1546 5328 tantum
1572 5272 1688 5344 haec
1708 5270 1962 5326 convenit

368 5369 700 5441 prmdicatio,
742 5378 998 5437 quantum
1038 5368 1290 5422 convenit
1336 5365 1530 5420 animal
1590 5374 1793 5433 partem
1837 5376 1961 5419 esse

369 5477 536 5533 super
564 5462 861 5516 hominem.
895 5460 1007 5528 Age
1030 5459 1194 5523 enim,
1220 5467 1494 5523 converte,
1526 5455 1677 5511 ctdic
1710 5455 1810 5509 hoc
1836 5467 1957 5511 esse

369 5555 567 5611 animal
590 5554 730 5623 quod
764 5554 1039 5609 hominem
1066 5570 1076 5603 :
1106 5560 1362 5619 quantum
1395 5550 1556 5619 igitur
1585 5565 1707 5619 pars
1736 5557 1818 5603 est
1844 5546 1959 5603 ani-

371 5648 547 5712 malis,
579 5662 698 5717 qua:
744 5645 974 5701 hominis
1002 5643 1239 5715 speciem
1270 5645 1560 5710 contineat,
1596 5652 1797 5698 tantum
1842 5642 1959 5698 ani-

374 5740 483 5794 mal
528 5740 690 5795 homo
718 5748 819 5794 est.
851 5739 906 5793 lu
948 5740 1054 5794 illis
1083 5749 1261 5794 autem
1288 5736 1408 5792 aliis
1446 5737 1685 5806 partibus
1712 5736 1961 5793 animalis

373 5848 495 5904 qua
510 5833 660 5890 aliud
682 5834 960 5890 continent
986 5848 1143 5901 quam
1163 5841 1248 5889 est
1272 5831 1480 5899 species
1508 5830 1762 5897 hominis,
1786 5831 1963 5887 homi-

2058 4715 2272 4787 generis
2298 4716 2465 4781 illius,
2496 4715 2638 4786 quod
2670 4716 2737 4769 ad
2785 4715 2915 4771 illud
2961 4715 3028 4770 ad
3059 4716 3201 4784 quod
3227 4717 3437 4788 species
3464 4720 3662 4789 praedi-

2064 4807 2305 4873 cabatur,
2343 4816 2551 4874 poterat
2576 4806 2882 4877 przedicari,
2906 4808 3068 4864 etiam
3094 4808 3145 4861 id
3175 4823 3389 4880 quoque
3409 4811 3477 4867 de
3505 4826 3571 4868 eo
3591 4810 3662 4875 de

2010 4952 2017 4969 ,
2064 4915 2170 4971 quo
2199 4899 2411 4971 species
2435 4909 2488 4954 et
2513 4914 2680 4969 genus
2710 4900 2912 4969 speciei
2939 4900 3353 4970 praedicabatur,
3378 4902 3661 4971 prmdicari

2066 5009 2246 5065 posse.
2274 4992 2406 5048 Nam
2438 4994 2483 5049 si
2516 4994 2634 5060 quis
2670 4992 2816 5048 dicat
2858 4991 3177 5049 Ciceronem
3208 5008 3333 5050 esse
3362 4995 3661 5061 hominem,

2065 5102 2185 5143 cum
2221 5084 2419 5140 animal
2460 5083 2694 5140 hominis
2738 5099 2910 5154 genus
2945 5084 3037 5149 sit,
3090 5100 3198 5141 non
3227 5086 3331 5141 erit
3368 5086 3669 5142 absurdum

2065 5174 2380 5233 Ciceronem
2422 5175 2619 5230 animal
2650 5173 2952 5245 praedicari,
2984 5184 3038 5230 et
3066 5189 3189 5255 cum
3213 5175 3461 5231 animalis
3491 5175 3664 5246 ipsius

2067 5269 2363 5327 substantia
2387 5282 2557 5338 genus
2577 5267 2667 5332 sit.
2690 5281 2798 5322 non
2822 5268 2924 5322 erit
2942 5267 3326 5339 inconveniens
3346 5266 3663 5329 Ciceronem

2067 5361 2421 5416 substantiam
2468 5357 2770 5428 prmdirari,
2803 5358 3056 5427 quoniam
3101 5372 3221 5428 qua:
3262 5365 3554 5426 supersunt
3593 5356 3665 5419 de

2069 5452 2458 5511 subterioribus
2482 5451 2863 5522 praedicantur,
2891 5459 2945 5506 et
2975 5466 3095 5522 quae
3130 5449 3429 5505 subteriora
3461 5459 3586 5504 sunt
3614 5450 3663 5517 si

2069 5562 2171 5617 qua
2201 5545 2302 5599 alia
2331 5543 2433 5601 sibi
2461 5544 2757 5600 subteriora
2792 5543 3046 5609 habeant,
3078 5542 3209 5597 illud
3235 5541 3464 5610 primum
3492 5556 3664 5615 genus

2072 5636 2345 5691 habebunt
2374 5636 2535 5690 etiam
2560 5636 2661 5690 ista
2688 5634 3010 5700 subteriora,
3036 5641 3091 5689 et
3120 5631 3189 5688 de
3219 5632 3301 5687 his
3339 5648 3446 5689 non
3475 5634 3664 5690 incon-

2070 5729 2349 5786 venienter
2376 5727 2779 5801 przedicabitur.
2813 5726 2976 5796 Igitur
3014 5725 3223 5797 species
3268 5724 3338 5781 de
3384 5723 3665 5789 individuo

2071 5824 2391 5892 praedicatur
2429 5832 2640 5889 ut'mag
2668 5838 2726 5889 ε.
2758 5820 2927 5887 magis
2952 5832 3124 5887 genus
3153 5832 3285 5881 vero
3314 5817 3383 5878 de
3412 5818 3665 5889 omnibus
