4106 6336
437 366 504 421 47
1668 349 1780 407 AN.
1821 346 2032 407 MANL.
2075 344 2223 404 SEV.
2276 340 2503 399 BOETll
3162 376 3169 379 -
3676 342 3747 398 48

436 476 786 543 subalternis,
827 482 883 532 et
918 488 987 531 oe
1036 484 1208 543 magis
1253 466 1438 539 specie
1484 464 1803 536 praedicatur
1832 482 1845 516 :
1891 475 2047 532 aequo
2071 463 2129 524 Α
2152 458 2353 530 prietas
2383 458 2437 513 in
2465 454 2584 513 aliis
2613 470 2723 513 non
2752 456 3026 524 convenit,
3070 456 3174 515 nisi
3202 456 3257 514 in
3284 471 3346 516 se
3373 457 3507 531 ipsis
3536 466 3742 517 tantum

442 573 589 630 enim
619 569 781 627 modo
805 568 1000 624 dicitur
1019 575 1074 622 et
1097 578 1293 633 corpus
1317 558 1639 623 substantia,
1658 567 1713 612 et
1739 557 2039 612 animatum

449 679 647 737 corpus
673 658 994 726 substantia,
1024 665 1079 713 et
1121 653 1380 711 sensibile
1414 663 1610 720 corpus
1639 645 1957 710 substantia,
1986 652 2042 699 et

442 759 710 820 rationale
751 756 951 814 animal
996 750 1317 815 substantia,
1350 757 1404 803 et
1449 742 1674 800 mortale
1711 738 2037 805 substantia,

443 863 501 913 et
532 854 696 909 homo
725 847 1049 912 substantia,
1086 842 1249 901 etde
1284 841 1417 910 ipsis
1443 840 1609 894 etiam
1655 835 1824 906 magis
1870 844 2042 904 genus

443 944 735 1004 individuis
780 941 1117 1013 praedicatur,
1168 943 1225 990 ut
1268 933 1474 989 dictum
1522 937 1641 986 est:
1678 935 1857 999 potest
1894 924 2041 981 enim

440 1037 635 1093 Cicero
680 1033 787 1089 dici
829 1029 1147 1091 substantia,
1189 1024 1402 1096 species
1443 1037 1576 1077 vero
1618 1021 1733 1077 sola
1775 1019 1841 1075 de
1882 1016 2041 1074 nullis
2080 1058 2081 1065 η

444 1130 586 1195 aliis,
636 1125 741 1182 nisi
781 1124 850 1180 de
896 1118 1183 1178 individuis
1229 1116 1573 1188 praedicatur,
1620 1121 1680 1168 ut
1722 1111 2041 1182 praedictum

443 1233 530 1280 est
552 1241 566 1279 :
592 1220 862 1278 individua
906 1228 1088 1273 autem
1120 1216 1235 1284 ipsa
1271 1213 1339 1268 de
1366 1210 1517 1267 nullo
1544 1208 1652 1264 alio
1683 1206 2041 1279 praedicantur

443 1320 553 1375 nisi
571 1316 643 1372 de
673 1315 824 1385 ipsis,
855 1312 908 1367 id
926 1320 1013 1367 est
1035 1308 1283 1380 singulis.
1311 1306 1512 1362 Natura
1534 1311 1715 1360 autem
1738 1300 2042 1357 individuo-

442 1429 565 1470 rum
592 1413 707 1467 haec
728 1417 831 1475 est,
854 1405 995 1478 quod
1023 1402 1376 1475 proprietates
1403 1399 1801 1455 individuorum
1827 1395 1881 1450 in
1910 1394 2041 1451 solis

441 1507 670 1579 singulis
694 1500 987 1559 individuis
1011 1505 1283 1559 constant,
1316 1503 1371 1551 et
1400 1493 1453 1549 in
1481 1491 1640 1548 nullis
1661 1492 1782 1547 aliis
1809 1487 2039 1545 transfe-

440 1614 655 1667 runtur,
682 1607 846 1670 atque
872 1595 995 1652 ideo
1021 1594 1090 1649 de
1119 1591 1281 1648 nullis
1320 1590 1440 1645 aliis
1466 1587 1848 1660 praedicantur.
1882 1584 2041 1639 Cice-

442 1696 596 1755 ronis
623 1693 768 1750 enim
800 1690 1102 1762 proprietas
1131 1685 1417 1758 cujuslibet
1446 1684 1592 1739 modi
1642 1682 1821 1747 fuerit,
1867 1693 2042 1749 neque

440 1789 497 1845 in
524 1786 810 1850 Catonem,
858 1795 1033 1851 neque
1072 1779 1128 1835 in
1159 1778 1403 1843 Brutum,
1447 1789 1621 1845 neque
1661 1774 1714 1828 iu
1768 1771 2039 1827 Catullum

2147 551 2521 623 singulariter,
2553 550 2621 607 de
2648 550 2913 622 aliquibus
2938 551 3059 608 aliis
3091 552 3291 624 prater
3314 568 3376 611 se
3403 554 3746 626 singulariter

2147 644 2441 719 praedicari
2463 660 2567 700 non
2600 653 2848 716 possunt.
2883 645 3256 717 Repetendum
3289 656 3373 705 est
3397 648 3579 719 igitur,
3601 650 3745 720 quod

2146 754 2308 796 omne
2354 736 2691 793 individuum
2728 737 2910 808 specie
2957 738 3285 805 continetur,
3343 740 3554 810 species
3615 756 3747 797 vero

2147 833 2265 904 ipsa
2293 841 2579 889 coercetur
2605 846 2637 886 a
2661 846 2889 903 genere,
2923 840 2978 887 et
3003 848 3169 888 unum
3199 833 3355 904 quasi
3398 834 3635 890 omnium
3666 844 3747 891 to-

2146 934 2260 983 tum
2289 940 2506 997 corpus,
2532 926 2704 997 magis
2738 939 2912 997 genus
2945 934 3046 992 est,
3080 935 3136 982 et
3168 941 3440 998 nunquam
3466 938 3548 982 est
3585 942 3746 998 pars;

2148 1017 2483 1076 individuum
2506 1032 2635 1074 vero
2655 1032 2779 1090 pars
2800 1033 3016 1089 semper
3031 1028 3137 1086 est,
3156 1034 3431 1090 nunquam
3452 1028 3537 1076 est
3552 1028 3747 1077 totum.

2149 1112 2373 1183 Species
2398 1119 2578 1167 autem
2603 1119 2659 1167 et
2685 1125 2813 1182 pars
2859 1118 2913 1167 et
2943 1118 3114 1167 totum
3156 1112 3350 1168 merito
3388 1124 3747 1185 nuncupatur,

2147 1222 2271 1263 nam
2314 1206 2381 1262 ad
2412 1220 2583 1278 genus
2608 1220 2734 1277 pars
2755 1213 2858 1274 est,
2898 1204 2971 1262 ad
3014 1204 3290 1263 individua
3322 1214 3492 1263 totum
3519 1225 3533 1261 :
3562 1206 3751 1268 dividit

2147 1300 2294 1357 enim
2322 1315 2488 1371 genus
2514 1299 2596 1372 (ut
2622 1298 2829 1355 dictum
2862 1298 2966 1371 est)
2996 1307 3053 1356 et
3074 1299 3355 1356 individua
3387 1300 3612 1371 colligit.
3642 1301 3751 1359 Sed

2146 1394 2363 1466 species
2394 1408 2521 1464 pars
2551 1402 2635 1450 est
2659 1393 2905 1461 alterius,
2934 1393 2990 1450 id
3019 1402 3126 1464 est,
3158 1394 3392 1466 generis,
3427 1403 3595 1451 totum
3623 1410 3751 1452 vero

2147 1504 2257 1546 non
2281 1500 2365 1545 est
2393 1489 2585 1559 partis,
2616 1489 2713 1546 sed
2743 1490 3001 1561 partium.
3032 1490 3277 1563 Namque
3303 1506 3474 1562 genus
3503 1502 3557 1548 et
3585 1509 3752 1552 unum

2153 1592 2259 1651 est,
2284 1591 2338 1639 et
2364 1583 2546 1653 plures
2571 1583 2786 1653 species
2817 1583 2977 1640 unius
3004 1584 3106 1652 rei,
3139 1584 3194 1639 id
3222 1593 3326 1654 est,
3356 1586 3517 1642 unius
3538 1588 3755 1658 generis

2146 1678 2361 1748 species,
2389 1691 2514 1746 pars
2543 1686 2645 1733 est.
2686 1676 2755 1733 Et
2780 1677 3037 1748 quoniam
3084 1677 3355 1734 individua
3398 1679 3553 1750 plura
3602 1690 3752 1751 sunt,

2146 1777 2201 1824 et
2224 1768 2431 1824 inﬁnita
2454 1767 2555 1823 sub
2583 1782 2691 1823 una
2720 1767 2904 1838 specie
2923 1783 3044 1838 quae
3090 1768 3182 1825 illa
3220 1768 3501 1827 individua
3528 1770 3754 1842 colligit,

442 1878 734 1953 aliquando
772 1875 1079 1932 conveniet.
1115 1874 1185 1929 At
1229 1887 1357 1929 vero
1406 1869 1763 1941 proprietates
1812 1863 2046 1921 hominis
2074 1854 2125 1917 B
2150 1860 2360 1931 species
2382 1859 2470 1914 illa
2488 1874 2595 1915 non
2614 1866 2700 1915 est
2723 1858 2883 1916 unius
2911 1868 3103 1928 totum,
3134 1860 3188 1917 id
3207 1871 3314 1933 est,
3339 1876 3446 1918 non
3468 1871 3553 1919 est
3580 1864 3750 1935 partis

442 1991 564 2047 qua:
586 1981 715 2030 sunt
742 1972 887 2029 idem
916 1969 1204 2034 rationale,
1234 1966 1484 2029 mortale,
1517 1963 1745 2027 risibile,
1774 1960 2041 2031 pluribus,

443 2079 500 2127 et
526 2068 780 2125 omnibus
812 2063 1105 2121 individuis
1125 2070 1353 2133 possunt
1388 2069 1443 2114 et
1473 2057 1701 2128 singulis
1727 2054 2042 2111 convenire.

446 2161 632 2219 Omnis
655 2161 798 2217 enim
827 2159 991 2214 homo
1015 2165 1071 2212 ct
1107 2153 1378 2225 sigillatim
1424 2148 1753 2214 individuus,
1784 2154 1839 2203 et
1876 2144 2046 2201 ratio-

446 2258 584 2316 nalis
612 2265 715 2323 est,
749 2264 805 2309 et
831 2250 1095 2317 mortalis,
1119 2258 1175 2305 et
1197 2245 1493 2325 sensibilis,
1518 2254 1571 2299 et
1598 2240 1845 2299 risibilis.
1872 2242 2048 2308 Atque

447 2354 569 2412 Ideo
590 2352 675 2407 illa
705 2364 933 2418 quorum
959 2345 1320 2418 proprietates
1344 2351 1569 2410 possunt
1590 2338 1712 2393 aliis
1734 2332 2047 2400 convenire,

447 2452 673 2519 possunt
693 2442 760 2498 de
789 2440 911 2496 aliis
954 2432 1256 2508 praedicari.
1294 2433 1420 2497 Haec
1460 2441 1640 2488 autem
1670 2443 1898 2501 quorum
1928 2440 2054 2506 pro-

2155 1961 2346 2017 totum,
2379 1950 2475 2007 sed
2499 1952 2871 2022 plurimorum,
2890 1952 2946 2008 id
2975 1959 3061 2009 est
3089 1954 3359 2024 partium;
3393 1954 3579 2024 plures
3608 1956 3756 2015 enim

2154 2054 2336 2115 partes
2362 2044 2463 2101 sub
2494 2059 2557 2101 ea
2589 2044 2988 2102 individuorum
3014 2056 3163 2114 sunt,
3184 2049 3416 2117 ‘quarum
3446 2058 3616 2105 totum
3641 2066 3757 2121 spe

2134 2139 2287 2207 cies,
2316 2136 2369 2193 id
2398 2146 2483 2195 est
2513 2138 2698 2207 homo,
2722 2139 3047 2210 appellatur.
3064 2138 3174 2197 Sed
3193 2139 3261 2197 de
3277 2154 3477 2212 genere
3501 2151 3557 2197 et
3576 2144 3757 2214 specie

2153 2230 2483 2288 sufﬁcienter
2514 2230 2719 2286 dictum
2754 2237 2857 2286 est.
2891 2231 2963 2287 Et
2995 2232 3249 2302 quoniam
3296 2232 3572 2289 matutina:
3613 2233 3756 2289 salu-

2157 2325 2390 2381 tationes
2415 2331 2636 2391 vocant,
2661 2323 2715 2379 in
2744 2323 2948 2382 futuras
2976 2325 3155 2382 noctis
3176 2324 3388 2397 vigilias
3401 2324 3545 2397 quod
3568 2333 3654 2383 est
3672 2342 3756 2384 re-

2160 2419 2365 2491 liquum
2399 2417 2810 2475 transferamus.

458 2558 3730 2615 ,_______________.____.______._—_—____—

1348 2667 1990 2778 DIALOGUS
2072 2663 2784 2771 SECUNDUS.

1881 2839 2289 2859 ἔ

940 2923 1029 2981 DE
1068 2916 1557 2980 DIFFERENTIA.

518 3027 687 3084 Multa
718 3032 827 3078 tam
867 3019 1024 3075 nobis
1072 3032 1103 3071 a
1133 3021 1356 3081 parente
1392 3016 1585 3065 natura
1635 3018 1795 3075 quam
1836 2999 2050 3055 caeteris

451 3118 814 3181 animantibus
858 3112 1044 3184 gravia
1080 3107 1426 3175 illustriaque
1461 3110 1721 3156 concessa
1758 3102 1903 3158 sunt,
1934 3104 2055 3163 qua!

2159 2904 2449 2975 positionis
2474 2901 2797 2973 principium
2826 2901 2895 2958 de
2921 2900 3165 2972 sequenti
3189 2899 3495 2958 diﬁ'ereutia
3522 2914 3758 2957 sumere-

2159 3008 2269 3053 tur.
2313 2997 2407 3051 llic
2451 2994 2685 3051 Fabius:
2720 2994 3029 3061 Uberrime,
3078 2993 3278 3065 inquit,
3320 3008 3348 3046 a
3395 3002 3449 3049 te
3494 2992 3762 3050 hesternis

2159 3091 2361 3163 vigiliis
2383 3091 2449 3146 de
2469 3090 2763 3162 generibus
2790 3098 2845 3146 et
2872 3087 3158 3159 speciebus
3185 3088 3491 3158 expositum
3525 3094 3627 3142 est.
3657 3086 3762 3145 Sed

451 3229 549 3271 nos
596 3213 671 3267 ita
709 3181 1149 3280 quasiqumdam
1200 3199 1427 3267 benigna
1463 3192 1663 3248 artifex
1704 3185 2051 3280 humanitatis
2081 3213 2129 3279 ο
2163 3186 2244 3257 (ut
2288 3185 2395 3240 dici
2437 3182 2624 3255 audio)
2662 3182 2913 3239 subtilior
2961 3183 3029 3239 de
3077 3181 3399 3238 diﬂ‘erehtiis
3448 3181 3765 3253 tenuiorquo

451 3306 710 3371 excoluit,
729 3278 800 3357 fut
822 3301 1054 3371 primum
1078 3294 1238 3351 nobis
1258 3285 1544 3360 reputandi
1566 3278 2056 3349 considerandique

453 3401 663 3458 animos
690 3396 1065 3461 rationemque
1103 3382 1451 3446 concederet,
1480 3387 1605 3450 post
1631 3390 1761 3431 vero
1788 3372 2055 3429 rationem

453 3501 723 3565 repertam
757 3480 1111 3558 proloquendi
1137 3476 1431 3540 conferret,
1454 3470 1679 3543 perinde
1700 3483 1765 3523 ac
1788 3466 1835 3522 si
1856 3466 2058 3521 voluis-

453 3556 561 3652 set,
585 3556 945 3656 iussissetque
976 3588 1075 3630 nos
1106 3585 1213 3626 non
1239 3564 1481 3638 corporis
1498 3562 1749 3619 sensibus
1783 3573 1814 3614 a
1838 3556 2056 3621 belluis,

455 3649 556 3740 sed
586 3649 791 3734 mentis
820 3669 1103 3729 divinitate
1130 3664 1331 3719 distare
1362 3676 1378 3714 :
1409 3673 1530 3730 quae
1556 3671 1678 3711 cum
1716 3668 1778 3708 se
1814 3651 1920 3706 sibi
1956 3649 2057 3704 ad-

456 3772 717 3842 iunxerit,
748 3777 805 3825 et
830 3782 859 3819 a
887 3777 1001 3820 sua:
1027 3758 1315 3814 vivacitate
1341 3763 1548 3809 natura:
1582 3765 1689 3805 non
1720 3745 2055 3810 discesserit,

459 3840 591 3924 tunc
616 3865 696 3920 sic
717 3870 779 3917 ut
797 3860 911 3929 ipsa
934 3861 1021 3912 est
1046 3850 1237 3907 aeterni
1258 3848 1494 3920 generis,
1522 3844 1597 3899 ita
1618 3855 1834 3914 quoque
1861 3840 2059 3895 famam

463 4140 754 4199 obnoxiam
785 4149 940 4191 mens
970 4129 1299 4203 perdendam
1339 4121 1898 4193 corrumpendamque
1937 4132 2061 4186 per-

464 4229 697 4295 miserit,
731 4234 976 4282 tiaturam
1020 4218 1263 4291 corporis
1314 4216 1572 4287 sequitur.
1607 4213 1741 4268 Nam
1780 4209 1915 4265 nihil
1943 4209 2060 4279 ejus

466 4323 770 4383 vivacitatis
794 4329 915 4392 post
939 4331 1167 4388 corpora
1196 4320 1461 4377 remanet,
1497 4308 1587 4365 cui
1614 4307 1791 4363 omnis
1828 4304 1981 4359 labor
2007 4313 2062 4359 et

467 4420 702 4479 studium
731 4416 799 4473 de
815 4414 981 4490 rebus.
1004 4412 1248 4482 corporis
1270 4405 1505 4479 atquein
1532 4417 1730 4472 corpus
1755 4402 2059 4484 impensum

469 4524 571 4571 est.
601 4510 778 4580 Quare
800 4504 1189 4563 advertendum
1216 4508 1321 4569 est,
1354 4507 1412 4553 ut
1432 4509 1533 4552 nos
1558 4494 1814 4549 meliores
1840 4504 2061 4546 accura-

2160 3288 2419 3335 tractatus
2442 3288 2546 3335 est.
2579 3277 2722 3342 Non,
2750 3278 2991 3348 inquam,
3034 3277 3326 3343 immerito,
3356 3291 3480 3331 nam
3512 3276 3656 3331 varie
3675 3291 3765 3332 ac-

2159 3382 2329 3443 cepta:
2357 3371 2679 3427 dill‘erentiae
2702 3369 2881 3425 varias
2925 3368 3199 3424 habebunt
3227 3369 3391 3423 etiam
3440 3376 3761 3437 potestates.

2161 3461 2337 3518 Erunt
2364 3478 2597 3534 namque
2626 3463 2759 3517 alias
2787 3464 3009 3531 genera,
3036 3459 3170 3515 alias
3202 3458 3431 3528 Species,
3471 3459 3606 3514 alias
3636 3474 3767 3515 vero

2161 3555 2501 3620 diﬂerentiae,
2548 3554 2645 3610 sed
2697 3553 2801 3609 hoc
2860 3560 3044 3622 postea
3091 3550 3570 3607 demonstrabitur.
3613 3549 3768 3607 Nunc

2160 3663 2292 3703 vero
2313 3647 2385 3701 ita
2409 3648 2490 3717 (ut
2515 3646 2771 3716 arbitror)
2805 3653 2983 3701 textus
3011 3652 3134 3700 est:

2239 3742 2417 3795 Omnis
2446 3742 2737 3810 di/ferentia
2762 3748 2811 3796 et
2838 3740 3177 3796 communiter
3204 3745 3252 3795 et
3281 3737 3491 3810 proprie
3515 3744 3567 3792 et
3596 3737 3760 3808 magis

2164 3834 2371 3901 praprie
2402 3832 2612 3885 dicitur.
2680 3854 2687 3859 ·

2241 3925 2605 3981 Dillerentiam
2634 3939 2851 3995 quoque
2889 3923 3070 3979 multis
3098 3923 3356 3995 appellari
3406 3921 3582 3978 modis
3625 3920 3769 3978 desi-

2163 4031 2317 4091 gnat.
2352 4020 2488 4075 Dicit
2517 4027 2695 4074 autem
2727 4018 2899 4074 tribus
2922 4016 3006 4071 his
3032 4016 3209 4072 modis
3240 4015 3354 4071 ﬁeri
3380 4014 3767 4080 dili'ereniiam,

2164 4127 2286 4167 cum
2335 4119 2428 4165 aut
2479 4123 2795 4165 communes
2834 4117 2976 4173 sunt,
3018 4115 3111 4163 aut
3162 4105 3415 4177 propriae,
3461 4114 3554 4162 aut
3600 4107 3769 4177 magis

2165 4204 2427 4274 propriae.
2453 4202 2783 4257 Communes
2810 4210 2935 4256 sunt
2964 4200 3162 4271 quibus
3193 4214 3385 4255 omnes
3415 4207 3508 4252 aut
3545 4199 3612 4253 ab
3649 4196 3769 4252 aliis

2166 4295 2480 4360 diﬂ‘erimus,
2509 4305 2601 4349 aut
2625 4309 2655 4348 a
2687 4294 2844 4349 nobis
2885 4293 3017 4363 ipsis
3043 4309 3057 4346 :
3091 4307 3213 4346 nam
3244 4291 3435 4367 sedere
3462 4289 3547 4344 vel
3577 4289 3770 4344 ambu-

2168 4389 2281 4445 lare
2306 4388 2391 4443 vel
2423 4396 2567 4442 stare
2594 4384 2898 4442 diliereutia
2927 4394 3043 4441 est:
3075 4401 3198 4439 nam
3228 4386 3271 4438 si
3302 4394 3356 4438 tu
3386 4381 3651 4448 ambules,
3669 4395 3771 4451 ego

2167 4497 2298 4538 vero
2327 4480 2571 4546 sedeam,
2596 4480 2649 4534 in
2682 4480 2790 4534 situ
2821 4480 2938 4548 ipso
2967 4487 3129 4549 atque
3149 4477 3518 4533 ambulatione
3562 4474 3770 4531 differi-

470 4610 747 4676 tioresque
769 4602 1079 4667 reddamus,
1108 4612 1217 4652 non
1246 4611 1311 4650 ea
1356 4608 1415 4648 re
1457 4604 1558 4660 qua
1589 4585 1885 4659 pecudibus
1927 4584 2061 4639 niLil
2096 4607 2150 4669 Β
2180 4594 2318 4635 mus.
2347 4578 2416 4633 Et
2438 4578 2565 4633 item
2589 4591 2689 4647 ego
2710 4590 2831 4631 cum
2855 4589 2997 4630 nunc
3018 4573 3201 4637 sedeo,
3227 4581 3412 4642 postea
3434 4587 3563 4626 vero
3590 4571 3634 4625 si
3658 4584 3771 4624 am-

471 4700 672 4758 distare
700 4709 1009 4768 possumus,
1037 4690 1134 4746 sed
1164 4702 1272 4758 quo
1298 4682 1598 4740 caelestium
1624 4681 1882 4734 virtutum
1922 4675 2071 4731 simi-

470 4793 696 4851 iitudine
726 4786 1044 4845 aeternitatis
1080 4783 1306 4853 gloriam
1349 4778 1502 4832 factis
1532 4774 1763 4845 egregiis
1807 4770 2071 4840 dictisque

472 4900 799 4946 mereamur.
824 4882 933 4938 Sed
955 4881 1023 4933 de
1053 4878 1138 4932 his
1166 4874 1321 4939 alias,
1356 4884 1498 4926 nunc
1522 4869 1591 4923 ad
1624 4865 1957 4936 propositum
1985 4877 2072 4918 re-

476 4987 672 5036 vertar.
702 4976 837 5029 Cum
864 4973 1025 5041 igitur
1043 4969 1264 5022 alterius
1288 4962 1461 5018 noctis
1484 4966 1744 5015 consueta
1770 4954 2070 5010 lucubratio

402 5110 407 5117 -
471 5070 784 5142 vigiliaeque
811 5064 1106 5126 venissent,
1138 5057 1303 5113 credo
1337 5055 1603 5110 hesterna:
1644 5048 1871 5104 rationis
1899 5047 2072 5103 subti-

473 5140 624 5220 litate
652 5166 864 5229 (aptus,
886 5154 973 5211 vel
1001 5168 1101 5222 qua
1135 5152 1251 5220 ipse
1280 5156 1366 5203 est
1389 5144 1684 5215 cupiditate
1712 5140 1953 5197 discendi
1976 5155 2073 5196 au-

475 5252 765 5323 diendique
794 5246 993 5311 studio,
1022 5242 1332 5313 vigilantius
1362 5252 1521 5310 quam
1544 5249 1778 5306 unquam
1818 5248 2074 5289 surrexe-

475 5358 561 5405 rat
591 5346 787 5403 Fabius
832 5343 901 5397 ad
932 5354 1020 5396 me
1050 5338 1307 5409 perrexit,
1332 5333 1421 5404 qui
1452 5340 1736 5401 postquam
1769 5328 2076 5384 consaluta-

477 5450 582 5505 tus,
614 5436 889 5506 sequentis
906 5450 937 5488 a
956 5447 1042 5487 me
1057 5429 1239 5499 operis
1266 5424 1587 5497 promissam
1612 5420 2074 5476 continuationem

477 5540 807 5605 reposceret.
839 5528 1077 5593 Faciam,
1101 5527 1339 5593 inquam,
1362 5534 1469 5575 non
1492 5517 1712 5584 invitus,
1738 5516 1937 5586 quippe
1952 5528 2073 5569 cum

479 5642 581 5683 nec
622 5622 854 5679 mihi'sit
889 5622 944 5676 in
975 5621 1084 5674 vita
1126 5614 1417 5687 quidquam
1457 5611 1651 5665 mriitts
1698 5623 1879 5680 agere,
1925 5615 1980 5661 et
2018 5615 2073 5660 tu

480 5719 619 5773 hanc
652 5715 781 5771 mihi
806 5712 1198 5784 jocunditatem
1220 5706 1397 5761 studio
1421 5714 1510 5759 tuo
1531 5717 1749 5774 augeas,
1774 5699 1915 5771 quod
1940 5697 2072 5753 mihi

483 5825 742 5884 perquam
774 5806 1136 5880 gratissimum
1168 5810 1273 5868 est,
1306 5798 1502 5870 placuit
1538 5797 1697 5866 igitur
1729 5803 1786 5848 ut
1813 5791 2068 5861 quoniam

487 5907 735 5962 hesterna
778 5899 1031 5958 dissertio
1073 5896 1307 5969 speciem
1339 5890 1689 5964 explicuerat,
1724 5885 1941 5942 alterius
1976 5898 2071 5939 ex-

2179 4673 2383 4732 bulem.
2432 4669 2705 4726 communi
2755 4684 2784 4723 a
2834 4669 3043 4738 meipso
3079 4666 3380 4722 ditl‘erentia
3431 4663 3767 4733 discrepabo.

2182 4764 2420 4835 Propria:
2448 4778 2577 4819 vero
2606 4770 2732 4817 sunt
2759 4776 2880 4833 quae
2916 4760 3337 4830 uniuscujusque
3368 4754 3628 4812 individui
3661 4753 3772 4809 for-

2181 4872 2322 4912 mam
2350 4856 2528 4927 aliqua
2560 4853 2787 4910 naturali
2811 4854 3137 4923 proprietate
3156 4850 3475 4922 depingunt,
3503 4854 3562 4902 ut
3589 4848 3631 4899 si
3653 4845 3774 4916 quis

2180 4952 2251 5006 sit
2279 4951 2455 5005 caesiis
2482 4948 2677 5014 oculis,
2720 4947 2805 5001 vel
2844 4946 3023 5015 crispo
3048 4943 3265 5012 capillo.
3305 4941 3515 4996 Etenim
3558 4938 3773 5007 propria

2180 5041 2599 5111 uniuscujusque
2662 5037 2858 5108 singuli
2908 5035 3141 5091 hominis
3199 5042 3327 5087 sunt
3362 5046 3470 5103 quo
3510 5043 3629 5083 cum
3675 5029 3775 5082 iSla

2182 5149 2496 5194 nascuntur.
2524 5135 2693 5207 Magis
2718 5133 2953 5205 propria:
2974 5139 3099 5186 sunt
3121 5144 3239 5200 quae
3262 5129 3314 5181 in
3341 5122 3636 5180 substantia
3661 5121 3775 5190 ipsa

2181 5241 2522 5305 permanent,
2548 5240 2604 5286 et
2632 5238 2797 5284 totam
2841 5226 3078 5296 speciem
3110 5220 3409 5278 dili‘erentia
3458 5214 3777 5285 descriptio-

2182 5339 2357 5395 neque
2387 5328 2710 5391 permutant,
2762 5326 2819 5373 ut
2847 5327 2933 5373 est
2962 5315 3240 5371 rationalis
3274 5313 3357 5367 vel
3402 5309 3647 5366 mortalis
3677 5311 3776 5360 lio-

2185 5418 2347 5474 miuis
2369 5413 2691 5488 diﬂ'erentia.
2713 5410 2913 5466 Horum
2937 5417 3115 5464 autem
3136 5417 3452 5462 communes
3478 5408 3534 5455 et
3554 5395 3782 5468 propriae

2185 5508 2502 5566 diﬂ‘erentiae
2542 5504 2642 5560 sub
2682 5503 2872 5559 eadem
2911 5500 3093 5572 specie
3121 5497 3363 5568 singulos
3401 5508 3431 5547 a
3473 5506 3533 5546 se
3578 5489 3784 5544 faciunt

2183 5602 2515 5667 discrepare,
2553 5596 2643 5651 illa
2692 5593 2924 5665 propriis
2961 5589 3302 5655 diﬁ‘erentiis,
3352 5584 3441 5659 illa
3482 5595 3785 5637 communt-

2183 5693 2304 5747 bus.
2359 5689 2528 5760 Magis
2564 5688 2796 5758 propriae
2832 5700 2965 5741 vero
2995 5691 3159 5737 totam
3199 5689 3447 5734 naturam
3496 5671 3783 5744 cujuslibet

2182 5784 2376 5855 speciei
2406 5782 2872 5850 substantiamque
2898 5782 3228 5848 permutant,
3261 5781 3315 5827 et
3339 5770 3409 5826 ab
3429 5769 3548 5824 aliis
3578 5763 3773 5838 specie-

2183 5879 2282 5935 bus
2319 5886 2602 5949 segregant
2640 5883 2802 5945 atque
2852 5869 3183 5941 disiungunt.
3226 5867 3427 5923 Harum
3466 5876 3596 5933 ergo
3635 5872 3783 5919 com-
