4106 6336
364 329 434 388 49
1494 329 1559 385 ΙΝ
1599 327 2047 384 PORPHYRIUM
2089 327 2426 388 DIALOGUS
2464 333 2524 389 ff.
3593 343 3660 399 50

366 458 558 502 munes
584 453 639 501 et
669 442 904 514 propria:
929 440 1268 512 differentiae,
1298 441 1551 512 quoniam
1579 443 1812 511 speciem
1852 457 1954 497 non
1982 444 2039 503 Α
2065 438 2262 496 Earum
2292 459 2420 498 vero
2467 459 2586 514 quae
2616 433 2741 500 sunt
2771 447 3176 517 inseparabiles,
3206 449 3327 507 alia:
3354 466 3448 523 per
3468 468 3527 510 se
3554 471 3649 513 ve-

363 545 696 610 permutant,
726 537 820 592 sed
848 535 1070 590 formam
1098 533 1493 606 quodammodo
1510 543 1562 590 et
1591 534 1960 589 habitudinem
2031 587 2034 590 ,
2069 535 2253 601 niunt,
2281 537 2399 592 aliae
2453 553 2581 592 vero
2626 554 2720 608 per
2749 541 3017 596 accidens.
3053 541 3119 597 Et
3161 543 3270 599 illa:
3319 560 3438 616 quae
3469 561 3564 616 per
3591 563 3652 604 se

365 631 540 686 solum
574 629 776 684 faciunt
805 629 1134 698 discrepare,
1167 627 1450 682 alteratum
1484 626 1661 683 facere
1684 627 1955 695 dicuntur,

361 729 415 786 id
442 739 653 786 estnon
698 730 960 799 integrum
988 727 1218 782 alterum
1256 725 1456 792 facere,
1481 725 1533 780 id
1559 733 1642 780 est
1681 740 1787 780 non
1819 726 1956 779 inte-

358 841 454 896 gre
509 832 855 896 permutare,
920 821 1016 877 sed
1080 820 1476 890 quodammodo
1542 819 1956 890 discrepantiam

359 919 777 989 dismntiamque
809 917 1034 984 faciunt,
1067 927 1226 988 atque
1256 916 1377 972 ideo
1402 930 1508 971 non
1537 925 1798 971 vocantur
1825 914 1958 970 alte-

356 1029 474 1068 rum
511 1013 790 1079 facientes,
825 1012 877 1067 id
910 1020 993 1067 est
1023 1018 1413 1078 permutantes,
1437 1010 1530 1065 sed
1561 1010 1733 1080 magis
1762 1009 1957 1064 altera-

357 1117 492 1176 tum,
528 1107 576 1161 id
610 1117 694 1162 est
724 1122 830 1161 non
873 1105 1079 1175 integre
1114 1106 1342 1160 alterum
1384 1105 1662 1161 facientes.
1705 1104 1796 1159 llla
1825 1119 1954 1159 vero

356 1198 546 1264 tertia,
577 1197 628 1252 id
672 1205 755 1253 est
792 1199 962 1268 magis
1010 1198 1250 1268 propria,
1286 1197 1535 1269 quoniam
1583 1194 1953 1253 substantialis

354 1301 460 1357 εει,
505 1301 558 1346 ει
604 1291 772 1362 ipsius
820 1293 1018 1360 speciei
1046 1292 1248 1347 inserta
1293 1301 1499 1347 natura:
1540 1291 1770 1346 alterum
1808 1289 1948 1345 facit.

353 1383 486 1439 Nam
518 1386 771 1455 quoniam
805 1387 968 1440 homo
1009 1395 1171 1455 atque
1212 1399 1381 1455 equus
1429 1394 1686 1448 quantum
1731 1383 1796 1437 ad
1850 1383 1952 1438 hoc

353 1480 494 1548 quod
516 1480 763 1534 animalia
795 1489 950 1534 erant
976 1495 1078 1534 una
1104 1480 1211 1536 illis
1239 1487 1356 1535 erat
1377 1479 1697 1542 substantia,
1727 1476 1950 1532 veniens

350 1572 616 1628 rationale
644 1572 969 1644 disgregavit
991 1574 1211 1629 omnino
1235 1575 1492 1644 speciem,
1523 1583 1574 1628 et
1606 1571 1846 1626 funditus
1871 1569 1950 1624 al-

351 1674 530 1720 terum
562 1665 707 1720 fecit.
750 1664 888 1735 Ergo
920 1679 1235 1721 communes
1265 1676 1317 1720 et
1354 1667 1588 1736 propria:
1627 1660 1946 1718 differentiae

352 1757 636 1811 alteratum
664 1755 921 1812 facientes
956 1765 1234 1822 vocantur,
1277 1758 1446 1827 magis
1488 1756 1720 1826 propriae
1767 1763 1945 1809 autem

2039 685 2044 690 ,
2069 626 2310 693 veniunt,
2334 644 2362 682 a
2395 630 2564 698 magis
2593 633 2825 700 propriis
2857 645 3095 688 manant.
3116 633 3225 690 Illae
3247 651 3365 706 quae
3397 651 3492 707 per
3515 641 3656 693 acci-

2033 719 2200 774 .dens
2224 761 2239 787 ,
2271 736 2300 774 a
2340 722 2471 777 solis
2514 724 2742 792 prapriis
2787 725 3151 782 effunduntur.
3178 727 3246 784 Et
3291 730 3654 800 inseparabile

2064 812 2312 868 accidens
2358 824 2469 880 est,
2502 815 2759 888 quidquid
2809 833 2902 887 per
2934 819 3347 890 inseparabilem
3381 823 3655 892 pr0priam,

2063 906 2422 963 differentiam
2450 909 2738 980 unicuique
2781 911 2978 980 speciei
3006 914 3306 984 contigerit.
3341 913 3448 970 Sed
3485 931 3657 984 quan-

2061 1016 2220 1072 quam
2245 1003 2457 1073 propria
2483 1012 2538 1057 et
2561 1005 2729 1075 magis
2746 1004 2961 1076 propria
2988 1006 3377 1077 inseparabiles
3399 1007 3655 1064 differen-

2037 1094 2150 1148 tia:
2181 1095 2322 1162 sint,
2356 1110 2627 1165 nunquam
2658 1105 2836 1152 tamen
2882 1097 3026 1152 illam
3059 1100 3395 1168 superiorem
3425 1098 3653 1153 formam

2061 1197 2415 1259 naturamque
2445 1200 2798 1245 commutant.
2834 1190 2967 1246 Nam
2998 1193 3169 1262 magis
3193 1193 3406 1264 propria
3438 1207 3654 1262 semper

2059 1282 2312 1351 alterum,
2342 1284 2558 1353 propria
2581 1284 2752 1338 solum
2777 1298 2992 1354 semper
3013 1283 3176 1340 efficit
3205 1285 3512 1340 alteratum.
3539 1285 3654 1340 Huc

2058 1378 2266 1433 accedit
2321 1379 2462 1448 quod
2507 1379 2894 1450 inseparabiles
2938 1380 3170 1451 propriae
3221 1388 3448 1450 possunt
3491 1379 3652 1438 alicui

2055 1470 2175 1538 plus
2214 1470 2458 1526 minusve
2502 1472 2842 1542 contingere.
2885 1471 3274 1542 lnseparabiles
3313 1471 3483 1544 magis
3526 1487 3652 1543 pro~

2056 1564 2216 1633 priaa,
2252 1579 2354 1619 nec
2385 1566 2614 1621 cumulis
2657 1566 2973 1622 intentionis
3012 1577 3233 1638 augent,
3263 1583 3363 1623 nec
3394 1568 3650 1624 imminu-

2053 1657 2198 1711 tione
2247 1657 2589 1715 decrescunt.
2625 1660 2807 1714 Potest
2835 1661 2977 1715 enim
3019 1660 3158 1715 alius
3188 1659 3487 1730 procerior,
3507 1659 3646 1718 alius

2053 1749 2272 1819 fuscior,
2309 1751 2719 1808 deductioribus
2759 1753 2896 1809 alius
2920 1754 3149 1824 capillis,
3181 1754 3317 1809 alius
3341 1755 3648 1811 flavioribnc

349 1850 578 1904 alterum
613 1849 891 1904 facientes.
927 1849 1151 1906 Constat
1173 1849 1335 1919 igitur
1364 1848 1789 1904 differentiarum
1817 1846 1951 1900 alias
1979 1835 2030 1898 Β
2060 1844 2206 1898 nasci
2236 1884 2251 1909 ,
2289 1859 2408 1914 qua:
2441 1854 2566 1900 sunt
2608 1844 2997 1916 inseparabiles
3030 1845 3261 1915 propria:
3311 1844 3646 1899 differentiae.

348 1943 528 1999 facere
576 1943 831 2009 alterum,
875 1943 1010 1998 alias
1061 1945 1393 1999 alteratum:
1435 1943 1541 1996 illa:
1580 1955 1701 2010 qua:
1744 1940 1948 1994 faciunt

345 2037 599 2101 alterum,
633 2053 751 2108 qua:
793 2037 1175 2094 substantiales
1209 2047 1356 2104 sunt,
1395 2045 1452 2093 et
1475 2051 1664 2092 omnes
1701 2045 1945 2091 naturam

345 2133 690 2203 Ipeciemque
739 2140 1068 2203 permutant,
1117 2141 1172 2187 et
1219 2130 1485 2201 specifiea:
1547 2130 1942 2199 praedicantur;

345 2228 524 2284 valent
569 2227 713 2282 enim
763 2227 1055 2297 quamlibet
1094 2227 1330 2297 speciem
1368 2224 1719 2288 constituere,
1773 2235 1830 2280 et
1877 2223 1944 2278 ab

345 2321 465 2377 aliis
495 2321 747 2376 omnibus
773 2333 1081 2390 segregare,
1114 2328 1168 2374 et
1190 2319 1306 2388 ejus
1333 2318 1557 2373 formam
1589 2327 1946 2385 naturamque

345 2427 694 2484 componere.
721 2412 855 2468 Nam
899 2412 944 2466 si
979 2412 1129 2468 dicas
1166 2411 1394 2467 mortale
1419 2420 1475 2466 et
1503 2410 1764 2465 rationale
1790 2407 1946 2464 diffe-

347 2511 548 2566 rentias
574 2520 628 2566 et
652 2523 746 2566 eas
768 2508 985 2564 animali
1012 2522 1304 2579 supponas,
1336 2522 1442 2561 non
1467 2517 1550 2562 est
1571 2504 1789 2560 dubium
1814 2503 1942 2573 quin

351 2616 470 2658 cum
494 2603 723 2658 hominis
748 2603 982 2672 speciem
1019 2600 1439 2671 facias,'5peciei
1473 2599 1630 2670 hujus
1666 2599 1773 2654 sint
1815 2612 1940 2667 per--

350 2693 618 2762 fectrices,
647 2703 804 2765 atque
832 2694 954 2750 ideo
996 2694 1267 2765 specifica:
1302 2694 1667 2758 nominantur,
1704 2691 1846 2760 quod
1889 2699 1944 2746 et

344 2797 652 2858 permutant
680 2799 948 2857 naturam,
985 2799 1039 2844 et
1070 2789 1241 2858 ipsam
1273 2787 1629 2842 substantiam
1657 2783 1944 2852 cujuslibet

343 2881 480 2936 Ilius
502 2883 699 2952 speciei
726 2882 1078 2937 constituant.
1102 2881 1212 2936 Illae
1235 2896 1361 2936 vero
1389 2880 1508 2934 alia:
1535 2877 1668 2933 nihil
1696 2876 1838 2931 aliud
1861 2876 1940 2930 ef-

343 2973 553 3041 ficiunt,
593 2975 700 3029 nisi
747 2975 1054 3040 alteratum,
1089 2975 1290 3044 quippe
1320 2988 1441 3028 cum
1477 2981 1568 3026 aut
1615 2971 1942 3042 proprietate

343 3065 572 3135 quadam
608 3065 795 3121 forma:
823 3068 960 3121 alius
999 3066 1163 3122 distet
1191 3067 1258 3120 ab
1285 3066 1412 3131 alio,
1455 3075 1547 3119 aut
1574 3062 1752 3133 aliqua
1783 3061 1940 3115 habi-

342 3159 531 3214 tudine
583 3166 638 3214 et
689 3158 1045 3230 dispositione
1094 3157 1294 3228 aliquid
1352 3156 1601 3211 faciendi.
1654 3155 1745 3210 llla
1783 3153 1942 3224 igitur

2054 1938 2124 1990 At
2152 1951 2284 1991 vero
2311 1938 2481 2008 magis
2512 1938 2727 2008 propria
2747 1980 2761 2005 ,
2795 1938 2847 1993 id
2888 1946 2970 1994 est
3000 1938 3262 1994 rationale
3298 1953 3473 2009 neque
3502 1938 3646 2010 plus,

2053 2044 2230 2100 neque
2279 2032 2457 2086 minus
2487 2030 2742 2087 admittit.
2776 2031 2976 2088 Omnes
3016 2033 3160 2088 enim
3210 2031 3459 2088 homines
3489 2031 3542 2086 in
3584 2047 3650 2088 eo

2052 2122 2195 2193 quod
2219 2122 2468 2178 homines
2494 2132 2648 2189 sunt,
2679 2124 2960 2194 aequaliter
2990 2135 3116 2180 sunt
3164 2125 3454 2180 rationales
3490 2134 3650 2195 atque

2051 2217 2330 2272 mortales.
2359 2216 2490 2272 Nam
2516 2217 2561 2272 si
2589 2232 2758 2288 genus
2778 2218 2902 2288 plus
2934 2217 3181 2274 minusve
3209 2232 3330 2273 esse
3355 2218 3525 2288 possit
3553 2232 3648 2287 ge-

2051 2325 2154 2371 nus
2175 2307 2195 2378 ,’
2225 2319 2452 2380 possunt
2501 2311 2663 2366 etiam
2693 2310 3012 2367 differentiae
3055 2312 3141 2366 vel
3174 2313 3474 2367 intentione
3521 2324 3646 2366 cre-

2052 2418 2229 2470 scere,
2261 2403 2349 2459 vel
2376 2403 2700 2460 remissione
2722 2403 3061 2460 decrescere.
3091 2403 3224 2459 Nam
3256 2404 3506 2475 quoniam
3535 2402 3650 2457 ani-

2050 2500 2160 2554 mal
2192 2512 2300 2554 non
2325 2507 2409 2554 est
2429 2499 2548 2570 plus
2570 2498 2775 2556 homini
2804 2513 2962 2570 quam
2987 2514 3148 2568 equo,
3171 2513 3346 2569 neque
3366 2513 3505 2568 equo
3533 2497 3650 2567 plus

2050 2603 2213 2659 quam
2245 2591 2483 2659 caeteris,
2516 2599 2572 2647 et
2601 2590 2882 2661 aequaliter
2913 2589 3175 2658 subjectis
3201 2588 3450 2644 omnibus
3479 2602 3650 2657 genus

2050 2691 2154 2735 εει.
2185 2680 2277 2737 Sic
2307 2682 2610 2751 specierum
2643 2682 2959 2738 differentiae
2989 2695 3123 2752 quas
3151 2683 3434 2751 specificas
3461 2680 3647 2752 appel-

2049 2775 2225 2831 lamus
2248 2776 2419 2847 magis
2437 2777 2682 2832 minusve
2709 2791 2818 2831 non
2847 2773 3235 2847 capiunt.Nam
3258 2774 3302 2831 si
3333 2773 3536 2830 animal
3563 2787 3649 2828 ra-
3729 2813 3733 2819 -

2049 2868 2274 2937 tionale,
2309 2868 2558 2937 mortale,
2593 2869 2828 2924 hominis
2855 2877 2938 2922 est
2968 2868 3230 2934 definitio,
3272 2877 3326 2922 et
3369 2867 3648 2924 hominum

2049 2958 2405 3016 nihilominus
2434 2959 2798 3030 singulorum,
2832 2974 2940 3014 non
2985 2968 3068 3013 est
3117 2957 3336 3014 dubium
3363 2957 3490 3028 quin
3533 2957 3650 3015 haec

2049 3049 2295 3108 definitio
2315 3053 2382 3108 ad
2400 3067 2590 3108 omnes
2611 3051 2863 3107 homines
2883 3050 3122 3120 singulos
3140 3047 3416 3120 mqualiter
3435 3060 3651 3118 semper

2050 3150 2287 3211 aptetur,
2315 3153 2370 3199 et
2399 3142 2528 3198 nulli
2563 3157 2739 3214 neque
2761 3142 2886 3213 plus
2918 3157 3092 3212 neque
3137 3143 3314 3196 minus
3343 3139 3649 3198 conveniat.

341 3254 510 3325 magis
548 3253 769 3325 propria
798 3254 1121 3320 differentia,
1154 3268 1312 3324 quam
1342 3251 1648 3321 specificam
1689 3250 1939 3304 nomina-

2049 3235 2202 3303 Quod
2227 3237 2272 3292 si
2302 3237 2374 3290 ita
2395 3245 2499 3300 est,
2526 3246 2708 3307 partes
2725 3251 2939 3307 quoque
2966 3237 3132 3293 totius
3157 3236 3506 3304 deﬁnitionis,
3527 3249 3648 3307 qua:

343 3363 483 3414 mus,
506 3348 622 3402 sola
664 3348 862 3418 poterit
886 3349 936 3402 in
965 3348 1180 3418 generis
1203 3345 1466 3401 divisione
1490 3357 1806 3413 congruere.
1846 3343 1942 3397 Et-

343 3441 486 3496 enim
517 3449 730 3496 caaterae
762 3440 897 3496 nihil
928 3442 992 3495 ad
1018 3439 1396 3505 substantiam,
1429 3439 1523 3493 sed
1555 3439 1622 3491 ad
1650 3435 1937 3507 quamdam

343 3532 742 3601 quodammodo
796 3531 1038 3603 ejusdem
1093 3530 1462 3586 similitudinis
1518 3529 1937 3600 discrepantiam

343 3623 760 3696 distantiamque
791 3634 1079 3694 ponuntur.
1124 3624 1261 3678 Nihil
1307 3624 1448 3678 enim
1493 3624 1547 3678 in
1600 3623 1704 3677 illis
1740 3629 1940 3692 praeter

345 3715 669 3772 alteritatem
708 3718 878 3772 solam
923 3719 1163 3789 reperire
1206 3733 1396 3788 queas,
1439 3717 1636 3786 quippe
1665 3731 1784 3785 quae
1830 3729 1937 3768 non

343 3803 676 3883 constituunt
718 3809 950 3877 species,
1003 3809 1096 3863 sed
1135 3810 1456 3864 constitutas
1486 3808 1596 3878 jam
1630 3817 1682 3863 et
1719 3809 1938 3865 effectas

341 3900 511 3967 magis
553 3899 790 3969 propriis
826 3901 938 3954 suis
983 3900 1329 3970 qualitatibus
1379 3901 1508 3970 ipsae
1540 3900 1934 3956 discriminant.

343 3992 491 4059 Quod
514 4001 691 4047 autem
716 3993 846 4047 dicit
870 4013 882 4046 :

415 4085 686 4153 Repetenti
731 4103 867 4139 nunc
897 4102 928 4139 a
951 4087 1301 4155 superioribus
1339 4087 1612 4141 dicendum
1649 4098 1754 4155 est,
1786 4088 1940 4154 dii/"e-

344 4157 624 4210 rentiarum
652 4157 783 4211 alias
807 4175 914 4212 esse
940 4160 1273 4227 separabiles,
1307 4160 1437 4212 alias
1475 4160 1862 4227 inseparabiles,

344 4248 456 4302 Hoc
489 4257 574 4303 est
604 4250 742 4317 quod
795 4251 880 4304 hic
923 4267 1064 4305 nunc
1115 4245 1310 4305 divisio
1339 4253 1443 4305 alia
1480 4268 1668 4306 rursus
1701 4253 1938 4308 assumi-

344 4351 448 4396 tur.
483 4340 614 4396 Nam
647 4357 766 4397 cum
811 4345 962 4412 prius
999 4344 1358 4398 differentiam
1391 4347 1444 4399 in
1476 4345 1646 4401 tribus
1696 4349 1938 4416 partibus

340 4447 632 4504 separaret,
666 4447 721 4492 et
743 4447 928 4506 postea
963 4447 1074 4494 tres
1107 4438 1224 4494 illas
1255 4440 1307 4494 in
1338 4440 1564 4496 duarum
1602 4451 1803 4496 tantum
1840 4458 1939 4496 nu-

342 4544 547 4583 merum
580 4532 1044 4602 quantitatemque
1091 4533 1399 4602 colligeret,
1430 4545 1489 4590 ut
1529 4537 1661 4592 alias
1705 4538 1937 4592 alterum

2045 3338 2171 3384 sunt
2218 3328 2569 3396 differentia,
2628 3330 2763 3385 tales
2820 3339 2979 3384 erunt
3020 3339 3077 3384 ut
3118 3329 3251 3384 nulli
3305 3343 3480 3399 neque
3523 3327 3646 3398 plus

2044 3437 2219 3492 neque
2286 3422 2506 3489 minus,
2561 3422 2657 3477 sed
2716 3422 2998 3492 mqualiter
3063 3436 3280 3492 semper
3333 3429 3389 3476 et
3445 3434 3646 3476 conve-

2043 3515 2255 3571 nienter
2301 3525 2571 3586 aptentur.
2631 3516 2820 3572 Partes
2864 3525 3042 3572 autem
3103 3515 3261 3586 hujus
3313 3514 3646 3570 definitionis

2043 3616 2172 3662 sunt
2200 3607 2464 3662 rationale
2487 3619 2540 3661 et
2567 3607 2817 3662 mortale.
2836 3605 3117 3661 Rationale
3145 3606 3304 3675 igitur
3325 3613 3380 3659 et
3396 3605 3643 3666 mortale,

2043 3717 2167 3773 quae
2194 3711 2318 3756 sunt
2342 3701 2511 3772 magis
2535 3699 2766 3770 propria:
2789 3697 3105 3755 differentiae
3128 3697 3249 3768 plus
3271 3698 3515 3752 minusve
3539 3711 3645 3752 non

2043 3797 2282 3867 capiunt.
2315 3797 2396 3853 Ab
2420 3797 2518 3850 hac
2542 3795 2721 3864 igitur,
2750 3794 2800 3848 id
2824 3801 2930 3862 εει,
2961 3792 3339 3863 separabilium
3371 3791 3646 3861 insepara-

2042 3890 2344 3960 biliumque
2373 3888 2801 3944 differentiarum
2834 3888 3099 3942 divisione
3146 3886 3318 3941 tribus
3347 3884 3521 3939 modis
3551 3881 3646 3937 dif.

2044 3984 2304 4040 ferentias
2335 3981 2706 4053 speculamui'.
2737 3980 2872 4035 Nam
2905 3988 2998 4035 aut
3029 3980 3359 4048 separabiles
3381 3987 3526 4045 sunt,
3558 3983 3646 4035 aut

2044 4074 2456 4145 inseparabiles.
2484 4073 2924 4143 lnseparabilium
2947 4087 3078 4127 vero
3100 4082 3189 4125 aut
3209 4086 3304 4142 per
3319 4085 3378 4125 se
3399 4068 3644 4135 veniunt,

2046 4179 2138 4223 aut
2170 4185 2266 4239 per
2295 4168 2566 4223 accidens.
2597 4169 2728 4233 Quae
2760 4182 2860 4236 per
2889 4181 2948 4221 se
2979 4166 3202 4220 veniunt
3233 4165 3352 4220 alia:
3383 4171 3506 4219 sunt
3531 4176 3647 4232 qua

2045 4277 2217 4332 genus
2247 4261 2530 4329 dividunt,
2579 4261 2698 4316 alia:
2728 4274 2846 4330 qua:
2879 4261 3114 4329 Speciem
3164 4258 3458 4320 informant
3489 4266 3646 4326 atque

2047 4356 2401 4410 constituunt.
2432 4353 2536 4410 Sed
2566 4354 2634 4409 de
2685 4351 3054 4423 superioribus
3088 4351 3253 4420 prius
3295 4350 3496 4404 dictum
3537 4356 3643 4401 est.

2046 4449 2200 4505 Nunc
2236 4460 2414 4505 autem
2446 4449 2514 4504 de
2543 4449 2608 4503 iis
2635 4463 2753 4518 quae
2783 4461 2951 4518 genus
3000 4444 3246 4500 dividunt
3304 4453 3357 4498 et
3409 4441 3646 4511 speciem

2051 4543 2389 4598 constituunt
2417 4541 2770 4596 disseramus.
2803 4535 2994 4594 Omnis’
3021 4550 3357 4607 qumcunque
3402 4533 3460 4587 fit
3488 4545 3648 4602 gene-

340 4617 598 4676 facientes
637 4637 757 4678 esse
783 4623 1008 4686 diceret.
1034 4625 1166 4681 alias
1206 4626 1519 4697 alterantes,
1550 4629 1786 4696 ipsarum
1813 4646 1940 4685 rur-
1969 4613 2028 4676 Ῑ)
2055 4653 2172 4692 rum
2199 4635 2398 4691 divisio
2428 4636 2481 4688 in
2507 4633 2739 4704 species,
2771 4632 2816 4688 si
2845 4647 3030 4688 earum
3060 4631 3362 4700 specierum
3390 4627 3493 4682 alia
3523 4625 3647 4679 sult—

339 4725 431 4764 sus
460 4711 618 4765 trium
652 4716 807 4767 tertia
836 4717 1067 4769 sumitur
1095 4716 1336 4771 facienda
1367 4717 1580 4773 divisio.
1612 4719 1750 4774 Dicit
1785 4721 1938 4776 enim

339 4802 472 4856 alias
500 4817 620 4859 esse
650 4807 1000 4875 separabiles,
1031 4809 1164 4863 alias
1190 4810 1602 4881 inseparabiles,
1633 4825 1684 4868 et
1707 4817 1845 4868 sicut
1876 4816 1935 4868 in.

339 4897 516 4966 priore
569 4898 830 4956 divisione
894 4902 1174 4957 alteratum
1223 4903 1479 4961 facientes
1538 4908 1658 4962 dum
1716 4907 1936 4964 fuerunt
1990 4934 1994 4940 ι

338 5005 652 5048 communes
697 5003 750 5048 et
777 4996 1038 5064 propriae,
1084 4999 1197 5052 sola
1228 5013 1359 5054 vero
1391 5001 1562 5071 magis
1602 5003 1815 5071 propria
1843 5019 1935 5058 re-

340 5093 610 5138 manserat
655 5101 774 5155 quire
805 5088 1032 5143 alterum
1081 5090 1339 5158 faciebat,
1374 5091 1562 5147 eodem
1596 5109 1738 5148 nunc
1761 5094 1934 5149 etiam

340 5174 499 5229 modo
524 5178 574 5230 in
600 5180 988 5246 separabilibus
1013 5191 1067 5238 et
1097 5182 1150 5236 in
1183 5185 1662 5254 inseparabilibus:
1689 5202 1936 5242 commuv

337 5267 423 5320 nis
446 5277 650 5322 tantum
699 5273 1012 5340 separabilis
1049 5275 1348 5331 differentia
1379 5287 1490 5343 εει,
1525 5287 1751 5350 utraque
1776 5281 1933 5345 alite,

339 5368 397 5412 ut
423 5362 639 5414 caecitas
671 5364 972 5432 oculorum,
1000 5368 1084 5421 vel
1114 5367 1246 5421 flava
1278 5372 1545 5437 caasaries,
1574 5374 1655 5428 vel
1684 5376 1933 5444 corporis

335 5453 664 5518 proceritas.
697 5470 817 5523 qua:
859 5465 983 5510 sunt
1025 5462 1253 5527 propriae
1282 5463 1631 5532 differentiae;
1665 5469 1748 5523 vel
1781 5479 1931 5525 certe

335 5542 745 5611 rationabilitas,
771 5548 852 5601 vel
879 5551 1194 5614 mortalitas,
1216 5570 1335 5622 qua:
1358 5568 1481 5610 sunt
1505 5561 1672 5626 magis
1694 5563 1930 5632 propriae

335 5633 652 5690 differentia:
674 5679 686 5700 ,
720 5655 826 5693 non
872 5653 1093 5710 possunt
1138 5660 1368 5713 unquam
1391 5649 1458 5702 ab
1486 5649 1716 5706 hominis
1745 5654 1931 5723 specie
1961 5653 1964 5662 ’

333 5730 625 5800 segregari.
660 5731 864 5788 Sedere
911 5749 1042 5789 vero
1073 5737 1156 5790 vel
1184 5753 1436 5802 currere,
1463 5757 1582 5811 quae
1613 5759 1930 5802 communes

333 5830 481 5887 sunt,
511 5814 826 5893 separantur
856 5843 881 5878 τι
915 5829 1157 5898 singulis,
1192 5841 1245 5886 et
1268 5831 1394 5887 item
1427 5849 1612 5890 rursus
1634 5836 1928 5893 adduntur.

2053 4730 2250 4785 divisio
2286 4729 2398 4793 fiat,
2430 4738 2485 4784 et
2511 4743 2541 4781 a
2569 4727 2742 4797 magis
2765 4725 3054 4794 generibus
3100 4738 3199 4792 per
3228 4720 3532 4776 subalterna
3558 4732 3646 4787 ge-

2050 4837 2182 4878 nera
2213 4835 2382 4890 usque
2410 4819 2476 4874 ad
2510 4818 2679 4888 magis
2711 4817 2920 4888 species
2966 4815 3306 4877 decurratur,
3338 4812 3546 4880 gemina
3595 4810 3646 4862 in

2052 4915 2137 4970 his
2161 4915 2261 4969 erit
2292 4912 2599 4983 duplexque
2627 4910 2841 4965 divisio.
2871 4907 3116 4976 Namque
3144 4907 3185 4958 si
3215 4903 3518 4960 contrarias
3547 4898 3646 4954 dif-

2053 5007 2310 5063 ferentias
2351 5005 2632 5075 respicias,
2658 5017 2917 5073 generum
2950 5009 3033 5055 est
3058 4998 3272 5053 divisio.
3303 4996 3359 5052 Si
3390 4993 3646 5050 subalter-

2054 5115 2249 5154 norum
2279 5113 2536 5168 generum
2569 5098 2660 5163 sit,
2709 5095 3009 5166 Specierum
3054 5091 3385 5146 constitutio.
3417 5088 3470 5142 Si
3503 5086 3646 5140 enim

2049 5206 2218 5262 genus
2273 5190 2612 5254 dividamus,
2661 5187 2712 5241 id
2757 5194 2841 5240 est
2889 5183 3284 5247 substantiam,
3339 5189 3395 5232 ut
3444 5179 3552 5246 jam
3594 5177 3646 5234 in

2049 5283 2249 5353 speciei
2298 5283 2661 5352 diSputatione
2691 5281 2862 5335 divisa
2903 5289 3006 5343 est,
3047 5287 3100 5333 et
3149 5277 3224 5330 sic
3257 5283 3314 5328 ut
3351 5270 3646 5328 substantia

2051 5381 2121 5434 sit
2171 5393 2378 5433 summa
2430 5386 2550 5446 post
2599 5371 2973 5438 substantiam,
3001 5372 3296 5425 animatum
3343 5381 3539 5436 corpus
3591 5374 3646 5419 et

2051 5475 2435 5538 inanimatum;
2469 5472 2569 5526 sub
2593 5471 2830 5525 animato
2860 5484 3087 5537 corpore
3111 5463 3367 5521 sensibile
3389 5472 3438 5514 et
3470 5462 3646 5515 insen-

2057 5567 2258 5632 sibile;
2313 5565 2412 5620 sub
2441 5563 2711 5628 sensibili,
2753 5563 2804 5617 id
2855 5571 2938 5617 est
2981 5558 3232 5623 animali,
3287 5553 3549 5610 rationale
3597 5562 3646 5608 et

2053 5659 2396 5725 irrationale;
2426 5657 2528 5712 sub
2556 5656 2825 5722 rationali,
2858 5653 3086 5706 mortale
3116 5659 3171 5704 et
3198 5646 3524 5704 immortale.
3559 5645 3646 5700 Hm

2051 5754 2216 5823 igitur
2246 5752 2562 5808 differentiae
2596 5749 2797 5803 eazdcm
2829 5743 3038 5811 species
3084 5751 3238 5805 sunt,
3267 5739 3312 5793 si
3341 5747 3528 5792 contra
3561 5752 3648 5792 se-

2047 5848 2195 5913 ipsas
2225 5847 2280 5901 in
2307 5845 2570 5901 divisione
2591 5837 2968 5908 respiciantur,
2994 5845 3050 5892 et
3075 5834 3323 5894 dividunt
3349 5841 3520 5898 genus
3548 5829 3648 5883 hoc
