  <div class='ocr_page' id='page_1' title='image "/cluster/home/n/w/nwhite01/storage/ocr_20150623/64/hvd.32044024222309/033.png"; bbox 0 0 4106 6336; ppageno 0'>
   <div class='ocr_carea' id='block_1_1' title="bbox 498 260 2045 384">
    <p class='ocr_par' dir='ltr' id='par_1_1' title="bbox 498 260 2045 341">
     <span class='ocr_line' id='line_1_1' title="bbox 498 260 2045 341; baseline 0.01 -15"><span class='ocrx_word' id='word_1_1' title='bbox 498 260 569 326; x_wconf 72' lang='grc' dir='ltr'><strong><em>Μ</em></strong></span> <span class='ocrx_word' id='word_1_2' title='bbox 1725 280 1839 338; x_wconf 69' lang='grc' dir='ltr'><strong>ΔΝ.</strong></span> <span class='ocrx_word' id='word_1_3' title='bbox 1881 281 2045 341; x_wconf 80' lang='grc' dir='ltr'><strong>ΙΙΑΝΙ</strong></span> 
     </span>
    </p>
   </div>
   <div class='ocr_carea' id='block_1_2' title="bbox 2145 260 3784 384">
    <p class='ocr_par' dir='ltr' id='par_1_2' title="bbox 2145 284 3784 384">
     <span class='ocr_line' id='line_1_2' title="bbox 2145 284 3784 384; baseline 0.018 -41"><span class='ocrx_word' id='word_1_4' title='bbox 2145 284 2289 344; x_wconf 71' lang='lat' dir='ltr'><strong>BEV.</strong></span> <span class='ocrx_word' id='word_1_5' title='bbox 2336 288 2559 349; x_wconf 79' lang='grc' dir='ltr'>ΒΟΕἸῚΙ</span> <span class='ocrx_word' id='word_1_6' title='bbox 3714 306 3784 384; x_wconf 67' lang='grc'><strong>32</strong></span> 
     </span>
    </p>
   </div>
   <div class='ocr_carea' id='block_1_3' title="bbox 498 376 3779 501">
    <p class='ocr_par' dir='ltr' id='par_1_3' title="bbox 498 376 3779 501">
     <span class='ocr_line' id='line_1_3' title="bbox 498 376 3779 501; baseline 0.02 -69"><span class='ocrx_word' id='word_1_7' title='bbox 498 376 686 437; x_wconf 78' lang='lat' dir='ltr'><strong>modo.</strong></span> <span class='ocrx_word' id='word_1_8' title='bbox 715 379 854 441; x_wconf 79' lang='lat' dir='ltr'><strong>Nam</strong></span> <span class='ocrx_word' id='word_1_9' title='bbox 879 387 1135 456; x_wconf 72' lang='lat' dir='ltr'><strong>quoniam</strong></span> <span class='ocrx_word' id='word_1_10' title='bbox 1162 389 1265 443; x_wconf 88' lang='lat' dir='ltr'><strong>sub</strong></span> <span class='ocrx_word' id='word_1_11' title='bbox 1310 389 1611 447; x_wconf 90' lang='lat' dir='ltr'><strong>substantia</strong></span> <span class='ocrx_word' id='word_1_12' title='bbox 1640 398 1933 454; x_wconf 86' lang='lat' dir='ltr'><strong>animatum</strong></span> <span class='ocrx_word' id='word_1_13' title='bbox 1974 414 2097 458; x_wconf 80' lang='lat' dir='ltr'><strong>cor-</strong></span> <span class='ocrx_word' id='word_1_14' title='bbox 2118 402 2175 463; x_wconf 75' lang='grc' dir='ltr'><strong>Α</strong></span> <span class='ocrx_word' id='word_1_15' title='bbox 2201 404 2421 473; x_wconf 88' lang='lat' dir='ltr'><strong>tionale,</strong></span> <span class='ocrx_word' id='word_1_16' title='bbox 2451 423 2662 478; x_wconf 84' lang='lat' dir='ltr'><strong>spectes</strong></span> <span class='ocrx_word' id='word_1_17' title='bbox 2687 424 2809 484; x_wconf 62' lang='lat' dir='ltr'><strong>qua</strong></span> <span class='ocrx_word' id='word_1_18' title='bbox 2830 417 2934 473; x_wconf 87' lang='lat' dir='ltr'><strong>sub</strong></span> <span class='ocrx_word' id='word_1_19' title='bbox 2954 419 3071 491; x_wconf 86' lang='lat' dir='ltr'><strong>ipso</strong></span> <span class='ocrx_word' id='word_1_20' title='bbox 3096 433 3222 482; x_wconf 85' lang='lat' dir='ltr'><strong>sunt</strong></span> <span class='ocrx_word' id='word_1_21' title='bbox 3242 430 3435 498; x_wconf 64' lang='lat' dir='ltr'><strong>positae</strong></span> <span class='ocrx_word' id='word_1_22' title='bbox 3462 435 3593 493; x_wconf 87' lang='lat' dir='ltr'><strong>istas</strong></span> <span class='ocrx_word' id='word_1_23' title='bbox 3620 436 3779 501; x_wconf 78' lang='lat' dir='ltr'><strong>diﬂ&#39;e-</strong></span> 
     </span>
    </p>
   </div>
   <div class='ocr_carea' id='block_1_4' title="bbox 499 474 2087 565">
    <p class='ocr_par' dir='ltr' id='par_1_4' title="bbox 499 474 2087 565">
     <span class='ocr_line' id='line_1_4' title="bbox 499 474 2087 565; baseline 0.016 -39"><span class='ocrx_word' id='word_1_24' title='bbox 499 482 601 539; x_wconf 83' lang='lat' dir='ltr'><strong>pus</strong></span> <span class='ocrx_word' id='word_1_25' title='bbox 632 482 690 528; x_wconf 88' lang='lat' dir='ltr'><strong>et</strong></span> <span class='ocrx_word' id='word_1_26' title='bbox 730 474 1082 534; x_wconf 80' lang='lat' dir='ltr'><strong>inanimatam</strong></span> <span class='ocrx_word' id='word_1_27' title='bbox 1132 481 1446 552; x_wconf 77' lang='lat' dir='ltr'><strong>posuimus,</strong></span> <span class='ocrx_word' id='word_1_28' title='bbox 1490 486 1535 541; x_wconf 91' lang='lat' dir='ltr'><strong>si</strong></span> <span class='ocrx_word' id='word_1_29' title='bbox 1566 488 1858 547; x_wconf 87' lang='lat' dir='ltr'><strong>animatum</strong></span> <span class='ocrx_word' id='word_1_30' title='bbox 1888 507 2087 565; x_wconf 83' lang='lat' dir='ltr'><strong>corpus</strong></span> 
     </span>
    </p>
   </div>
   <div class='ocr_carea' id='block_1_5' title="bbox 497 570 2078 647">
    <p class='ocr_par' dir='ltr' id='par_1_5' title="bbox 497 570 2078 647">
     <span class='ocr_line' id='line_1_5' title="bbox 497 570 2078 647; baseline 0.016 -26"><span class='ocrx_word' id='word_1_31' title='bbox 497 577 683 623; x_wconf 84' lang='lat' dir='ltr'><strong>contra</strong></span> <span class='ocrx_word' id='word_1_32' title='bbox 713 570 1062 628; x_wconf 75' lang='lat' dir='ltr'><strong>iaanimatum</strong></span> <span class='ocrx_word' id='word_1_33' title='bbox 1094 577 1387 647; x_wconf 70' lang='lat' dir='ltr'><strong>respicias,</strong></span> <span class='ocrx_word' id='word_1_34' title='bbox 1435 581 1787 640; x_wconf 71' lang='lat' dir='ltr'><strong>substantiam</strong></span> <span class='ocrx_word' id='word_1_35' title='bbox 1831 587 2078 647; x_wconf 75' lang='lat' dir='ltr'><strong>divisisti.</strong></span> 
     </span>
    </p>
   </div>
   <div class='ocr_carea' id='block_1_6' title="bbox 495 654 2086 748">
    <p class='ocr_par' dir='ltr' id='par_1_6' title="bbox 495 654 2086 748">
     <span class='ocr_line' id='line_1_6' title="bbox 495 654 2086 748; baseline 0.014 -36"><span class='ocrx_word' id='word_1_36' title='bbox 495 654 553 711; x_wconf 82' lang='lat' dir='ltr'><strong>Si</strong></span> <span class='ocrx_word' id='word_1_37' title='bbox 585 674 715 715; x_wconf 86' lang='lat' dir='ltr'><strong>vero</strong></span> <span class='ocrx_word' id='word_1_38' title='bbox 743 662 1052 719; x_wconf 85' lang='lat' dir='ltr'><strong>subalterna</strong></span> <span class='ocrx_word' id='word_1_39' title='bbox 1079 682 1280 736; x_wconf 79' lang='lat' dir='ltr'><strong>genera</strong></span> <span class='ocrx_word' id='word_1_40' title='bbox 1310 668 1366 724; x_wconf 95' lang='lat' dir='ltr'><strong>in</strong></span> <span class='ocrx_word' id='word_1_41' title='bbox 1416 671 1548 740; x_wconf 85' lang='lat' dir='ltr'><strong>ipsis</strong></span> <span class='ocrx_word' id='word_1_42' title='bbox 1577 674 1895 732; x_wconf 71' lang='lat' dir='ltr'><strong>differentiis</strong></span> <span class='ocrx_word' id='word_1_43' title='bbox 1939 681 2086 748; x_wconf 85' lang='lat' dir='ltr'><strong>aspi-</strong></span> 
     </span>
    </p>
   </div>
   <div class='ocr_carea' id='block_1_7' title="bbox 493 751 2083 842">
    <p class='ocr_par' dir='ltr' id='par_1_7' title="bbox 493 751 2083 842">
     <span class='ocr_line' id='line_1_7' title="bbox 493 751 2083 842; baseline 0.016 -39"><span class='ocrx_word' id='word_1_44' title='bbox 493 751 627 816; x_wconf 87' lang='lat' dir='ltr'><strong>cias,</strong></span> <span class='ocrx_word' id='word_1_45' title='bbox 657 757 893 822; x_wconf 86' lang='lat' dir='ltr'><strong>speciem</strong></span> <span class='ocrx_word' id='word_1_46' title='bbox 921 762 1236 817; x_wconf 77' lang='lat' dir='ltr'><strong>constitues.</strong></span> <span class='ocrx_word' id='word_1_47' title='bbox 1263 763 1393 819; x_wconf 84' lang='lat' dir='ltr'><strong>Nam</strong></span> <span class='ocrx_word' id='word_1_48' title='bbox 1416 767 1461 821; x_wconf 88' lang='lat' dir='ltr'><strong>si</strong></span> <span class='ocrx_word' id='word_1_49' title='bbox 1485 769 1778 824; x_wconf 90' lang='lat' dir='ltr'><strong>animatum</strong></span> <span class='ocrx_word' id='word_1_50' title='bbox 1809 787 2006 842; x_wconf 89' lang='lat' dir='ltr'><strong>corpus</strong></span> <span class='ocrx_word' id='word_1_51' title='bbox 2025 783 2083 830; x_wconf 87' lang='lat' dir='ltr'><strong>et</strong></span> 
     </span>
    </p>
   </div>
   <div class='ocr_carea' id='block_1_8' title="bbox 491 841 2079 932">
    <p class='ocr_par' dir='ltr' id='par_1_8' title="bbox 491 841 2079 932">
     <span class='ocr_line' id='line_1_8' title="bbox 491 841 2079 932; baseline 0.017 -38"><span class='ocrx_word' id='word_1_52' title='bbox 491 841 634 908; x_wconf 84' lang='lat' dir='ltr'><strong>quod</strong></span> <span class='ocrx_word' id='word_1_53' title='bbox 663 846 763 899; x_wconf 89' lang='lat' dir='ltr'><strong>sub</strong></span> <span class='ocrx_word' id='word_1_54' title='bbox 796 846 912 912; x_wconf 82' lang='lat' dir='ltr'><strong>ipso</strong></span> <span class='ocrx_word' id='word_1_55' title='bbox 936 859 1021 902; x_wconf 91' lang='lat' dir='ltr'><strong>est</strong></span> <span class='ocrx_word' id='word_1_56' title='bbox 1053 853 1309 909; x_wconf 80' lang='lat' dir='ltr'><strong>sensibile</strong></span> <span class='ocrx_word' id='word_1_57' title='bbox 1335 869 1533 925; x_wconf 89' lang='lat' dir='ltr'><strong>corpus</strong></span> <span class='ocrx_word' id='word_1_58' title='bbox 1560 862 1858 932; x_wconf 74' lang='lat' dir='ltr'><strong>aspexeris,</strong></span> <span class='ocrx_word' id='word_1_59' title='bbox 1881 841 2079 921; x_wconf 88' lang='lat' dir='ltr'><strong>animal</strong></span> 
     </span>
    </p>
   </div>
   <div class='ocr_carea' id='block_1_9' title="bbox 488 937 2077 1012">
    <p class='ocr_par' dir='ltr' id='par_1_9' title="bbox 488 937 2077 1012">
     <span class='ocr_line' id='line_1_9' title="bbox 488 937 2077 1012; baseline 0.017 -27"><span class='ocrx_word' id='word_1_60' title='bbox 488 937 795 999; x_wconf 74' lang='lat' dir='ltr'><strong>t&#39;espexisti.</strong></span> <span class='ocrx_word' id='word_1_61' title='bbox 843 938 976 994; x_wconf 83' lang='lat' dir='ltr'><strong>Item</strong></span> <span class='ocrx_word' id='word_1_62' title='bbox 1027 943 1075 996; x_wconf 89' lang='lat' dir='ltr'><strong>si</strong></span> <span class='ocrx_word' id='word_1_63' title='bbox 1122 947 1439 1003; x_wconf 72' lang='lat' dir='ltr'><strong>rationalem</strong></span> <span class='ocrx_word' id='word_1_64' title='bbox 1488 950 1842 1008; x_wconf 77' lang='lat' dir='ltr'><strong>differentiam</strong></span> <span class='ocrx_word' id='word_1_65' title='bbox 1890 968 2077 1012; x_wconf 89' lang='lat' dir='ltr'><strong>contra</strong></span> 
     </span>
    </p>
   </div>
   <div class='ocr_carea' id='block_1_10' title="bbox 493 1026 2078 1118">
    <p class='ocr_par' dir='ltr' id='par_1_10' title="bbox 493 1026 2078 1118">
     <span class='ocr_line' id='line_1_10' title="bbox 493 1026 2078 1118; baseline 0.018 -42"><span class='ocrx_word' id='word_1_66' title='bbox 493 1026 854 1081; x_wconf 82' lang='lat' dir='ltr'><strong>irrationaleni</strong></span> <span class='ocrx_word' id='word_1_67' title='bbox 902 1032 1266 1090; x_wconf 74' lang='lat' dir='ltr'><strong>differentiam</strong></span> <span class='ocrx_word' id='word_1_68' title='bbox 1294 1043 1592 1111; x_wconf 88' lang='lat' dir='ltr'><strong>acceperis,</strong></span> <span class='ocrx_word' id='word_1_69' title='bbox 1627 1061 1797 1112; x_wconf 68' lang='lat' dir='ltr'><strong>genus</strong></span> <span class='ocrx_word' id='word_1_70' title='bbox 1823 1050 1965 1118; x_wconf 90' lang='lat' dir='ltr'><strong>quod</strong></span> <span class='ocrx_word' id='word_1_71' title='bbox 1994 1061 2078 1106; x_wconf 86' lang='lat' dir='ltr'><strong>est</strong></span> 
     </span>
    </p>
   </div>
   <div class='ocr_carea' id='block_1_11' title="bbox 487 1123 2073 1199">
    <p class='ocr_par' dir='ltr' id='par_1_11' title="bbox 487 1123 2073 1199">
     <span class='ocr_line' id='line_1_11' title="bbox 487 1123 2073 1199; baseline 0.022 -34"><span class='ocrx_word' id='word_1_72' title='bbox 487 1125 868 1188; x_wconf 86' lang='lat' dir='ltr'><strong>utrorumque,</strong></span> <span class='ocrx_word' id='word_1_73' title='bbox 894 1123 946 1177; x_wconf 91' lang='lat' dir='ltr'><strong>id</strong></span> <span class='ocrx_word' id='word_1_74' title='bbox 972 1138 1058 1181; x_wconf 87' lang='lat' dir='ltr'><strong>cst</strong></span> <span class='ocrx_word' id='word_1_75' title='bbox 1082 1130 1279 1184; x_wconf 88' lang='lat' dir='ltr'><strong>animal</strong></span> <span class='ocrx_word' id='word_1_76' title='bbox 1310 1132 1561 1190; x_wconf 78' lang='lat' dir='ltr'><strong>divisisti.</strong></span> <span class='ocrx_word' id='word_1_77' title='bbox 1597 1138 1654 1193; x_wconf 87' lang='lat' dir='ltr'><strong>Si</strong></span> <span class='ocrx_word' id='word_1_78' title='bbox 1683 1155 1812 1194; x_wconf 88' lang='lat' dir='ltr'><strong>vero</strong></span> <span class='ocrx_word' id='word_1_79' title='bbox 1853 1142 1956 1196; x_wconf 86' lang='lat' dir='ltr'><strong>sub</strong></span> <span class='ocrx_word' id='word_1_80' title='bbox 1981 1158 2073 1199; x_wconf 88' lang='lat' dir='ltr'><strong>eo-</strong></span> 
     </span>
    </p>
   </div>
   <div class='ocr_carea' id='block_1_12' title="bbox 487 1210 2072 1289">
    <p class='ocr_par' dir='ltr' id='par_1_12' title="bbox 487 1210 2072 1289">
     <span class='ocr_line' id='line_1_12' title="bbox 487 1210 2072 1289; baseline 0.02 -32"><span class='ocrx_word' id='word_1_81' title='bbox 487 1210 607 1261; x_wconf 85' lang='lat' dir='ltr'><strong>dem</strong></span> <span class='ocrx_word' id='word_1_82' title='bbox 658 1211 850 1268; x_wconf 83' lang='lat' dir='ltr'><strong>ordine</strong></span> <span class='ocrx_word' id='word_1_83' title='bbox 902 1218 1214 1274; x_wconf 83' lang='lat' dir='ltr'><strong>rationalem</strong></span> <span class='ocrx_word' id='word_1_84' title='bbox 1280 1223 1639 1282; x_wconf 78' lang='lat' dir='ltr'><strong>differentiam</strong></span> <span class='ocrx_word' id='word_1_85' title='bbox 1688 1241 1742 1282; x_wconf 92' lang='lat' dir='ltr'><strong>et</strong></span> <span class='ocrx_word' id='word_1_86' title='bbox 1789 1234 2072 1289; x_wconf 76' lang='lat' dir='ltr'><strong>mortalem</strong></span> 
     </span>
    </p>
   </div>
   <div class='ocr_carea' id='block_1_13' title="bbox 481 1299 2067 1383">
    <p class='ocr_par' dir='ltr' id='par_1_13' title="bbox 481 1299 2067 1383">
     <span class='ocr_line' id='line_1_13' title="bbox 481 1299 2067 1383; baseline 0.02 -34"><span class='ocrx_word' id='word_1_87' title='bbox 481 1299 734 1368; x_wconf 79' lang='lat' dir='ltr'><strong>accipias,</strong></span> <span class='ocrx_word' id='word_1_88' title='bbox 787 1304 1017 1362; x_wconf 79' lang='lat' dir='ltr'><strong>hominis</strong></span> <span class='ocrx_word' id='word_1_89' title='bbox 1046 1310 1163 1365; x_wconf 82' lang='lat' dir='ltr'><strong>sine</strong></span> <span class='ocrx_word' id='word_1_90' title='bbox 1192 1313 1357 1370; x_wconf 88' lang='lat' dir='ltr'><strong>dubio</strong></span> <span class='ocrx_word' id='word_1_91' title='bbox 1396 1320 1635 1383; x_wconf 80' lang='lat' dir='ltr'><strong>speciem</strong></span> <span class='ocrx_word' id='word_1_92' title='bbox 1665 1321 2067 1380; x_wconf 80' lang='lat' dir='ltr'><strong>demonstrasti.</strong></span> 
     </span>
    </p>
   </div>
   <div class='ocr_carea' id='block_1_14' title="bbox 480 1388 2069 1488">
    <p class='ocr_par' dir='ltr' id='par_1_14' title="bbox 480 1388 2069 1488">
     <span class='ocr_line' id='line_1_14' title="bbox 480 1388 2069 1488; baseline 0.018 -44"><span class='ocrx_word' id='word_1_93' title='bbox 480 1388 556 1447; x_wconf 90' lang='lat' dir='ltr'><strong>Ita</strong></span> <span class='ocrx_word' id='word_1_94' title='bbox 601 1393 689 1449; x_wconf 72' lang='lat' dir='ltr'><strong>hat</strong></span> <span class='ocrx_word' id='word_1_95' title='bbox 730 1398 1051 1459; x_wconf 66' lang='lat' dir='ltr'><strong>differentiae</strong></span> <span class='ocrx_word' id='word_1_96' title='bbox 1097 1407 1206 1461; x_wconf 86' lang='lat' dir='ltr'><strong>alio</strong></span> <span class='ocrx_word' id='word_1_97' title='bbox 1256 1410 1415 1464; x_wconf 88' lang='lat' dir='ltr'><strong>modo</strong></span> <span class='ocrx_word' id='word_1_98' title='bbox 1441 1424 1660 1482; x_wconf 78' lang='lat' dir='ltr'><strong>accepta</strong></span> <span class='ocrx_word' id='word_1_99' title='bbox 1691 1414 1829 1471; x_wconf 88' lang='lat' dir='ltr'><strong>fiunt</strong></span> <span class='ocrx_word' id='word_1_100' title='bbox 1857 1422 2069 1488; x_wconf 79' lang='lat' dir='ltr'><strong>generis</strong></span> 
     </span>
    </p>
   </div>
   <div class='ocr_carea' id='block_1_15' title="bbox 480 1484 2068 1568">
    <p class='ocr_par' dir='ltr' id='par_1_15' title="bbox 480 1484 2068 1568">
     <span class='ocr_line' id='line_1_15' title="bbox 480 1484 2068 1568; baseline 0.018 -29"><span class='ocrx_word' id='word_1_101' title='bbox 480 1484 798 1559; x_wconf 84' lang='lat' dir='ltr'><strong>divisibiles,</strong></span> <span class='ocrx_word' id='word_1_102' title='bbox 831 1494 882 1548; x_wconf 91' lang='lat' dir='ltr'><strong>id</strong></span> <span class='ocrx_word' id='word_1_103' title='bbox 913 1508 999 1551; x_wconf 82' lang='lat' dir='ltr'><strong>est</strong></span> <span class='ocrx_word' id='word_1_104' title='bbox 1019 1514 1216 1567; x_wconf 79' lang='lat' dir='ltr'><strong>genera</strong></span> <span class='ocrx_word' id='word_1_105' title='bbox 1244 1501 1568 1560; x_wconf 67' lang='lat' dir='ltr'><strong>dividentes.</strong></span> <span class='ocrx_word' id='word_1_106' title='bbox 1599 1506 1720 1562; x_wconf 87' lang='lat' dir='ltr'><strong>Alio</strong></span> <span class='ocrx_word' id='word_1_107' title='bbox 1750 1484 1882 1564; x_wconf 65' lang='lat' dir='ltr'><strong>vim;</strong></span> <span class='ocrx_word' id='word_1_108' title='bbox 1908 1512 2068 1568; x_wconf 90' lang='lat' dir='ltr'><strong>modo</strong></span> 
     </span>
    </p>
   </div>
   <div class='ocr_carea' id='block_1_16' title="bbox 477 1577 2066 1671">
    <p class='ocr_par' dir='ltr' id='par_1_16' title="bbox 477 1577 2066 1671">
     <span class='ocr_line' id='line_1_16' title="bbox 477 1577 2066 1671; baseline 0.02 -41"><span class='ocrx_word' id='word_1_109' title='bbox 477 1577 613 1634; x_wconf 84' lang='lat' dir='ltr'><strong>fiunt</strong></span> <span class='ocrx_word' id='word_1_110' title='bbox 638 1587 998 1643; x_wconf 75' lang='lat' dir='ltr'><strong>constitutivae</strong></span> <span class='ocrx_word' id='word_1_111' title='bbox 1028 1593 1350 1660; x_wconf 82' lang='lat' dir='ltr'><strong>specierum.</strong></span> <span class='ocrx_word' id='word_1_112' title='bbox 1387 1597 1438 1652; x_wconf 90' lang='lat' dir='ltr'><strong>id</strong></span> <span class='ocrx_word' id='word_1_113' title='bbox 1467 1608 1552 1653; x_wconf 88' lang='lat' dir='ltr'><strong>est</strong></span> <span class='ocrx_word' id='word_1_114' title='bbox 1578 1615 1698 1669; x_wconf 71' lang='lat' dir='ltr'><strong>qua:</strong></span> <span class='ocrx_word' id='word_1_115' title='bbox 1727 1604 1936 1671; x_wconf 81' lang='lat' dir='ltr'><strong>species</strong></span> <span class='ocrx_word' id='word_1_116' title='bbox 1968 1605 2066 1661; x_wconf 88' lang='lat' dir='ltr'><strong>de-</strong></span> 
     </span>
    </p>
   </div>
   <div class='ocr_carea' id='block_1_17' title="bbox 477 1671 1246 1747">
    <p class='ocr_par' dir='ltr' id='par_1_17' title="bbox 477 1671 1246 1747">
     <span class='ocr_line' id='line_1_17' title="bbox 477 1671 1246 1747; baseline 0.023 -24"><span class='ocrx_word' id='word_1_117' title='bbox 477 1671 682 1729; x_wconf 86' lang='lat' dir='ltr'><strong>clarent</strong></span> <span class='ocrx_word' id='word_1_118' title='bbox 704 1688 863 1747; x_wconf 88' lang='lat' dir='ltr'><strong>atque</strong></span> <span class='ocrx_word' id='word_1_119' title='bbox 896 1684 1246 1741; x_wconf 80' lang='lat' dir='ltr'><strong>constituant.</strong></span> 
     </span>
    </p>
   </div>
   <div class='ocr_carea' id='block_1_18' title="bbox 2191 591 3779 699">
    <p class='ocr_par' dir='ltr' id='par_1_18' title="bbox 2191 591 3779 699">
     <span class='ocr_line' id='line_1_18' title="bbox 2191 591 3779 699; baseline 0.028 -57"><span class='ocrx_word' id='word_1_120' title='bbox 2191 603 2298 644; x_wconf 91' lang='lat' dir='ltr'><strong>non</strong></span> <span class='ocrx_word' id='word_1_121' title='bbox 2330 591 2576 661; x_wconf 70' lang='lat' dir='ltr'><strong>habebit,</strong></span> <span class='ocrx_word' id='word_1_122' title='bbox 2610 602 2752 656; x_wconf 89' lang='lat' dir='ltr'><strong>unde</strong></span> <span class='ocrx_word' id='word_1_123' title='bbox 2781 615 2940 660; x_wconf 85' lang='lat' dir='ltr'><strong>erunt</strong></span> <span class='ocrx_word' id='word_1_124' title='bbox 2967 613 3248 677; x_wconf 86' lang='lat' dir='ltr'><strong>speciebus</strong></span> <span class='ocrx_word' id='word_1_125' title='bbox 3277 616 3621 696; x_wconf 63' lang='lat' dir='ltr'><strong>differentiae,</strong></span> <span class='ocrx_word' id='word_1_126' title='bbox 3655 630 3779 699; x_wconf 87' lang='lat' dir='ltr'><strong>qui-</strong></span> 
     </span>
    </p>
   </div>
   <div class='ocr_carea' id='block_1_19' title="bbox 2158 679 3777 792">
    <p class='ocr_par' dir='ltr' id='par_1_19' title="bbox 2158 679 3777 792">
     <span class='ocr_line' id='line_1_19' title="bbox 2158 679 3777 792; baseline 0.028 -61"><span class='ocrx_word' id='word_1_127' title='bbox 2158 712 2159 715; x_wconf 61' lang='grc' dir='ltr'><strong>η</strong></span> <span class='ocrx_word' id='word_1_128' title='bbox 2189 679 2287 735; x_wconf 89' lang='lat' dir='ltr'><strong>bus</strong></span> <span class='ocrx_word' id='word_1_129' title='bbox 2314 697 2343 735; x_wconf 86' lang='lat' dir='ltr'><strong>a</strong></span> <span class='ocrx_word' id='word_1_130' title='bbox 2373 687 2569 754; x_wconf 87' lang='lat' dir='ltr'><strong>seipsis</strong></span> <span class='ocrx_word' id='word_1_131' title='bbox 2600 686 2899 749; x_wconf 65' lang='lat' dir='ltr'><strong>differunt?</strong></span> <span class='ocrx_word' id='word_1_132' title='bbox 2925 698 3030 753; x_wconf 89' lang='lat' dir='ltr'><strong>Sed</strong></span> <span class='ocrx_word' id='word_1_133' title='bbox 3062 704 3105 755; x_wconf 91' lang='lat' dir='ltr'><strong>si</strong></span> <span class='ocrx_word' id='word_1_134' title='bbox 3138 706 3257 775; x_wconf 85' lang='lat' dir='ltr'><strong>quis</strong></span> <span class='ocrx_word' id='word_1_135' title='bbox 3285 708 3430 766; x_wconf 88' lang='lat' dir='ltr'><strong>dicat</strong></span> <span class='ocrx_word' id='word_1_136' title='bbox 3455 728 3576 771; x_wconf 86' lang='lat' dir='ltr'><strong>esse</strong></span> <span class='ocrx_word' id='word_1_137' title='bbox 3606 679 3777 792; x_wconf 45' lang='lat' dir='ltr'><strong>inige-</strong></span> 
     </span>
    </p>
   </div>
   <div class='ocr_carea' id='block_1_20' title="bbox 2187 777 3772 873">
    <p class='ocr_par' dir='ltr' id='par_1_20' title="bbox 2187 777 3772 873">
     <span class='ocr_line' id='line_1_20' title="bbox 2187 777 3772 873; baseline 0.03 -50"><span class='ocrx_word' id='word_1_138' title='bbox 2187 786 2318 826; x_wconf 89' lang='lat' dir='ltr'><strong>nere</strong></span> <span class='ocrx_word' id='word_1_139' title='bbox 2350 777 2483 831; x_wconf 83' lang='lat' dir='ltr'><strong>istas</strong></span> <span class='ocrx_word' id='word_1_140' title='bbox 2507 779 2839 841; x_wconf 72' lang='lat' dir='ltr'><strong>differentias</strong></span> <span class='ocrx_word' id='word_1_141' title='bbox 2863 792 2993 857; x_wconf 88' lang='lat' dir='ltr'><strong>(non</strong></span> <span class='ocrx_word' id='word_1_142' title='bbox 3016 795 3160 849; x_wconf 90' lang='lat' dir='ltr'><strong>enim</strong></span> <span class='ocrx_word' id='word_1_143' title='bbox 3194 798 3415 857; x_wconf 84' lang='lat' dir='ltr'><strong>haberet</strong></span> <span class='ocrx_word' id='word_1_144' title='bbox 3440 777 3772 873; x_wconf 62' lang='lat' dir='ltr'><strong>differentias</strong></span> 
     </span>
    </p>
   </div>
   <div class='ocr_carea' id='block_1_21' title="bbox 2185 870 3770 979">
    <p class='ocr_par' dir='ltr' id='par_1_21' title="bbox 2185 870 3770 979">
     <span class='ocr_line' id='line_1_21' title="bbox 2185 870 3770 979; baseline 0.03 -60"><span class='ocrx_word' id='word_1_145' title='bbox 2185 870 2425 934; x_wconf 83' lang='lat' dir='ltr'><strong>species,</strong></span> <span class='ocrx_word' id='word_1_146' title='bbox 2476 875 2579 928; x_wconf 86' lang='lat' dir='ltr'><strong>nisi</strong></span> <span class='ocrx_word' id='word_1_147' title='bbox 2630 880 2778 945; x_wconf 81' lang='lat' dir='ltr'><strong>prius</strong></span> <span class='ocrx_word' id='word_1_148' title='bbox 2820 896 2990 953; x_wconf 85' lang='lat' dir='ltr'><strong>genus</strong></span> <span class='ocrx_word' id='word_1_149' title='bbox 3033 890 3365 967; x_wconf 81' lang='lat' dir='ltr'><strong>habuisset),</strong></span> <span class='ocrx_word' id='word_1_150' title='bbox 3399 902 3542 959; x_wconf 88' lang='lat' dir='ltr'><strong>aliud</strong></span> <span class='ocrx_word' id='word_1_151' title='bbox 3594 870 3770 979; x_wconf 72' lang='lat' dir='ltr'><strong>majus</strong></span> 
     </span>
    </p>
   </div>
   <div class='ocr_carea' id='block_1_22' title="bbox 2182 961 3771 1067">
    <p class='ocr_par' dir='ltr' id='par_1_22' title="bbox 2182 961 3771 1067">
     <span class='ocr_line' id='line_1_22' title="bbox 2182 961 3771 1067; baseline 0.031 -56"><span class='ocrx_word' id='word_1_152' title='bbox 2182 961 2428 1016; x_wconf 87' lang='lat' dir='ltr'><strong>continet</strong></span> <span class='ocrx_word' id='word_1_153' title='bbox 2472 966 2891 1029; x_wconf 77' lang='lat' dir='ltr'><strong>incommodum.</strong></span> <span class='ocrx_word' id='word_1_154' title='bbox 2944 979 3075 1035; x_wconf 82' lang='lat' dir='ltr'><strong>Nam</strong></span> <span class='ocrx_word' id='word_1_155' title='bbox 3128 961 3383 1054; x_wconf 77' lang='lat' dir='ltr'><strong>quoniam</strong></span> <span class='ocrx_word' id='word_1_156' title='bbox 3437 1010 3591 1067; x_wconf 61' lang='lat' dir='ltr'><strong>asque</strong></span> <span class='ocrx_word' id='word_1_157' title='bbox 3642 961 3771 1060; x_wconf 75' lang='lat' dir='ltr'><strong>sunt</strong></span> 
     </span>
    </p>
   </div>
   <div class='ocr_carea' id='block_1_23' title="bbox 2181 1055 3767 1164">
    <p class='ocr_par' dir='ltr' id='par_1_23' title="bbox 2181 1055 3767 1164">
     <span class='ocr_line' id='line_1_23' title="bbox 2181 1055 3767 1164; baseline 0.029 -59"><span class='ocrx_word' id='word_1_158' title='bbox 2181 1055 2524 1164; x_wconf 65' lang='lat' dir='ltr'><strong>speciesquie</strong></span> <span class='ocrx_word' id='word_1_159' title='bbox 2546 1062 2647 1117; x_wconf 88' lang='lat' dir='ltr'><strong>sub</strong></span> <span class='ocrx_word' id='word_1_160' title='bbox 2670 1067 2852 1136; x_wconf 75' lang='lat' dir='ltr'><strong>aliquo</strong></span> <span class='ocrx_word' id='word_1_161' title='bbox 2871 1086 3067 1139; x_wconf 78' lang='lat' dir='ltr'><strong>genere</strong></span> <span class='ocrx_word' id='word_1_162' title='bbox 3093 1094 3487 1157; x_wconf 90' lang='lat' dir='ltr'><strong>supponuntur,</strong></span> <span class='ocrx_word' id='word_1_163' title='bbox 3503 1055 3565 1146; x_wconf 49' lang='lat' dir='ltr'><strong>&#39;et</strong></span> <span class='ocrx_word' id='word_1_164' title='bbox 3586 1055 3767 1164; x_wconf 52' lang='lat' dir='ltr'><strong>aequa:</strong></span> 
     </span>
    </p>
   </div>
   <div class='ocr_carea' id='block_1_24' title="bbox 2180 1142 3758 1255">
    <p class='ocr_par' dir='ltr' id='par_1_24' title="bbox 2180 1142 3758 1255">
     <span class='ocr_line' id='line_1_24' title="bbox 2180 1142 3758 1255; baseline 0.03 -59"><span class='ocrx_word' id='word_1_165' title='bbox 2180 1142 2301 1199; x_wconf 90' lang='lat' dir='ltr'><strong>liter</strong></span> <span class='ocrx_word' id='word_1_166' title='bbox 2332 1148 2496 1205; x_wconf 86' lang='lat' dir='ltr'><strong>homo</strong></span> <span class='ocrx_word' id='word_1_167' title='bbox 2517 1162 2679 1225; x_wconf 91' lang='lat' dir='ltr'><strong>atque</strong></span> <span class='ocrx_word' id='word_1_168' title='bbox 2706 1175 2874 1229; x_wconf 85' lang='lat' dir='ltr'><strong>equus</strong></span> <span class='ocrx_word' id='word_1_169' title='bbox 2895 1165 2995 1221; x_wconf 91' lang='lat' dir='ltr'><strong>sub</strong></span> <span class='ocrx_word' id='word_1_170' title='bbox 3012 1142 3233 1228; x_wconf 69' lang='lat' dir='ltr'><strong>animali</strong></span> <span class='ocrx_word' id='word_1_171' title='bbox 3252 1190 3446 1243; x_wconf 80' lang='lat' dir='ltr'><strong>genere</strong></span> <span class='ocrx_word' id='word_1_172' title='bbox 3468 1142 3758 1255; x_wconf 53' lang='lat' dir='ltr'><strong>ponuniur,</strong></span> 
     </span>
    </p>
   </div>
   <div class='ocr_carea' id='block_1_25' title="bbox 2178 1242 3763 1350">
    <p class='ocr_par' dir='ltr' id='par_1_25' title="bbox 2178 1242 3763 1350">
     <span class='ocr_line' id='line_1_25' title="bbox 2178 1242 3763 1350; baseline 0.032 -64"><span class='ocrx_word' id='word_1_173' title='bbox 2178 1250 2352 1305; x_wconf 89' lang='lat' dir='ltr'><strong>neque</strong></span> <span class='ocrx_word' id='word_1_174' title='bbox 2405 1242 2567 1297; x_wconf 84' lang='lat' dir='ltr'><strong>homo</strong></span> <span class='ocrx_word' id='word_1_175' title='bbox 2617 1250 2767 1314; x_wconf 82' lang='lat' dir='ltr'><strong>prius</strong></span> <span class='ocrx_word' id='word_1_176' title='bbox 2818 1264 2901 1308; x_wconf 86' lang='lat' dir='ltr'><strong>est</strong></span> <span class='ocrx_word' id='word_1_177' title='bbox 2950 1272 3123 1328; x_wconf 84' lang='lat' dir='ltr'><strong>neque</strong></span> <span class='ocrx_word' id='word_1_178' title='bbox 3158 1242 3363 1336; x_wconf 83' lang='lat' dir='ltr'><strong>equus,</strong></span> <span class='ocrx_word' id='word_1_179' title='bbox 3397 1242 3493 1327; x_wconf 81' lang='lat' dir='ltr'><strong>sed</strong></span> <span class='ocrx_word' id='word_1_180' title='bbox 3539 1242 3763 1350; x_wconf 78' lang='lat' dir='ltr'><strong>uterque</strong></span> 
     </span>
    </p>
   </div>
   <div class='ocr_carea' id='block_1_26' title="bbox 2174 1334 3760 1437">
    <p class='ocr_par' dir='ltr' id='par_1_26' title="bbox 2174 1334 3760 1437">
     <span class='ocr_line' id='line_1_26' title="bbox 2174 1334 3760 1437; baseline 0.031 -56"><span class='ocrx_word' id='word_1_181' title='bbox 2174 1334 2457 1400; x_wconf 70' lang='lat' dir='ltr'><strong>aequaliter</strong></span> <span class='ocrx_word' id='word_1_182' title='bbox 2490 1340 2743 1398; x_wconf 86' lang='lat' dir='ltr'><strong>animalis</strong></span> <span class='ocrx_word' id='word_1_183' title='bbox 2767 1351 2977 1415; x_wconf 81' lang='lat' dir='ltr'><strong>species</strong></span> <span class='ocrx_word' id='word_1_184' title='bbox 3021 1334 3380 1415; x_wconf 81' lang='lat' dir='ltr'><strong>nominantur.</strong></span> <span class='ocrx_word' id='word_1_185' title='bbox 3414 1365 3578 1437; x_wconf 85' lang='lat' dir='ltr'><strong>Igitur</strong></span> <span class='ocrx_word' id='word_1_186' title='bbox 3606 1374 3650 1427; x_wconf 88' lang='lat' dir='ltr'><strong>si</strong></span> <span class='ocrx_word' id='word_1_187' title='bbox 3676 1334 3760 1430; x_wconf 71' lang='lat' dir='ltr'><strong>ra-</strong></span> 
     </span>
    </p>
   </div>
   <div class='ocr_carea' id='block_1_27' title="bbox 2177 1424 3757 1530">
    <p class='ocr_par' dir='ltr' id='par_1_27' title="bbox 2177 1424 3757 1530">
     <span class='ocr_line' id='line_1_27' title="bbox 2177 1424 3757 1530; baseline 0.03 -55"><span class='ocrx_word' id='word_1_188' title='bbox 2177 1424 2377 1481; x_wconf 85' lang='lat' dir='ltr'><strong>tionale</strong></span> <span class='ocrx_word' id='word_1_189' title='bbox 2407 1440 2568 1496; x_wconf 84' lang='lat' dir='ltr'><strong>atque</strong></span> <span class='ocrx_word' id='word_1_190' title='bbox 2593 1434 2902 1495; x_wconf 85' lang='lat' dir='ltr'><strong>irrationale</strong></span> <span class='ocrx_word' id='word_1_191' title='bbox 2922 1448 3199 1513; x_wconf 85' lang='lat' dir='ltr'><strong>aequaliter</strong></span> <span class='ocrx_word' id='word_1_192' title='bbox 3223 1454 3321 1506; x_wconf 85' lang='lat' dir='ltr'><strong>sub</strong></span> <span class='ocrx_word' id='word_1_193' title='bbox 3342 1424 3532 1514; x_wconf 69' lang='lat' dir='ltr'><strong>eodem</strong></span> <span class='ocrx_word' id='word_1_194' title='bbox 3552 1464 3757 1530; x_wconf 78' lang='lat' dir='ltr'><strong>genere</strong></span> 
     </span>
    </p>
   </div>
   <div class='ocr_carea' id='block_1_28' title="bbox 2174 1522 3757 1623">
    <p class='ocr_par' dir='ltr' id='par_1_28' title="bbox 2174 1522 3757 1623">
     <span class='ocr_line' id='line_1_28' title="bbox 2174 1522 3757 1623; baseline 0.028 -54"><span class='ocrx_word' id='word_1_195' title='bbox 2174 1527 2320 1582; x_wconf 86' lang='lat' dir='ltr'><strong>sunt,</strong></span> <span class='ocrx_word' id='word_1_196' title='bbox 2347 1530 2505 1575; x_wconf 90' lang='lat' dir='ltr'><strong>erunt</strong></span> <span class='ocrx_word' id='word_1_197' title='bbox 2530 1528 2692 1580; x_wconf 88' lang='lat' dir='ltr'><strong>etiam</strong></span> <span class='ocrx_word' id='word_1_198' title='bbox 2724 1545 2831 1584; x_wconf 87' lang='lat' dir='ltr'><strong>uno</strong></span> <span class='ocrx_word' id='word_1_199' title='bbox 2853 1522 3114 1605; x_wconf 79' lang='lat' dir='ltr'><strong>tempere.</strong></span> <span class='ocrx_word' id='word_1_200' title='bbox 3139 1539 3292 1606; x_wconf 80' lang='lat' dir='ltr'><strong>Quod</strong></span> <span class='ocrx_word' id='word_1_201' title='bbox 3325 1545 3371 1599; x_wconf 86' lang='lat' dir='ltr'><strong>si</strong></span> <span class='ocrx_word' id='word_1_202' title='bbox 3391 1562 3497 1603; x_wconf 92' lang='lat' dir='ltr'><strong>uno</strong></span> <span class='ocrx_word' id='word_1_203' title='bbox 3516 1522 3757 1623; x_wconf 50' lang='lat' dir='ltr'><strong>tempore</strong></span> 
     </span>
    </p>
   </div>
   <div class='ocr_carea' id='block_1_29' title="bbox 2171 1615 3755 1717">
    <p class='ocr_par' dir='ltr' id='par_1_29' title="bbox 2171 1615 3755 1717">
     <span class='ocr_line' id='line_1_29' title="bbox 2171 1615 3755 1717; baseline 0.03 -59"><span class='ocrx_word' id='word_1_204' title='bbox 2171 1615 2226 1659; x_wconf 90' lang='lat' dir='ltr'><strong>et</strong></span> <span class='ocrx_word' id='word_1_205' title='bbox 2250 1624 2425 1671; x_wconf 74' lang='lat' dir='ltr'><strong>genus</strong></span> <span class='ocrx_word' id='word_1_206' title='bbox 2477 1617 2606 1670; x_wconf 74' lang='lat' dir='ltr'><strong>istas</strong></span> <span class='ocrx_word' id='word_1_207' title='bbox 2655 1620 2993 1681; x_wconf 78' lang='lat' dir='ltr'><strong>differentias</strong></span> <span class='ocrx_word' id='word_1_208' title='bbox 3030 1629 3215 1695; x_wconf 80' lang='lat' dir='ltr'><strong>habet,</strong></span> <span class='ocrx_word' id='word_1_209' title='bbox 3253 1645 3305 1689; x_wconf 91' lang='lat' dir='ltr'><strong>ut</strong></span> <span class='ocrx_word' id='word_1_210' title='bbox 3353 1653 3523 1707; x_wconf 89' lang='lat' dir='ltr'><strong>genus</strong></span> <span class='ocrx_word' id='word_1_211' title='bbox 3566 1615 3755 1717; x_wconf 71' lang='lat' dir='ltr'><strong>suapte</strong></span> 
     </span>
    </p>
   </div>
   <div class='ocr_carea' id='block_1_30' title="bbox 2172 1705 3752 1804">
    <p class='ocr_par' dir='ltr' id='par_1_30' title="bbox 2172 1705 3752 1804">
     <span class='ocr_line' id='line_1_30' title="bbox 2172 1705 3752 1804; baseline 0.03 -54"><span class='ocrx_word' id='word_1_212' title='bbox 2172 1708 2386 1765; x_wconf 84' lang='lat' dir='ltr'><strong>natura.</strong></span> <span class='ocrx_word' id='word_1_213' title='bbox 2419 1705 2469 1759; x_wconf 90' lang='lat' dir='ltr'><strong>id</strong></span> <span class='ocrx_word' id='word_1_214' title='bbox 2500 1720 2583 1762; x_wconf 88' lang='lat' dir='ltr'><strong>est</strong></span> <span class='ocrx_word' id='word_1_215' title='bbox 2607 1711 2804 1767; x_wconf 87' lang='lat' dir='ltr'><strong>animal</strong></span> <span class='ocrx_word' id='word_1_216' title='bbox 2828 1720 3091 1777; x_wconf 84' lang='lat' dir='ltr'><strong>rationale</strong></span> <span class='ocrx_word' id='word_1_217' title='bbox 3110 1726 3180 1779; x_wconf 89' lang='lat' dir='ltr'><strong>sit</strong></span> <span class='ocrx_word' id='word_1_218' title='bbox 3209 1734 3266 1781; x_wconf 87' lang='lat' dir='ltr'><strong>et</strong></span> <span class='ocrx_word' id='word_1_219' title='bbox 3290 1705 3618 1804; x_wconf 66' lang='lat' dir='ltr'><strong>irrationale,</strong></span> <span class='ocrx_word' id='word_1_220' title='bbox 3647 1758 3752 1798; x_wconf 90' lang='lat' dir='ltr'><strong>non</strong></span> 
     </span>
    </p>
   </div>
   <div class='ocr_carea' id='block_1_31' title="bbox 548 1769 3749 1888">
    <p class='ocr_par' dir='ltr' id='par_1_31' title="bbox 548 1769 3749 1888">
     <span class='ocr_line' id='line_1_31' title="bbox 2831 1769 3749 1804; baseline 0 -16"><span class='ocrx_word' id='word_1_221' title='bbox 2831 1769 2838 1770; x_wconf 29' lang='lat'><em>7</em></span> <span class='ocrx_word' id='word_1_222' title='bbox 2897 1769 3089 1777; x_wconf 48' lang='lat'><strong>&quot;&quot;&quot;&#39;&quot;</strong></span> <span class='ocrx_word' id='word_1_223' title='bbox 3111 1769 3180 1779; x_wconf 68' lang='grc' dir='ltr'><strong>ν’*</strong></span> <span class='ocrx_word' id='word_1_224' title='bbox 3211 1769 3266 1781; x_wconf 66' lang='grc' dir='ltr'><strong>ν*</strong></span> <span class='ocrx_word' id='word_1_225' title='bbox 3291 1769 3618 1804; x_wconf 68' lang='grc' dir='ltr'>ιιιαιιυιιαιε,</span> <span class='ocrx_word' id='word_1_226' title='bbox 3648 1769 3749 1798; x_wconf 69' lang='lat' dir='ltr'><strong>IIU&#39;I</strong></span> 
     </span>
     <span class='ocr_line' id='line_1_32' title="bbox 548 1769 3749 1888; baseline 0.021 -67"><span class='ocrx_word' id='word_1_227' title='bbox 548 1769 686 1888; x_wconf 50' lang='lat' dir='ltr'><strong>Nugas</strong></span> <span class='ocrx_word' id='word_1_228' title='bbox 706 1774 751 1826; x_wconf 83' lang='lat' dir='ltr'><strong>si</strong></span> <span class='ocrx_word' id='word_1_229' title='bbox 773 1778 1056 1888; x_wconf 53' lang='lat' dir='ltr'><strong>contrlqrias</strong></span> <span class='ocrx_word' id='word_1_230' title='bbox 1092 1781 1411 1866; x_wconf 59' lang='lat' dir='ltr'><strong>diderentias</strong></span> <span class='ocrx_word' id='word_1_231' title='bbox 1433 1790 1739 1871; x_wconf 62' lang='lat' dir='ltr'><strong>respexeris,</strong></span> <span class='ocrx_word' id='word_1_232' title='bbox 1761 1790 1954 1846; x_wconf 78' lang='lat' dir='ltr'><strong>divides</strong></span> <span class='ocrx_word' id='word_1_233' title='bbox 1976 1810 2065 1863; x_wconf 67' lang='grc' dir='ltr'><strong>θα·-</strong></span> <span class='ocrx_word' id='word_1_234' title='bbox 2091 1786 2143 1849; x_wconf 83' lang='grc' dir='ltr'><strong>Β</strong></span> <span class='ocrx_word' id='word_1_235' title='bbox 2170 1800 2253 1845; x_wconf 89' lang='lat' dir='ltr'><strong>est</strong></span> <span class='ocrx_word' id='word_1_236' title='bbox 2283 1796 2503 1851; x_wconf 85' lang='lat' dir='ltr'><strong>dubium</strong></span> <span class='ocrx_word' id='word_1_237' title='bbox 2534 1804 2675 1870; x_wconf 89' lang='lat' dir='ltr'><strong>quod</strong></span> <span class='ocrx_word' id='word_1_238' title='bbox 2707 1808 2895 1863; x_wconf 88' lang='lat' dir='ltr'><strong>eadem</strong></span> <span class='ocrx_word' id='word_1_239' title='bbox 2924 1826 3014 1869; x_wconf 86' lang='lat' dir='ltr'><strong>res</strong></span> <span class='ocrx_word' id='word_1_240' title='bbox 3045 1830 3152 1870; x_wconf 93' lang='lat' dir='ltr'><strong>uno</strong></span> <span class='ocrx_word' id='word_1_241' title='bbox 3184 1830 3422 1888; x_wconf 87' lang='lat' dir='ltr'><strong>tempore</strong></span> <span class='ocrx_word' id='word_1_242' title='bbox 3464 1826 3598 1883; x_wconf 78' lang='lat' dir='ltr'><strong>duas</strong></span> <span class='ocrx_word' id='word_1_243' title='bbox 3624 1847 3749 1888; x_wconf 90' lang='lat' dir='ltr'><strong>con-</strong></span> 
     </span>
     <span class='ocr_line' id='line_1_33' title="bbox 548 1856 2296 1888; baseline 0 0"><span class='ocrx_word' id='word_1_244' title='bbox 548 1856 594 1888; x_wconf 70' lang='grc'><strong>8.</strong></span> <span class='ocrx_word' id='word_1_245' title='bbox 619 1873 636 1888; x_wconf 63' lang='grc' dir='ltr'><strong>Α</strong></span> <span class='ocrx_word' id='word_1_246' title='bbox 663 1859 680 1888; x_wconf 76' lang='grc' dir='ltr'>Ι.</span> <span class='ocrx_word' id='word_1_247' title='bbox 713 1860 826 1888; x_wconf 69' lang='grc' dir='ltr'><strong><em>ΙὨΥΩ</em></strong></span> <span class='ocrx_word' id='word_1_248' title='bbox 855 1864 910 1888; x_wconf 64' lang='grc' dir='ltr'><em>κη</em></span> <span class='ocrx_word' id='word_1_249' title='bbox 947 1867 977 1888; x_wconf 86' lang='grc' dir='ltr'><strong>ΙΙ</strong></span> <span class='ocrx_word' id='word_1_250' title='bbox 1003 1860 1171 1888; x_wconf 66' lang='grc' dir='ltr'><strong>Ιονηηρ</strong></span> <span class='ocrx_word' id='word_1_251' title='bbox 1239 1871 1454 1888; x_wconf 59' lang='lat' dir='ltr'><strong>(mnsam</strong></span> <span class='ocrx_word' id='word_1_252' title='bbox 1485 1870 1758 1888; x_wconf 52' lang='lat' dir='ltr'><strong>Annos.s..a-</strong></span> <span class='ocrx_word' id='word_1_253' title='bbox 2290 1886 2296 1888; x_wconf 34' lang='grc' dir='ltr'><em>Α</em></span> 
     </span>
    </p>
   </div>
   <div class='ocr_carea' id='block_1_32' title="bbox 477 1840 1779 1922">
    <p class='ocr_par' dir='ltr' id='par_1_32' title="bbox 477 1840 1779 1922">
     <span class='ocr_line' id='line_1_34' title="bbox 477 1840 1779 1922; baseline 0.015 -31"><span class='ocrx_word' id='word_1_254' title='bbox 477 1852 594 1894; x_wconf 82' lang='lat' dir='ltr'><strong>nus.</strong></span> <span class='ocrx_word' id='word_1_255' title='bbox 619 1840 681 1895; x_wconf 82' lang='lat' dir='ltr'><strong>Si</strong></span> <span class='ocrx_word' id='word_1_256' title='bbox 713 1860 826 1898; x_wconf 75' lang='lat' dir='ltr'><strong>vero</strong></span> <span class='ocrx_word' id='word_1_257' title='bbox 854 1840 1206 1920; x_wconf 69' lang='lat' dir='ltr'><strong>suballernas,</strong></span> <span class='ocrx_word' id='word_1_258' title='bbox 1235 1856 1456 1922; x_wconf 78' lang='lat' dir='ltr'><strong>speciem</strong></span> <span class='ocrx_word' id='word_1_259' title='bbox 1481 1840 1779 1916; x_wconf 58' lang='lat' dir='ltr'><strong>constitues.</strong></span> 
     </span>
    </p>
   </div>
   <div class='ocr_carea' id='block_1_33' title="bbox 460 1920 2064 2018">
    <p class='ocr_par' dir='ltr' id='par_1_33' title="bbox 460 1920 2064 2018">
     <span class='ocr_line' id='line_1_35' title="bbox 460 1920 2064 2018; baseline 0.017 -37"><span class='ocrx_word' id='word_1_260' title='bbox 460 1920 463 1921; x_wconf 47' lang='grc'><strong><em>⁷</em></strong></span> <span class='ocrx_word' id='word_1_261' title='bbox 551 1930 980 1990; x_wconf 84' lang='lat' dir='ltr'><strong>Difl&#39;erentiaruni</strong></span> <span class='ocrx_word' id='word_1_262' title='bbox 1014 1941 1172 2011; x_wconf 80' lang='lat' dir='ltr'><strong>igitur</strong></span> <span class='ocrx_word' id='word_1_263' title='bbox 1199 1920 1308 2007; x_wconf 82' lang='lat' dir='ltr'><strong>vis,</strong></span> <span class='ocrx_word' id='word_1_264' title='bbox 1345 1956 1399 2001; x_wconf 89' lang='lat' dir='ltr'><strong>et</strong></span> <span class='ocrx_word' id='word_1_265' title='bbox 1429 1950 1809 2018; x_wconf 85' lang='lat' dir='ltr'><strong>separabiliuin</strong></span> <span class='ocrx_word' id='word_1_266' title='bbox 1840 1962 1895 2007; x_wconf 89' lang='lat' dir='ltr'><strong>et</strong></span> <span class='ocrx_word' id='word_1_267' title='bbox 1925 1954 2064 2009; x_wconf 91' lang='lat' dir='ltr'><strong>inse-</strong></span> 
     </span>
    </p>
   </div>
   <div class='ocr_carea' id='block_1_34' title="bbox 453 2021 2059 2113">
    <p class='ocr_par' dir='ltr' id='par_1_34' title="bbox 453 2021 2059 2113">
     <span class='ocr_line' id='line_1_36' title="bbox 453 2021 2059 2113; baseline 0.016 -39"><span class='ocrx_word' id='word_1_268' title='bbox 453 2021 789 2089; x_wconf 83' lang='lat' dir='ltr'><strong>parabilium</strong></span> <span class='ocrx_word' id='word_1_269' title='bbox 821 2036 1044 2083; x_wconf 68' lang='lat' dir='ltr'><strong>caeteras</strong></span> <span class='ocrx_word' id='word_1_270' title='bbox 1083 2042 1190 2087; x_wconf 89' lang='lat' dir='ltr'><strong>tres</strong></span> <span class='ocrx_word' id='word_1_271' title='bbox 1230 2049 1350 2099; x_wconf 86' lang='lat' dir='ltr'><strong>res,</strong></span> <span class='ocrx_word' id='word_1_272' title='bbox 1381 2037 1430 2092; x_wconf 89' lang='lat' dir='ltr'><strong>id</strong></span> <span class='ocrx_word' id='word_1_273' title='bbox 1462 2046 1546 2093; x_wconf 85' lang='lat' dir='ltr'><strong>est</strong></span> <span class='ocrx_word' id='word_1_274' title='bbox 1574 2057 1764 2108; x_wconf 79' lang='lat' dir='ltr'><strong>genus,</strong></span> <span class='ocrx_word' id='word_1_275' title='bbox 1791 2044 2022 2113; x_wconf 88' lang='lat' dir='ltr'><strong>speciem</strong></span> <span class='ocrx_word' id='word_1_276' title='bbox 2044 2085 2059 2107; x_wconf 88' lang='lat'><strong>,</strong></span> 
     </span>
    </p>
   </div>
   <div class='ocr_carea' id='block_1_35' title="bbox 472 2111 2063 2204">
    <p class='ocr_par' dir='ltr' id='par_1_35' title="bbox 472 2111 2063 2204">
     <span class='ocr_line' id='line_1_37' title="bbox 472 2111 2063 2204; baseline 0.019 -42"><span class='ocrx_word' id='word_1_277' title='bbox 472 2111 826 2184; x_wconf 81' lang='lat' dir='ltr'><strong>aecidensque</strong></span> <span class='ocrx_word' id='word_1_278' title='bbox 858 2118 937 2173; x_wconf 88' lang='lat' dir='ltr'><strong>sic</strong></span> <span class='ocrx_word' id='word_1_279' title='bbox 968 2121 1193 2189; x_wconf 86' lang='lat' dir='ltr'><strong>retinet,</strong></span> <span class='ocrx_word' id='word_1_280' title='bbox 1228 2137 1282 2180; x_wconf 92' lang='lat' dir='ltr'><strong>ut</strong></span> <span class='ocrx_word' id='word_1_281' title='bbox 1313 2139 1615 2196; x_wconf 86' lang='lat' dir='ltr'><strong>permutata</strong></span> <span class='ocrx_word' id='word_1_282' title='bbox 1660 2139 2063 2204; x_wconf 87' lang='lat' dir='ltr'><strong>comparatione</strong></span> 
     </span>
    </p>
   </div>
   <div class='ocr_carea' id='block_1_36' title="bbox 470 2203 2061 2288">
    <p class='ocr_par' dir='ltr' id='par_1_36' title="bbox 470 2203 2061 2288">
     <span class='ocr_line' id='line_1_38' title="bbox 470 2203 2061 2288; baseline 0.02 -36"><span class='ocrx_word' id='word_1_283' title='bbox 470 2214 570 2268; x_wconf 91' lang='lat' dir='ltr'><strong>per</strong></span> <span class='ocrx_word' id='word_1_284' title='bbox 598 2203 710 2257; x_wconf 71' lang='lat' dir='ltr'><strong>haec</strong></span> <span class='ocrx_word' id='word_1_285' title='bbox 748 2207 935 2264; x_wconf 85' lang='lat' dir='ltr'><strong>eadem</strong></span> <span class='ocrx_word' id='word_1_286' title='bbox 965 2211 1079 2280; x_wconf 91' lang='lat' dir='ltr'><strong>ipsa</strong></span> <span class='ocrx_word' id='word_1_287' title='bbox 1109 2216 1269 2281; x_wconf 88' lang='lat' dir='ltr'><strong>etiam</strong></span> <span class='ocrx_word' id='word_1_288' title='bbox 1316 2232 1709 2288; x_wconf 81' lang='lat' dir='ltr'><strong>permutentur.</strong></span> <span class='ocrx_word' id='word_1_289' title='bbox 1735 2203 1867 2281; x_wconf 87' lang='lat' dir='ltr'><strong>Nam</strong></span> <span class='ocrx_word' id='word_1_290' title='bbox 1898 2230 2061 2283; x_wconf 90' lang='lat' dir='ltr'><strong>ratio-</strong></span> 
     </span>
    </p>
   </div>
   <div class='ocr_carea' id='block_1_37' title="bbox 458 2280 2060 2378">
    <p class='ocr_par' dir='ltr' id='par_1_37' title="bbox 458 2280 2060 2378">
     <span class='ocr_line' id='line_1_39' title="bbox 458 2280 2060 2378; baseline 0.022 -34"><span class='ocrx_word' id='word_1_291' title='bbox 458 2280 593 2348; x_wconf 84' lang='lat' dir='ltr'><strong>nale</strong></span> <span class='ocrx_word' id='word_1_292' title='bbox 634 2305 689 2350; x_wconf 93' lang='lat' dir='ltr'><strong>et</strong></span> <span class='ocrx_word' id='word_1_293' title='bbox 736 2302 962 2357; x_wconf 88' lang='lat' dir='ltr'><strong>mortale</strong></span> <span class='ocrx_word' id='word_1_294' title='bbox 989 2306 1321 2366; x_wconf 73' lang='lat' dir='ltr'><strong>differentias</strong></span> <span class='ocrx_word' id='word_1_295' title='bbox 1348 2314 1395 2367; x_wconf 90' lang='lat' dir='ltr'><strong>si</strong></span> <span class='ocrx_word' id='word_1_296' title='bbox 1444 2326 1631 2372; x_wconf 88' lang='lat' dir='ltr'><strong>contra</strong></span> <span class='ocrx_word' id='word_1_297' title='bbox 1661 2318 1971 2376; x_wconf 83' lang='lat' dir='ltr'><strong>irrationale</strong></span> <span class='ocrx_word' id='word_1_298' title='bbox 2005 2334 2060 2378; x_wconf 90' lang='lat' dir='ltr'><strong>et</strong></span> 
     </span>
    </p>
   </div>
   <div class='ocr_carea' id='block_1_38' title="bbox 470 2383 2031 2484">
    <p class='ocr_par' dir='ltr' id='par_1_38' title="bbox 470 2383 2031 2484">
     <span class='ocr_line' id='line_1_40' title="bbox 470 2383 2031 2484; baseline 0.024 -48"><span class='ocrx_word' id='word_1_299' title='bbox 470 2383 774 2448; x_wconf 81' lang='lat' dir='ltr'><strong>immortale</strong></span> <span class='ocrx_word' id='word_1_300' title='bbox 802 2402 1135 2467; x_wconf 78' lang='lat' dir='ltr'><strong>respexeris,</strong></span> <span class='ocrx_word' id='word_1_301' title='bbox 1170 2404 1467 2464; x_wconf 89' lang='lat' dir='ltr'><strong>divisibiles</strong></span> <span class='ocrx_word' id='word_1_302' title='bbox 1493 2422 1623 2467; x_wconf 89' lang='lat' dir='ltr'><strong>sunt</strong></span> <span class='ocrx_word' id='word_1_303' title='bbox 1663 2416 1878 2484; x_wconf 77' lang='lat' dir='ltr'><strong>generis</strong></span> <span class='ocrx_word' id='word_1_304' title='bbox 1905 2416 2031 2474; x_wconf 75' lang='lat' dir='ltr'><strong>dific</strong></span> 
     </span>
    </p>
   </div>
   <div class='ocr_carea' id='block_1_39' title="bbox 470 2480 2058 2569">
    <p class='ocr_par' dir='ltr' id='par_1_39' title="bbox 470 2480 2058 2569">
     <span class='ocr_line' id='line_1_41' title="bbox 470 2480 2058 2569; baseline 0.025 -38"><span class='ocrx_word' id='word_1_305' title='bbox 470 2480 680 2539; x_wconf 62' lang='lat' dir='ltr'><strong>rentia).</strong></span> <span class='ocrx_word' id='word_1_306' title='bbox 713 2484 806 2540; x_wconf 84' lang='lat' dir='ltr'><strong>Sin</strong></span> <span class='ocrx_word' id='word_1_307' title='bbox 830 2503 960 2547; x_wconf 91' lang='lat' dir='ltr'><strong>vero</strong></span> <span class='ocrx_word' id='word_1_308' title='bbox 992 2494 1131 2550; x_wconf 89' lang='lat' dir='ltr'><strong>idem</strong></span> <span class='ocrx_word' id='word_1_309' title='bbox 1153 2496 1329 2566; x_wconf 85' lang='lat' dir='ltr'><strong>ipsum</strong></span> <span class='ocrx_word' id='word_1_310' title='bbox 1359 2505 1621 2561; x_wconf 81' lang='lat' dir='ltr'><strong>rationale</strong></span> <span class='ocrx_word' id='word_1_311' title='bbox 1648 2518 1703 2563; x_wconf 89' lang='lat' dir='ltr'><strong>et</strong></span> <span class='ocrx_word' id='word_1_312' title='bbox 1732 2512 1961 2567; x_wconf 89' lang='lat' dir='ltr'><strong>mortale</strong></span> <span class='ocrx_word' id='word_1_313' title='bbox 1987 2513 2058 2569; x_wconf 69' lang='lat' dir='ltr'><strong>ad</strong></span> 
     </span>
    </p>
   </div>
   <div class='ocr_carea' id='block_1_40' title="bbox 468 2576 2057 2673">
    <p class='ocr_par' dir='ltr' id='par_1_40' title="bbox 468 2576 2057 2673">
     <span class='ocr_line' id='line_1_42' title="bbox 468 2576 2057 2673; baseline 0.023 -48"><span class='ocrx_word' id='word_1_314' title='bbox 468 2576 743 2641; x_wconf 84' lang='lat' dir='ltr'><strong>superiora</strong></span> <span class='ocrx_word' id='word_1_315' title='bbox 774 2589 1195 2656; x_wconf 76' lang='lat' dir='ltr'><strong>comparaveris,</strong></span> <span class='ocrx_word' id='word_1_316' title='bbox 1218 2594 1428 2661; x_wconf 86' lang='lat' dir='ltr'><strong>species</strong></span> <span class='ocrx_word' id='word_1_317' title='bbox 1458 2607 1619 2653; x_wconf 90' lang='lat' dir='ltr'><strong>erunt</strong></span> <span class='ocrx_word' id='word_1_318' title='bbox 1654 2601 1773 2671; x_wconf 85' lang='lat' dir='ltr'><strong>ejus</strong></span> <span class='ocrx_word' id='word_1_319' title='bbox 1796 2603 1937 2673; x_wconf 88' lang='lat' dir='ltr'><strong>quod</strong></span> <span class='ocrx_word' id='word_1_320' title='bbox 1963 2618 2057 2663; x_wconf 87' lang='lat' dir='ltr'><strong>eas</strong></span> 
     </span>
    </p>
   </div>
   <div class='ocr_carea' id='block_1_41' title="bbox 466 2663 1002 2730">
    <p class='ocr_par' dir='ltr' id='par_1_41' title="bbox 466 2663 1002 2730">
     <span class='ocr_line' id='line_1_43' title="bbox 466 2663 1002 2730; baseline 0.028 -15"><span class='ocrx_word' id='word_1_321' title='bbox 466 2663 706 2721; x_wconf 85' lang='lat' dir='ltr'><strong>continet</strong></span> <span class='ocrx_word' id='word_1_322' title='bbox 735 2673 1002 2730; x_wconf 82' lang='lat' dir='ltr'><strong>animalis.</strong></span> 
     </span>
    </p>
   </div>
   <div class='ocr_carea' id='block_1_42' title="bbox 538 2740 2052 2843">
    <p class='ocr_par' dir='ltr' id='par_1_42' title="bbox 538 2740 2052 2843">
     <span class='ocr_line' id='line_1_44' title="bbox 538 2740 2052 2843; baseline 0.021 -46"><span class='ocrx_word' id='word_1_323' title='bbox 538 2740 602 2799; x_wconf 81' lang='lat' dir='ltr'><strong>Si</strong></span> <span class='ocrx_word' id='word_1_324' title='bbox 629 2755 1012 2843; x_wconf 53' lang='lat' dir='ltr'><strong>verorationale</strong></span> <span class='ocrx_word' id='word_1_325' title='bbox 1031 2769 1183 2843; x_wconf 67' lang='lat' dir='ltr'><strong>atque</strong></span> <span class='ocrx_word' id='word_1_326' title='bbox 1222 2767 1439 2843; x_wconf 75' lang='lat' dir='ltr'><strong>mortale</strong></span> <span class='ocrx_word' id='word_1_327' title='bbox 1467 2766 1537 2843; x_wconf 72' lang='lat' dir='ltr'><strong>ad</strong></span> <span class='ocrx_word' id='word_1_328' title='bbox 1563 2771 1853 2843; x_wconf 79' lang='lat' dir='ltr'><strong>subjectum</strong></span> <span class='ocrx_word' id='word_1_329' title='bbox 1880 2774 2052 2829; x_wconf 85' lang='lat' dir='ltr'><strong>homi-</strong></span> 
     </span>
    </p>
   </div>
   <div class='ocr_carea' id='block_1_43' title="bbox 448 2822 2051 2913">
    <p class='ocr_par' dir='ltr' id='par_1_43' title="bbox 448 2822 2051 2913">
     <span class='ocr_line' id='line_1_45' title="bbox 448 2822 2051 2913; baseline 0.022 -47"><span class='ocrx_word' id='word_1_330' title='bbox 448 2826 578 2869; x_wconf 56' lang='lat' dir='ltr'><strong>«nam</strong></span> <span class='ocrx_word' id='word_1_331' title='bbox 598 2822 907 2913; x_wconf 57' lang='lat' dir='ltr'><strong>consideres,</strong></span> <span class='ocrx_word' id='word_1_332' title='bbox 927 2822 1113 2897; x_wconf 64' lang='lat' dir='ltr'><strong>genere</strong></span> <span class='ocrx_word' id='word_1_333' title='bbox 1129 2836 1242 2905; x_wconf 80' lang='lat' dir='ltr'><strong>ejus</strong></span> <span class='ocrx_word' id='word_1_334' title='bbox 1266 2822 2051 2913; x_wconf 32' lang='lat' dir='ltr'><strong>constitutivcsqitevdiiercntias</strong></span> 
     </span>
    </p>
   </div>
   <div class='ocr_carea' id='block_1_44' title="bbox 460 2892 888 2959">
    <p class='ocr_par' dir='ltr' id='par_1_44' title="bbox 460 2892 888 2959">
     <span class='ocr_line' id='line_1_46' title="bbox 460 2892 888 2959; baseline 0.03 -22"><span class='ocrx_word' id='word_1_335' title='bbox 460 2892 888 2959; x_wconf 68' lang='lat' dir='ltr'><strong>contemplabcrc.</strong></span> 
     </span>
    </p>
   </div>
   <div class='ocr_carea' id='block_1_45' title="bbox 446 2969 2050 3066">
    <p class='ocr_par' dir='ltr' id='par_1_45' title="bbox 446 2969 2050 3066">
     <span class='ocr_line' id='line_1_47' title="bbox 446 2969 2050 3066; baseline 0.021 -48"><span class='ocrx_word' id='word_1_336' title='bbox 446 3000 455 3007; x_wconf 85' lang='grc'><strong><em>-</em></strong></span> <span class='ocrx_word' id='word_1_337' title='bbox 532 2969 607 3021; x_wconf 74' lang='lat' dir='ltr'><strong>At</strong></span> <span class='ocrx_word' id='word_1_338' title='bbox 626 2984 752 3025; x_wconf 87' lang='lat' dir='ltr'><strong>vero</strong></span> <span class='ocrx_word' id='word_1_339' title='bbox 765 2974 834 3029; x_wconf 90' lang='lat' dir='ltr'><strong>de</strong></span> <span class='ocrx_word' id='word_1_340' title='bbox 856 2975 963 3031; x_wconf 90' lang='lat' dir='ltr'><strong>illis</strong></span> <span class='ocrx_word' id='word_1_341' title='bbox 974 2980 1095 3035; x_wconf 88' lang='lat' dir='ltr'><strong>aliis</strong></span> <span class='ocrx_word' id='word_1_342' title='bbox 1116 2982 1593 3057; x_wconf 83' lang='lat' dir='ltr'><strong>inseparabilibus,</strong></span> <span class='ocrx_word' id='word_1_343' title='bbox 1613 2991 1667 3047; x_wconf 87' lang='lat' dir='ltr'><strong>id</strong></span> <span class='ocrx_word' id='word_1_344' title='bbox 1688 3004 1793 3062; x_wconf 89' lang='lat' dir='ltr'><strong>est,</strong></span> <span class='ocrx_word' id='word_1_345' title='bbox 1817 2998 2050 3066; x_wconf 83' lang='lat' dir='ltr'><strong>propriis</strong></span> 
     </span>
    </p>
   </div>
   <div class='ocr_carea' id='block_1_46' title="bbox 446 3058 2047 3157">
    <p class='ocr_par' dir='ltr' id='par_1_46' title="bbox 446 3058 2047 3157">
     <span class='ocr_line' id='line_1_48' title="bbox 446 3058 2047 3157; baseline 0.016 -40"><span class='ocrx_word' id='word_1_346' title='bbox 446 3058 657 3127; x_wconf 35' lang='lat' dir='ltr'><strong>,Cadunt</strong></span> <span class='ocrx_word' id='word_1_347' title='bbox 693 3063 1010 3125; x_wconf 61' lang='lat' dir='ltr'><strong>differentias</strong></span> <span class='ocrx_word' id='word_1_348' title='bbox 1045 3072 1425 3143; x_wconf 81' lang='lat' dir='ltr'><strong>inseparabilis</strong></span> <span class='ocrx_word' id='word_1_349' title='bbox 1462 3058 1787 3141; x_wconf 59' lang='lat' dir='ltr'><strong>accidentis.</strong></span> <span class='ocrx_word' id='word_1_350' title='bbox 1817 3058 2047 3157; x_wconf 45' lang='lat' dir='ltr'><strong>.lnsepm</strong></span> 
     </span>
    </p>
   </div>
   <div class='ocr_carea' id='block_1_47' title="bbox 450 3150 2121 3245">
    <p class='ocr_par' dir='ltr' id='par_1_47' title="bbox 450 3150 2121 3245">
     <span class='ocr_line' id='line_1_49' title="bbox 450 3150 2121 3245; baseline 0.02 -44"><span class='ocrx_word' id='word_1_351' title='bbox 450 3150 629 3208; x_wconf 76' lang='lat' dir='ltr'><strong>rabile</strong></span> <span class='ocrx_word' id='word_1_352' title='bbox 674 3170 905 3227; x_wconf 74' lang='lat' dir='ltr'><strong>namque</strong></span> <span class='ocrx_word' id='word_1_353' title='bbox 944 3172 1027 3217; x_wconf 78' lang='lat' dir='ltr'><strong>est</strong></span> <span class='ocrx_word' id='word_1_354' title='bbox 1067 3166 1351 3236; x_wconf 89' lang='lat' dir='ltr'><strong>accidens,</strong></span> <span class='ocrx_word' id='word_1_355' title='bbox 1386 3173 1602 3232; x_wconf 67' lang='lat' dir='ltr'><strong>caecitas</strong></span> <span class='ocrx_word' id='word_1_356' title='bbox 1649 3177 1957 3245; x_wconf 88' lang='lat' dir='ltr'><strong>oculorum,</strong></span> <span class='ocrx_word' id='word_1_357' title='bbox 1991 3155 2121 3234; x_wconf 75' lang='lat' dir='ltr'><strong>etc</strong></span> 
     </span>
    </p>
   </div>
   <div class='ocr_carea' id='block_1_48' title="bbox 454 3245 2045 3340">
    <p class='ocr_par' dir='ltr' id='par_1_48' title="bbox 454 3245 2045 3340">
     <span class='ocr_line' id='line_1_50' title="bbox 454 3245 2045 3340; baseline 0.018 -43"><span class='ocrx_word' id='word_1_358' title='bbox 454 3245 572 3297; x_wconf 83' lang='lat' dir='ltr'><strong>nasi</strong></span> <span class='ocrx_word' id='word_1_359' title='bbox 601 3248 854 3316; x_wconf 90' lang='lat' dir='ltr'><strong>curvitas,</strong></span> <span class='ocrx_word' id='word_1_360' title='bbox 883 3261 938 3307; x_wconf 89' lang='lat' dir='ltr'><strong>et</strong></span> <span class='ocrx_word' id='word_1_361' title='bbox 965 3255 1069 3310; x_wconf 88' lang='lat' dir='ltr'><strong>alia</strong></span> <span class='ocrx_word' id='word_1_362' title='bbox 1100 3256 1429 3329; x_wconf 86' lang='lat' dir='ltr'><strong>bujusmodi.</strong></span> <span class='ocrx_word' id='word_1_363' title='bbox 1463 3265 1529 3319; x_wconf 90' lang='lat' dir='ltr'><strong>Et</strong></span> <span class='ocrx_word' id='word_1_364' title='bbox 1566 3267 1708 3323; x_wconf 88' lang='lat' dir='ltr'><strong>idem</strong></span> <span class='ocrx_word' id='word_1_365' title='bbox 1740 3270 1806 3324; x_wconf 87' lang='lat' dir='ltr'><strong>de</strong></span> <span class='ocrx_word' id='word_1_366' title='bbox 1827 3284 2045 3340; x_wconf 51' lang='lat' dir='ltr'><strong>separa.</strong></span> 
     </span>
    </p>
   </div>
   <div class='ocr_carea' id='block_1_49' title="bbox 454 3333 2044 3430">
    <p class='ocr_par' dir='ltr' id='par_1_49' title="bbox 454 3333 2044 3430">
     <span class='ocr_line' id='line_1_51' title="bbox 454 3333 2044 3430; baseline 0.019 -43"><span class='ocrx_word' id='word_1_367' title='bbox 454 3333 655 3393; x_wconf 67' lang='lat' dir='ltr'><strong>bilibus</strong></span> <span class='ocrx_word' id='word_1_368' title='bbox 680 3341 1068 3411; x_wconf 83' lang='lat' dir='ltr'><strong>accidentibus.</strong></span> <span class='ocrx_word' id='word_1_369' title='bbox 1112 3349 1166 3404; x_wconf 89' lang='lat' dir='ltr'><strong>id</strong></span> <span class='ocrx_word' id='word_1_370' title='bbox 1189 3362 1275 3408; x_wconf 84' lang='lat' dir='ltr'><strong>est</strong></span> <span class='ocrx_word' id='word_1_371' title='bbox 1295 3352 1367 3409; x_wconf 86' lang='lat' dir='ltr'><strong>de</strong></span> <span class='ocrx_word' id='word_1_372' title='bbox 1387 3359 1782 3416; x_wconf 68' lang='lat' dir='ltr'><strong>communibus.</strong></span> <span class='ocrx_word' id='word_1_373' title='bbox 1816 3333 2044 3430; x_wconf 79' lang='lat' dir='ltr'><strong>Separa-</strong></span> 
     </span>
    </p>
   </div>
   <div class='ocr_carea' id='block_1_50' title="bbox 457 3426 2040 3525">
    <p class='ocr_par' dir='ltr' id='par_1_50' title="bbox 457 3426 2040 3525">
     <span class='ocr_line' id='line_1_52' title="bbox 457 3426 2040 3525; baseline 0.021 -46"><span class='ocrx_word' id='word_1_374' title='bbox 457 3426 561 3481; x_wconf 87' lang='lat' dir='ltr'><strong>bile</strong></span> <span class='ocrx_word' id='word_1_375' title='bbox 590 3445 817 3502; x_wconf 83' lang='lat' dir='ltr'><strong>namque</strong></span> <span class='ocrx_word' id='word_1_376' title='bbox 840 3438 1093 3496; x_wconf 85' lang='lat' dir='ltr'><strong>accidens</strong></span> <span class='ocrx_word' id='word_1_377' title='bbox 1117 3453 1222 3513; x_wconf 89' lang='lat' dir='ltr'><strong>est,</strong></span> <span class='ocrx_word' id='word_1_378' title='bbox 1250 3445 1495 3515; x_wconf 87' lang='lat' dir='ltr'><strong>vigilare,</strong></span> <span class='ocrx_word' id='word_1_379' title='bbox 1518 3451 1774 3521; x_wconf 84' lang='lat' dir='ltr'><strong>dormire,</strong></span> <span class='ocrx_word' id='word_1_380' title='bbox 1794 3469 2040 3525; x_wconf 90' lang='lat' dir='ltr'><strong>currere,</strong></span> 
     </span>
    </p>
   </div>
   <div class='ocr_carea' id='block_1_51' title="bbox 452 3520 2041 3615">
    <p class='ocr_par' dir='ltr' id='par_1_51' title="bbox 452 3520 2041 3615">
     <span class='ocr_line' id='line_1_53' title="bbox 452 3520 2041 3615; baseline 0.021 -45"><span class='ocrx_word' id='word_1_381' title='bbox 452 3529 507 3570; x_wconf 87' lang='lat' dir='ltr'><strong>et</strong></span> <span class='ocrx_word' id='word_1_382' title='bbox 548 3520 758 3578; x_wconf 86' lang='lat' dir='ltr'><strong>sedere.</strong></span> <span class='ocrx_word' id='word_1_383' title='bbox 803 3524 956 3595; x_wconf 85' lang='lat' dir='ltr'><strong>Quod</strong></span> <span class='ocrx_word' id='word_1_384' title='bbox 987 3541 1166 3589; x_wconf 89' lang='lat' dir='ltr'><strong>autem</strong></span> <span class='ocrx_word' id='word_1_385' title='bbox 1215 3536 1387 3593; x_wconf 88' lang='lat' dir='ltr'><strong>dicit:</strong></span> <span class='ocrx_word' id='word_1_386' title='bbox 1413 3540 1505 3595; x_wconf 83' lang='lat' dir='ltr'><strong>Sic</strong></span> <span class='ocrx_word' id='word_1_387' title='bbox 1551 3542 1714 3610; x_wconf 88' lang='lat' dir='ltr'><strong>igitur</strong></span> <span class='ocrx_word' id='word_1_388' title='bbox 1739 3520 2041 3615; x_wconf 73' lang='lat' dir='ltr'><strong>composita</strong></span> 
     </span>
    </p>
   </div>
   <div class='ocr_carea' id='block_1_52' title="bbox 448 3610 2041 3706">
    <p class='ocr_par' dir='ltr' id='par_1_52' title="bbox 448 3610 2041 3706">
     <span class='ocr_line' id='line_1_54' title="bbox 448 3610 2041 3706; baseline 0.023 -45"><span class='ocrx_word' id='word_1_389' title='bbox 448 3610 519 3663; x_wconf 86' lang='lat' dir='ltr'><strong>sit</strong></span> <span class='ocrx_word' id='word_1_390' title='bbox 549 3627 712 3682; x_wconf 87' lang='lat' dir='ltr'><strong>super</strong></span> <span class='ocrx_word' id='word_1_391' title='bbox 741 3620 921 3676; x_wconf 89' lang='lat' dir='ltr'><strong>omnia</strong></span> <span class='ocrx_word' id='word_1_392' title='bbox 949 3626 1287 3699; x_wconf 85' lang='lat' dir='ltr'><strong>substantia,</strong></span> <span class='ocrx_word' id='word_1_393' title='bbox 1316 3640 1373 3688; x_wconf 89' lang='lat' dir='ltr'><strong>et</strong></span> <span class='ocrx_word' id='word_1_394' title='bbox 1413 3633 1523 3689; x_wconf 87' lang='lat' dir='ltr'><strong>sint</strong></span> <span class='ocrx_word' id='word_1_395' title='bbox 1573 3636 1691 3706; x_wconf 85' lang='lat' dir='ltr'><strong>ejus</strong></span> <span class='ocrx_word' id='word_1_396' title='bbox 1719 3610 2041 3697; x_wconf 70' lang='lat' dir='ltr'><strong>differentiae</strong></span> 
     </span>
    </p>
   </div>
   <div class='ocr_carea' id='block_1_53' title="bbox 448 3702 2039 3794">
    <p class='ocr_par' dir='ltr' id='par_1_53' title="bbox 448 3702 2039 3794">
     <span class='ocr_line' id='line_1_55' title="bbox 448 3702 2039 3794; baseline 0.019 -37"><span class='ocrx_word' id='word_1_397' title='bbox 448 3702 743 3765; x_wconf 85' lang='lat' dir='ltr'><strong>divisibiles</strong></span> <span class='ocrx_word' id='word_1_398' title='bbox 788 3714 1086 3773; x_wconf 87' lang='lat' dir='ltr'><strong>animatum</strong></span> <span class='ocrx_word' id='word_1_399' title='bbox 1117 3732 1174 3776; x_wconf 91' lang='lat' dir='ltr'><strong>et</strong></span> <span class='ocrx_word' id='word_1_400' title='bbox 1203 3722 1578 3794; x_wconf 88' lang='lat' dir='ltr'><strong>inanimatum,</strong></span> <span class='ocrx_word' id='word_1_401' title='bbox 1604 3702 1909 3786; x_wconf 80' lang='lat' dir='ltr'><strong>contrarias</strong></span> <span class='ocrx_word' id='word_1_402' title='bbox 1934 3733 2039 3788; x_wconf 68' lang='grc' dir='ltr'><strong>ὁὶ(-</strong></span> 
     </span>
    </p>
   </div>
   <div class='ocr_carea' id='block_1_54' title="bbox 454 3795 2035 3883">
    <p class='ocr_par' dir='ltr' id='par_1_54' title="bbox 454 3795 2035 3883">
     <span class='ocr_line' id='line_1_56' title="bbox 454 3795 2035 3883; baseline 0.022 -36"><span class='ocrx_word' id='word_1_403' title='bbox 454 3795 708 3855; x_wconf 69' lang='lat' dir='ltr'><strong>ferentias</strong></span> <span class='ocrx_word' id='word_1_404' title='bbox 752 3802 805 3857; x_wconf 92' lang='lat' dir='ltr'><strong>in</strong></span> <span class='ocrx_word' id='word_1_405' title='bbox 847 3810 1057 3874; x_wconf 87' lang='lat' dir='ltr'><strong>species</strong></span> <span class='ocrx_word' id='word_1_406' title='bbox 1110 3824 1395 3871; x_wconf 84' lang='lat' dir='ltr'><strong>monstrat.</strong></span> <span class='ocrx_word' id='word_1_407' title='bbox 1450 3817 1605 3883; x_wconf 88' lang='lat' dir='ltr'><strong>Quod</strong></span> <span class='ocrx_word' id='word_1_408' title='bbox 1654 3832 1837 3878; x_wconf 84' lang='lat' dir='ltr'><strong>autem</strong></span> <span class='ocrx_word' id='word_1_409' title='bbox 1863 3824 2035 3882; x_wconf 82' lang='lat' dir='ltr'><strong>dicit:</strong></span> 
     </span>
    </p>
   </div>
   <div class='ocr_carea' id='block_1_55' title="bbox 445 3887 2036 3977">
    <p class='ocr_par' dir='ltr' id='par_1_55' title="bbox 445 3887 2036 3977">
     <span class='ocr_line' id='line_1_57' title="bbox 445 3887 2036 3977; baseline 0.019 -36"><span class='ocrx_word' id='word_1_410' title='bbox 445 3887 569 3943; x_wconf 79' lang='lat' dir='ltr'><strong>Haec</strong></span> <span class='ocrx_word' id='word_1_411' title='bbox 595 3891 896 3952; x_wconf 73' lang='lat' dir='ltr'><strong>difi‘erentia</strong></span> <span class='ocrx_word' id='word_1_412' title='bbox 918 3902 1154 3958; x_wconf 90' lang='lat' dir='ltr'><strong>animata</strong></span> <span class='ocrx_word' id='word_1_413' title='bbox 1185 3892 1345 3977; x_wconf 80' lang='lat' dir='ltr'><strong>atque</strong></span> <span class='ocrx_word' id='word_1_414' title='bbox 1367 3910 1647 3966; x_wconf 88' lang='lat' dir='ltr'><strong>sensibilis</strong></span> <span class='ocrx_word' id='word_1_415' title='bbox 1676 3914 1878 3970; x_wconf 76' lang='lat' dir='ltr'><strong>sociata</strong></span> <span class='ocrx_word' id='word_1_416' title='bbox 1908 3919 2036 3973; x_wconf 87' lang='lat' dir='ltr'><strong>sub-</strong></span> 
     </span>
    </p>
   </div>
   <div class='ocr_carea' id='block_1_56' title="bbox 443 3983 2033 4077">
    <p class='ocr_par' dir='ltr' id='par_1_56' title="bbox 443 3983 2033 4077">
     <span class='ocr_line' id='line_1_58' title="bbox 443 3983 2033 4077; baseline 0.02 -44"><span class='ocrx_word' id='word_1_417' title='bbox 443 3983 651 4038; x_wconf 66' lang='lat' dir='ltr'><strong>stantiae</strong></span> <span class='ocrx_word' id='word_1_418' title='bbox 709 3988 952 4057; x_wconf 77' lang='lat' dir='ltr'><strong>perficiet</strong></span> <span class='ocrx_word' id='word_1_419' title='bbox 1006 3994 1234 4060; x_wconf 88' lang='lat' dir='ltr'><strong>animal,</strong></span> <span class='ocrx_word' id='word_1_420' title='bbox 1292 4002 1670 4060; x_wconf 87' lang='lat' dir='ltr'><strong>constitutivas</strong></span> <span class='ocrx_word' id='word_1_421' title='bbox 1730 4009 2033 4077; x_wconf 85' lang='lat' dir='ltr'><strong>specierum</strong></span> 
     </span>
    </p>
   </div>
   <div class='ocr_carea' id='block_1_57' title="bbox 440 4073 2083 4171">
    <p class='ocr_par' dir='ltr' id='par_1_57' title="bbox 440 4073 2083 4171">
     <span class='ocr_line' id='line_1_59' title="bbox 440 4073 2083 4171; baseline 0.021 -46"><span class='ocrx_word' id='word_1_422' title='bbox 440 4073 774 4134; x_wconf 79' lang='lat' dir='ltr'><strong>differentias</strong></span> <span class='ocrx_word' id='word_1_423' title='bbox 797 4092 1082 4143; x_wconf 87' lang='lat' dir='ltr'><strong>monstrat.</strong></span> <span class='ocrx_word' id='word_1_424' title='bbox 1100 4087 1194 4143; x_wconf 90' lang='lat' dir='ltr'><strong>Sic</strong></span> <span class='ocrx_word' id='word_1_425' title='bbox 1214 4090 1375 4159; x_wconf 88' lang='lat' dir='ltr'><strong>igitur</strong></span> <span class='ocrx_word' id='word_1_426' title='bbox 1396 4094 1561 4150; x_wconf 90' lang='lat' dir='ltr'><strong>variis</strong></span> <span class='ocrx_word' id='word_1_427' title='bbox 1583 4097 1754 4154; x_wconf 90' lang='lat' dir='ltr'><strong>modis</strong></span> <span class='ocrx_word' id='word_1_428' title='bbox 1769 4112 2031 4171; x_wconf 67' lang='lat' dir='ltr'><strong>acceptae.</strong></span> <span class='ocrx_word' id='word_1_429' title='bbox 2077 4104 2083 4111; x_wconf 84' lang='grc'><strong>’</strong></span> 
     </span>
    </p>
   </div>
   <div class='ocr_carea' id='block_1_58' title="bbox 441 4165 2029 4249">
    <p class='ocr_par' dir='ltr' id='par_1_58' title="bbox 441 4165 2029 4249">
     <span class='ocr_line' id='line_1_60' title="bbox 441 4165 2029 4249; baseline 0.021 -33"><span class='ocrx_word' id='word_1_430' title='bbox 441 4165 620 4221; x_wconf 85' lang='lat' dir='ltr'><strong>varias</strong></span> <span class='ocrx_word' id='word_1_431' title='bbox 644 4168 870 4227; x_wconf 83' lang='lat' dir='ltr'><strong>virtutes</strong></span> <span class='ocrx_word' id='word_1_432' title='bbox 901 4173 1206 4248; x_wconf 85' lang='lat' dir='ltr'><strong>formasque</strong></span> <span class='ocrx_word' id='word_1_433' title='bbox 1235 4184 1445 4239; x_wconf 66' lang='lat' dir='ltr'><strong>sortita:</strong></span> <span class='ocrx_word' id='word_1_434' title='bbox 1490 4201 1634 4242; x_wconf 86' lang='lat' dir='ltr'><strong>sunt.</strong></span> <span class='ocrx_word' id='word_1_435' title='bbox 1671 4190 1779 4246; x_wconf 90' lang='lat' dir='ltr'><strong>Sed</strong></span> <span class='ocrx_word' id='word_1_436' title='bbox 1810 4202 1865 4247; x_wconf 89' lang='lat' dir='ltr'><strong>et</strong></span> <span class='ocrx_word' id='word_1_437' title='bbox 1895 4194 2029 4249; x_wconf 87' lang='lat' dir='ltr'><strong>divi-</strong></span> 
     </span>
    </p>
   </div>
   <div class='ocr_carea' id='block_1_59' title="bbox 438 4256 2025 4353">
    <p class='ocr_par' dir='ltr' id='par_1_59' title="bbox 438 4256 2025 4353">
     <span class='ocr_line' id='line_1_61' title="bbox 438 4256 2025 4353; baseline 0.018 -41"><span class='ocrx_word' id='word_1_438' title='bbox 438 4256 621 4314; x_wconf 87' lang='lat' dir='ltr'><strong>sibiles</strong></span> <span class='ocrx_word' id='word_1_439' title='bbox 651 4269 706 4315; x_wconf 89' lang='lat' dir='ltr'><strong>et</strong></span> <span class='ocrx_word' id='word_1_440' title='bbox 731 4264 1089 4323; x_wconf 73' lang='lat' dir='ltr'><strong>constitutiva:</strong></span> <span class='ocrx_word' id='word_1_441' title='bbox 1110 4281 1350 4343; x_wconf 62' lang='lat' dir='ltr'><strong>utraeque</strong></span> <span class='ocrx_word' id='word_1_442' title='bbox 1376 4278 1628 4344; x_wconf 85' lang='lat' dir='ltr'><strong>specifice</strong></span> <span class='ocrx_word' id='word_1_443' title='bbox 1657 4283 2025 4353; x_wconf 86' lang='lat' dir='ltr'><strong>nominantur,</strong></span> 
     </span>
    </p>
   </div>
   <div class='ocr_carea' id='block_1_60' title="bbox 438 4348 2028 4443">
    <p class='ocr_par' dir='ltr' id='par_1_60' title="bbox 438 4348 2028 4443">
     <span class='ocr_line' id='line_1_62' title="bbox 438 4348 2028 4443; baseline 0.017 -40"><span class='ocrx_word' id='word_1_444' title='bbox 438 4360 489 4403; x_wconf 83' lang='lat' dir='ltr'><strong>et</strong></span> <span class='ocrx_word' id='word_1_445' title='bbox 539 4348 593 4404; x_wconf 90' lang='lat' dir='ltr'><strong>in</strong></span> <span class='ocrx_word' id='word_1_446' title='bbox 638 4351 987 4412; x_wconf 85' lang='lat' dir='ltr'><strong>divisionibus</strong></span> <span class='ocrx_word' id='word_1_447' title='bbox 1033 4374 1294 4430; x_wconf 86' lang='lat' dir='ltr'><strong>generum</strong></span> <span class='ocrx_word' id='word_1_448' title='bbox 1347 4366 1856 4443; x_wconf 87' lang='lat' dir='ltr'><strong>definitionibusque</strong></span> <span class='ocrx_word' id='word_1_449' title='bbox 1895 4377 2028 4431; x_wconf 72' lang='lat' dir='ltr'><strong>solas</strong></span> 
     </span>
    </p>
   </div>
   <div class='ocr_carea' id='block_1_61' title="bbox 434 4443 2020 4534">
    <p class='ocr_par' dir='ltr' id='par_1_61' title="bbox 434 4443 2020 4534">
     <span class='ocr_line' id='line_1_63' title="bbox 434 4443 2020 4534; baseline 0.018 -41"><span class='ocrx_word' id='word_1_450' title='bbox 434 4452 560 4495; x_wconf 88' lang='lat' dir='ltr'><strong>sunt</strong></span> <span class='ocrx_word' id='word_1_451' title='bbox 589 4443 769 4500; x_wconf 87' lang='lat' dir='ltr'><strong>utiles.</strong></span> <span class='ocrx_word' id='word_1_452' title='bbox 796 4444 1018 4505; x_wconf 68' lang='lat' dir='ltr'><strong>Caetera:</strong></span> <span class='ocrx_word' id='word_1_453' title='bbox 1040 4467 1172 4508; x_wconf 88' lang='lat' dir='ltr'><strong>vero</strong></span> <span class='ocrx_word' id='word_1_454' title='bbox 1204 4456 1594 4525; x_wconf 85' lang='lat' dir='ltr'><strong>inseparabiles</strong></span> <span class='ocrx_word' id='word_1_455' title='bbox 1622 4477 1720 4531; x_wconf 87' lang='lat' dir='ltr'><strong>per</strong></span> <span class='ocrx_word' id='word_1_456' title='bbox 1747 4464 2020 4534; x_wconf 84' lang='lat' dir='ltr'><strong>accidens,</strong></span> 
     </span>
    </p>
   </div>
   <div class='ocr_carea' id='block_1_62' title="bbox 432 4530 2105 4628">
    <p class='ocr_par' dir='ltr' id='par_1_62' title="bbox 432 4530 2105 4628">
     <span class='ocr_line' id='line_1_64' title="bbox 432 4530 2105 4628; baseline 0.018 -42"><span class='ocrx_word' id='word_1_457' title='bbox 432 4530 668 4597; x_wconf 88' lang='lat' dir='ltr'><strong>inutiles,</strong></span> <span class='ocrx_word' id='word_1_458' title='bbox 697 4548 748 4591; x_wconf 91' lang='lat' dir='ltr'><strong>et</strong></span> <span class='ocrx_word' id='word_1_459' title='bbox 770 4539 938 4594; x_wconf 92' lang='lat' dir='ltr'><strong>multo</strong></span> <span class='ocrx_word' id='word_1_460' title='bbox 965 4545 1137 4613; x_wconf 85' lang='lat' dir='ltr'><strong>magis</strong></span> <span class='ocrx_word' id='word_1_461' title='bbox 1157 4545 1265 4602; x_wconf 64' lang='lat' dir='ltr'><strong>illae</strong></span> <span class='ocrx_word' id='word_1_462' title='bbox 1297 4559 1424 4605; x_wconf 89' lang='lat' dir='ltr'><strong>sunt</strong></span> <span class='ocrx_word' id='word_1_463' title='bbox 1446 4530 1684 4620; x_wconf 87' lang='lat' dir='ltr'><strong>inutiles,</strong></span> <span class='ocrx_word' id='word_1_464' title='bbox 1718 4572 1838 4625; x_wconf 74' lang='lat' dir='ltr'><strong>quas</strong></span> <span class='ocrx_word' id='word_1_465' title='bbox 1867 4574 2025 4628; x_wconf 84' lang='lat' dir='ltr'><strong>sepa-</strong></span> <span class='ocrx_word' id='word_1_466' title='bbox 2047 4531 2105 4595; x_wconf 66' lang='grc' dir='ltr'><strong>Β</strong></span> 
     </span>
    </p>
   </div>
   <div class='ocr_carea' id='block_1_63' title="bbox 430 4625 2022 4713">
    <p class='ocr_par' dir='ltr' id='par_1_63' title="bbox 430 4625 2022 4713">
     <span class='ocr_line' id='line_1_65' title="bbox 430 4625 2022 4713; baseline 0.019 -35"><span class='ocrx_word' id='word_1_467' title='bbox 430 4625 589 4681; x_wconf 89' lang='lat' dir='ltr'><strong>rabili</strong></span> <span class='ocrx_word' id='word_1_468' title='bbox 618 4629 916 4688; x_wconf 75' lang='lat' dir='ltr'><strong>differentia</strong></span> <span class='ocrx_word' id='word_1_469' title='bbox 950 4635 1389 4713; x_wconf 86' lang='lat' dir='ltr'><strong>discretioneque</strong></span> <span class='ocrx_word' id='word_1_470' title='bbox 1417 4645 1660 4704; x_wconf 63' lang='lat' dir='ltr'><strong>formata}</strong></span> <span class='ocrx_word' id='word_1_471' title='bbox 1708 4663 1856 4706; x_wconf 90' lang='lat' dir='ltr'><strong>sunt.</strong></span> <span class='ocrx_word' id='word_1_472' title='bbox 1913 4655 2022 4710; x_wconf 88' lang='lat' dir='ltr'><strong>Has</strong></span> 
     </span>
    </p>
   </div>
   <div class='ocr_carea' id='block_1_64' title="bbox 428 4726 2015 4807">
    <p class='ocr_par' dir='ltr' id='par_1_64' title="bbox 428 4726 2015 4807">
     <span class='ocr_line' id='line_1_66' title="bbox 428 4726 2015 4807; baseline 0.021 -37"><span class='ocrx_word' id='word_1_473' title='bbox 428 4729 610 4776; x_wconf 87' lang='lat' dir='ltr'><strong>autem</strong></span> <span class='ocrx_word' id='word_1_474' title='bbox 650 4726 927 4793; x_wconf 86' lang='lat' dir='ltr'><strong>specificas</strong></span> <span class='ocrx_word' id='word_1_475' title='bbox 967 4729 1334 4801; x_wconf 74' lang='lat' dir='ltr'><strong>differentias,</strong></span> <span class='ocrx_word' id='word_1_476' title='bbox 1364 4739 1455 4807; x_wconf 92' lang='lat' dir='ltr'><strong>qui</strong></span> <span class='ocrx_word' id='word_1_477' title='bbox 1498 4740 1565 4795; x_wconf 91' lang='lat' dir='ltr'><strong>de</strong></span> <span class='ocrx_word' id='word_1_478' title='bbox 1592 4743 2015 4804; x_wconf 74' lang='lat' dir='ltr'><strong>differentiarum</strong></span> 
     </span>
    </p>
   </div>
   <div class='ocr_carea' id='block_1_65' title="bbox 426 4808 2018 4910">
    <p class='ocr_par' dir='ltr' id='par_1_65' title="bbox 426 4808 2018 4910">
     <span class='ocr_line' id='line_1_67' title="bbox 426 4808 2018 4910; baseline 0.021 -47"><span class='ocrx_word' id='word_1_479' title='bbox 426 4808 692 4870; x_wconf 84' lang='lat' dir='ltr'><strong>divisione</strong></span> <span class='ocrx_word' id='word_1_480' title='bbox 741 4825 1082 4888; x_wconf 81' lang='lat' dir='ltr'><strong>tractavero,</strong></span> <span class='ocrx_word' id='word_1_481' title='bbox 1125 4827 1260 4881; x_wconf 85' lang='lat' dir='ltr'><strong>tales</strong></span> <span class='ocrx_word' id='word_1_482' title='bbox 1312 4844 1435 4885; x_wconf 87' lang='lat' dir='ltr'><strong>esse</strong></span> <span class='ocrx_word' id='word_1_483' title='bbox 1488 4833 1763 4892; x_wconf 88' lang='lat' dir='ltr'><strong>declarant</strong></span> <span class='ocrx_word' id='word_1_484' title='bbox 1821 4842 2018 4910; x_wconf 91' lang='lat' dir='ltr'><strong>quibus</strong></span> 
     </span>
    </p>
   </div>
   <div class='ocr_carea' id='block_1_66' title="bbox 423 4905 2015 4990">
    <p class='ocr_par' dir='ltr' id='par_1_66' title="bbox 423 4905 2015 4990">
     <span class='ocr_line' id='line_1_68' title="bbox 423 4905 2015 4990; baseline 0.019 -33"><span class='ocrx_word' id='word_1_485' title='bbox 423 4905 636 4973; x_wconf 88' lang='lat' dir='ltr'><strong>species</strong></span> <span class='ocrx_word' id='word_1_486' title='bbox 659 4923 689 4962; x_wconf 89' lang='lat' dir='ltr'><strong>a</strong></span> <span class='ocrx_word' id='word_1_487' title='bbox 709 4924 908 4979; x_wconf 86' lang='lat' dir='ltr'><strong>genere</strong></span> <span class='ocrx_word' id='word_1_488' title='bbox 953 4915 1249 4973; x_wconf 88' lang='lat' dir='ltr'><strong>abundant.</strong></span> <span class='ocrx_word' id='word_1_489' title='bbox 1280 4920 1418 4990; x_wconf 86' lang='lat' dir='ltr'><strong>Quid</strong></span> <span class='ocrx_word' id='word_1_490' title='bbox 1465 4935 1647 4982; x_wconf 92' lang='lat' dir='ltr'><strong>autem</strong></span> <span class='ocrx_word' id='word_1_491' title='bbox 1672 4930 1742 4984; x_wconf 90' lang='lat' dir='ltr'><strong>sit</strong></span> <span class='ocrx_word' id='word_1_492' title='bbox 1776 4905 2015 4987; x_wconf 81' lang='lat' dir='ltr'><strong>breviter</strong></span> 
     </span>
    </p>
   </div>
   <div class='ocr_carea' id='block_1_67' title="bbox 420 4997 2005 5094">
    <p class='ocr_par' dir='ltr' id='par_1_67' title="bbox 420 4997 2005 5094">
     <span class='ocr_line' id='line_1_69' title="bbox 420 4997 2005 5094; baseline 0.02 -44"><span class='ocrx_word' id='word_1_493' title='bbox 420 4997 819 5067; x_wconf 75' lang='lat' dir='ltr'><strong>explanandum</strong></span> <span class='ocrx_word' id='word_1_494' title='bbox 845 5015 948 5062; x_wconf 91' lang='lat' dir='ltr'><strong>est.</strong></span> <span class='ocrx_word' id='word_1_495' title='bbox 978 5005 1356 5069; x_wconf 89' lang='lat' dir='ltr'><strong>Controversia</strong></span> <span class='ocrx_word' id='word_1_496' title='bbox 1382 5028 1464 5072; x_wconf 85' lang='lat' dir='ltr'><strong>est</strong></span> <span class='ocrx_word' id='word_1_497' title='bbox 1488 5027 1663 5075; x_wconf 88' lang='lat' dir='ltr'><strong>utrum</strong></span> <span class='ocrx_word' id='word_1_498' title='bbox 1701 5038 1871 5094; x_wconf 86' lang='lat' dir='ltr'><strong>genus</strong></span> <span class='ocrx_word' id='word_1_499' title='bbox 1898 5012 2005 5080; x_wconf 86' lang='lat' dir='ltr'><strong>dif-</strong></span> 
     </span>
    </p>
   </div>
   <div class='ocr_carea' id='block_1_68' title="bbox 419 5088 2002 5183">
    <p class='ocr_par' dir='ltr' id='par_1_68' title="bbox 419 5088 2002 5183">
     <span class='ocr_line' id='line_1_70' title="bbox 419 5088 2002 5183; baseline 0.02 -42"><span class='ocrx_word' id='word_1_500' title='bbox 419 5088 674 5148; x_wconf 89' lang='lat' dir='ltr'><strong>ferentias</strong></span> <span class='ocrx_word' id='word_1_501' title='bbox 699 5096 998 5161; x_wconf 89' lang='lat' dir='ltr'><strong>specierum</strong></span> <span class='ocrx_word' id='word_1_502' title='bbox 1021 5116 1239 5157; x_wconf 89' lang='lat' dir='ltr'><strong>suarum</strong></span> <span class='ocrx_word' id='word_1_503' title='bbox 1264 5105 1317 5159; x_wconf 92' lang='lat' dir='ltr'><strong>in</strong></span> <span class='ocrx_word' id='word_1_504' title='bbox 1342 5122 1401 5162; x_wconf 90' lang='lat' dir='ltr'><strong>se</strong></span> <span class='ocrx_word' id='word_1_505' title='bbox 1427 5108 1643 5179; x_wconf 89' lang='lat' dir='ltr'><strong>habeat,</strong></span> <span class='ocrx_word' id='word_1_506' title='bbox 1667 5128 1736 5168; x_wconf 89' lang='lat' dir='ltr'><strong>an</strong></span> <span class='ocrx_word' id='word_1_507' title='bbox 1760 5113 2002 5183; x_wconf 88' lang='lat' dir='ltr'><strong>minime,</strong></span> 
     </span>
    </p>
   </div>
   <div class='ocr_carea' id='block_1_69' title="bbox 419 5183 2004 5267">
    <p class='ocr_par' dir='ltr' id='par_1_69' title="bbox 419 5183 2004 5267">
     <span class='ocr_line' id='line_1_71' title="bbox 419 5183 2004 5267; baseline 0.02 -37"><span class='ocrx_word' id='word_1_508' title='bbox 419 5186 477 5232; x_wconf 92' lang='lat' dir='ltr'><strong>ut</strong></span> <span class='ocrx_word' id='word_1_509' title='bbox 505 5190 627 5249; x_wconf 88' lang='lat' dir='ltr'><strong>puta</strong></span> <span class='ocrx_word' id='word_1_510' title='bbox 663 5202 677 5236; x_wconf 88' lang='lat'><strong>:</strong></span> <span class='ocrx_word' id='word_1_511' title='bbox 718 5183 931 5241; x_wconf 83' lang='lat' dir='ltr'><strong>Animal</strong></span> <span class='ocrx_word' id='word_1_512' title='bbox 961 5188 1061 5244; x_wconf 90' lang='lat' dir='ltr'><strong>sub</strong></span> <span class='ocrx_word' id='word_1_513' title='bbox 1090 5204 1150 5247; x_wconf 91' lang='lat' dir='ltr'><strong>se</strong></span> <span class='ocrx_word' id='word_1_514' title='bbox 1180 5192 1343 5250; x_wconf 88' lang='lat' dir='ltr'><strong>habet</strong></span> <span class='ocrx_word' id='word_1_515' title='bbox 1371 5200 1581 5267; x_wconf 87' lang='lat' dir='ltr'><strong>species</strong></span> <span class='ocrx_word' id='word_1_516' title='bbox 1633 5204 1898 5260; x_wconf 87' lang='lat' dir='ltr'><strong>rationale</strong></span> <span class='ocrx_word' id='word_1_517' title='bbox 1948 5216 2004 5263; x_wconf 88' lang='lat' dir='ltr'><strong>et</strong></span> 
     </span>
    </p>
   </div>
   <div class='ocr_carea' id='block_1_70' title="bbox 414 5268 1997 5370">
    <p class='ocr_par' dir='ltr' id='par_1_70' title="bbox 414 5268 1997 5370">
     <span class='ocr_line' id='line_1_72' title="bbox 414 5268 1997 5370; baseline 0.02 -46"><span class='ocrx_word' id='word_1_518' title='bbox 414 5268 746 5341; x_wconf 74' lang='lat' dir='ltr'><strong>irrationale,</strong></span> <span class='ocrx_word' id='word_1_519' title='bbox 779 5279 829 5333; x_wconf 89' lang='lat' dir='ltr'><strong>id</strong></span> <span class='ocrx_word' id='word_1_520' title='bbox 860 5290 944 5335; x_wconf 89' lang='lat' dir='ltr'><strong>est</strong></span> <span class='ocrx_word' id='word_1_521' title='bbox 975 5282 1267 5353; x_wconf 87' lang='lat' dir='ltr'><strong>hominem,</strong></span> <span class='ocrx_word' id='word_1_522' title='bbox 1306 5298 1361 5343; x_wconf 90' lang='lat' dir='ltr'><strong>et</strong></span> <span class='ocrx_word' id='word_1_523' title='bbox 1400 5293 1549 5348; x_wconf 88' lang='lat' dir='ltr'><strong>verbi</strong></span> <span class='ocrx_word' id='word_1_524' title='bbox 1578 5297 1748 5363; x_wconf 83' lang='lat' dir='ltr'><strong>gratia</strong></span> <span class='ocrx_word' id='word_1_525' title='bbox 1778 5314 1997 5370; x_wconf 89' lang='lat' dir='ltr'><strong>equum.</strong></span> 
     </span>
    </p>
   </div>
   <div class='ocr_carea' id='block_1_71' title="bbox 412 5361 1993 5457">
    <p class='ocr_par' dir='ltr' id='par_1_71' title="bbox 412 5361 1993 5457">
     <span class='ocr_line' id='line_1_73' title="bbox 412 5361 1993 5457; baseline 0.019 -42"><span class='ocrx_word' id='word_1_526' title='bbox 412 5361 907 5427; x_wconf 81' lang='lat' dir='ltr'><strong>Rationabilitatem</strong></span> <span class='ocrx_word' id='word_1_527' title='bbox 947 5374 1106 5443; x_wconf 79' lang='lat' dir='ltr'><strong>igitur</strong></span> <span class='ocrx_word' id='word_1_528' title='bbox 1129 5389 1185 5434; x_wconf 91' lang='lat' dir='ltr'><strong>et</strong></span> <span class='ocrx_word' id='word_1_529' title='bbox 1224 5361 1773 5456; x_wconf 80' lang='lat' dir='ltr'><strong>irrationabilitatem,</strong></span> <span class='ocrx_word' id='word_1_530' title='bbox 1802 5361 1854 5444; x_wconf 76' lang='lat' dir='ltr'><strong>id</strong></span> <span class='ocrx_word' id='word_1_531' title='bbox 1880 5403 1993 5457; x_wconf 75' lang='lat' dir='ltr'><strong>esr,</strong></span> 
     </span>
    </p>
   </div>
   <div class='ocr_carea' id='block_1_72' title="bbox 412 5452 1996 5549">
    <p class='ocr_par' dir='ltr' id='par_1_72' title="bbox 412 5452 1996 5549">
     <span class='ocr_line' id='line_1_74' title="bbox 412 5452 1996 5549; baseline 0.021 -43"><span class='ocrx_word' id='word_1_532' title='bbox 412 5452 648 5513; x_wconf 89' lang='lat' dir='ltr'><strong>hominis</strong></span> <span class='ocrx_word' id='word_1_533' title='bbox 672 5461 752 5516; x_wconf 90' lang='lat' dir='ltr'><strong>vel</strong></span> <span class='ocrx_word' id='word_1_534' title='bbox 778 5464 905 5534; x_wconf 91' lang='lat' dir='ltr'><strong>equi</strong></span> <span class='ocrx_word' id='word_1_535' title='bbox 938 5466 1289 5539; x_wconf 81' lang='lat' dir='ltr'><strong>differentias,</strong></span> <span class='ocrx_word' id='word_1_536' title='bbox 1307 5476 1503 5544; x_wconf 90' lang='lat' dir='ltr'><strong>quibus</strong></span> <span class='ocrx_word' id='word_1_537' title='bbox 1522 5494 1548 5531; x_wconf 90' lang='lat' dir='ltr'><strong>a</strong></span> <span class='ocrx_word' id='word_1_538' title='bbox 1573 5495 1632 5535; x_wconf 92' lang='lat' dir='ltr'><strong>se</strong></span> <span class='ocrx_word' id='word_1_539' title='bbox 1659 5482 1869 5549; x_wconf 88' lang='lat' dir='ltr'><strong>species</strong></span> <span class='ocrx_word' id='word_1_540' title='bbox 1894 5485 1996 5540; x_wconf 89' lang='lat' dir='ltr'><strong>sub</strong></span> 
     </span>
    </p>
   </div>
   <div class='ocr_carea' id='block_1_73' title="bbox 409 5546 1994 5642">
    <p class='ocr_par' dir='ltr' id='par_1_73' title="bbox 409 5546 1994 5642">
     <span class='ocr_line' id='line_1_75' title="bbox 409 5546 1994 5642; baseline 0.02 -44"><span class='ocrx_word' id='word_1_541' title='bbox 409 5546 630 5603; x_wconf 90' lang='lat' dir='ltr'><strong>animali</strong></span> <span class='ocrx_word' id='word_1_542' title='bbox 657 5551 842 5619; x_wconf 71' lang='lat' dir='ltr'><strong>posita:</strong></span> <span class='ocrx_word' id='word_1_543' title='bbox 871 5556 1149 5626; x_wconf 73' lang='lat' dir='ltr'><strong>differunt,</strong></span> <span class='ocrx_word' id='word_1_544' title='bbox 1182 5574 1357 5620; x_wconf 91' lang='lat' dir='ltr'><strong>utrum</strong></span> <span class='ocrx_word' id='word_1_545' title='bbox 1387 5567 1546 5624; x_wconf 89' lang='lat' dir='ltr'><strong>habet</strong></span> <span class='ocrx_word' id='word_1_546' title='bbox 1585 5546 1837 5642; x_wconf 31' lang='lat' dir='ltr'><strong>utra-sque</strong></span> <span class='ocrx_word' id='word_1_547' title='bbox 1884 5577 1994 5629; x_wconf 87' lang='lat' dir='ltr'><strong>ani-</strong></span> 
     </span>
    </p>
   </div>
   <div class='ocr_carea' id='block_1_74' title="bbox 407 5638 1990 5717">
    <p class='ocr_par' dir='ltr' id='par_1_74' title="bbox 407 5638 1990 5717">
     <span class='ocr_line' id='line_1_76' title="bbox 407 5638 1990 5717; baseline 0.016 -27"><span class='ocrx_word' id='word_1_548' title='bbox 407 5638 539 5704; x_wconf 82' lang='lat' dir='ltr'><strong>mal,</strong></span> <span class='ocrx_word' id='word_1_549' title='bbox 574 5655 639 5695; x_wconf 85' lang='lat' dir='ltr'><strong>an</strong></span> <span class='ocrx_word' id='word_1_550' title='bbox 671 5658 774 5698; x_wconf 90' lang='lat' dir='ltr'><strong>non</strong></span> <span class='ocrx_word' id='word_1_551' title='bbox 808 5645 1003 5705; x_wconf 63' lang='lat' dir='ltr'><strong>habeat</strong></span> <span class='ocrx_word' id='word_1_552' title='bbox 1029 5651 1079 5706; x_wconf 91' lang='lat' dir='ltr'><strong>in</strong></span> <span class='ocrx_word' id='word_1_553' title='bbox 1109 5660 1477 5713; x_wconf 78' lang='lat' dir='ltr'><strong>controversia</strong></span> <span class='ocrx_word' id='word_1_554' title='bbox 1509 5668 1611 5715; x_wconf 86' lang='lat' dir='ltr'><strong>est.</strong></span> <span class='ocrx_word' id='word_1_555' title='bbox 1640 5656 1773 5714; x_wconf 85' lang='lat' dir='ltr'><strong>Nam</strong></span> <span class='ocrx_word' id='word_1_556' title='bbox 1799 5663 1841 5715; x_wconf 89' lang='lat' dir='ltr'><strong>si</strong></span> <span class='ocrx_word' id='word_1_557' title='bbox 1874 5665 1990 5717; x_wconf 86' lang='lat' dir='ltr'><strong>ani-</strong></span> 
     </span>
    </p>
   </div>
   <div class='ocr_carea' id='block_1_75' title="bbox 405 5734 1988 5827">
    <p class='ocr_par' dir='ltr' id='par_1_75' title="bbox 405 5734 1988 5827">
     <span class='ocr_line' id='line_1_77' title="bbox 405 5734 1988 5827; baseline 0.015 -39"><span class='ocrx_word' id='word_1_558' title='bbox 405 5734 513 5789; x_wconf 89' lang='lat' dir='ltr'><strong>mal</strong></span> <span class='ocrx_word' id='word_1_559' title='bbox 542 5737 684 5806; x_wconf 81' lang='lat' dir='ltr'><strong>quod</strong></span> <span class='ocrx_word' id='word_1_560' title='bbox 714 5754 882 5807; x_wconf 75' lang='lat' dir='ltr'><strong>genus</strong></span> <span class='ocrx_word' id='word_1_561' title='bbox 912 5754 1013 5816; x_wconf 87' lang='lat' dir='ltr'><strong>est,</strong></span> <span class='ocrx_word' id='word_1_562' title='bbox 1047 5736 1225 5819; x_wconf 82' lang='lat' dir='ltr'><strong>neque</strong></span> <span class='ocrx_word' id='word_1_563' title='bbox 1248 5749 1509 5807; x_wconf 88' lang='lat' dir='ltr'><strong>rationale</strong></span> <span class='ocrx_word' id='word_1_564' title='bbox 1537 5761 1619 5808; x_wconf 87' lang='lat' dir='ltr'><strong>est</strong></span> <span class='ocrx_word' id='word_1_565' title='bbox 1645 5768 1818 5827; x_wconf 88' lang='lat' dir='ltr'><strong>neque</strong></span> <span class='ocrx_word' id='word_1_566' title='bbox 1851 5756 1988 5813; x_wconf 87' lang='lat' dir='ltr'><strong>irra-</strong></span> 
     </span>
    </p>
   </div>
   <div class='ocr_carea' id='block_1_76' title="bbox 2171 1886 3749 1987">
    <p class='ocr_par' dir='ltr' id='par_1_76' title="bbox 2171 1886 3749 1987">
     <span class='ocr_line' id='line_1_78' title="bbox 2171 1886 3749 1987; baseline 0.028 -51"><span class='ocrx_word' id='word_1_567' title='bbox 2171 1886 2474 1944; x_wconf 87' lang='lat' dir='ltr'><strong>trarietates</strong></span> <span class='ocrx_word' id='word_1_568' title='bbox 2504 1893 2556 1945; x_wconf 92' lang='lat' dir='ltr'><strong>in</strong></span> <span class='ocrx_word' id='word_1_569' title='bbox 2585 1911 2706 1951; x_wconf 89' lang='lat' dir='ltr'><strong>sese</strong></span> <span class='ocrx_word' id='word_1_570' title='bbox 2734 1901 3154 1963; x_wconf 88' lang='lat' dir='ltr'><strong>substantialiter</strong></span> <span class='ocrx_word' id='word_1_571' title='bbox 3183 1886 3431 1982; x_wconf 82' lang='lat' dir='ltr'><strong>retineat,</strong></span> <span class='ocrx_word' id='word_1_572' title='bbox 3458 1922 3602 1987; x_wconf 92' lang='lat' dir='ltr'><strong>quod</strong></span> <span class='ocrx_word' id='word_1_573' title='bbox 3632 1924 3749 1983; x_wconf 83' lang='lat' dir='ltr'><strong>fieri</strong></span> 
     </span>
    </p>
   </div>
   <div class='ocr_carea' id='block_1_77' title="bbox 2170 1980 3751 2083">
    <p class='ocr_par' dir='ltr' id='par_1_77' title="bbox 2170 1980 3751 2083">
     <span class='ocr_line' id='line_1_79' title="bbox 2170 1980 3751 2083; baseline 0.028 -57"><span class='ocrx_word' id='word_1_574' title='bbox 2170 1980 2373 2047; x_wconf 89' lang='lat' dir='ltr'><strong>nequit.</strong></span> <span class='ocrx_word' id='word_1_575' title='bbox 2407 1984 2547 2045; x_wconf 77' lang='lat' dir='ltr'><strong>Quid</strong></span> <span class='ocrx_word' id='word_1_576' title='bbox 2594 1987 2798 2055; x_wconf 76' lang='lat' dir='ltr'><strong>igitur?</strong></span> <span class='ocrx_word' id='word_1_577' title='bbox 2836 1993 3127 2053; x_wconf 85' lang='lat' dir='ltr'><strong>Dicendum</strong></span> <span class='ocrx_word' id='word_1_578' title='bbox 3155 2012 3240 2056; x_wconf 90' lang='lat' dir='ltr'><strong>est</strong></span> <span class='ocrx_word' id='word_1_579' title='bbox 3273 1980 3529 2075; x_wconf 82' lang='lat' dir='ltr'><strong>quoniam</strong></span> <span class='ocrx_word' id='word_1_580' title='bbox 3577 1980 3751 2083; x_wconf 73' lang='lat' dir='ltr'><strong>genus</strong></span> 
     </span>
    </p>
   </div>
   <div class='ocr_carea' id='block_1_78' title="bbox 2166 2072 3749 2171">
    <p class='ocr_par' dir='ltr' id='par_1_78' title="bbox 2166 2072 3749 2171">
     <span class='ocr_line' id='line_1_80' title="bbox 2166 2072 3749 2171; baseline 0.028 -52"><span class='ocrx_word' id='word_1_581' title='bbox 2166 2082 2286 2123; x_wconf 86' lang='lat' dir='ltr'><strong>actu</strong></span> <span class='ocrx_word' id='word_1_582' title='bbox 2319 2072 2532 2140; x_wconf 84' lang='lat' dir='ltr'><strong>quidem</strong></span> <span class='ocrx_word' id='word_1_583' title='bbox 2565 2080 2683 2148; x_wconf 88' lang='lat' dir='ltr'><strong>ipso</strong></span> <span class='ocrx_word' id='word_1_584' title='bbox 2726 2086 2866 2153; x_wconf 88' lang='lat' dir='ltr'><strong>quod</strong></span> <span class='ocrx_word' id='word_1_585' title='bbox 2908 2085 3081 2145; x_wconf 69' lang='lat' dir='ltr'><strong>Grazci</strong></span> <span class='ocrx_word' id='word_1_586' title='bbox 3120 2072 3372 2171; x_wconf 67' lang='grc' dir='ltr'><strong>ἐνέργειαν</strong></span> <span class='ocrx_word' id='word_1_587' title='bbox 3398 2072 3607 2160; x_wconf 54' lang='lat' dir='ltr'><strong>vocari:</strong></span> <span class='ocrx_word' id='word_1_588' title='bbox 3616 2106 3749 2164; x_wconf 80' lang='lat' dir='ltr'><strong>istas</strong></span> 
     </span>
    </p>
   </div>
   <div class='ocr_carea' id='block_1_79' title="bbox 2163 2160 3747 2267">
    <p class='ocr_par' dir='ltr' id='par_1_79' title="bbox 2163 2160 3747 2267">
     <span class='ocr_line' id='line_1_81' title="bbox 2163 2160 3747 2267; baseline 0.027 -53"><span class='ocrx_word' id='word_1_589' title='bbox 2163 2160 2499 2223; x_wconf 72' lang='lat' dir='ltr'><strong>differentias</strong></span> <span class='ocrx_word' id='word_1_590' title='bbox 2529 2186 2636 2228; x_wconf 91' lang='lat' dir='ltr'><strong>non</strong></span> <span class='ocrx_word' id='word_1_591' title='bbox 2662 2175 2847 2232; x_wconf 85' lang='lat' dir='ltr'><strong>habet.</strong></span> <span class='ocrx_word' id='word_1_592' title='bbox 2875 2183 2945 2235; x_wconf 82' lang='lat' dir='ltr'><strong>At</strong></span> <span class='ocrx_word' id='word_1_593' title='bbox 2974 2198 3103 2238; x_wconf 92' lang='lat' dir='ltr'><strong>vero</strong></span> <span class='ocrx_word' id='word_1_594' title='bbox 3129 2160 3395 2253; x_wconf 75' lang='lat' dir='ltr'><strong>potestate</strong></span> <span class='ocrx_word' id='word_1_595' title='bbox 3411 2194 3481 2249; x_wconf 90' lang='lat' dir='ltr'><strong>ab</strong></span> <span class='ocrx_word' id='word_1_596' title='bbox 3504 2196 3588 2251; x_wconf 86' lang='lat' dir='ltr'><strong>bis</strong></span> 
     </span>
    </p>
   </div>
   <div class='ocr_carea' id='block_1_80' title="bbox 2162 2257 3749 2349">
    <p class='ocr_par' dir='ltr' id='par_1_80' title="bbox 2162 2257 3749 2349">
     <span class='ocr_line' id='line_1_82' title="bbox 2162 2257 3749 2349; baseline 0.025 -39"><span class='ocrx_word' id='word_1_597' title='bbox 2162 2257 2517 2328; x_wconf 72' lang='lat' dir='ltr'><strong>differentiis,</strong></span> <span class='ocrx_word' id='word_1_598' title='bbox 2546 2281 2682 2335; x_wconf 85' lang='lat' dir='ltr'><strong>quas</strong></span> <span class='ocrx_word' id='word_1_599' title='bbox 2724 2270 2779 2324; x_wconf 91' lang='lat' dir='ltr'><strong>in</strong></span> <span class='ocrx_word' id='word_1_600' title='bbox 2809 2287 2935 2329; x_wconf 88' lang='lat' dir='ltr'><strong>suas</strong></span> <span class='ocrx_word' id='word_1_601' title='bbox 2964 2279 3174 2342; x_wconf 81' lang='lat' dir='ltr'><strong>species</strong></span> <span class='ocrx_word' id='word_1_602' title='bbox 3220 2282 3396 2340; x_wconf 84' lang='lat' dir='ltr'><strong>fundit</strong></span> <span class='ocrx_word' id='word_1_603' title='bbox 3434 2302 3541 2343; x_wconf 74' lang='lat' dir='ltr'><strong>non</strong></span> <span class='ocrx_word' id='word_1_604' title='bbox 3570 2257 3749 2349; x_wconf 64' lang='lat' dir='ltr'><strong>vacat.-</strong></span> 
     </span>
    </p>
   </div>
   <div class='ocr_carea' id='block_1_81' title="bbox 2163 2350 3749 2456">
    <p class='ocr_par' dir='ltr' id='par_1_81' title="bbox 2163 2350 3749 2456">
     <span class='ocr_line' id='line_1_83' title="bbox 2163 2350 3749 2456; baseline 0.025 -54"><span class='ocrx_word' id='word_1_605' title='bbox 2163 2350 2300 2415; x_wconf 87' lang='lat' dir='ltr'><strong>Quid</strong></span> <span class='ocrx_word' id='word_1_606' title='bbox 2332 2364 2510 2411; x_wconf 88' lang='lat' dir='ltr'><strong>autem</strong></span> <span class='ocrx_word' id='word_1_607' title='bbox 2540 2360 2609 2413; x_wconf 87' lang='lat' dir='ltr'><strong>sit</strong></span> <span class='ocrx_word' id='word_1_608' title='bbox 2659 2373 2811 2419; x_wconf 90' lang='lat' dir='ltr'><strong>actus</strong></span> <span class='ocrx_word' id='word_1_609' title='bbox 2850 2376 2906 2422; x_wconf 88' lang='lat' dir='ltr'><strong>et</strong></span> <span class='ocrx_word' id='word_1_610' title='bbox 2945 2380 3183 2436; x_wconf 88' lang='lat' dir='ltr'><strong>potestas</strong></span> <span class='ocrx_word' id='word_1_611' title='bbox 3211 2377 3531 2455; x_wconf 78' lang='lat' dir='ltr'><strong>castigatius</strong></span> <span class='ocrx_word' id='word_1_612' title='bbox 3574 2388 3749 2456; x_wconf 49' lang='lat' dir='ltr'><strong>expliv</strong></span> 
     </span>
    </p>
   </div>
   <div class='ocr_carea' id='block_1_82' title="bbox 2159 2446 3733 2546">
    <p class='ocr_par' dir='ltr' id='par_1_82' title="bbox 2159 2446 3733 2546">
     <span class='ocr_line' id='line_1_84' title="bbox 2159 2446 3733 2546; baseline 0.027 -51"><span class='ocrx_word' id='word_1_613' title='bbox 2159 2446 2392 2501; x_wconf 87' lang='lat' dir='ltr'><strong>candum</strong></span> <span class='ocrx_word' id='word_1_614' title='bbox 2449 2460 2551 2506; x_wconf 88' lang='lat' dir='ltr'><strong>est.</strong></span> <span class='ocrx_word' id='word_1_615' title='bbox 2605 2453 2832 2511; x_wconf 85' lang='lat' dir='ltr'><strong>Tantum</strong></span> <span class='ocrx_word' id='word_1_616' title='bbox 2886 2460 3113 2519; x_wconf 83' lang='lat' dir='ltr'><strong>interest</strong></span> <span class='ocrx_word' id='word_1_617' title='bbox 3170 2450 3323 2525; x_wconf 85' lang='lat' dir='ltr'><strong>actus</strong></span> <span class='ocrx_word' id='word_1_618' title='bbox 3356 2446 3397 2527; x_wconf 33' lang='lat' dir='ltr'><strong>va</strong></span> <span class='ocrx_word' id='word_1_619' title='bbox 3438 2446 3733 2546; x_wconf 62' lang='lat' dir='ltr'><strong>potestaie,</strong></span> 
     </span>
    </p>
   </div>
   <div class='ocr_carea' id='block_1_83' title="bbox 2160 2541 3745 2636">
    <p class='ocr_par' dir='ltr' id='par_1_83' title="bbox 2160 2541 3745 2636">
     <span class='ocr_line' id='line_1_85' title="bbox 2160 2541 3745 2636; baseline 0.027 -50"><span class='ocrx_word' id='word_1_620' title='bbox 2160 2547 2420 2603; x_wconf 91' lang='lat' dir='ltr'><strong>quantum</strong></span> <span class='ocrx_word' id='word_1_621' title='bbox 2455 2541 2617 2598; x_wconf 91' lang='lat' dir='ltr'><strong>homo</strong></span> <span class='ocrx_word' id='word_1_622' title='bbox 2645 2547 2826 2603; x_wconf 82' lang='lat' dir='ltr'><strong>ridens</strong></span> <span class='ocrx_word' id='word_1_623' title='bbox 2867 2551 2937 2607; x_wconf 89' lang='lat' dir='ltr'><strong>ab</strong></span> <span class='ocrx_word' id='word_1_624' title='bbox 2975 2569 3044 2610; x_wconf 89' lang='lat' dir='ltr'><strong>eo</strong></span> <span class='ocrx_word' id='word_1_625' title='bbox 3072 2559 3162 2624; x_wconf 90' lang='lat' dir='ltr'><strong>qui</strong></span> <span class='ocrx_word' id='word_1_626' title='bbox 3194 2560 3372 2619; x_wconf 87' lang='lat' dir='ltr'><strong>ridere</strong></span> <span class='ocrx_word' id='word_1_627' title='bbox 3424 2541 3592 2636; x_wconf 83' lang='lat' dir='ltr'><strong>possit</strong></span> <span class='ocrx_word' id='word_1_628' title='bbox 3631 2541 3745 2628; x_wconf 65' lang='lat' dir='ltr'><strong>non</strong></span> 
     </span>
    </p>
   </div>
   <div class='ocr_carea' id='block_1_84' title="bbox 2161 2632 3736 2726">
    <p class='ocr_par' dir='ltr' id='par_1_84' title="bbox 2161 2632 3736 2726">
     <span class='ocr_line' id='line_1_86' title="bbox 2161 2632 3736 2726; baseline 0.027 -47"><span class='ocrx_word' id='word_1_629' title='bbox 2161 2635 2341 2684; x_wconf 85' lang='lat' dir='ltr'><strong>tamen</strong></span> <span class='ocrx_word' id='word_1_630' title='bbox 2388 2632 2584 2689; x_wconf 86' lang='lat' dir='ltr'><strong>rideat.</strong></span> <span class='ocrx_word' id='word_1_631' title='bbox 2614 2636 2710 2693; x_wconf 85' lang='lat' dir='ltr'><strong>ille</strong></span> <span class='ocrx_word' id='word_1_632' title='bbox 2755 2642 2895 2698; x_wconf 89' lang='lat' dir='ltr'><strong>enim</strong></span> <span class='ocrx_word' id='word_1_633' title='bbox 2932 2647 3043 2714; x_wconf 80' lang='lat' dir='ltr'><strong>agit</strong></span> <span class='ocrx_word' id='word_1_634' title='bbox 3081 2649 3250 2718; x_wconf 84' lang='lat' dir='ltr'><strong>ipsam</strong></span> <span class='ocrx_word' id='word_1_635' title='bbox 3298 2632 3443 2726; x_wconf 65' lang='lat' dir='ltr'><strong>rem,</strong></span> <span class='ocrx_word' id='word_1_636' title='bbox 3484 2662 3575 2718; x_wconf 83' lang='lat' dir='ltr'><strong>ille</strong></span> <span class='ocrx_word' id='word_1_637' title='bbox 3620 2673 3736 2719; x_wconf 72' lang='lat' dir='ltr'><strong>tam</strong></span> 
     </span>
    </p>
   </div>
   <div class='ocr_carea' id='block_1_85' title="bbox 2072 2727 3736 2815">
    <p class='ocr_par' dir='ltr' id='par_1_85' title="bbox 2072 2727 3736 2815">
     <span class='ocr_line' id='line_1_87' title="bbox 2072 2727 3736 2815; baseline 0.025 -45"><span class='ocrx_word' id='word_1_638' title='bbox 2072 2746 2075 2751; x_wconf 60' lang='grc' dir='ltr'><em>ν</em></span> <span class='ocrx_word' id='word_1_639' title='bbox 2157 2727 2270 2775; x_wconf 91' lang='lat' dir='ltr'><strong>tum</strong></span> <span class='ocrx_word' id='word_1_640' title='bbox 2328 2733 2532 2792; x_wconf 75' lang='lat' dir='ltr'><strong>potest,</strong></span> <span class='ocrx_word' id='word_1_641' title='bbox 2571 2743 2679 2784; x_wconf 92' lang='lat' dir='ltr'><strong>non</strong></span> <span class='ocrx_word' id='word_1_642' title='bbox 2734 2735 2897 2789; x_wconf 88' lang='lat' dir='ltr'><strong>etiam</strong></span> <span class='ocrx_word' id='word_1_643' title='bbox 2944 2739 3072 2808; x_wconf 76' lang='lat' dir='ltr'><strong>agit.</strong></span> <span class='ocrx_word' id='word_1_644' title='bbox 3114 2742 3204 2798; x_wconf 89' lang='lat' dir='ltr'><strong>Sic</strong></span> <span class='ocrx_word' id='word_1_645' title='bbox 3242 2745 3403 2815; x_wconf 75' lang='lat' dir='ltr'><strong>igitur</strong></span> <span class='ocrx_word' id='word_1_646' title='bbox 3426 2760 3483 2806; x_wconf 88' lang='lat' dir='ltr'><strong>et</strong></span> <span class='ocrx_word' id='word_1_647' title='bbox 3514 2755 3736 2812; x_wconf 73' lang='lat' dir='ltr'><strong>animal.</strong></span> 
     </span>
    </p>
   </div>
   <div class='ocr_carea' id='block_1_86' title="bbox 2156 2811 3736 2913">
    <p class='ocr_par' dir='ltr' id='par_1_86' title="bbox 2156 2811 3736 2913">
     <span class='ocr_line' id='line_1_88' title="bbox 2156 2811 3736 2913; baseline 0.024 -48"><span class='ocrx_word' id='word_1_648' title='bbox 2156 2811 2399 2884; x_wconf 83' lang='lat' dir='ltr'><strong>Namque</strong></span> <span class='ocrx_word' id='word_1_649' title='bbox 2430 2817 2592 2874; x_wconf 87' lang='lat' dir='ltr'><strong>homo</strong></span> <span class='ocrx_word' id='word_1_650' title='bbox 2620 2831 2742 2877; x_wconf 88' lang='lat' dir='ltr'><strong>actu</strong></span> <span class='ocrx_word' id='word_1_651' title='bbox 2773 2826 2891 2894; x_wconf 88' lang='lat' dir='ltr'><strong>ipso</strong></span> <span class='ocrx_word' id='word_1_652' title='bbox 2918 2831 3201 2890; x_wconf 88' lang='lat' dir='ltr'><strong>rationalis</strong></span> <span class='ocrx_word' id='word_1_653' title='bbox 3219 2811 3317 2894; x_wconf 77' lang='lat' dir='ltr'><strong>est.</strong></span> <span class='ocrx_word' id='word_1_654' title='bbox 3342 2841 3564 2913; x_wconf 79' lang='lat' dir='ltr'><strong>Semper</strong></span> <span class='ocrx_word' id='word_1_655' title='bbox 3591 2848 3736 2904; x_wconf 88' lang='lat' dir='ltr'><strong>enim</strong></span> 
     </span>
    </p>
   </div>
   <div class='ocr_carea' id='block_1_87' title="bbox 2156 2905 3734 3008">
    <p class='ocr_par' dir='ltr' id='par_1_87' title="bbox 2156 2905 3734 3008">
     <span class='ocr_line' id='line_1_89' title="bbox 2156 2905 3734 3008; baseline 0.023 -51"><span class='ocrx_word' id='word_1_656' title='bbox 2156 2905 2320 2961; x_wconf 85' lang='lat' dir='ltr'><strong>homo</strong></span> <span class='ocrx_word' id='word_1_657' title='bbox 2343 2910 2646 2980; x_wconf 83' lang='lat' dir='ltr'><strong>rationalis,</strong></span> <span class='ocrx_word' id='word_1_658' title='bbox 2678 2925 2735 2971; x_wconf 91' lang='lat' dir='ltr'><strong>et</strong></span> <span class='ocrx_word' id='word_1_659' title='bbox 2758 2919 2888 2972; x_wconf 89' lang='lat' dir='ltr'><strong>nihil</strong></span> <span class='ocrx_word' id='word_1_660' title='bbox 2917 2923 3058 2976; x_wconf 86' lang='lat' dir='ltr'><strong>aliud</strong></span> <span class='ocrx_word' id='word_1_661' title='bbox 3090 2937 3175 2981; x_wconf 90' lang='lat' dir='ltr'><strong>est</strong></span> <span class='ocrx_word' id='word_1_662' title='bbox 3203 2946 3217 2981; x_wconf 89' lang='lat'><strong><em>:</em></strong></span> <span class='ocrx_word' id='word_1_663' title='bbox 3244 2940 3299 2984; x_wconf 89' lang='lat' dir='ltr'><strong>et</strong></span> <span class='ocrx_word' id='word_1_664' title='bbox 3324 2947 3493 3001; x_wconf 87' lang='lat' dir='ltr'><strong>equus</strong></span> <span class='ocrx_word' id='word_1_665' title='bbox 3521 2951 3734 3008; x_wconf 82' lang='lat' dir='ltr'><strong>semper</strong></span> 
     </span>
    </p>
   </div>
   <div class='ocr_carea' id='block_1_88' title="bbox 2154 2998 3732 3095">
    <p class='ocr_par' dir='ltr' id='par_1_88' title="bbox 2154 2998 3732 3095">
     <span class='ocr_line' id='line_1_90' title="bbox 2154 2998 3732 3095; baseline 0.023 -45"><span class='ocrx_word' id='word_1_666' title='bbox 2154 2998 2508 3066; x_wconf 87' lang='lat' dir='ltr'><strong>irrationalis,</strong></span> <span class='ocrx_word' id='word_1_667' title='bbox 2537 3014 2594 3058; x_wconf 90' lang='lat' dir='ltr'><strong>et</strong></span> <span class='ocrx_word' id='word_1_668' title='bbox 2614 3006 2732 3075; x_wconf 74' lang='lat' dir='ltr'><strong>ejus</strong></span> <span class='ocrx_word' id='word_1_669' title='bbox 2756 3010 3198 3075; x_wconf 78' lang='lat' dir='ltr'><strong>irrationabilitas</strong></span> <span class='ocrx_word' id='word_1_670' title='bbox 3221 3022 3273 3077; x_wconf 93' lang='lat' dir='ltr'><strong>in</strong></span> <span class='ocrx_word' id='word_1_671' title='bbox 3300 2998 3421 3079; x_wconf 78' lang='lat' dir='ltr'><strong>actu</strong></span> <span class='ocrx_word' id='word_1_672' title='bbox 3440 3028 3611 3095; x_wconf 90' lang='lat' dir='ltr'><strong>posita</strong></span> <span class='ocrx_word' id='word_1_673' title='bbox 3629 2998 3732 3087; x_wconf 74' lang='lat' dir='ltr'><strong>est.</strong></span> 
     </span>
    </p>
   </div>
   <div class='ocr_carea' id='block_1_89' title="bbox 2154 3091 3732 3180">
    <p class='ocr_par' dir='ltr' id='par_1_89' title="bbox 2154 3091 3732 3180">
     <span class='ocr_line' id='line_1_91' title="bbox 2154 3091 3732 3180; baseline 0.025 -39"><span class='ocrx_word' id='word_1_674' title='bbox 2154 3091 2224 3142; x_wconf 79' lang='lat' dir='ltr'><strong>At</strong></span> <span class='ocrx_word' id='word_1_675' title='bbox 2257 3105 2387 3145; x_wconf 89' lang='lat' dir='ltr'><strong>vero</strong></span> <span class='ocrx_word' id='word_1_676' title='bbox 2418 3092 2592 3162; x_wconf 91' lang='lat' dir='ltr'><strong>ipsum</strong></span> <span class='ocrx_word' id='word_1_677' title='bbox 2623 3100 2824 3155; x_wconf 87' lang='lat' dir='ltr'><strong>animal</strong></span> <span class='ocrx_word' id='word_1_678' title='bbox 2854 3106 3120 3165; x_wconf 86' lang='lat' dir='ltr'><strong>rationale</strong></span> <span class='ocrx_word' id='word_1_679' title='bbox 3152 3113 3240 3167; x_wconf 88' lang='lat' dir='ltr'><strong>vel</strong></span> <span class='ocrx_word' id='word_1_680' title='bbox 3284 3113 3595 3175; x_wconf 88' lang='lat' dir='ltr'><strong>irrationale</strong></span> <span class='ocrx_word' id='word_1_681' title='bbox 3626 3138 3732 3180; x_wconf 83' lang='lat' dir='ltr'><strong>non</strong></span> 
     </span>
    </p>
   </div>
   <div class='ocr_carea' id='block_1_90' title="bbox 2152 3180 3730 3279">
    <p class='ocr_par' dir='ltr' id='par_1_90' title="bbox 2152 3180 3730 3279">
     <span class='ocr_line' id='line_1_92' title="bbox 2152 3180 3730 3279; baseline 0.023 -44"><span class='ocrx_word' id='word_1_682' title='bbox 2152 3180 2327 3249; x_wconf 88' lang='lat' dir='ltr'><strong>ipsum</strong></span> <span class='ocrx_word' id='word_1_683' title='bbox 2352 3186 2480 3253; x_wconf 81' lang='lat' dir='ltr'><strong>agit,</strong></span> <span class='ocrx_word' id='word_1_684' title='bbox 2516 3202 2690 3259; x_wconf 88' lang='lat' dir='ltr'><strong>neque</strong></span> <span class='ocrx_word' id='word_1_685' title='bbox 2717 3202 2801 3247; x_wconf 89' lang='lat' dir='ltr'><strong>est</strong></span> <span class='ocrx_word' id='word_1_686' title='bbox 2825 3194 2876 3249; x_wconf 89' lang='lat' dir='ltr'><strong>in</strong></span> <span class='ocrx_word' id='word_1_687' title='bbox 2904 3212 3088 3254; x_wconf 90' lang='lat' dir='ltr'><strong>eorum</strong></span> <span class='ocrx_word' id='word_1_688' title='bbox 3113 3214 3237 3259; x_wconf 87' lang='lat' dir='ltr'><strong>actu</strong></span> <span class='ocrx_word' id='word_1_689' title='bbox 3266 3210 3517 3279; x_wconf 90' lang='lat' dir='ltr'><strong>positum,</strong></span> <span class='ocrx_word' id='word_1_690' title='bbox 3551 3214 3645 3268; x_wconf 80' lang='lat' dir='ltr'><strong>sed</strong></span> <span class='ocrx_word' id='word_1_691' title='bbox 3677 3216 3730 3272; x_wconf 90' lang='lat' dir='ltr'><strong>in</strong></span> 
     </span>
    </p>
   </div>
   <div class='ocr_carea' id='block_1_91' title="bbox 2149 3278 3728 3372">
    <p class='ocr_par' dir='ltr' id='par_1_91' title="bbox 2149 3278 3728 3372">
     <span class='ocr_line' id='line_1_93' title="bbox 2149 3278 3728 3372; baseline 0.025 -50"><span class='ocrx_word' id='word_1_692' title='bbox 2149 3283 2438 3343; x_wconf 79' lang='lat' dir='ltr'><strong>potestate.</strong></span> <span class='ocrx_word' id='word_1_693' title='bbox 2470 3278 2653 3336; x_wconf 79' lang='lat' dir='ltr'><strong>Pote3t</strong></span> <span class='ocrx_word' id='word_1_694' title='bbox 2690 3286 2836 3341; x_wconf 89' lang='lat' dir='ltr'><strong>enim</strong></span> <span class='ocrx_word' id='word_1_695' title='bbox 2857 3304 2926 3343; x_wconf 83' lang='lat' dir='ltr'><strong>ex</strong></span> <span class='ocrx_word' id='word_1_696' title='bbox 2956 3306 3016 3346; x_wconf 91' lang='lat' dir='ltr'><strong>se</strong></span> <span class='ocrx_word' id='word_1_697' title='bbox 3040 3298 3303 3354; x_wconf 85' lang='lat' dir='ltr'><strong>rationale</strong></span> <span class='ocrx_word' id='word_1_698' title='bbox 3328 3312 3491 3372; x_wconf 82' lang='lat' dir='ltr'><strong>atque</strong></span> <span class='ocrx_word' id='word_1_699' title='bbox 3508 3278 3728 3362; x_wconf 89' lang='lat' dir='ltr'><strong>irratio-</strong></span> 
     </span>
    </p>
   </div>
   <div class='ocr_carea' id='block_1_92' title="bbox 2148 3366 3725 3456">
    <p class='ocr_par' dir='ltr' id='par_1_92' title="bbox 2148 3366 3725 3456">
     <span class='ocr_line' id='line_1_94' title="bbox 2148 3366 3725 3456; baseline 0.023 -38"><span class='ocrx_word' id='word_1_700' title='bbox 2148 3366 2273 3420; x_wconf 87' lang='lat' dir='ltr'><strong>nale</strong></span> <span class='ocrx_word' id='word_1_701' title='bbox 2302 3369 2645 3435; x_wconf 79' lang='lat' dir='ltr'><strong>profundere.</strong></span> <span class='ocrx_word' id='word_1_702' title='bbox 2688 3376 2864 3443; x_wconf 85' lang='lat' dir='ltr'><strong>Quare</strong></span> <span class='ocrx_word' id='word_1_703' title='bbox 2893 3385 3148 3451; x_wconf 86' lang='lat' dir='ltr'><strong>quoniam</strong></span> <span class='ocrx_word' id='word_1_704' title='bbox 3189 3366 3547 3456; x_wconf 39' lang='lat' dir='ltr'><strong>species-actu</strong></span> <span class='ocrx_word' id='word_1_705' title='bbox 3571 3398 3725 3454; x_wconf 75' lang='lat' dir='ltr'><strong>diffe-</strong></span> 
     </span>
    </p>
   </div>
   <div class='ocr_carea' id='block_1_93' title="bbox 2146 3461 3725 3557">
    <p class='ocr_par' dir='ltr' id='par_1_93' title="bbox 2146 3461 3725 3557">
     <span class='ocr_line' id='line_1_95' title="bbox 2146 3461 3725 3557; baseline 0.023 -45"><span class='ocrx_word' id='word_1_706' title='bbox 2146 3461 2350 3516; x_wconf 86' lang='lat' dir='ltr'><strong>rentias</strong></span> <span class='ocrx_word' id='word_1_707' title='bbox 2377 3466 2685 3534; x_wconf 89' lang='lat' dir='ltr'><strong>continent,</strong></span> <span class='ocrx_word' id='word_1_708' title='bbox 2739 3487 2911 3543; x_wconf 87' lang='lat' dir='ltr'><strong>genus</strong></span> <span class='ocrx_word' id='word_1_709' title='bbox 2947 3484 3077 3534; x_wconf 84' lang='lat' dir='ltr'><strong>vero</strong></span> <span class='ocrx_word' id='word_1_710' title='bbox 3108 3490 3411 3553; x_wconf 78' lang='lat' dir='ltr'><strong>potestate,</strong></span> <span class='ocrx_word' id='word_1_711' title='bbox 3449 3491 3657 3557; x_wconf 84' lang='lat' dir='ltr'><strong>species</strong></span> <span class='ocrx_word' id='word_1_712' title='bbox 3694 3510 3725 3549; x_wconf 88' lang='lat' dir='ltr'><strong>a</strong></span> 
     </span>
    </p>
   </div>
   <div class='ocr_carea' id='block_1_94' title="bbox 2143 3558 3725 3649">
    <p class='ocr_par' dir='ltr' id='par_1_94' title="bbox 2143 3558 3725 3649">
     <span class='ocr_line' id='line_1_96' title="bbox 2143 3558 3725 3649; baseline 0.02 -45"><span class='ocrx_word' id='word_1_713' title='bbox 2143 3566 2346 3621; x_wconf 86' lang='lat' dir='ltr'><strong>genere</strong></span> <span class='ocrx_word' id='word_1_714' title='bbox 2375 3558 2567 3612; x_wconf 81' lang='lat' dir='ltr'><strong>merito</strong></span> <span class='ocrx_word' id='word_1_715' title='bbox 2597 3559 2912 3620; x_wconf 71' lang='lat' dir='ltr'><strong>differentiis</strong></span> <span class='ocrx_word' id='word_1_716' title='bbox 2950 3567 3227 3627; x_wconf 88' lang='lat' dir='ltr'><strong>abundare</strong></span> <span class='ocrx_word' id='word_1_717' title='bbox 3273 3574 3541 3633; x_wconf 90' lang='lat' dir='ltr'><strong>dicuntur.</strong></span> <span class='ocrx_word' id='word_1_718' title='bbox 3584 3581 3725 3649; x_wconf 76' lang='lat' dir='ltr'><strong>Quo-</strong></span> 
     </span>
    </p>
   </div>
   <div class='ocr_carea' id='block_1_95' title="bbox 2144 3645 3723 3742">
    <p class='ocr_par' dir='ltr' id='par_1_95' title="bbox 2144 3645 3723 3742">
     <span class='ocr_line' id='line_1_97' title="bbox 2144 3645 3723 3742; baseline 0.018 -43"><span class='ocrx_word' id='word_1_719' title='bbox 2144 3645 2288 3700; x_wconf 89' lang='lat' dir='ltr'><strong>niam</strong></span> <span class='ocrx_word' id='word_1_720' title='bbox 2321 3649 2462 3717; x_wconf 91' lang='lat' dir='ltr'><strong>quod</strong></span> <span class='ocrx_word' id='word_1_721' title='bbox 2491 3665 2662 3721; x_wconf 89' lang='lat' dir='ltr'><strong>genus</strong></span> <span class='ocrx_word' id='word_1_722' title='bbox 2707 3666 2913 3725; x_wconf 87' lang='lat' dir='ltr'><strong>potest,</strong></span> <span class='ocrx_word' id='word_1_723' title='bbox 2957 3659 3009 3713; x_wconf 90' lang='lat' dir='ltr'><strong>id</strong></span> <span class='ocrx_word' id='word_1_724' title='bbox 3036 3672 3121 3717; x_wconf 86' lang='lat' dir='ltr'><strong>est</strong></span> <span class='ocrx_word' id='word_1_725' title='bbox 3154 3664 3487 3725; x_wconf 71' lang='lat' dir='ltr'><strong>differentias</strong></span> <span class='ocrx_word' id='word_1_726' title='bbox 3526 3645 3723 3742; x_wconf 73' lang='lat' dir='ltr'><strong>facere,</strong></span> 
     </span>
    </p>
   </div>
   <div class='ocr_carea' id='block_1_96' title="bbox 2142 3737 3723 3834">
    <p class='ocr_par' dir='ltr' id='par_1_96' title="bbox 2142 3737 3723 3834">
     <span class='ocr_line' id='line_1_98' title="bbox 2142 3737 3723 3834; baseline 0.02 -45"><span class='ocrx_word' id='word_1_727' title='bbox 2142 3737 2355 3805; x_wconf 87' lang='lat' dir='ltr'><strong>species</strong></span> <span class='ocrx_word' id='word_1_728' title='bbox 2386 3755 2491 3794; x_wconf 91' lang='lat' dir='ltr'><strong>non</strong></span> <span class='ocrx_word' id='word_1_729' title='bbox 2516 3744 2691 3799; x_wconf 90' lang='lat' dir='ltr'><strong>solum</strong></span> <span class='ocrx_word' id='word_1_730' title='bbox 2725 3758 2972 3817; x_wconf 90' lang='lat' dir='ltr'><strong>possunt,</strong></span> <span class='ocrx_word' id='word_1_731' title='bbox 3004 3752 3099 3807; x_wconf 86' lang='lat' dir='ltr'><strong>sed</strong></span> <span class='ocrx_word' id='word_1_732' title='bbox 3116 3764 3276 3811; x_wconf 48' lang='lat' dir='ltr'><strong>etvam</strong></span> <span class='ocrx_word' id='word_1_733' title='bbox 3297 3773 3481 3828; x_wconf 86' lang='lat' dir='ltr'><strong>agunt.</strong></span> <span class='ocrx_word' id='word_1_734' title='bbox 3505 3762 3563 3818; x_wconf 90' lang='lat' dir='ltr'><strong>ln</strong></span> <span class='ocrx_word' id='word_1_735' title='bbox 3594 3737 3723 3834; x_wconf 69' lang='lat' dir='ltr'><strong>ipsis</strong></span> 
     </span>
    </p>
   </div>
   <div class='ocr_carea' id='block_1_97' title="bbox 2138 3827 3723 3919">
    <p class='ocr_par' dir='ltr' id='par_1_97' title="bbox 2138 3827 3723 3919">
     <span class='ocr_line' id='line_1_99' title="bbox 2138 3827 3723 3919; baseline 0.02 -39"><span class='ocrx_word' id='word_1_736' title='bbox 2138 3827 2282 3901; x_wconf 86' lang='lat' dir='ltr'><strong>enim</strong></span> <span class='ocrx_word' id='word_1_737' title='bbox 2352 3833 2635 3900; x_wconf 86' lang='lat' dir='ltr'><strong>speciebus</strong></span> <span class='ocrx_word' id='word_1_738' title='bbox 2699 3840 2885 3904; x_wconf 73' lang='lat' dir='ltr'><strong>posita:</strong></span> <span class='ocrx_word' id='word_1_739' title='bbox 2954 3827 3363 3919; x_wconf 64' lang='lat' dir='ltr'><strong>inlormataque</strong></span> <span class='ocrx_word' id='word_1_740' title='bbox 3426 3864 3569 3909; x_wconf 90' lang='lat' dir='ltr'><strong>sunt.</strong></span> <span class='ocrx_word' id='word_1_741' title='bbox 3628 3856 3723 3911; x_wconf 83' lang='lat' dir='ltr'><strong>Est</strong></span> 
     </span>
    </p>
   </div>
   <div class='ocr_carea' id='block_1_98' title="bbox 2139 3920 3719 4006">
    <p class='ocr_par' dir='ltr' id='par_1_98' title="bbox 2139 3920 3719 4006">
     <span class='ocr_line' id='line_1_100' title="bbox 2139 3920 3719 4006; baseline 0.019 -36"><span class='ocrx_word' id='word_1_742' title='bbox 2139 3928 2317 3973; x_wconf 87' lang='lat' dir='ltr'><strong>autem</strong></span> <span class='ocrx_word' id='word_1_743' title='bbox 2348 3920 2451 3976; x_wconf 90' lang='lat' dir='ltr'><strong>alia</strong></span> <span class='ocrx_word' id='word_1_744' title='bbox 2482 3922 2797 3980; x_wconf 72' lang='lat' dir='ltr'><strong>differentiae</strong></span> <span class='ocrx_word' id='word_1_745' title='bbox 2825 3928 3067 3987; x_wconf 79' lang='lat' dir='ltr'><strong>definitio</strong></span> <span class='ocrx_word' id='word_1_746' title='bbox 3094 3936 3216 3990; x_wconf 87' lang='lat' dir='ltr'><strong>talis</strong></span> <span class='ocrx_word' id='word_1_747' title='bbox 3244 3954 3363 4006; x_wconf 62' lang='lat' dir='ltr'><strong>quae</strong></span> <span class='ocrx_word' id='word_1_748' title='bbox 3389 3940 3535 3997; x_wconf 90' lang='lat' dir='ltr'><strong>dicat</strong></span> <span class='ocrx_word' id='word_1_749' title='bbox 3560 3943 3719 4000; x_wconf 71' lang='lat' dir='ltr'><strong>difl‘e~</strong></span> 
     </span>
    </p>
   </div>
   <div class='ocr_carea' id='block_1_99' title="bbox 2138 4010 3719 4101">
    <p class='ocr_par' dir='ltr' id='par_1_99' title="bbox 2138 4010 3719 4101">
     <span class='ocr_line' id='line_1_101' title="bbox 2138 4010 3719 4101; baseline 0.018 -39"><span class='ocrx_word' id='word_1_750' title='bbox 2138 4010 2367 4064; x_wconf 89' lang='lat' dir='ltr'><strong>rentiam</strong></span> <span class='ocrx_word' id='word_1_751' title='bbox 2416 4027 2537 4069; x_wconf 91' lang='lat' dir='ltr'><strong>esse</strong></span> <span class='ocrx_word' id='word_1_752' title='bbox 2584 4032 2701 4083; x_wconf 53' lang='lat' dir='ltr'><strong>quas</strong></span> <span class='ocrx_word' id='word_1_753' title='bbox 2742 4018 2806 4072; x_wconf 89' lang='lat' dir='ltr'><strong>ad</strong></span> <span class='ocrx_word' id='word_1_754' title='bbox 2858 4020 3116 4088; x_wconf 89' lang='lat' dir='ltr'><strong>plurimas</strong></span> <span class='ocrx_word' id='word_1_755' title='bbox 3158 4029 3369 4096; x_wconf 88' lang='lat' dir='ltr'><strong>species</strong></span> <span class='ocrx_word' id='word_1_756' title='bbox 3400 4032 3453 4085; x_wconf 92' lang='lat' dir='ltr'><strong>in</strong></span> <span class='ocrx_word' id='word_1_757' title='bbox 3483 4049 3550 4089; x_wconf 92' lang='lat' dir='ltr'><strong>eo</strong></span> <span class='ocrx_word' id='word_1_758' title='bbox 3579 4037 3719 4101; x_wconf 87' lang='lat' dir='ltr'><strong>quod</strong></span> 
     </span>
    </p>
   </div>
   <div class='ocr_carea' id='block_1_100' title="bbox 2136 4101 3717 4191">
    <p class='ocr_par' dir='ltr' id='par_1_100' title="bbox 2136 4101 3717 4191">
     <span class='ocr_line' id='line_1_102' title="bbox 2136 4101 3717 4191; baseline 0.02 -39"><span class='ocrx_word' id='word_1_759' title='bbox 2136 4101 2293 4169; x_wconf 85' lang='lat' dir='ltr'><strong>quale</strong></span> <span class='ocrx_word' id='word_1_760' title='bbox 2323 4104 2415 4168; x_wconf 91' lang='lat' dir='ltr'><strong>sit,</strong></span> <span class='ocrx_word' id='word_1_761' title='bbox 2443 4107 2782 4174; x_wconf 61' lang='lat' dir='ltr'><strong>praedicatur.</strong></span> <span class='ocrx_word' id='word_1_762' title='bbox 2812 4111 3115 4173; x_wconf 72' lang='lat' dir='ltr'><strong>Differentia</strong></span> <span class='ocrx_word' id='word_1_763' title='bbox 3138 4120 3203 4172; x_wconf 91' lang='lat' dir='ltr'><strong>ad</strong></span> <span class='ocrx_word' id='word_1_764' title='bbox 3229 4136 3315 4176; x_wconf 89' lang='lat' dir='ltr'><strong>res</strong></span> <span class='ocrx_word' id='word_1_765' title='bbox 3338 4123 3590 4191; x_wconf 89' lang='lat' dir='ltr'><strong>plurimas</strong></span> <span class='ocrx_word' id='word_1_766' title='bbox 3615 4128 3717 4182; x_wconf 88' lang='lat' dir='ltr'><strong>dici</strong></span> 
     </span>
    </p>
   </div>
   <div class='ocr_carea' id='block_1_101' title="bbox 2138 4198 3715 4274">
    <p class='ocr_par' dir='ltr' id='par_1_101' title="bbox 2138 4198 3715 4274">
     <span class='ocr_line' id='line_1_103' title="bbox 2138 4198 3715 4274; baseline 0.016 -28"><span class='ocrx_word' id='word_1_767' title='bbox 2138 4204 2333 4259; x_wconf 80' lang='lat' dir='ltr'><strong>patest,</strong></span> <span class='ocrx_word' id='word_1_768' title='bbox 2367 4203 2424 4248; x_wconf 94' lang='lat' dir='ltr'><strong>ut</strong></span> <span class='ocrx_word' id='word_1_769' title='bbox 2454 4198 2715 4254; x_wconf 90' lang='lat' dir='ltr'><strong>rationale</strong></span> <span class='ocrx_word' id='word_1_770' title='bbox 2741 4201 2935 4257; x_wconf 91' lang='lat' dir='ltr'><strong>dicitur</strong></span> <span class='ocrx_word' id='word_1_771' title='bbox 2959 4206 3024 4258; x_wconf 91' lang='lat' dir='ltr'><strong>ad</strong></span> <span class='ocrx_word' id='word_1_772' title='bbox 3043 4207 3314 4265; x_wconf 86' lang='lat' dir='ltr'><strong>hominem</strong></span> <span class='ocrx_word' id='word_1_773' title='bbox 3339 4226 3354 4265; x_wconf 85' lang='lat'><strong>:</strong></span> <span class='ocrx_word' id='word_1_774' title='bbox 3385 4214 3546 4269; x_wconf 88' lang='lat' dir='ltr'><strong>homo</strong></span> <span class='ocrx_word' id='word_1_775' title='bbox 3575 4218 3715 4274; x_wconf 85' lang='lat' dir='ltr'><strong>enini</strong></span> 
     </span>
    </p>
   </div>
   <div class='ocr_carea' id='block_1_102' title="bbox 2133 4287 3714 4368">
    <p class='ocr_par' dir='ltr' id='par_1_102' title="bbox 2133 4287 3714 4368">
     <span class='ocr_line' id='line_1_104' title="bbox 2133 4287 3714 4368; baseline 0.017 -29"><span class='ocrx_word' id='word_1_776' title='bbox 2133 4294 2217 4340; x_wconf 90' lang='lat' dir='ltr'><strong>est</strong></span> <span class='ocrx_word' id='word_1_777' title='bbox 2242 4287 2544 4355; x_wconf 86' lang='lat' dir='ltr'><strong>rationalis,</strong></span> <span class='ocrx_word' id='word_1_778' title='bbox 2568 4292 2766 4348; x_wconf 83' lang='lat' dir='ltr'><strong>dicitur</strong></span> <span class='ocrx_word' id='word_1_779' title='bbox 2793 4296 2858 4350; x_wconf 93' lang='lat' dir='ltr'><strong>ad</strong></span> <span class='ocrx_word' id='word_1_780' title='bbox 2892 4297 3081 4353; x_wconf 91' lang='lat' dir='ltr'><strong>Deum.</strong></span> <span class='ocrx_word' id='word_1_781' title='bbox 3108 4300 3250 4358; x_wconf 89' lang='lat' dir='ltr'><strong>Deus</strong></span> <span class='ocrx_word' id='word_1_782' title='bbox 3269 4306 3410 4361; x_wconf 91' lang='lat' dir='ltr'><strong>enim</strong></span> <span class='ocrx_word' id='word_1_783' title='bbox 3440 4309 3714 4368; x_wconf 88' lang='lat' dir='ltr'><strong>rationalis</strong></span> 
     </span>
    </p>
   </div>
   <div class='ocr_carea' id='block_1_103' title="bbox 2132 4375 3713 4470">
    <p class='ocr_par' dir='ltr' id='par_1_103' title="bbox 2132 4375 3713 4470">
     <span class='ocr_line' id='line_1_105' title="bbox 2132 4375 3713 4470; baseline 0.018 -41"><span class='ocrx_word' id='word_1_784' title='bbox 2132 4375 2346 4444; x_wconf 62' lang='lat' dir='ltr'><strong>dicitur,</strong></span> <span class='ocrx_word' id='word_1_785' title='bbox 2384 4380 2480 4434; x_wconf 89' lang='lat' dir='ltr'><strong>sed</strong></span> <span class='ocrx_word' id='word_1_786' title='bbox 2513 4397 2618 4436; x_wconf 91' lang='lat' dir='ltr'><strong>non</strong></span> <span class='ocrx_word' id='word_1_787' title='bbox 2649 4384 2700 4437; x_wconf 90' lang='lat' dir='ltr'><strong>in</strong></span> <span class='ocrx_word' id='word_1_788' title='bbox 2729 4400 2796 4438; x_wconf 89' lang='lat' dir='ltr'><strong>eo</strong></span> <span class='ocrx_word' id='word_1_789' title='bbox 2821 4389 2961 4455; x_wconf 92' lang='lat' dir='ltr'><strong>quod</strong></span> <span class='ocrx_word' id='word_1_790' title='bbox 2990 4391 3115 4459; x_wconf 90' lang='lat' dir='ltr'><strong>quid</strong></span> <span class='ocrx_word' id='word_1_791' title='bbox 3147 4394 3237 4459; x_wconf 89' lang='lat' dir='ltr'><strong>sit,</strong></span> <span class='ocrx_word' id='word_1_792' title='bbox 3269 4397 3363 4450; x_wconf 87' lang='lat' dir='ltr'><strong>sed</strong></span> <span class='ocrx_word' id='word_1_793' title='bbox 3396 4399 3449 4451; x_wconf 92' lang='lat' dir='ltr'><strong>in</strong></span> <span class='ocrx_word' id='word_1_794' title='bbox 3478 4414 3545 4453; x_wconf 90' lang='lat' dir='ltr'><strong>eo</strong></span> <span class='ocrx_word' id='word_1_795' title='bbox 3573 4403 3713 4470; x_wconf 89' lang='lat' dir='ltr'><strong>quod</strong></span> 
     </span>
    </p>
   </div>
   <div class='ocr_carea' id='block_1_104' title="bbox 2134 4471 3710 4558">
    <p class='ocr_par' dir='ltr' id='par_1_104' title="bbox 2134 4471 3710 4558">
     <span class='ocr_line' id='line_1_106' title="bbox 2134 4471 3710 4558; baseline 0.017 -37"><span class='ocrx_word' id='word_1_796' title='bbox 2134 4471 2291 4537; x_wconf 91' lang='lat' dir='ltr'><strong>quale</strong></span> <span class='ocrx_word' id='word_1_797' title='bbox 2313 4472 2402 4526; x_wconf 91' lang='lat' dir='ltr'><strong>it.</strong></span> <span class='ocrx_word' id='word_1_798' title='bbox 2432 4472 2561 4525; x_wconf 62' lang='lat' dir='ltr'><strong>Nam</strong></span> <span class='ocrx_word' id='word_1_799' title='bbox 2585 4475 2627 4527; x_wconf 89' lang='lat' dir='ltr'><strong>si</strong></span> <span class='ocrx_word' id='word_1_800' title='bbox 2661 4476 2834 4545; x_wconf 88' lang='lat' dir='ltr'><strong>qualis</strong></span> <span class='ocrx_word' id='word_1_801' title='bbox 2861 4477 3019 4533; x_wconf 85' lang='lat' dir='ltr'><strong>homo</strong></span> <span class='ocrx_word' id='word_1_802' title='bbox 3050 4482 3121 4536; x_wconf 89' lang='lat' dir='ltr'><strong>sit</strong></span> <span class='ocrx_word' id='word_1_803' title='bbox 3148 4484 3521 4558; x_wconf 86' lang='lat' dir='ltr'><strong>interrogetur,</strong></span> <span class='ocrx_word' id='word_1_804' title='bbox 3551 4496 3710 4547; x_wconf 83' lang='lat' dir='ltr'><strong>ratio-</strong></span> 
     </span>
    </p>
   </div>
   <div class='ocr_carea' id='block_1_105' title="bbox 2129 4562 3709 4639">
    <p class='ocr_par' dir='ltr' id='par_1_105' title="bbox 2129 4562 3709 4639">
     <span class='ocr_line' id='line_1_107' title="bbox 2129 4562 3709 4639; baseline 0.018 -27"><span class='ocrx_word' id='word_1_805' title='bbox 2129 4562 2266 4615; x_wconf 89' lang='lat' dir='ltr'><strong>nalis</strong></span> <span class='ocrx_word' id='word_1_806' title='bbox 2303 4564 2559 4617; x_wconf 90' lang='lat' dir='ltr'><strong>continuo</strong></span> <span class='ocrx_word' id='word_1_807' title='bbox 2586 4568 2960 4635; x_wconf 88' lang='lat' dir='ltr'><strong>respondetur.</strong></span> <span class='ocrx_word' id='word_1_808' title='bbox 2992 4572 3173 4638; x_wconf 88' lang='lat' dir='ltr'><strong>Qualis</strong></span> <span class='ocrx_word' id='word_1_809' title='bbox 3202 4576 3345 4634; x_wconf 89' lang='lat' dir='ltr'><strong>Deus</strong></span> <span class='ocrx_word' id='word_1_810' title='bbox 3373 4580 3442 4635; x_wconf 88' lang='lat' dir='ltr'><strong>sit</strong></span> <span class='ocrx_word' id='word_1_811' title='bbox 3470 4583 3513 4636; x_wconf 89' lang='lat' dir='ltr'><strong>si</strong></span> <span class='ocrx_word' id='word_1_812' title='bbox 3544 4584 3709 4639; x_wconf 83' lang='lat' dir='ltr'><strong>inter-</strong></span> 
     </span>
    </p>
   </div>
   <div class='ocr_carea' id='block_1_106' title="bbox 2127 4656 3706 4735">
    <p class='ocr_par' dir='ltr' id='par_1_106' title="bbox 2127 4656 3706 4735">
     <span class='ocr_line' id='line_1_108' title="bbox 2127 4656 3706 4735; baseline 0.018 -30"><span class='ocrx_word' id='word_1_813' title='bbox 2127 4667 2307 4722; x_wconf 85' lang='lat' dir='ltr'><strong>roges,</strong></span> <span class='ocrx_word' id='word_1_814' title='bbox 2339 4656 2599 4735; x_wconf 84' lang='lat' dir='ltr'><strong>rationale</strong></span> <span class='ocrx_word' id='word_1_815' title='bbox 2648 4674 2755 4712; x_wconf 90' lang='lat' dir='ltr'><strong>non</strong></span> <span class='ocrx_word' id='word_1_816' title='bbox 2784 4659 3015 4717; x_wconf 87' lang='lat' dir='ltr'><strong>absurde</strong></span> <span class='ocrx_word' id='word_1_817' title='bbox 3061 4665 3286 4723; x_wconf 80' lang='lat' dir='ltr'><strong>dixeris.</strong></span> <span class='ocrx_word' id='word_1_818' title='bbox 3318 4668 3521 4727; x_wconf 84' lang='lat' dir='ltr'><strong>Eodem</strong></span> <span class='ocrx_word' id='word_1_819' title='bbox 3551 4677 3706 4735; x_wconf 86' lang='lat' dir='ltr'><strong>modo</strong></span> 
     </span>
    </p>
   </div>
   <div class='ocr_carea' id='block_1_107' title="bbox 2124 4730 3705 4827">
    <p class='ocr_par' dir='ltr' id='par_1_107' title="bbox 2124 4730 3705 4827">
     <span class='ocr_line' id='line_1_109' title="bbox 2124 4730 3705 4827; baseline 0.014 -30"><span class='ocrx_word' id='word_1_820' title='bbox 2124 4745 2285 4799; x_wconf 87' lang='lat' dir='ltr'><strong>etiam</strong></span> <span class='ocrx_word' id='word_1_821' title='bbox 2332 4730 2772 4805; x_wconf 81' lang='lat' dir='ltr'><strong>irrationabilitas</strong></span> <span class='ocrx_word' id='word_1_822' title='bbox 2802 4751 3002 4808; x_wconf 89' lang='lat' dir='ltr'><strong>dicitur</strong></span> <span class='ocrx_word' id='word_1_823' title='bbox 3028 4767 3081 4810; x_wconf 89' lang='lat' dir='ltr'><strong>et</strong></span> <span class='ocrx_word' id='word_1_824' title='bbox 3106 4756 3172 4810; x_wconf 86' lang='lat' dir='ltr'><strong>ad</strong></span> <span class='ocrx_word' id='word_1_825' title='bbox 3208 4773 3402 4827; x_wconf 74' lang='lat' dir='ltr'><strong>equum</strong></span> <span class='ocrx_word' id='word_1_826' title='bbox 3432 4776 3483 4817; x_wconf 93' lang='lat' dir='ltr'><strong>et</strong></span> <span class='ocrx_word' id='word_1_827' title='bbox 3518 4766 3582 4819; x_wconf 87' lang='lat' dir='ltr'><strong>ad</strong></span> <span class='ocrx_word' id='word_1_828' title='bbox 3612 4767 3705 4823; x_wconf 70' lang='lat' dir='ltr'><strong>bo.</strong></span> 
     </span>
    </p>
   </div>
   <div class='ocr_carea' id='block_1_108' title="bbox 2122 4840 3703 4927">
    <p class='ocr_par' dir='ltr' id='par_1_108' title="bbox 2122 4840 3703 4927">
     <span class='ocr_line' id='line_1_110' title="bbox 2122 4840 3703 4927; baseline 0.016 -36"><span class='ocrx_word' id='word_1_829' title='bbox 2122 4853 2241 4891; x_wconf 77' lang='lat' dir='ltr'><strong>vom</strong></span> <span class='ocrx_word' id='word_1_830' title='bbox 2272 4849 2327 4894; x_wconf 88' lang='lat' dir='ltr'><strong>et</strong></span> <span class='ocrx_word' id='word_1_831' title='bbox 2354 4840 2422 4892; x_wconf 87' lang='lat' dir='ltr'><strong>ad</strong></span> <span class='ocrx_word' id='word_1_832' title='bbox 2456 4842 2657 4908; x_wconf 83' lang='lat' dir='ltr'><strong>piscem</strong></span> <span class='ocrx_word' id='word_1_833' title='bbox 2706 4852 2763 4898; x_wconf 90' lang='lat' dir='ltr'><strong>et</strong></span> <span class='ocrx_word' id='word_1_834' title='bbox 2785 4845 2851 4899; x_wconf 87' lang='lat' dir='ltr'><strong>ad</strong></span> <span class='ocrx_word' id='word_1_835' title='bbox 2883 4862 3060 4912; x_wconf 90' lang='lat' dir='ltr'><strong>avem,</strong></span> <span class='ocrx_word' id='word_1_836' title='bbox 3103 4865 3222 4918; x_wconf 58' lang='lat' dir='ltr'><strong>quae</strong></span> <span class='ocrx_word' id='word_1_837' title='bbox 3252 4854 3433 4908; x_wconf 88' lang='lat' dir='ltr'><strong>omnia</strong></span> <span class='ocrx_word' id='word_1_838' title='bbox 3461 4858 3505 4911; x_wconf 86' lang='lat' dir='ltr'><strong>si</strong></span> <span class='ocrx_word' id='word_1_839' title='bbox 3533 4862 3703 4927; x_wconf 82' lang='lat' dir='ltr'><strong>qualia</strong></span> 
     </span>
    </p>
   </div>
   <div class='ocr_carea' id='block_1_109' title="bbox 2118 4920 3702 5011">
    <p class='ocr_par' dir='ltr' id='par_1_109' title="bbox 2118 4920 3702 5011">
     <span class='ocr_line' id='line_1_111' title="bbox 2118 4920 3702 5011; baseline 0.013 -26"><span class='ocrx_word' id='word_1_840' title='bbox 2118 4932 2228 4985; x_wconf 90' lang='lat' dir='ltr'><strong>sint</strong></span> <span class='ocrx_word' id='word_1_841' title='bbox 2263 4920 2699 5002; x_wconf 80' lang='lat' dir='ltr'><strong>interrogaveris,</strong></span> <span class='ocrx_word' id='word_1_842' title='bbox 2733 4937 3117 4995; x_wconf 85' lang='lat' dir='ltr'><strong>irrationabilia</strong></span> <span class='ocrx_word' id='word_1_843' title='bbox 3148 4945 3529 5011; x_wconf 66' lang='lat' dir='ltr'><strong>praedicantur.</strong></span> <span class='ocrx_word' id='word_1_844' title='bbox 3558 4951 3702 5007; x_wconf 76' lang='lat' dir='ltr'><strong>Bima</strong></span> 
     </span>
    </p>
   </div>
   <div class='ocr_carea' id='block_1_110' title="bbox 2102 5015 3696 5097">
    <p class='ocr_par' dir='ltr' id='par_1_110' title="bbox 2102 5015 3696 5097">
     <span class='ocr_line' id='line_1_112' title="bbox 2102 5015 3696 5097; baseline 0.011 -21"><span class='ocrx_word' id='word_1_845' title='bbox 2102 5015 2283 5092; x_wconf 67' lang='lat' dir='ltr'><strong>igitur</strong></span> <span class='ocrx_word' id='word_1_846' title='bbox 2305 5036 2360 5079; x_wconf 86' lang='lat' dir='ltr'><strong>et</strong></span> <span class='ocrx_word' id='word_1_847' title='bbox 2389 5034 2534 5079; x_wconf 90' lang='lat' dir='ltr'><strong>recta</strong></span> <span class='ocrx_word' id='word_1_848' title='bbox 2561 5026 2675 5082; x_wconf 72' lang='lat' dir='ltr'><strong>hinc</strong></span> <span class='ocrx_word' id='word_1_849' title='bbox 2707 5038 2789 5082; x_wconf 92' lang='lat' dir='ltr'><strong>est</strong></span> <span class='ocrx_word' id='word_1_850' title='bbox 2812 5028 3071 5097; x_wconf 87' lang='lat' dir='ltr'><strong>definitio,</strong></span> <span class='ocrx_word' id='word_1_851' title='bbox 3104 5031 3156 5087; x_wconf 92' lang='lat' dir='ltr'><strong>id</strong></span> <span class='ocrx_word' id='word_1_852' title='bbox 3183 5041 3268 5087; x_wconf 90' lang='lat' dir='ltr'><strong>est</strong></span> <span class='ocrx_word' id='word_1_853' title='bbox 3292 5034 3589 5092; x_wconf 73' lang='lat' dir='ltr'><strong>differentia</strong></span> <span class='ocrx_word' id='word_1_854' title='bbox 3621 5053 3696 5094; x_wconf 84' lang='lat' dir='ltr'><strong>est</strong></span> 
     </span>
    </p>
   </div>
   <div class='ocr_carea' id='block_1_111' title="bbox 2113 5117 3696 5199">
    <p class='ocr_par' dir='ltr' id='par_1_111' title="bbox 2113 5117 3696 5199">
     <span class='ocr_line' id='line_1_113' title="bbox 2113 5117 3696 5199; baseline 0.009 -30"><span class='ocrx_word' id='word_1_855' title='bbox 2113 5131 2234 5185; x_wconf 72' lang='lat' dir='ltr'><strong>qua:</strong></span> <span class='ocrx_word' id='word_1_856' title='bbox 2261 5117 2326 5171; x_wconf 87' lang='lat' dir='ltr'><strong>ad</strong></span> <span class='ocrx_word' id='word_1_857' title='bbox 2378 5118 2636 5186; x_wconf 89' lang='lat' dir='ltr'><strong>plurimas</strong></span> <span class='ocrx_word' id='word_1_858' title='bbox 2680 5134 2766 5173; x_wconf 90' lang='lat' dir='ltr'><strong>res</strong></span> <span class='ocrx_word' id='word_1_859' title='bbox 2809 5120 2990 5189; x_wconf 88' lang='lat' dir='ltr'><strong>specie</strong></span> <span class='ocrx_word' id='word_1_860' title='bbox 3043 5122 3306 5179; x_wconf 88' lang='lat' dir='ltr'><strong>distantes</strong></span> <span class='ocrx_word' id='word_1_861' title='bbox 3349 5124 3402 5179; x_wconf 89' lang='lat' dir='ltr'><strong>in</strong></span> <span class='ocrx_word' id='word_1_862' title='bbox 3450 5142 3517 5181; x_wconf 90' lang='lat' dir='ltr'><strong>eo</strong></span> <span class='ocrx_word' id='word_1_863' title='bbox 3553 5132 3696 5199; x_wconf 89' lang='lat' dir='ltr'><strong>quod</strong></span> 
     </span>
    </p>
   </div>
   <div class='ocr_carea' id='block_1_112' title="bbox 2111 5210 3692 5282">
    <p class='ocr_par' dir='ltr' id='par_1_112' title="bbox 2111 5210 3692 5282">
     <span class='ocr_line' id='line_1_114' title="bbox 2111 5210 3692 5282; baseline 0.009 -22"><span class='ocrx_word' id='word_1_864' title='bbox 2111 5210 2269 5277; x_wconf 90' lang='lat' dir='ltr'><strong>quale</strong></span> <span class='ocrx_word' id='word_1_865' title='bbox 2294 5210 2634 5278; x_wconf 81' lang='lat' dir='ltr'><strong>praedicatur.</strong></span> <span class='ocrx_word' id='word_1_866' title='bbox 2662 5210 2729 5263; x_wconf 88' lang='lat' dir='ltr'><strong>Et</strong></span> <span class='ocrx_word' id='word_1_867' title='bbox 2752 5210 2817 5265; x_wconf 90' lang='lat' dir='ltr'><strong>de</strong></span> <span class='ocrx_word' id='word_1_868' title='bbox 2843 5214 3053 5268; x_wconf 79' lang='lat' dir='ltr'><strong>mortali</strong></span> <span class='ocrx_word' id='word_1_869' title='bbox 3084 5230 3236 5282; x_wconf 88' lang='lat' dir='ltr'><strong>vero,</strong></span> <span class='ocrx_word' id='word_1_870' title='bbox 3264 5226 3317 5271; x_wconf 88' lang='lat' dir='ltr'><strong>et</strong></span> <span class='ocrx_word' id='word_1_871' title='bbox 3346 5217 3411 5272; x_wconf 89' lang='lat' dir='ltr'><strong>de</strong></span> <span class='ocrx_word' id='word_1_872' title='bbox 3440 5218 3560 5274; x_wconf 89' lang='lat' dir='ltr'><strong>aliis</strong></span> <span class='ocrx_word' id='word_1_873' title='bbox 3589 5222 3692 5274; x_wconf 84' lang='lat' dir='ltr'><strong>dif-</strong></span> 
     </span>
    </p>
   </div>
   <div class='ocr_carea' id='block_1_113' title="bbox 2110 5298 3688 5379">
    <p class='ocr_par' dir='ltr' id='par_1_113' title="bbox 2110 5298 3688 5379">
     <span class='ocr_line' id='line_1_115' title="bbox 2110 5298 3688 5379; baseline 0.008 -27"><span class='ocrx_word' id='word_1_874' title='bbox 2110 5298 2370 5365; x_wconf 88' lang='lat' dir='ltr'><strong>ferentiis,</strong></span> <span class='ocrx_word' id='word_1_875' title='bbox 2396 5300 2582 5355; x_wconf 89' lang='lat' dir='ltr'><strong>eadem</strong></span> <span class='ocrx_word' id='word_1_876' title='bbox 2605 5300 2858 5355; x_wconf 89' lang='lat' dir='ltr'><strong>estratio.</strong></span> <span class='ocrx_word' id='word_1_877' title='bbox 2891 5302 3142 5374; x_wconf 90' lang='lat' dir='ltr'><strong>Sequitur</strong></span> <span class='ocrx_word' id='word_1_878' title='bbox 3168 5306 3317 5361; x_wconf 88' lang='lat' dir='ltr'><strong>locus</strong></span> <span class='ocrx_word' id='word_1_879' title='bbox 3340 5309 3688 5379; x_wconf 66' lang='lat' dir='ltr'><strong>perdifficilis,</strong></span> 
     </span>
    </p>
   </div>
   <div class='ocr_carea' id='block_1_114' title="bbox 2108 5390 3686 5469">
    <p class='ocr_par' dir='ltr' id='par_1_114' title="bbox 2108 5390 3686 5469">
     <span class='ocr_line' id='line_1_116' title="bbox 2108 5390 3686 5469; baseline 0.007 -26"><span class='ocrx_word' id='word_1_880' title='bbox 2108 5390 2201 5444; x_wconf 91' lang='lat' dir='ltr'><strong>sed</strong></span> <span class='ocrx_word' id='word_1_881' title='bbox 2254 5390 2618 5445; x_wconf 84' lang='lat' dir='ltr'><strong>transferentis</strong></span> <span class='ocrx_word' id='word_1_882' title='bbox 2647 5390 2971 5448; x_wconf 86' lang='lat' dir='ltr'><strong>obscuritate</strong></span> <span class='ocrx_word' id='word_1_883' title='bbox 3024 5393 3280 5451; x_wconf 81' lang='lat' dir='ltr'><strong>Victorini</strong></span> <span class='ocrx_word' id='word_1_884' title='bbox 3337 5401 3504 5467; x_wconf 85' lang='lat' dir='ltr'><strong>magis</strong></span> <span class='ocrx_word' id='word_1_885' title='bbox 3528 5415 3686 5469; x_wconf 88' lang='lat' dir='ltr'><strong>quam</strong></span> 
     </span>
    </p>
   </div>
   <div class='ocr_carea' id='block_1_115' title="bbox 2103 5481 3682 5556">
    <p class='ocr_par' dir='ltr' id='par_1_115' title="bbox 2103 5481 3682 5556">
     <span class='ocr_line' id='line_1_117' title="bbox 2103 5481 3682 5556; baseline 0.006 -18"><span class='ocrx_word' id='word_1_886' title='bbox 2103 5481 2384 5555; x_wconf 83' lang='lat' dir='ltr'><strong>Porphyrii</strong></span> <span class='ocrx_word' id='word_1_887' title='bbox 2416 5485 2780 5555; x_wconf 84' lang='lat' dir='ltr'><strong>proponentis,</strong></span> <span class='ocrx_word' id='word_1_888' title='bbox 2804 5486 2891 5556; x_wconf 90' lang='lat' dir='ltr'><strong>qui</strong></span> <span class='ocrx_word' id='word_1_889' title='bbox 2921 5484 3226 5556; x_wconf 83' lang='lat' dir='ltr'><strong>hujusmodi</strong></span> <span class='ocrx_word' id='word_1_890' title='bbox 3248 5502 3348 5544; x_wconf 74' lang='lat' dir='ltr'><strong>eat.</strong></span> <span class='ocrx_word' id='word_1_891' title='bbox 3380 5491 3518 5546; x_wconf 88' lang='lat' dir='ltr'><strong>Dicit</strong></span> <span class='ocrx_word' id='word_1_892' title='bbox 3538 5494 3682 5548; x_wconf 86' lang='lat' dir='ltr'><strong>enim</strong></span> 
     </span>
    </p>
   </div>
   <div class='ocr_carea' id='block_1_116' title="bbox 2100 5587 3682 5650">
    <p class='ocr_par' dir='ltr' id='par_1_116' title="bbox 2100 5587 3682 5650">
     <span class='ocr_line' id='line_1_118' title="bbox 2100 5587 3682 5650; baseline 0.006 -20"><span class='ocrx_word' id='word_1_893' title='bbox 2100 5590 2315 5635; x_wconf 85' lang='lat' dir='ltr'><strong>omnem</strong></span> <span class='ocrx_word' id='word_1_894' title='bbox 2330 5592 2441 5631; x_wconf 89' lang='lat' dir='ltr'><strong>rem</strong></span> <span class='ocrx_word' id='word_1_895' title='bbox 2465 5591 2895 5649; x_wconf 66' lang='lat' dir='ltr'><strong>qumounque,est</strong></span> <span class='ocrx_word' id='word_1_896' title='bbox 2915 5597 3172 5650; x_wconf 81' lang='lat' dir='ltr'><strong>corporea</strong></span> <span class='ocrx_word' id='word_1_897' title='bbox 3186 5600 3253 5637; x_wconf 76' lang='lat' dir='ltr'><strong>ex</strong></span> <span class='ocrx_word' id='word_1_898' title='bbox 3270 5587 3491 5639; x_wconf 88' lang='lat' dir='ltr'><strong>materia</strong></span> <span class='ocrx_word' id='word_1_899' title='bbox 3506 5600 3557 5641; x_wconf 89' lang='lat' dir='ltr'><strong>et</strong></span> <span class='ocrx_word' id='word_1_900' title='bbox 3578 5588 3682 5642; x_wconf 89' lang='lat' dir='ltr'><strong>for-</strong></span> 
     </span>
    </p>
   </div>
   <div class='ocr_carea' id='block_1_117' title="bbox 2098 5669 3677 5740">
    <p class='ocr_par' dir='ltr' id='par_1_117' title="bbox 2098 5669 3677 5740">
     <span class='ocr_line' id='line_1_119' title="bbox 2098 5669 3677 5740; baseline 0.005 -19"><span class='ocrx_word' id='word_1_901' title='bbox 2098 5682 2184 5721; x_wconf 82' lang='lat' dir='ltr'><strong>tna</strong></span> <span class='ocrx_word' id='word_1_902' title='bbox 2216 5676 2482 5722; x_wconf 87' lang='lat' dir='ltr'><strong>constare.</strong></span> <span class='ocrx_word' id='word_1_903' title='bbox 2510 5669 2745 5740; x_wconf 85' lang='lat' dir='ltr'><strong>Namque</strong></span> <span class='ocrx_word' id='word_1_904' title='bbox 2762 5670 2805 5725; x_wconf 87' lang='lat' dir='ltr'><strong>si</strong></span> <span class='ocrx_word' id='word_1_905' title='bbox 2833 5680 3058 5724; x_wconf 84' lang='lat' dir='ltr'><strong>statuant</strong></span> <span class='ocrx_word' id='word_1_906' title='bbox 3082 5671 3250 5738; x_wconf 82' lang='lat' dir='ltr'><strong>dcas,</strong></span> <span class='ocrx_word' id='word_1_907' title='bbox 3274 5684 3484 5730; x_wconf 85' lang='lat' dir='ltr'><strong>constat</strong></span> <span class='ocrx_word' id='word_1_908' title='bbox 3506 5687 3677 5733; x_wconf 87' lang='lat' dir='ltr'><strong>statua</strong></span> 
     </span>
    </p>
   </div>
   <div class='ocr_carea' id='block_1_118' title="bbox 2096 5760 3672 5835">
    <p class='ocr_par' dir='ltr' id='par_1_118' title="bbox 2096 5760 3672 5835">
     <span class='ocr_line' id='line_1_120' title="bbox 2096 5760 3672 5835; baseline 0.005 -19"><span class='ocrx_word' id='word_1_909' title='bbox 2096 5773 2167 5816; x_wconf 80' lang='lat' dir='ltr'><strong>ex</strong></span> <span class='ocrx_word' id='word_1_910' title='bbox 2191 5774 2298 5815; x_wconf 66' lang='lat' dir='ltr'><strong>a&#39;re</strong></span> <span class='ocrx_word' id='word_1_911' title='bbox 2333 5760 2505 5833; x_wconf 84' lang='lat' dir='ltr'><strong>(verbi</strong></span> <span class='ocrx_word' id='word_1_912' title='bbox 2533 5763 2723 5833; x_wconf 79' lang='lat' dir='ltr'><strong>gratia)</strong></span> <span class='ocrx_word' id='word_1_913' title='bbox 2746 5773 2799 5819; x_wconf 89' lang='lat' dir='ltr'><strong>et</strong></span> <span class='ocrx_word' id='word_1_914' title='bbox 2818 5761 2983 5834; x_wconf 81' lang='lat' dir='ltr'><strong>ﬁgura</strong></span> <span class='ocrx_word' id='word_1_915' title='bbox 3006 5762 3096 5817; x_wconf 89' lang='lat' dir='ltr'><strong>illa</strong></span> <span class='ocrx_word' id='word_1_916' title='bbox 3118 5780 3273 5835; x_wconf 84' lang='lat' dir='ltr'><strong>quain</strong></span> <span class='ocrx_word' id='word_1_917' title='bbox 3298 5767 3345 5824; x_wconf 88' lang='lat' dir='ltr'><strong>ci</strong></span> <span class='ocrx_word' id='word_1_918' title='bbox 3367 5782 3495 5826; x_wconf 89' lang='lat' dir='ltr'><strong>suus</strong></span> <span class='ocrx_word' id='word_1_919' title='bbox 3524 5768 3672 5824; x_wconf 75' lang='lat' dir='ltr'><strong>fictor</strong></span> 
     </span>
    </p>
   </div>
  </div>
