  <div class='ocr_page' id='page_1' title='image "/cluster/home/n/w/nwhite01/storage/ocr_20150623/64/hvd.32044024222309/034.png"; bbox 0 0 4106 6336; ppageno 0'>
   <div class='ocr_carea' id='block_1_1' title="bbox 353 248 1975 315">
    <p class='ocr_par' dir='ltr' id='par_1_1' title="bbox 353 248 1975 310">
     <span class='ocr_line' id='line_1_1' title="bbox 353 248 1975 310; baseline 0.001 -4"><span class='ocrx_word' id='word_1_1' title='bbox 353 248 424 306; x_wconf 80' lang='grc'><strong>55</strong></span> <span class='ocrx_word' id='word_1_2' title='bbox 1454 250 1522 308; x_wconf 84' lang='grc' dir='ltr'><strong>ΙΝ</strong></span> <span class='ocrx_word' id='word_1_3' title='bbox 1560 249 1975 310; x_wconf 76' lang='lat' dir='ltr'><strong>PORPHYRIU!</strong></span> 
     </span>
    </p>
   </div>
   <div class='ocr_carea' id='block_1_2' title="bbox 2076 248 3649 315">
    <p class='ocr_par' dir='ltr' id='par_1_2' title="bbox 2076 251 3649 315">
     <span class='ocr_line' id='line_1_2' title="bbox 2076 251 3649 315; baseline 0.011 -10"><span class='ocrx_word' id='word_1_4' title='bbox 2076 252 2390 315; x_wconf 80' lang='lat' dir='ltr'><strong>llALOGUS</strong></span> <span class='ocrx_word' id='word_1_5' title='bbox 2427 256 2486 313; x_wconf 89' lang='lat' dir='ltr'><strong>ll.</strong></span> <span class='ocrx_word' id='word_1_6' title='bbox 3578 251 3649 309; x_wconf 70' lang='lat'><strong>54</strong></span> 
     </span>
    </p>
   </div>
   <div class='ocr_carea' id='block_1_3' title="bbox 354 364 3647 443">
    <p class='ocr_par' dir='ltr' id='par_1_3' title="bbox 354 364 3647 443">
     <span class='ocr_line' id='line_1_3' title="bbox 354 364 3647 443; baseline 0 -21"><span class='ocrx_word' id='word_1_7' title='bbox 354 366 629 437; x_wconf 74' lang='lat' dir='ltr'><strong>Imposuit,</strong></span> <span class='ocrx_word' id='word_1_8' title='bbox 665 372 720 434; x_wconf 78' lang='lat' dir='ltr'><strong>et</strong></span> <span class='ocrx_word' id='word_1_9' title='bbox 748 372 831 419; x_wconf 85' lang='lat' dir='ltr'><strong>est</strong></span> <span class='ocrx_word' id='word_1_10' title='bbox 882 364 1103 419; x_wconf 86' lang='lat' dir='ltr'><strong>materia</strong></span> <span class='ocrx_word' id='word_1_11' title='bbox 1124 379 1189 420; x_wconf 81' lang='lat' dir='ltr'><strong>ex</strong></span> <span class='ocrx_word' id='word_1_12' title='bbox 1217 379 1319 435; x_wconf 90' lang='lat' dir='ltr'><strong>qua</strong></span> <span class='ocrx_word' id='word_1_13' title='bbox 1346 364 1483 421; x_wconf 89' lang='lat' dir='ltr'><strong>facta</strong></span> <span class='ocrx_word' id='word_1_14' title='bbox 1508 375 1593 422; x_wconf 86' lang='lat' dir='ltr'><strong>est</strong></span> <span class='ocrx_word' id='word_1_15' title='bbox 1622 382 1696 423; x_wconf 66' lang='grc' dir='ltr'>ωε</span> <span class='ocrx_word' id='word_1_16' title='bbox 1727 386 1741 421; x_wconf 89' lang='lat'>:</span> <span class='ocrx_word' id='word_1_17' title='bbox 1776 368 1944 438; x_wconf 87' lang='lat' dir='ltr'><strong>figura</strong></span> <span class='ocrx_word' id='word_1_18' title='bbox 1972 371 2025 432; x_wconf 77' lang='grc' dir='ltr'>Α</span> <span class='ocrx_word' id='word_1_19' title='bbox 2051 371 2288 439; x_wconf 87' lang='lat' dir='ltr'><strong>seipsum</strong></span> <span class='ocrx_word' id='word_1_20' title='bbox 2330 387 2501 440; x_wconf 89' lang='lat' dir='ltr'><strong>genus</strong></span> <span class='ocrx_word' id='word_1_21' title='bbox 2549 377 2863 436; x_wconf 10' lang='lat' dir='ltr'><strong>est,rutes</strong></span> <span class='ocrx_word' id='word_1_22' title='bbox 2889 378 2944 426; x_wconf 89' lang='lat' dir='ltr'><strong>et</strong></span> <span class='ocrx_word' id='word_1_23' title='bbox 2972 370 3139 428; x_wconf 80' lang='lat' dir='ltr'><strong>facias</strong></span> <span class='ocrx_word' id='word_1_24' title='bbox 3166 385 3286 443; x_wconf 68' lang='lat' dir='ltr'><strong>qua</strong></span> <span class='ocrx_word' id='word_1_25' title='bbox 3312 383 3409 441; x_wconf 88' lang='lat' dir='ltr'><strong>per</strong></span> <span class='ocrx_word' id='word_1_26' title='bbox 3446 383 3507 423; x_wconf 84' lang='lat' dir='ltr'><strong>se</strong></span> <span class='ocrx_word' id='word_1_27' title='bbox 3532 368 3647 440; x_wconf 77' lang='lat' dir='ltr'><strong>ipsa</strong></span> 
     </span>
    </p>
   </div>
   <div class='ocr_carea' id='block_1_4' title="bbox 357 455 1949 528">
    <p class='ocr_par' dir='ltr' id='par_1_4' title="bbox 357 455 1949 528">
     <span class='ocr_line' id='line_1_4' title="bbox 357 455 1949 528; baseline 0.003 -19"><span class='ocrx_word' id='word_1_28' title='bbox 357 473 507 523; x_wconf 85' lang='lat' dir='ltr'><strong>vero,</strong></span> <span class='ocrx_word' id='word_1_29' title='bbox 535 456 584 512; x_wconf 89' lang='lat' dir='ltr'><strong>id</strong></span> <span class='ocrx_word' id='word_1_30' title='bbox 616 466 720 522; x_wconf 90' lang='lat' dir='ltr'><strong>est,</strong></span> <span class='ocrx_word' id='word_1_31' title='bbox 747 456 920 510; x_wconf 89' lang='lat' dir='ltr'><strong>forma</strong></span> <span class='ocrx_word' id='word_1_32' title='bbox 944 472 1044 525; x_wconf 89' lang='lat' dir='ltr'><strong>qua</strong></span> <span class='ocrx_word' id='word_1_33' title='bbox 1076 472 1149 510; x_wconf 65' lang='lat' dir='ltr'><strong>res</strong></span> <span class='ocrx_word' id='word_1_34' title='bbox 1172 455 1345 528; x_wconf 90' lang='lat' dir='ltr'><strong>ipsum</strong></span> <span class='ocrx_word' id='word_1_35' title='bbox 1378 456 1665 512; x_wconf 88' lang='lat' dir='ltr'><strong>formatum</strong></span> <span class='ocrx_word' id='word_1_36' title='bbox 1696 468 1797 513; x_wconf 83' lang='lat' dir='ltr'><strong>est.</strong></span> <span class='ocrx_word' id='word_1_37' title='bbox 1818 458 1949 513; x_wconf 82' lang='lat' dir='ltr'><strong>Nam</strong></span> 
     </span>
    </p>
   </div>
   <div class='ocr_carea' id='block_1_5' title="bbox 357 548 1954 616">
    <p class='ocr_par' dir='ltr' id='par_1_5' title="bbox 357 548 1954 616">
     <span class='ocr_line' id='line_1_5' title="bbox 357 548 1954 616; baseline 0 -12"><span class='ocrx_word' id='word_1_38' title='bbox 357 550 405 604; x_wconf 88' lang='lat' dir='ltr'><strong>si</strong></span> <span class='ocrx_word' id='word_1_39' title='bbox 430 549 707 603; x_wconf 82' lang='lat' dir='ltr'><strong>hominem</strong></span> <span class='ocrx_word' id='word_1_40' title='bbox 752 548 1005 602; x_wconf 79' lang='lat' dir='ltr'><strong>formabis</strong></span> <span class='ocrx_word' id='word_1_41' title='bbox 1047 563 1109 601; x_wconf 87' lang='lat' dir='ltr'><strong>ex</strong></span> <span class='ocrx_word' id='word_1_42' title='bbox 1142 564 1249 602; x_wconf 69' lang='lat' dir='ltr'><strong>tere</strong></span> <span class='ocrx_word' id='word_1_43' title='bbox 1278 555 1333 602; x_wconf 89' lang='lat' dir='ltr'><strong>et</strong></span> <span class='ocrx_word' id='word_1_44' title='bbox 1365 548 1529 616; x_wconf 90' lang='lat' dir='ltr'><strong>ﬁgura</strong></span> <span class='ocrx_word' id='word_1_45' title='bbox 1572 549 1823 615; x_wconf 87' lang='lat' dir='ltr'><strong>hominis,</strong></span> <span class='ocrx_word' id='word_1_46' title='bbox 1852 551 1954 605; x_wconf 90' lang='lat' dir='ltr'><strong>erit</strong></span> 
     </span>
    </p>
   </div>
   <div class='ocr_carea' id='block_1_6' title="bbox 348 624 1953 710">
    <p class='ocr_par' dir='ltr' id='par_1_6' title="bbox 348 624 1953 710">
     <span class='ocr_line' id='line_1_6' title="bbox 348 624 1953 710; baseline 0.002 -16"><span class='ocrx_word' id='word_1_47' title='bbox 348 624 593 694; x_wconf 90' lang='lat' dir='ltr'><strong>hominis</strong></span> <span class='ocrx_word' id='word_1_48' title='bbox 616 641 805 710; x_wconf 83' lang='lat' dir='ltr'><strong>ﬁgura,</strong></span> <span class='ocrx_word' id='word_1_49' title='bbox 833 642 1023 703; x_wconf 81' lang='lat' dir='ltr'><strong>forma,</strong></span> <span class='ocrx_word' id='word_1_50' title='bbox 1049 654 1121 692; x_wconf 63' lang='grc' dir='ltr'>ωε</span> <span class='ocrx_word' id='word_1_51' title='bbox 1142 654 1269 693; x_wconf 90' lang='lat' dir='ltr'><strong>vero</strong></span> <span class='ocrx_word' id='word_1_52' title='bbox 1295 641 1539 694; x_wconf 88' lang='lat' dir='ltr'><strong>materia.</strong></span> <span class='ocrx_word' id='word_1_53' title='bbox 1567 642 1767 696; x_wconf 84' lang='lat' dir='ltr'><strong>Eodem</strong></span> <span class='ocrx_word' id='word_1_54' title='bbox 1791 640 1953 697; x_wconf 88' lang='lat' dir='ltr'><strong>modo</strong></span> 
     </span>
    </p>
   </div>
   <div class='ocr_carea' id='block_1_7' title="bbox 359 722 1952 801">
    <p class='ocr_par' dir='ltr' id='par_1_7' title="bbox 359 722 1952 801">
     <span class='ocr_line' id='line_1_7' title="bbox 359 722 1952 801; baseline -0.001 -14"><span class='ocrx_word' id='word_1_55' title='bbox 359 722 521 788; x_wconf 86' lang='lat' dir='ltr'><strong>etiam</strong></span> <span class='ocrx_word' id='word_1_56' title='bbox 550 746 747 801; x_wconf 89' lang='lat' dir='ltr'><strong>genus.</strong></span> <span class='ocrx_word' id='word_1_57' title='bbox 777 730 1019 801; x_wconf 78' lang='lat' dir='ltr'><strong>Namque</strong></span> <span class='ocrx_word' id='word_1_58' title='bbox 1048 746 1219 799; x_wconf 85' lang='lat' dir='ltr'><strong>genus</strong></span> <span class='ocrx_word' id='word_1_59' title='bbox 1260 731 1312 785; x_wconf 91' lang='lat' dir='ltr'><strong>in</strong></span> <span class='ocrx_word' id='word_1_60' title='bbox 1344 732 1561 785; x_wconf 90' lang='lat' dir='ltr'><strong>modum</strong></span> <span class='ocrx_word' id='word_1_61' title='bbox 1594 732 1833 788; x_wconf 74' lang='lat' dir='ltr'><strong>materiae</strong></span> <span class='ocrx_word' id='word_1_62' title='bbox 1862 748 1952 786; x_wconf 90' lang='lat' dir='ltr'><strong>ac-</strong></span> 
     </span>
    </p>
   </div>
   <div class='ocr_carea' id='block_1_8' title="bbox 356 824 1954 897">
    <p class='ocr_par' dir='ltr' id='par_1_8' title="bbox 356 824 1954 897">
     <span class='ocr_line' id='line_1_8' title="bbox 356 824 1954 897; baseline -0.001 -16"><span class='ocrx_word' id='word_1_63' title='bbox 356 827 584 897; x_wconf 86' lang='lat' dir='ltr'><strong>cipitur,</strong></span> <span class='ocrx_word' id='word_1_64' title='bbox 614 824 919 879; x_wconf 87' lang='lat' dir='ltr'><strong>differentia</strong></span> <span class='ocrx_word' id='word_1_65' title='bbox 953 840 1080 879; x_wconf 88' lang='lat' dir='ltr'><strong>vero</strong></span> <span class='ocrx_word' id='word_1_66' title='bbox 1113 825 1165 879; x_wconf 91' lang='lat' dir='ltr'><strong>in</strong></span> <span class='ocrx_word' id='word_1_67' title='bbox 1211 825 1427 891; x_wconf 81' lang='lat' dir='ltr'><strong>modum</strong></span> <span class='ocrx_word' id='word_1_68' title='bbox 1483 824 1689 881; x_wconf 82' lang='lat' dir='ltr'><strong>formae.</strong></span> <span class='ocrx_word' id='word_1_69' title='bbox 1741 826 1954 881; x_wconf 81' lang='lat' dir='ltr'><strong>Etenim</strong></span> 
     </span>
    </p>
   </div>
   <div class='ocr_carea' id='block_1_9' title="bbox 362 909 1959 989">
    <p class='ocr_par' dir='ltr' id='par_1_9' title="bbox 362 909 1959 989">
     <span class='ocr_line' id='line_1_9' title="bbox 362 909 1959 989; baseline -0.001 -17"><span class='ocrx_word' id='word_1_70' title='bbox 362 909 813 989; x_wconf 65' lang='lat' dir='ltr'><strong>qu&#39;emadmodum</strong></span> <span class='ocrx_word' id='word_1_71' title='bbox 842 931 1179 985; x_wconf 74' lang='lat' dir='ltr'><strong>qumcunque</strong></span> <span class='ocrx_word' id='word_1_72' title='bbox 1202 916 1288 970; x_wconf 89' lang='lat' dir='ltr'><strong>illa</strong></span> <span class='ocrx_word' id='word_1_73' title='bbox 1312 934 1399 972; x_wconf 85' lang='lat' dir='ltr'><strong>res</strong></span> <span class='ocrx_word' id='word_1_74' title='bbox 1427 933 1492 972; x_wconf 86' lang='lat' dir='ltr'><strong>ex</strong></span> <span class='ocrx_word' id='word_1_75' title='bbox 1516 918 1737 972; x_wconf 81' lang='lat' dir='ltr'><strong>materia</strong></span> <span class='ocrx_word' id='word_1_76' title='bbox 1766 928 1820 971; x_wconf 88' lang='lat' dir='ltr'><strong>et</strong></span> <span class='ocrx_word' id='word_1_77' title='bbox 1848 918 1959 971; x_wconf 80' lang='lat' dir='ltr'><strong>for-</strong></span> 
     </span>
    </p>
   </div>
   <div class='ocr_carea' id='block_1_10' title="bbox 361 1009 1958 1079">
    <p class='ocr_par' dir='ltr' id='par_1_10' title="bbox 361 1009 1958 1079">
     <span class='ocr_line' id='line_1_10' title="bbox 361 1009 1958 1079; baseline -0.003 -12"><span class='ocrx_word' id='word_1_78' title='bbox 361 1027 444 1067; x_wconf 89' lang='lat' dir='ltr'><strong>ma</strong></span> <span class='ocrx_word' id='word_1_79' title='bbox 494 1019 747 1077; x_wconf 86' lang='lat' dir='ltr'><strong>constat,</strong></span> <span class='ocrx_word' id='word_1_80' title='bbox 792 1010 872 1064; x_wconf 90' lang='lat' dir='ltr'><strong>sic</strong></span> <span class='ocrx_word' id='word_1_81' title='bbox 902 1009 1063 1064; x_wconf 90' lang='lat' dir='ltr'><strong>etiam</strong></span> <span class='ocrx_word' id='word_1_82' title='bbox 1097 1010 1273 1064; x_wconf 90' lang='lat' dir='ltr'><strong>omnis</strong></span> <span class='ocrx_word' id='word_1_83' title='bbox 1302 1011 1510 1079; x_wconf 84' lang='lat' dir='ltr'><strong>species</strong></span> <span class='ocrx_word' id='word_1_84' title='bbox 1558 1026 1622 1064; x_wconf 79' lang='lat' dir='ltr'><strong>ex</strong></span> <span class='ocrx_word' id='word_1_85' title='bbox 1674 1025 1869 1077; x_wconf 81' lang='lat' dir='ltr'><strong>genere</strong></span> <span class='ocrx_word' id='word_1_86' title='bbox 1902 1020 1958 1064; x_wconf 89' lang='lat' dir='ltr'><strong>et</strong></span> 
     </span>
    </p>
   </div>
   <div class='ocr_carea' id='block_1_11' title="bbox 361 1096 1960 1169">
    <p class='ocr_par' dir='ltr' id='par_1_11' title="bbox 361 1096 1960 1169">
     <span class='ocr_line' id='line_1_11' title="bbox 361 1096 1960 1169; baseline -0.001 -13"><span class='ocrx_word' id='word_1_87' title='bbox 361 1098 683 1156; x_wconf 69' lang='lat' dir='ltr'><strong>diﬂ‘erentia.</strong></span> <span class='ocrx_word' id='word_1_88' title='bbox 739 1100 983 1169; x_wconf 77' lang='lat' dir='ltr'><strong>Namque</strong></span> <span class='ocrx_word' id='word_1_89' title='bbox 1029 1114 1196 1169; x_wconf 89' lang='lat' dir='ltr'><strong>genus</strong></span> <span class='ocrx_word' id='word_1_90' title='bbox 1242 1100 1312 1153; x_wconf 91' lang='lat' dir='ltr'><strong>ita</strong></span> <span class='ocrx_word' id='word_1_91' title='bbox 1343 1109 1427 1154; x_wconf 89' lang='lat' dir='ltr'><strong>est</strong></span> <span class='ocrx_word' id='word_1_92' title='bbox 1458 1096 1721 1166; x_wconf 86' lang='lat' dir='ltr'><strong>hominis,</strong></span> <span class='ocrx_word' id='word_1_93' title='bbox 1769 1110 1828 1153; x_wconf 90' lang='lat' dir='ltr'><strong>ut</strong></span> <span class='ocrx_word' id='word_1_94' title='bbox 1877 1109 1960 1156; x_wconf 88' lang='lat' dir='ltr'><strong>est</strong></span> 
     </span>
    </p>
   </div>
   <div class='ocr_carea' id='block_1_12' title="bbox 360 1188 1961 1257">
    <p class='ocr_par' dir='ltr' id='par_1_12' title="bbox 360 1188 1961 1257">
     <span class='ocr_line' id='line_1_12' title="bbox 360 1188 1961 1257; baseline -0.002 -10"><span class='ocrx_word' id='word_1_95' title='bbox 360 1201 551 1247; x_wconf 66' lang='lat' dir='ltr'><strong>statua:</strong></span> <span class='ocrx_word' id='word_1_96' title='bbox 592 1207 685 1246; x_wconf 73' lang='lat' dir='ltr'><strong>ms.</strong></span> <span class='ocrx_word' id='word_1_97' title='bbox 722 1188 1029 1257; x_wconf 79' lang='lat' dir='ltr'><strong>Differentia</strong></span> <span class='ocrx_word' id='word_1_98' title='bbox 1070 1205 1202 1245; x_wconf 86' lang='lat' dir='ltr'><strong>vero</strong></span> <span class='ocrx_word' id='word_1_99' title='bbox 1243 1191 1321 1245; x_wconf 92' lang='lat' dir='ltr'><strong>sic</strong></span> <span class='ocrx_word' id='word_1_100' title='bbox 1365 1202 1446 1245; x_wconf 90' lang='lat' dir='ltr'><strong>est</strong></span> <span class='ocrx_word' id='word_1_101' title='bbox 1495 1191 1758 1257; x_wconf 79' lang='lat' dir='ltr'><strong>hominis,</strong></span> <span class='ocrx_word' id='word_1_102' title='bbox 1792 1199 1849 1243; x_wconf 88' lang='lat' dir='ltr'><strong>ut</strong></span> <span class='ocrx_word' id='word_1_103' title='bbox 1878 1202 1961 1245; x_wconf 88' lang='lat' dir='ltr'><strong>est</strong></span> 
     </span>
    </p>
   </div>
   <div class='ocr_carea' id='block_1_13' title="bbox 360 1280 1959 1352">
    <p class='ocr_par' dir='ltr' id='par_1_13' title="bbox 360 1280 1959 1352">
     <span class='ocr_line' id='line_1_13' title="bbox 360 1280 1959 1352; baseline -0.001 -15"><span class='ocrx_word' id='word_1_104' title='bbox 360 1284 534 1337; x_wconf 90' lang='lat' dir='ltr'><strong>forma</strong></span> <span class='ocrx_word' id='word_1_105' title='bbox 557 1282 644 1335; x_wconf 91' lang='lat' dir='ltr'><strong>illa</strong></span> <span class='ocrx_word' id='word_1_106' title='bbox 676 1298 740 1336; x_wconf 79' lang='lat' dir='ltr'><strong>ex</strong></span> <span class='ocrx_word' id='word_1_107' title='bbox 759 1297 861 1352; x_wconf 89' lang='lat' dir='ltr'><strong>qua</strong></span> <span class='ocrx_word' id='word_1_108' title='bbox 882 1297 955 1335; x_wconf 69' lang='grc' dir='ltr'>ωε</span> <span class='ocrx_word' id='word_1_109' title='bbox 981 1280 1219 1336; x_wconf 83' lang='lat' dir='ltr'><strong>efﬁctum</strong></span> <span class='ocrx_word' id='word_1_110' title='bbox 1243 1293 1346 1337; x_wconf 88' lang='lat' dir='ltr'><strong>est.</strong></span> <span class='ocrx_word' id='word_1_111' title='bbox 1371 1283 1503 1336; x_wconf 85' lang='lat' dir='ltr'><strong>Nam</strong></span> <span class='ocrx_word' id='word_1_112' title='bbox 1528 1283 1665 1337; x_wconf 87' lang='lat' dir='ltr'><strong>sicut</strong></span> <span class='ocrx_word' id='word_1_113' title='bbox 1690 1300 1755 1337; x_wconf 85' lang='lat' dir='ltr'><strong>ex</strong></span> <span class='ocrx_word' id='word_1_114' title='bbox 1782 1283 1959 1350; x_wconf 88' lang='lat' dir='ltr'><strong>aliqua</strong></span> 
     </span>
    </p>
   </div>
   <div class='ocr_carea' id='block_1_14' title="bbox 358 1373 1961 1444">
    <p class='ocr_par' dir='ltr' id='par_1_14' title="bbox 358 1373 1961 1444">
     <span class='ocr_line' id='line_1_14' title="bbox 358 1373 1961 1444; baseline -0.001 -15"><span class='ocrx_word' id='word_1_115' title='bbox 358 1374 527 1443; x_wconf 84' lang='lat' dir='ltr'><strong>ﬁgura</strong></span> <span class='ocrx_word' id='word_1_116' title='bbox 558 1388 678 1443; x_wconf 73' lang='lat' dir='ltr'><strong>qua:</strong></span> <span class='ocrx_word' id='word_1_117' title='bbox 708 1387 776 1428; x_wconf 80' lang='lat' dir='ltr'><strong>ex</strong></span> <span class='ocrx_word' id='word_1_118' title='bbox 820 1373 947 1427; x_wconf 72' lang='lat' dir='ltr'><strong>teris</strong></span> <span class='ocrx_word' id='word_1_119' title='bbox 995 1373 1218 1427; x_wconf 86' lang='lat' dir='ltr'><strong>materia</strong></span> <span class='ocrx_word' id='word_1_120' title='bbox 1246 1373 1423 1428; x_wconf 83' lang='lat' dir='ltr'><strong>elﬁcta</strong></span> <span class='ocrx_word' id='word_1_121' title='bbox 1453 1382 1565 1440; x_wconf 89' lang='lat' dir='ltr'><strong>est,</strong></span> <span class='ocrx_word' id='word_1_122' title='bbox 1595 1373 1961 1444; x_wconf 81' lang='lat' dir='ltr'><strong>cujuscunque</strong></span> 
     </span>
    </p>
   </div>
   <div class='ocr_carea' id='block_1_15' title="bbox 358 1467 1958 1538">
    <p class='ocr_par' dir='ltr' id='par_1_15' title="bbox 358 1467 1958 1538">
     <span class='ocr_line' id='line_1_15' title="bbox 358 1467 1958 1538; baseline -0.001 -15"><span class='ocrx_word' id='word_1_123' title='bbox 358 1467 506 1523; x_wconf 86' lang='lat' dir='ltr'><strong>illius</strong></span> <span class='ocrx_word' id='word_1_124' title='bbox 534 1468 743 1538; x_wconf 85' lang='lat' dir='ltr'><strong>species</strong></span> <span class='ocrx_word' id='word_1_125' title='bbox 773 1476 961 1522; x_wconf 72' lang='lat' dir='ltr'><strong>statua:</strong></span> <span class='ocrx_word' id='word_1_126' title='bbox 986 1468 1069 1529; x_wconf 88' lang='lat' dir='ltr'><strong>ﬁt,</strong></span> <span class='ocrx_word' id='word_1_127' title='bbox 1104 1468 1185 1521; x_wconf 89' lang='lat' dir='ltr'><strong>sic</strong></span> <span class='ocrx_word' id='word_1_128' title='bbox 1215 1469 1376 1522; x_wconf 89' lang='lat' dir='ltr'><strong>etiam</strong></span> <span class='ocrx_word' id='word_1_129' title='bbox 1408 1468 1461 1522; x_wconf 88' lang='lat' dir='ltr'><strong>in</strong></span> <span class='ocrx_word' id='word_1_130' title='bbox 1489 1484 1681 1538; x_wconf 88' lang='lat' dir='ltr'><strong>genus,</strong></span> <span class='ocrx_word' id='word_1_131' title='bbox 1714 1469 1766 1522; x_wconf 92' lang='lat' dir='ltr'><strong>id</strong></span> <span class='ocrx_word' id='word_1_132' title='bbox 1801 1478 1883 1522; x_wconf 89' lang='lat' dir='ltr'><strong>est</strong></span> <span class='ocrx_word' id='word_1_133' title='bbox 1904 1468 1958 1522; x_wconf 87' lang='lat' dir='ltr'><strong>iu</strong></span> 
     </span>
    </p>
   </div>
   <div class='ocr_carea' id='block_1_16' title="bbox 360 1559 1964 1629">
    <p class='ocr_par' dir='ltr' id='par_1_16' title="bbox 360 1559 1964 1629">
     <span class='ocr_line' id='line_1_16' title="bbox 360 1559 1964 1629; baseline -0.002 -13"><span class='ocrx_word' id='word_1_134' title='bbox 360 1562 563 1616; x_wconf 82' lang='lat' dir='ltr'><strong>animal</strong></span> <span class='ocrx_word' id='word_1_135' title='bbox 592 1576 717 1616; x_wconf 90' lang='lat' dir='ltr'><strong>cum</strong></span> <span class='ocrx_word' id='word_1_136' title='bbox 760 1562 961 1616; x_wconf 84' lang='lat' dir='ltr'><strong>venerit</strong></span> <span class='ocrx_word' id='word_1_137' title='bbox 988 1559 1315 1628; x_wconf 88' lang='lat' dir='ltr'><strong>differentia,</strong></span> <span class='ocrx_word' id='word_1_138' title='bbox 1342 1560 1395 1615; x_wconf 90' lang='lat' dir='ltr'><strong>id</strong></span> <span class='ocrx_word' id='word_1_139' title='bbox 1427 1570 1511 1616; x_wconf 91' lang='lat' dir='ltr'><strong>est</strong></span> <span class='ocrx_word' id='word_1_140' title='bbox 1534 1561 1826 1629; x_wconf 83' lang='lat' dir='ltr'><strong>rationale,</strong></span> <span class='ocrx_word' id='word_1_141' title='bbox 1863 1561 1964 1614; x_wconf 84' lang='lat' dir='ltr'><strong>ho-</strong></span> 
     </span>
    </p>
   </div>
   <div class='ocr_carea' id='block_1_17' title="bbox 361 1652 1963 1726">
    <p class='ocr_par' dir='ltr' id='par_1_17' title="bbox 361 1652 1963 1726">
     <span class='ocr_line' id='line_1_17' title="bbox 361 1652 1963 1726; baseline -0.002 -15"><span class='ocrx_word' id='word_1_142' title='bbox 361 1657 529 1711; x_wconf 86' lang='lat' dir='ltr'><strong>minis</strong></span> <span class='ocrx_word' id='word_1_143' title='bbox 558 1657 763 1726; x_wconf 90' lang='lat' dir='ltr'><strong>species</strong></span> <span class='ocrx_word' id='word_1_144' title='bbox 787 1655 1018 1725; x_wconf 87' lang='lat' dir='ltr'><strong>ﬁngitur.</strong></span> <span class='ocrx_word' id='word_1_145' title='bbox 1038 1652 1142 1708; x_wconf 89' lang='lat' dir='ltr'><strong>lsta</strong></span> <span class='ocrx_word' id='word_1_146' title='bbox 1174 1654 1334 1724; x_wconf 81' lang='lat' dir='ltr'><strong>igitur</strong></span> <span class='ocrx_word' id='word_1_147' title='bbox 1358 1654 1460 1710; x_wconf 88' lang='lat' dir='ltr'><strong>sibi</strong></span> <span class='ocrx_word' id='word_1_148' title='bbox 1491 1655 1963 1725; x_wconf 88' lang='lat' dir='ltr'><strong>proportionaliter</strong></span> 
     </span>
    </p>
   </div>
   <div class='ocr_carea' id='block_1_18' title="bbox 2054 458 3652 529">
    <p class='ocr_par' dir='ltr' id='par_1_18' title="bbox 2054 458 3652 529">
     <span class='ocr_line' id='line_1_18' title="bbox 2054 458 3652 529; baseline -0.002 -13"><span class='ocrx_word' id='word_1_149' title='bbox 2054 461 2310 516; x_wconf 85' lang='lat' dir='ltr'><strong>animalia</strong></span> <span class='ocrx_word' id='word_1_150' title='bbox 2344 473 2491 529; x_wconf 90' lang='lat' dir='ltr'><strong>sunt,</strong></span> <span class='ocrx_word' id='word_1_151' title='bbox 2521 461 2731 528; x_wconf 85' lang='lat' dir='ltr'><strong>planior</strong></span> <span class='ocrx_word' id='word_1_152' title='bbox 2759 475 2950 517; x_wconf 80' lang='lat' dir='ltr'><strong>sensus</strong></span> <span class='ocrx_word' id='word_1_153' title='bbox 2980 463 3103 518; x_wconf 88' lang='lat' dir='ltr'><strong>erit.</strong></span> <span class='ocrx_word' id='word_1_154' title='bbox 3132 461 3359 519; x_wconf 85' lang='lat' dir='ltr'><strong>Generis</strong></span> <span class='ocrx_word' id='word_1_155' title='bbox 3389 458 3531 515; x_wconf 90' lang='lat' dir='ltr'><strong>enim</strong></span> <span class='ocrx_word' id='word_1_156' title='bbox 3562 458 3652 513; x_wconf 85' lang='lat' dir='ltr'><strong>hic</strong></span> 
     </span>
    </p>
   </div>
   <div class='ocr_carea' id='block_1_19' title="bbox 2059 547 3648 623">
    <p class='ocr_par' dir='ltr' id='par_1_19' title="bbox 2059 547 3648 623">
     <span class='ocr_line' id='line_1_19' title="bbox 2059 547 3648 623; baseline -0.003 -15"><span class='ocrx_word' id='word_1_157' title='bbox 2059 553 2279 608; x_wconf 80' lang='lat' dir='ltr'><strong>nomine</strong></span> <span class='ocrx_word' id='word_1_158' title='bbox 2308 568 2407 623; x_wconf 92' lang='lat' dir='ltr'><strong>pro</strong></span> <span class='ocrx_word' id='word_1_159' title='bbox 2454 552 2706 607; x_wconf 87' lang='lat' dir='ltr'><strong>animalis</strong></span> <span class='ocrx_word' id='word_1_160' title='bbox 2736 552 2937 607; x_wconf 88' lang='lat' dir='ltr'><strong>abusus</strong></span> <span class='ocrx_word' id='word_1_161' title='bbox 2962 562 3077 616; x_wconf 88' lang='lat' dir='ltr'><strong>est,</strong></span> <span class='ocrx_word' id='word_1_162' title='bbox 3132 564 3187 608; x_wconf 91' lang='lat' dir='ltr'><strong>et</strong></span> <span class='ocrx_word' id='word_1_163' title='bbox 3211 552 3315 608; x_wconf 88' lang='lat' dir='ltr'><strong>erit</strong></span> <span class='ocrx_word' id='word_1_164' title='bbox 3344 547 3648 621; x_wconf 85' lang='lat' dir='ltr'><strong>hujusmodi</strong></span> 
     </span>
    </p>
   </div>
   <div class='ocr_carea' id='block_1_20' title="bbox 2059 644 3655 714">
    <p class='ocr_par' dir='ltr' id='par_1_20' title="bbox 2059 644 3655 714">
     <span class='ocr_line' id='line_1_20' title="bbox 2059 644 3655 714; baseline -0.003 -14"><span class='ocrx_word' id='word_1_165' title='bbox 2059 645 2194 700; x_wconf 89' lang='lat' dir='ltr'><strong>ordo</strong></span> <span class='ocrx_word' id='word_1_166' title='bbox 2219 662 2232 698; x_wconf 92' lang='lat'>:</span> <span class='ocrx_word' id='word_1_167' title='bbox 2266 644 2577 700; x_wconf 76' lang='lat' dir='ltr'><strong>Differ-entia</strong></span> <span class='ocrx_word' id='word_1_168' title='bbox 2616 652 2702 700; x_wconf 83' lang='lat' dir='ltr'><strong>est</strong></span> <span class='ocrx_word' id='word_1_169' title='bbox 2726 660 2833 714; x_wconf 90' lang='lat' dir='ltr'><strong>qua</strong></span> <span class='ocrx_word' id='word_1_170' title='bbox 2861 644 3117 701; x_wconf 81' lang='lat' dir='ltr'><strong>differunt</strong></span> <span class='ocrx_word' id='word_1_171' title='bbox 3146 644 3376 714; x_wconf 91' lang='lat' dir='ltr'><strong>singula,</strong></span> <span class='ocrx_word' id='word_1_172' title='bbox 3405 657 3527 713; x_wconf 76' lang='lat' dir='ltr'><strong>qua:</strong></span> <span class='ocrx_word' id='word_1_173' title='bbox 3555 655 3655 712; x_wconf 87' lang='lat' dir='ltr'><strong>per</strong></span> 
     </span>
    </p>
   </div>
   <div class='ocr_carea' id='block_1_21' title="bbox 2048 732 3658 807">
    <p class='ocr_par' dir='ltr' id='par_1_21' title="bbox 2048 732 3658 807">
     <span class='ocr_line' id='line_1_21' title="bbox 2048 732 3658 807; baseline -0.006 -14"><span class='ocrx_word' id='word_1_174' title='bbox 2048 752 2123 803; x_wconf 88' lang='lat' dir='ltr'><strong>se</strong></span> <span class='ocrx_word' id='word_1_175' title='bbox 2151 737 2264 807; x_wconf 85' lang='lat' dir='ltr'><strong>ipsa</strong></span> <span class='ocrx_word' id='word_1_176' title='bbox 2286 735 2539 791; x_wconf 88' lang='lat' dir='ltr'><strong>animalia</strong></span> <span class='ocrx_word' id='word_1_177' title='bbox 2569 745 2718 798; x_wconf 87' lang='lat' dir='ltr'><strong>sunt,</strong></span> <span class='ocrx_word' id='word_1_178' title='bbox 2740 744 2796 790; x_wconf 90' lang='lat' dir='ltr'><strong>et</strong></span> <span class='ocrx_word' id='word_1_179' title='bbox 2826 735 2921 790; x_wconf 88' lang='lat' dir='ltr'><strong>illa</strong></span> <span class='ocrx_word' id='word_1_180' title='bbox 2942 752 3060 806; x_wconf 64' lang='lat' dir='ltr'><strong>quae</strong></span> <span class='ocrx_word' id='word_1_181' title='bbox 3082 735 3363 791; x_wconf 88' lang='lat' dir='ltr'><strong>rationalia</strong></span> <span class='ocrx_word' id='word_1_182' title='bbox 3387 742 3514 789; x_wconf 91' lang='lat' dir='ltr'><strong>sunt</strong></span> <span class='ocrx_word' id='word_1_183' title='bbox 3542 732 3658 786; x_wconf 91' lang='lat' dir='ltr'><strong>ani-</strong></span> 
     </span>
    </p>
   </div>
   <div class='ocr_carea' id='block_1_22' title="bbox 2061 821 3659 898">
    <p class='ocr_par' dir='ltr' id='par_1_22' title="bbox 2061 821 3659 898">
     <span class='ocr_line' id='line_1_22' title="bbox 2061 821 3659 898; baseline -0.004 -14"><span class='ocrx_word' id='word_1_184' title='bbox 2061 831 2247 893; x_wconf 86' lang='lat' dir='ltr'><strong>malia,</strong></span> <span class='ocrx_word' id='word_1_185' title='bbox 2267 843 2366 883; x_wconf 91' lang='lat' dir='ltr'><strong>nos</strong></span> <span class='ocrx_word' id='word_1_186' title='bbox 2385 828 2617 894; x_wconf 85' lang='lat' dir='ltr'><strong>scilicet,</strong></span> <span class='ocrx_word' id='word_1_187' title='bbox 2641 836 2696 884; x_wconf 92' lang='lat' dir='ltr'><strong>et</strong></span> <span class='ocrx_word' id='word_1_188' title='bbox 2717 827 2809 882; x_wconf 91' lang='lat' dir='ltr'><strong>illa</strong></span> <span class='ocrx_word' id='word_1_189' title='bbox 2830 843 2949 898; x_wconf 70' lang='lat' dir='ltr'><strong>qua:</strong></span> <span class='ocrx_word' id='word_1_190' title='bbox 2979 827 3306 883; x_wconf 88' lang='lat' dir='ltr'><strong>irrationalia</strong></span> <span class='ocrx_word' id='word_1_191' title='bbox 3331 833 3474 881; x_wconf 87' lang='lat' dir='ltr'><strong>sunt.</strong></span> <span class='ocrx_word' id='word_1_192' title='bbox 3502 821 3659 890; x_wconf 85' lang='lat' dir='ltr'><strong>Quod</strong></span> 
     </span>
    </p>
   </div>
   <div class='ocr_carea' id='block_1_23' title="bbox 2061 918 3659 987">
    <p class='ocr_par' dir='ltr' id='par_1_23' title="bbox 2061 918 3659 987">
     <span class='ocr_line' id='line_1_23' title="bbox 2061 918 3659 987; baseline -0.004 -9"><span class='ocrx_word' id='word_1_193' title='bbox 2061 926 2107 978; x_wconf 92' lang='lat' dir='ltr'><strong>si</strong></span> <span class='ocrx_word' id='word_1_194' title='bbox 2139 924 2217 980; x_wconf 88' lang='lat' dir='ltr'><strong>sic</strong></span> <span class='ocrx_word' id='word_1_195' title='bbox 2248 934 2426 987; x_wconf 90' lang='lat' dir='ltr'><strong>esset,</strong></span> <span class='ocrx_word' id='word_1_196' title='bbox 2469 922 2650 978; x_wconf 88' lang='lat' dir='ltr'><strong>nullus</strong></span> <span class='ocrx_word' id='word_1_197' title='bbox 2696 931 2845 979; x_wconf 81' lang='lat' dir='ltr'><strong>esset</strong></span> <span class='ocrx_word' id='word_1_198' title='bbox 2873 936 3027 977; x_wconf 90' lang='lat' dir='ltr'><strong>error</strong></span> <span class='ocrx_word' id='word_1_199' title='bbox 3070 920 3315 977; x_wconf 84' lang='lat' dir='ltr'><strong>omnino.</strong></span> <span class='ocrx_word' id='word_1_200' title='bbox 3344 918 3496 974; x_wconf 86' lang='lat' dir='ltr'><strong>Nunc</strong></span> <span class='ocrx_word' id='word_1_201' title='bbox 3526 930 3659 971; x_wconf 90' lang='lat' dir='ltr'><strong>vero</strong></span> 
     </span>
    </p>
   </div>
   <div class='ocr_carea' id='block_1_24' title="bbox 2062 1009 3659 1087">
    <p class='ocr_par' dir='ltr' id='par_1_24' title="bbox 2062 1009 3659 1087">
     <span class='ocr_line' id='line_1_24' title="bbox 2062 1009 3659 1087; baseline -0.006 -16"><span class='ocrx_word' id='word_1_202' title='bbox 2062 1032 2233 1087; x_wconf 87' lang='lat' dir='ltr'><strong>genus</strong></span> <span class='ocrx_word' id='word_1_203' title='bbox 2273 1016 2416 1087; x_wconf 88' lang='lat' dir='ltr'><strong>quod</strong></span> <span class='ocrx_word' id='word_1_204' title='bbox 2446 1017 2542 1084; x_wconf 87' lang='lat' dir='ltr'><strong>ait,</strong></span> <span class='ocrx_word' id='word_1_205' title='bbox 2577 1031 2673 1085; x_wconf 89' lang='lat' dir='ltr'><strong>pro</strong></span> <span class='ocrx_word' id='word_1_206' title='bbox 2703 1013 2956 1069; x_wconf 85' lang='lat' dir='ltr'><strong>animalis</strong></span> <span class='ocrx_word' id='word_1_207' title='bbox 2991 1009 3659 1078; x_wconf 85' lang='lat' dir='ltr'><strong>nomine‘intelligendum</strong></span> 
     </span>
    </p>
   </div>
   <div class='ocr_carea' id='block_1_25' title="bbox 2065 1100 3662 1179">
    <p class='ocr_par' dir='ltr' id='par_1_25' title="bbox 2065 1100 3662 1179">
     <span class='ocr_line' id='line_1_25' title="bbox 2065 1100 3662 1179; baseline -0.008 -14"><span class='ocrx_word' id='word_1_208' title='bbox 2065 1121 2171 1165; x_wconf 88' lang='lat' dir='ltr'><strong>est.</strong></span> <span class='ocrx_word' id='word_1_209' title='bbox 2198 1110 2329 1165; x_wconf 87' lang='lat' dir='ltr'><strong>Item</strong></span> <span class='ocrx_word' id='word_1_210' title='bbox 2371 1109 2445 1164; x_wconf 89' lang='lat' dir='ltr'><strong>dii</strong></span> <span class='ocrx_word' id='word_1_211' title='bbox 2475 1118 2634 1179; x_wconf 90' lang='lat' dir='ltr'><strong>atque</strong></span> <span class='ocrx_word' id='word_1_212' title='bbox 2665 1107 2916 1163; x_wconf 86' lang='lat' dir='ltr'><strong>homines</strong></span> <span class='ocrx_word' id='word_1_213' title='bbox 2944 1121 3065 1161; x_wconf 91' lang='lat' dir='ltr'><strong>cum</strong></span> <span class='ocrx_word' id='word_1_214' title='bbox 3110 1104 3325 1174; x_wconf 88' lang='lat' dir='ltr'><strong>utrique</strong></span> <span class='ocrx_word' id='word_1_215' title='bbox 3370 1100 3662 1157; x_wconf 79' lang='lat' dir='ltr'><strong>rationales</strong></span> 
     </span>
    </p>
   </div>
   <div class='ocr_carea' id='block_1_26' title="bbox 2066 1191 3663 1268">
    <p class='ocr_par' dir='ltr' id='par_1_26' title="bbox 2066 1191 3663 1268">
     <span class='ocr_line' id='line_1_26' title="bbox 2066 1191 3663 1268; baseline -0.007 -13"><span class='ocrx_word' id='word_1_216' title='bbox 2066 1203 2193 1268; x_wconf 92' lang='lat' dir='ltr'><strong>sint,</strong></span> <span class='ocrx_word' id='word_1_217' title='bbox 2214 1201 2555 1256; x_wconf 86' lang='lat' dir='ltr'><strong>mortalitatis</strong></span> <span class='ocrx_word' id='word_1_218' title='bbox 2582 1209 2760 1256; x_wconf 90' lang='lat' dir='ltr'><strong>tamen</strong></span> <span class='ocrx_word' id='word_1_219' title='bbox 2791 1199 3008 1254; x_wconf 90' lang='lat' dir='ltr'><strong>nomine</strong></span> <span class='ocrx_word' id='word_1_220' title='bbox 3035 1194 3249 1266; x_wconf 86' lang='lat' dir='ltr'><strong>adjecto</strong></span> <span class='ocrx_word' id='word_1_221' title='bbox 3270 1193 3525 1248; x_wconf 81' lang='lat' dir='ltr'><strong>differunt</strong></span> <span class='ocrx_word' id='word_1_222' title='bbox 3550 1191 3663 1245; x_wconf 85' lang='lat' dir='ltr'><strong>dis-</strong></span> 
     </span>
    </p>
   </div>
   <div class='ocr_carea' id='block_1_27' title="bbox 2020 1283 3664 1369">
    <p class='ocr_par' dir='ltr' id='par_1_27' title="bbox 2020 1283 3664 1369">
     <span class='ocr_line' id='line_1_27' title="bbox 2020 1283 3664 1369; baseline -0.006 -22"><span class='ocrx_word' id='word_1_223' title='bbox 2020 1356 2035 1369; x_wconf 38' lang='lat'><strong><em>,</em></strong></span> <span class='ocrx_word' id='word_1_224' title='bbox 2068 1304 2422 1363; x_wconf 84' lang='lat' dir='ltr'><strong>crepantque.</strong></span> <span class='ocrx_word' id='word_1_225' title='bbox 2490 1292 2579 1349; x_wconf 87' lang='lat' dir='ltr'><strong>Sic</strong></span> <span class='ocrx_word' id='word_1_226' title='bbox 2627 1291 2784 1362; x_wconf 80' lang='lat' dir='ltr'><strong>igitur</strong></span> <span class='ocrx_word' id='word_1_227' title='bbox 2829 1289 3132 1345; x_wconf 84' lang='lat' dir='ltr'><strong>differentia</strong></span> <span class='ocrx_word' id='word_1_228' title='bbox 3174 1297 3258 1342; x_wconf 87' lang='lat' dir='ltr'><strong>est</strong></span> <span class='ocrx_word' id='word_1_229' title='bbox 3306 1301 3409 1356; x_wconf 89' lang='lat' dir='ltr'><strong>qua</strong></span> <span class='ocrx_word' id='word_1_230' title='bbox 3453 1283 3664 1354; x_wconf 85' lang='lat' dir='ltr'><strong>singula</strong></span> 
     </span>
    </p>
   </div>
   <div class='ocr_carea' id='block_1_28' title="bbox 2069 1381 3677 1455">
    <p class='ocr_par' dir='ltr' id='par_1_28' title="bbox 2069 1381 3677 1455">
     <span class='ocr_line' id='line_1_28' title="bbox 2069 1381 3677 1455; baseline -0.005 -16"><span class='ocrx_word' id='word_1_231' title='bbox 2069 1386 2357 1455; x_wconf 84' lang='lat' dir='ltr'><strong>differunt,</strong></span> <span class='ocrx_word' id='word_1_232' title='bbox 2388 1386 2483 1442; x_wconf 90' lang='lat' dir='ltr'><strong>sed</strong></span> <span class='ocrx_word' id='word_1_233' title='bbox 2520 1386 2623 1441; x_wconf 93' lang='lat' dir='ltr'><strong>hoc</strong></span> <span class='ocrx_word' id='word_1_234' title='bbox 2655 1401 2761 1440; x_wconf 91' lang='lat' dir='ltr'><strong>non</strong></span> <span class='ocrx_word' id='word_1_235' title='bbox 2791 1382 3134 1451; x_wconf 89' lang='lat' dir='ltr'><strong>simpliciter,</strong></span> <span class='ocrx_word' id='word_1_236' title='bbox 3178 1382 3271 1436; x_wconf 88' lang='lat' dir='ltr'><strong>sed</strong></span> <span class='ocrx_word' id='word_1_237' title='bbox 3304 1381 3421 1436; x_wconf 88' lang='lat' dir='ltr'><strong>illas</strong></span> <span class='ocrx_word' id='word_1_238' title='bbox 3459 1387 3677 1433; x_wconf 82' lang='lat' dir='ltr'><strong>tantum.</strong></span> 
     </span>
    </p>
   </div>
   <div class='ocr_carea' id='block_1_29' title="bbox 2070 1466 3667 1546">
    <p class='ocr_par' dir='ltr' id='par_1_29' title="bbox 2070 1466 3667 1546">
     <span class='ocr_line' id='line_1_29' title="bbox 2070 1466 3667 1546; baseline -0.008 -13"><span class='ocrx_word' id='word_1_239' title='bbox 2070 1477 2404 1533; x_wconf 88' lang='lat' dir='ltr'><strong>differentias</strong></span> <span class='ocrx_word' id='word_1_240' title='bbox 2453 1475 2761 1546; x_wconf 88' lang='lat' dir='ltr'><strong>hujusmodi</strong></span> <span class='ocrx_word' id='word_1_241' title='bbox 2812 1489 2936 1530; x_wconf 89' lang='lat' dir='ltr'><strong>esse</strong></span> <span class='ocrx_word' id='word_1_242' title='bbox 2983 1473 3276 1543; x_wconf 85' lang='lat' dir='ltr'><strong>putandum</strong></span> <span class='ocrx_word' id='word_1_243' title='bbox 3308 1479 3420 1538; x_wconf 90' lang='lat' dir='ltr'><strong>est,</strong></span> <span class='ocrx_word' id='word_1_244' title='bbox 3449 1484 3567 1540; x_wconf 85' lang='lat' dir='ltr'><strong>quae</strong></span> <span class='ocrx_word' id='word_1_245' title='bbox 3598 1466 3667 1521; x_wconf 92' lang='lat' dir='ltr'><strong>ad</strong></span> 
     </span>
    </p>
   </div>
   <div class='ocr_carea' id='block_1_30' title="bbox 2069 1565 3667 1641">
    <p class='ocr_par' dir='ltr' id='par_1_30' title="bbox 2069 1565 3667 1641">
     <span class='ocr_line' id='line_1_30' title="bbox 2069 1565 3667 1641; baseline -0.008 -12"><span class='ocrx_word' id='word_1_246' title='bbox 2069 1572 2426 1629; x_wconf 86' lang='lat' dir='ltr'><strong>substantiam</strong></span> <span class='ocrx_word' id='word_1_247' title='bbox 2467 1570 2704 1641; x_wconf 86' lang='lat' dir='ltr'><strong>prosint,</strong></span> <span class='ocrx_word' id='word_1_248' title='bbox 2729 1579 2786 1625; x_wconf 91' lang='lat' dir='ltr'><strong>et</strong></span> <span class='ocrx_word' id='word_1_249' title='bbox 2812 1584 2933 1638; x_wconf 63' lang='lat' dir='ltr'><strong>quae</strong></span> <span class='ocrx_word' id='word_1_250' title='bbox 2982 1568 3049 1622; x_wconf 91' lang='lat' dir='ltr'><strong>ad</strong></span> <span class='ocrx_word' id='word_1_251' title='bbox 3078 1566 3130 1622; x_wconf 89' lang='lat' dir='ltr'><strong>id</strong></span> <span class='ocrx_word' id='word_1_252' title='bbox 3163 1565 3305 1637; x_wconf 91' lang='lat' dir='ltr'><strong>quod</strong></span> <span class='ocrx_word' id='word_1_253' title='bbox 3331 1574 3413 1619; x_wconf 90' lang='lat' dir='ltr'><strong>est</strong></span> <span class='ocrx_word' id='word_1_254' title='bbox 3441 1572 3495 1618; x_wconf 93' lang='lat' dir='ltr'><strong>et</strong></span> <span class='ocrx_word' id='word_1_255' title='bbox 3522 1577 3667 1632; x_wconf 67' lang='lat' dir='ltr'><strong>qua)-</strong></span> 
     </span>
    </p>
   </div>
   <div class='ocr_carea' id='block_1_31' title="bbox 2069 1653 3668 1735">
    <p class='ocr_par' dir='ltr' id='par_1_31' title="bbox 2069 1653 3668 1735">
     <span class='ocr_line' id='line_1_31' title="bbox 2069 1653 3668 1735; baseline -0.008 -15"><span class='ocrx_word' id='word_1_256' title='bbox 2069 1680 2283 1735; x_wconf 88' lang='lat' dir='ltr'><strong>cunque</strong></span> <span class='ocrx_word' id='word_1_257' title='bbox 2308 1663 2511 1735; x_wconf 87' lang='lat' dir='ltr'><strong>speciei</strong></span> <span class='ocrx_word' id='word_1_258' title='bbox 2542 1671 2771 1732; x_wconf 88' lang='lat' dir='ltr'><strong>possunt</strong></span> <span class='ocrx_word' id='word_1_259' title='bbox 2819 1676 2942 1718; x_wconf 90' lang='lat' dir='ltr'><strong>esse</strong></span> <span class='ocrx_word' id='word_1_260' title='bbox 2988 1661 3182 1731; x_wconf 75' lang='lat' dir='ltr'><strong>aliqua:</strong></span> <span class='ocrx_word' id='word_1_261' title='bbox 3214 1667 3393 1728; x_wconf 89' lang='lat' dir='ltr'><strong>partes</strong></span> <span class='ocrx_word' id='word_1_262' title='bbox 3422 1671 3542 1726; x_wconf 65' lang='lat' dir='ltr'><strong>quae</strong></span> <span class='ocrx_word' id='word_1_263' title='bbox 3572 1653 3668 1708; x_wconf 43' lang='lat' dir='ltr'><strong>hu‘</strong></span> 
     </span>
    </p>
   </div>
   <div class='ocr_carea' id='block_1_32' title="bbox 361 1742 3669 1827">
    <p class='ocr_par' dir='ltr' id='par_1_32' title="bbox 361 1742 3669 1827">
     <span class='ocr_line' id='line_1_32' title="bbox 361 1742 3669 1827; baseline -0.002 -22"><span class='ocrx_word' id='word_1_264' title='bbox 361 1756 511 1805; x_wconf 83' lang='lat' dir='ltr'><strong>sunt.</strong></span> <span class='ocrx_word' id='word_1_265' title='bbox 543 1750 825 1819; x_wconf 81' lang='lat' dir='ltr'><strong>Propertio</strong></span> <span class='ocrx_word' id='word_1_266' title='bbox 850 1757 1027 1804; x_wconf 88' lang='lat' dir='ltr'><strong>autem</strong></span> <span class='ocrx_word' id='word_1_267' title='bbox 1060 1756 1143 1804; x_wconf 91' lang='lat' dir='ltr'><strong>est</strong></span> <span class='ocrx_word' id='word_1_268' title='bbox 1193 1750 1563 1819; x_wconf 87' lang='lat' dir='ltr'><strong>cujuscunque</strong></span> <span class='ocrx_word' id='word_1_269' title='bbox 1604 1750 1751 1804; x_wconf 85' lang='lat' dir='ltr'><strong>illius</strong></span> <span class='ocrx_word' id='word_1_270' title='bbox 1780 1750 1859 1804; x_wconf 83' lang='lat' dir='ltr'><strong>rei</strong></span> <span class='ocrx_word' id='word_1_271' title='bbox 1888 1751 1959 1804; x_wconf 85' lang='lat' dir='ltr'><strong>si-</strong></span> <span class='ocrx_word' id='word_1_272' title='bbox 1987 1762 2038 1825; x_wconf 79' lang='grc' dir='ltr'><strong>Β</strong></span> <span class='ocrx_word' id='word_1_273' title='bbox 2059 1755 2301 1827; x_wconf 89' lang='lat' dir='ltr'><strong>jusmodi</strong></span> <span class='ocrx_word' id='word_1_274' title='bbox 2322 1742 2438 1811; x_wconf 59' lang='lat' dir='ltr'><strong>est:</strong></span> <span class='ocrx_word' id='word_1_275' title='bbox 2466 1755 2524 1810; x_wconf 92' lang='lat' dir='ltr'><strong>Si</strong></span> <span class='ocrx_word' id='word_1_276' title='bbox 2545 1769 2715 1826; x_wconf 89' lang='lat' dir='ltr'><strong>equus</strong></span> <span class='ocrx_word' id='word_1_277' title='bbox 2736 1763 2896 1823; x_wconf 91' lang='lat' dir='ltr'><strong>atque</strong></span> <span class='ocrx_word' id='word_1_278' title='bbox 2918 1752 3104 1818; x_wconf 91' lang='lat' dir='ltr'><strong>homo,</strong></span> <span class='ocrx_word' id='word_1_279' title='bbox 3126 1765 3354 1820; x_wconf 88' lang='lat' dir='ltr'><strong>quorum</strong></span> <span class='ocrx_word' id='word_1_280' title='bbox 3397 1759 3669 1803; x_wconf 85' lang='lat' dir='ltr'><strong>utrorum-</strong></span> 
     </span>
    </p>
   </div>
   <div class='ocr_carea' id='block_1_33' title="bbox 361 1842 1960 1913">
    <p class='ocr_par' dir='ltr' id='par_1_33' title="bbox 361 1842 1960 1913">
     <span class='ocr_line' id='line_1_33' title="bbox 361 1842 1960 1913; baseline -0.002 -15"><span class='ocrx_word' id='word_1_281' title='bbox 361 1843 507 1899; x_wconf 89' lang='lat' dir='ltr'><strong>milis</strong></span> <span class='ocrx_word' id='word_1_282' title='bbox 530 1843 597 1898; x_wconf 90' lang='lat' dir='ltr'><strong>ad</strong></span> <span class='ocrx_word' id='word_1_283' title='bbox 622 1844 854 1913; x_wconf 81' lang='lat' dir='ltr'><strong>aliquam</strong></span> <span class='ocrx_word' id='word_1_284' title='bbox 887 1857 1002 1897; x_wconf 93' lang='lat' dir='ltr'><strong>rem</strong></span> <span class='ocrx_word' id='word_1_285' title='bbox 1036 1852 1316 1913; x_wconf 83' lang='lat' dir='ltr'><strong>cognatam</strong></span> <span class='ocrx_word' id='word_1_286' title='bbox 1344 1842 1677 1913; x_wconf 86' lang='lat' dir='ltr'><strong>comparatio</strong></span> <span class='ocrx_word' id='word_1_287' title='bbox 1700 1858 1715 1898; x_wconf 85' lang='lat'><strong>:</strong></span> <span class='ocrx_word' id='word_1_288' title='bbox 1742 1852 1798 1897; x_wconf 91' lang='lat' dir='ltr'><strong>ut</strong></span> <span class='ocrx_word' id='word_1_289' title='bbox 1835 1852 1960 1911; x_wconf 89' lang='lat' dir='ltr'><strong>puta</strong></span> 
     </span>
    </p>
   </div>
   <div class='ocr_carea' id='block_1_34' title="bbox 360 1933 1962 2009">
    <p class='ocr_par' dir='ltr' id='par_1_34' title="bbox 360 1933 1962 2009">
     <span class='ocr_line' id='line_1_34' title="bbox 360 1933 1962 2009; baseline 0 -19"><span class='ocrx_word' id='word_1_290' title='bbox 360 1937 407 1990; x_wconf 91' lang='lat' dir='ltr'><strong>si</strong></span> <span class='ocrx_word' id='word_1_291' title='bbox 437 1935 543 1991; x_wconf 93' lang='lat' dir='ltr'><strong>duo</strong></span> <span class='ocrx_word' id='word_1_292' title='bbox 572 1948 858 2005; x_wconf 91' lang='lat' dir='ltr'><strong>compares</strong></span> <span class='ocrx_word' id='word_1_293' title='bbox 887 1936 953 1991; x_wconf 90' lang='lat' dir='ltr'><strong>ad</strong></span> <span class='ocrx_word' id='word_1_294' title='bbox 986 1946 1237 2009; x_wconf 88' lang='lat' dir='ltr'><strong>quatuor,</strong></span> <span class='ocrx_word' id='word_1_295' title='bbox 1278 1935 1440 2006; x_wconf 88' lang='lat' dir='ltr'><strong>dupla</strong></span> <span class='ocrx_word' id='word_1_296' title='bbox 1472 1935 1751 2007; x_wconf 86' lang='lat' dir='ltr'><strong>proportio</strong></span> <span class='ocrx_word' id='word_1_297' title='bbox 1774 1945 1877 1991; x_wconf 88' lang='lat' dir='ltr'><strong>est.</strong></span> <span class='ocrx_word' id='word_1_298' title='bbox 1903 1933 1962 1991; x_wconf 88' lang='lat' dir='ltr'><strong>Si</strong></span> 
     </span>
    </p>
   </div>
   <div class='ocr_carea' id='block_1_35' title="bbox 361 2026 1962 2101">
    <p class='ocr_par' dir='ltr' id='par_1_35' title="bbox 361 2026 1962 2101">
     <span class='ocr_line' id='line_1_35' title="bbox 361 2026 1962 2101; baseline 0 -17"><span class='ocrx_word' id='word_1_299' title='bbox 361 2041 491 2085; x_wconf 84' lang='lat' dir='ltr'><strong>vero</strong></span> <span class='ocrx_word' id='word_1_300' title='bbox 519 2030 703 2100; x_wconf 80' lang='lat' dir='ltr'><strong>viginti</strong></span> <span class='ocrx_word' id='word_1_301' title='bbox 722 2030 791 2087; x_wconf 92' lang='lat' dir='ltr'><strong>ad</strong></span> <span class='ocrx_word' id='word_1_302' title='bbox 818 2031 1191 2101; x_wconf 71' lang='lat' dir='ltr'><strong>Quadraginta,</strong></span> <span class='ocrx_word' id='word_1_303' title='bbox 1210 2029 1399 2087; x_wconf 87' lang='lat' dir='ltr'><strong>eadem</strong></span> <span class='ocrx_word' id='word_1_304' title='bbox 1423 2026 1606 2101; x_wconf 86' lang='lat' dir='ltr'><strong>dupla.</strong></span> <span class='ocrx_word' id='word_1_305' title='bbox 1634 2030 1747 2086; x_wconf 88' lang='lat' dir='ltr'><strong>Sub</strong></span> <span class='ocrx_word' id='word_1_306' title='bbox 1771 2029 1962 2086; x_wconf 88' lang='lat' dir='ltr'><strong>eadem</strong></span> 
     </span>
    </p>
   </div>
   <div class='ocr_carea' id='block_1_36' title="bbox 362 2114 2011 2193">
    <p class='ocr_par' dir='ltr' id='par_1_36' title="bbox 362 2114 2011 2193">
     <span class='ocr_line' id='line_1_36' title="bbox 362 2114 2011 2193; baseline -0.002 -15"><span class='ocrx_word' id='word_1_307' title='bbox 362 2132 493 2192; x_wconf 82' lang='lat' dir='ltr'><strong>ergo</strong></span> <span class='ocrx_word' id='word_1_308' title='bbox 518 2123 868 2192; x_wconf 87' lang='lat' dir='ltr'><strong>proportione</strong></span> <span class='ocrx_word' id='word_1_309' title='bbox 895 2133 1018 2178; x_wconf 89' lang='lat' dir='ltr'><strong>sunt</strong></span> <span class='ocrx_word' id='word_1_310' title='bbox 1040 2132 1274 2193; x_wconf 87' lang='lat' dir='ltr'><strong>quatuor</strong></span> <span class='ocrx_word' id='word_1_311' title='bbox 1304 2121 1370 2176; x_wconf 88' lang='lat' dir='ltr'><strong>ad</strong></span> <span class='ocrx_word' id='word_1_312' title='bbox 1388 2123 1516 2190; x_wconf 92' lang='lat' dir='ltr'><strong>duo,</strong></span> <span class='ocrx_word' id='word_1_313' title='bbox 1542 2122 1643 2177; x_wconf 91' lang='lat' dir='ltr'><strong>sub</strong></span> <span class='ocrx_word' id='word_1_314' title='bbox 1665 2122 1811 2192; x_wconf 89' lang='lat' dir='ltr'><strong>quali</strong></span> <span class='ocrx_word' id='word_1_315' title='bbox 1832 2136 1968 2192; x_wconf 85' lang='lat' dir='ltr'><strong>qua-</strong></span> <span class='ocrx_word' id='word_1_316' title='bbox 2004 2114 2011 2121; x_wconf 84' lang='grc'><strong>’</strong></span> 
     </span>
    </p>
   </div>
   <div class='ocr_carea' id='block_1_37' title="bbox 362 2215 1967 2285">
    <p class='ocr_par' dir='ltr' id='par_1_37' title="bbox 362 2215 1967 2285">
     <span class='ocr_line' id='line_1_37' title="bbox 362 2215 1967 2285; baseline -0.001 -16"><span class='ocrx_word' id='word_1_317' title='bbox 362 2216 605 2285; x_wconf 88' lang='lat' dir='ltr'><strong>draginta</strong></span> <span class='ocrx_word' id='word_1_318' title='bbox 635 2216 703 2269; x_wconf 90' lang='lat' dir='ltr'><strong>ad</strong></span> <span class='ocrx_word' id='word_1_319' title='bbox 733 2216 959 2285; x_wconf 88' lang='lat' dir='ltr'><strong>viginti,</strong></span> <span class='ocrx_word' id='word_1_320' title='bbox 993 2216 1134 2283; x_wconf 92' lang='lat' dir='ltr'><strong>quod</strong></span> <span class='ocrx_word' id='word_1_321' title='bbox 1164 2224 1392 2284; x_wconf 90' lang='lat' dir='ltr'><strong>utraque</strong></span> <span class='ocrx_word' id='word_1_322' title='bbox 1421 2215 1619 2285; x_wconf 81' lang='lat' dir='ltr'><strong>duplex</strong></span> <span class='ocrx_word' id='word_1_323' title='bbox 1647 2224 1729 2268; x_wconf 91' lang='lat' dir='ltr'><strong>est</strong></span> <span class='ocrx_word' id='word_1_324' title='bbox 1776 2228 1967 2268; x_wconf 88' lang='lat' dir='ltr'><strong>nume—</strong></span> 
     </span>
    </p>
   </div>
   <div class='ocr_carea' id='block_1_38' title="bbox 364 2307 1959 2377">
    <p class='ocr_par' dir='ltr' id='par_1_38' title="bbox 364 2307 1959 2377">
     <span class='ocr_line' id='line_1_38' title="bbox 364 2307 1959 2377; baseline -0.002 -15"><span class='ocrx_word' id='word_1_325' title='bbox 364 2323 545 2363; x_wconf 84' lang='lat' dir='ltr'><strong>rorum</strong></span> <span class='ocrx_word' id='word_1_326' title='bbox 577 2308 935 2376; x_wconf 87' lang='lat' dir='ltr'><strong>comparatio.</strong></span> <span class='ocrx_word' id='word_1_327' title='bbox 984 2308 1075 2364; x_wconf 90' lang='lat' dir='ltr'><strong>Sic</strong></span> <span class='ocrx_word' id='word_1_328' title='bbox 1105 2308 1268 2376; x_wconf 79' lang='lat' dir='ltr'><strong>igitur</strong></span> <span class='ocrx_word' id='word_1_329' title='bbox 1317 2307 1491 2377; x_wconf 87' lang='lat' dir='ltr'><strong>qualis</strong></span> <span class='ocrx_word' id='word_1_330' title='bbox 1534 2307 1812 2377; x_wconf 88' lang='lat' dir='ltr'><strong>proportio</strong></span> <span class='ocrx_word' id='word_1_331' title='bbox 1843 2316 1959 2371; x_wconf 89' lang='lat' dir='ltr'><strong>est,</strong></span> 
     </span>
    </p>
   </div>
   <div class='ocr_carea' id='block_1_39' title="bbox 365 2396 1964 2469">
    <p class='ocr_par' dir='ltr' id='par_1_39' title="bbox 365 2396 1964 2469">
     <span class='ocr_line' id='line_1_39' title="bbox 365 2396 1964 2469; baseline -0.002 -15"><span class='ocrx_word' id='word_1_332' title='bbox 365 2396 419 2454; x_wconf 83' lang='lat' dir='ltr'><strong>id</strong></span> <span class='ocrx_word' id='word_1_333' title='bbox 447 2408 531 2453; x_wconf 90' lang='lat' dir='ltr'><strong>est</strong></span> <span class='ocrx_word' id='word_1_334' title='bbox 569 2401 902 2469; x_wconf 88' lang='lat' dir='ltr'><strong>comparatio</strong></span> <span class='ocrx_word' id='word_1_335' title='bbox 934 2399 1171 2454; x_wconf 79' lang='lat' dir='ltr'><strong>materite</strong></span> <span class='ocrx_word' id='word_1_336' title='bbox 1213 2406 1269 2454; x_wconf 91' lang='lat' dir='ltr'><strong>et</strong></span> <span class='ocrx_word' id='word_1_337' title='bbox 1306 2398 1521 2469; x_wconf 71' lang='lat' dir='ltr'><strong>ﬁgurae,</strong></span> <span class='ocrx_word' id='word_1_338' title='bbox 1553 2398 1672 2453; x_wconf 90' lang='lat' dir='ltr'><strong>talis</strong></span> <span class='ocrx_word' id='word_1_339' title='bbox 1721 2405 1805 2452; x_wconf 91' lang='lat' dir='ltr'><strong>est</strong></span> <span class='ocrx_word' id='word_1_340' title='bbox 1835 2413 1964 2466; x_wconf 84' lang='lat' dir='ltr'><strong>pro-</strong></span> 
     </span>
    </p>
   </div>
   <div class='ocr_carea' id='block_1_40' title="bbox 367 2489 1965 2561">
    <p class='ocr_par' dir='ltr' id='par_1_40' title="bbox 367 2489 1965 2561">
     <span class='ocr_line' id='line_1_40' title="bbox 367 2489 1965 2561; baseline -0.001 -17"><span class='ocrx_word' id='word_1_341' title='bbox 367 2491 546 2561; x_wconf 83' lang='lat' dir='ltr'><strong>portio</strong></span> <span class='ocrx_word' id='word_1_342' title='bbox 596 2491 811 2561; x_wconf 80' lang='lat' dir='ltr'><strong>generis</strong></span> <span class='ocrx_word' id='word_1_343' title='bbox 858 2500 913 2546; x_wconf 92' lang='lat' dir='ltr'><strong>et</strong></span> <span class='ocrx_word' id='word_1_344' title='bbox 956 2489 1273 2546; x_wconf 63' lang='lat' dir='ltr'><strong>differentias</strong></span> <span class='ocrx_word' id='word_1_345' title='bbox 1304 2509 1316 2544; x_wconf 85' lang='lat'><strong>:</strong></span> <span class='ocrx_word' id='word_1_346' title='bbox 1348 2499 1403 2546; x_wconf 90' lang='lat' dir='ltr'><strong>et</strong></span> <span class='ocrx_word' id='word_1_347' title='bbox 1450 2492 1549 2545; x_wconf 90' lang='lat' dir='ltr'><strong>ista</strong></span> <span class='ocrx_word' id='word_1_348' title='bbox 1590 2499 1819 2560; x_wconf 89' lang='lat' dir='ltr'><strong>quatuor</strong></span> <span class='ocrx_word' id='word_1_349' title='bbox 1861 2489 1965 2544; x_wconf 84' lang='lat' dir='ltr'><strong>sibi</strong></span> 
     </span>
    </p>
   </div>
   <div class='ocr_carea' id='block_1_41' title="bbox 373 2583 1962 2656">
    <p class='ocr_par' dir='ltr' id='par_1_41' title="bbox 373 2583 1962 2656">
     <span class='ocr_line' id='line_1_41' title="bbox 373 2583 1962 2656; baseline -0.002 -15"><span class='ocrx_word' id='word_1_350' title='bbox 373 2585 843 2656; x_wconf 85' lang='lat' dir='ltr'><strong>proportionaliter</strong></span> <span class='ocrx_word' id='word_1_351' title='bbox 861 2594 1008 2641; x_wconf 90' lang='lat' dir='ltr'><strong>sunt.</strong></span> <span class='ocrx_word' id='word_1_352' title='bbox 1044 2586 1243 2641; x_wconf 80' lang='lat' dir='ltr'><strong>Eodem</strong></span> <span class='ocrx_word' id='word_1_353' title='bbox 1274 2589 1416 2640; x_wconf 89' lang='lat' dir='ltr'><strong>enim</strong></span> <span class='ocrx_word' id='word_1_354' title='bbox 1447 2585 1608 2640; x_wconf 89' lang='lat' dir='ltr'><strong>modo</strong></span> <span class='ocrx_word' id='word_1_355' title='bbox 1638 2599 1702 2640; x_wconf 79' lang='lat' dir='ltr'><strong>ex</strong></span> <span class='ocrx_word' id='word_1_356' title='bbox 1736 2583 1962 2638; x_wconf 85' lang='lat' dir='ltr'><strong>materia</strong></span> 
     </span>
    </p>
   </div>
   <div class='ocr_carea' id='block_1_42' title="bbox 372 2676 1964 2752">
    <p class='ocr_par' dir='ltr' id='par_1_42' title="bbox 372 2676 1964 2752">
     <span class='ocr_line' id='line_1_42' title="bbox 372 2676 1964 2752; baseline -0.004 -16"><span class='ocrx_word' id='word_1_357' title='bbox 372 2689 429 2736; x_wconf 89' lang='lat' dir='ltr'><strong>et</strong></span> <span class='ocrx_word' id='word_1_358' title='bbox 452 2683 619 2752; x_wconf 89' lang='lat' dir='ltr'><strong>ﬁgura</strong></span> <span class='ocrx_word' id='word_1_359' title='bbox 642 2681 847 2750; x_wconf 84' lang='lat' dir='ltr'><strong>species</strong></span> <span class='ocrx_word' id='word_1_360' title='bbox 871 2680 1296 2748; x_wconf 83' lang='lat' dir='ltr'><strong>uniuscujusque</strong></span> <span class='ocrx_word' id='word_1_361' title='bbox 1315 2679 1458 2733; x_wconf 89' lang='lat' dir='ltr'><strong>illius</strong></span> <span class='ocrx_word' id='word_1_362' title='bbox 1480 2678 1711 2733; x_wconf 90' lang='lat' dir='ltr'><strong>ﬁctionis</strong></span> <span class='ocrx_word' id='word_1_363' title='bbox 1740 2676 1964 2731; x_wconf 83' lang='lat' dir='ltr'><strong>formata</strong></span> 
     </span>
    </p>
   </div>
   <div class='ocr_carea' id='block_1_43' title="bbox 368 2768 1965 2841">
    <p class='ocr_par' dir='ltr' id='par_1_43' title="bbox 368 2768 1965 2841">
     <span class='ocr_line' id='line_1_43' title="bbox 368 2768 1965 2841; baseline -0.002 -16"><span class='ocrx_word' id='word_1_364' title='bbox 368 2780 471 2833; x_wconf 90' lang='lat' dir='ltr'><strong>est,</strong></span> <span class='ocrx_word' id='word_1_365' title='bbox 505 2770 956 2841; x_wconf 89' lang='lat' dir='ltr'><strong>quemadmodum</strong></span> <span class='ocrx_word' id='word_1_366' title='bbox 989 2786 1059 2825; x_wconf 81' lang='lat' dir='ltr'><strong>ex</strong></span> <span class='ocrx_word' id='word_1_367' title='bbox 1089 2785 1288 2840; x_wconf 80' lang='lat' dir='ltr'><strong>genere</strong></span> <span class='ocrx_word' id='word_1_368' title='bbox 1314 2778 1368 2824; x_wconf 88' lang='lat' dir='ltr'><strong>et</strong></span> <span class='ocrx_word' id='word_1_369' title='bbox 1395 2768 1714 2824; x_wconf 72' lang='lat' dir='ltr'><strong>differentiis</strong></span> <span class='ocrx_word' id='word_1_370' title='bbox 1755 2770 1965 2837; x_wconf 83' lang='lat' dir='ltr'><strong>Species</strong></span> 
     </span>
    </p>
   </div>
   <div class='ocr_carea' id='block_1_44' title="bbox 368 2858 1962 2934">
    <p class='ocr_par' dir='ltr' id='par_1_44' title="bbox 368 2858 1962 2934">
     <span class='ocr_line' id='line_1_44' title="bbox 368 2858 1962 2934; baseline -0.004 -15"><span class='ocrx_word' id='word_1_371' title='bbox 368 2863 739 2934; x_wconf 85' lang='lat' dir='ltr'><strong>cujuscunque</strong></span> <span class='ocrx_word' id='word_1_372' title='bbox 760 2863 904 2918; x_wconf 91' lang='lat' dir='ltr'><strong>illius</strong></span> <span class='ocrx_word' id='word_1_373' title='bbox 926 2862 1216 2917; x_wconf 88' lang='lat' dir='ltr'><strong>animantis</strong></span> <span class='ocrx_word' id='word_1_374' title='bbox 1242 2861 1653 2916; x_wconf 87' lang='lat' dir='ltr'><strong>inanimantisve</strong></span> <span class='ocrx_word' id='word_1_375' title='bbox 1680 2858 1962 2925; x_wconf 80' lang='lat' dir='ltr'><strong>formatur,</strong></span> 
     </span>
    </p>
   </div>
   <div class='ocr_carea' id='block_1_45' title="bbox 368 2952 1963 3027">
    <p class='ocr_par' dir='ltr' id='par_1_45' title="bbox 368 2952 1963 3027">
     <span class='ocr_line' id='line_1_45' title="bbox 368 2952 1963 3027; baseline -0.004 -16"><span class='ocrx_word' id='word_1_376' title='bbox 368 2956 511 3027; x_wconf 90' lang='lat' dir='ltr'><strong>quod</strong></span> <span class='ocrx_word' id='word_1_377' title='bbox 545 2956 852 3011; x_wconf 82' lang='lat' dir='ltr'><strong>Victorinus</strong></span> <span class='ocrx_word' id='word_1_378' title='bbox 892 2956 1101 3011; x_wconf 85' lang='lat' dir='ltr'><strong>scilicet</strong></span> <span class='ocrx_word' id='word_1_379' title='bbox 1143 2954 1474 3010; x_wconf 83' lang='lat' dir='ltr'><strong>intellexisse</strong></span> <span class='ocrx_word' id='word_1_380' title='bbox 1520 2954 1698 3007; x_wconf 90' lang='lat' dir='ltr'><strong>minus</strong></span> <span class='ocrx_word' id='word_1_381' title='bbox 1727 2952 1963 3007; x_wconf 89' lang='lat' dir='ltr'><strong>videtur.</strong></span> 
     </span>
    </p>
   </div>
   <div class='ocr_carea' id='block_1_46' title="bbox 368 3047 1967 3123">
    <p class='ocr_par' dir='ltr' id='par_1_46' title="bbox 368 3047 1967 3123">
     <span class='ocr_line' id='line_1_46' title="bbox 368 3047 1967 3123; baseline -0.003 -17"><span class='ocrx_word' id='word_1_382' title='bbox 368 3050 499 3106; x_wconf 84' lang='lat' dir='ltr'><strong>Nam</strong></span> <span class='ocrx_word' id='word_1_383' title='bbox 528 3051 671 3121; x_wconf 91' lang='lat' dir='ltr'><strong>quod</strong></span> <span class='ocrx_word' id='word_1_384' title='bbox 703 3049 1037 3123; x_wconf 85' lang='lat' dir='ltr'><strong>Porphyrius</strong></span> <span class='ocrx_word' id='word_1_385' title='bbox 1068 3047 1257 3121; x_wconf 76' lang='grc' dir='ltr'><strong>ἄλογον</strong></span> <span class='ocrx_word' id='word_1_386' title='bbox 1285 3048 1437 3112; x_wconf 83' lang='lat' dir='ltr'><strong>dixit,</strong></span> <span class='ocrx_word' id='word_1_387' title='bbox 1469 3048 1633 3112; x_wconf 81' lang='lat' dir='ltr'><strong>idest</strong></span> <span class='ocrx_word' id='word_1_388' title='bbox 1661 3048 1967 3118; x_wconf 87' lang='lat' dir='ltr'><strong>proportio-</strong></span> 
     </span>
    </p>
   </div>
   <div class='ocr_carea' id='block_1_47' title="bbox 2068 1839 3665 1919">
    <p class='ocr_par' dir='ltr' id='par_1_47' title="bbox 2068 1839 3665 1919">
     <span class='ocr_line' id='line_1_47' title="bbox 2068 1839 3665 1919; baseline -0.005 -17"><span class='ocrx_word' id='word_1_389' title='bbox 2068 1864 2175 1918; x_wconf 88' lang='lat' dir='ltr'><strong>que</strong></span> <span class='ocrx_word' id='word_1_390' title='bbox 2201 1864 2367 1902; x_wconf 92' lang='lat' dir='ltr'><strong>unum</strong></span> <span class='ocrx_word' id='word_1_391' title='bbox 2389 1863 2560 1919; x_wconf 89' lang='lat' dir='ltr'><strong>genus</strong></span> <span class='ocrx_word' id='word_1_392' title='bbox 2605 1856 2689 1905; x_wconf 89' lang='lat' dir='ltr'><strong>est</strong></span> <span class='ocrx_word' id='word_1_393' title='bbox 2717 1846 2915 1901; x_wconf 87' lang='lat' dir='ltr'><strong>animal</strong></span> <span class='ocrx_word' id='word_1_394' title='bbox 2935 1888 2950 1912; x_wconf 94' lang='lat'><strong>,</strong></span> <span class='ocrx_word' id='word_1_395' title='bbox 2979 1860 3009 1899; x_wconf 88' lang='lat' dir='ltr'><strong>a</strong></span> <span class='ocrx_word' id='word_1_396' title='bbox 3043 1858 3102 1900; x_wconf 89' lang='lat' dir='ltr'><strong>se</strong></span> <span class='ocrx_word' id='word_1_397' title='bbox 3129 1842 3384 1898; x_wconf 85' lang='lat' dir='ltr'><strong>differunt</strong></span> <span class='ocrx_word' id='word_1_398' title='bbox 3413 1839 3665 1895; x_wconf 86' lang='lat' dir='ltr'><strong>rationali</strong></span> 
     </span>
    </p>
   </div>
   <div class='ocr_carea' id='block_1_48' title="bbox 2070 1936 3669 2014">
    <p class='ocr_par' dir='ltr' id='par_1_48' title="bbox 2070 1936 3669 2014">
     <span class='ocr_line' id='line_1_48' title="bbox 2070 1936 3669 2014; baseline -0.001 -19"><span class='ocrx_word' id='word_1_399' title='bbox 2070 1951 2233 2012; x_wconf 87' lang='lat' dir='ltr'><strong>atque</strong></span> <span class='ocrx_word' id='word_1_400' title='bbox 2256 1936 2558 1997; x_wconf 86' lang='lat' dir='ltr'><strong>irrationali</strong></span> <span class='ocrx_word' id='word_1_401' title='bbox 2578 1942 2862 2014; x_wconf 85' lang='lat' dir='ltr'><strong>qualitate,</strong></span> <span class='ocrx_word' id='word_1_402' title='bbox 2888 1948 3125 1994; x_wconf 89' lang='lat' dir='ltr'><strong>attamen</strong></span> <span class='ocrx_word' id='word_1_403' title='bbox 3155 1940 3257 1994; x_wconf 91' lang='lat' dir='ltr'><strong>ista</strong></span> <span class='ocrx_word' id='word_1_404' title='bbox 3276 1936 3669 1994; x_wconf 79' lang='lat' dir='ltr'><strong>rationabililas</strong></span> 
     </span>
    </p>
   </div>
   <div class='ocr_carea' id='block_1_49' title="bbox 2071 2028 3670 2099">
    <p class='ocr_par' dir='ltr' id='par_1_49' title="bbox 2071 2028 3670 2099">
     <span class='ocr_line' id='line_1_49' title="bbox 2071 2028 3670 2099; baseline -0.002 -13"><span class='ocrx_word' id='word_1_405' title='bbox 2071 2041 2126 2087; x_wconf 88' lang='lat' dir='ltr'><strong>et</strong></span> <span class='ocrx_word' id='word_1_406' title='bbox 2156 2033 2603 2087; x_wconf 89' lang='lat' dir='ltr'><strong>irrationabilitas</strong></span> <span class='ocrx_word' id='word_1_407' title='bbox 2651 2031 2705 2087; x_wconf 86' lang='lat' dir='ltr'><strong>in</strong></span> <span class='ocrx_word' id='word_1_408' title='bbox 2738 2031 3041 2087; x_wconf 86' lang='lat' dir='ltr'><strong>substantia</strong></span> <span class='ocrx_word' id='word_1_409' title='bbox 3087 2030 3325 2099; x_wconf 90' lang='lat' dir='ltr'><strong>ipsarum</strong></span> <span class='ocrx_word' id='word_1_410' title='bbox 3370 2028 3670 2097; x_wconf 55' lang='lat' dir='ltr'><strong>specierum</strong></span> 
     </span>
    </p>
   </div>
   <div class='ocr_carea' id='block_1_50' title="bbox 2072 2123 3672 2196">
    <p class='ocr_par' dir='ltr' id='par_1_50' title="bbox 2072 2123 3672 2196">
     <span class='ocr_line' id='line_1_50' title="bbox 2072 2123 3672 2196; baseline -0.001 -18"><span class='ocrx_word' id='word_1_411' title='bbox 2072 2133 2157 2179; x_wconf 89' lang='lat' dir='ltr'><strong>est</strong></span> <span class='ocrx_word' id='word_1_412' title='bbox 2186 2123 2289 2180; x_wconf 91' lang='lat' dir='ltr'><strong>hoe</strong></span> <span class='ocrx_word' id='word_1_413' title='bbox 2315 2125 2497 2180; x_wconf 90' lang='lat' dir='ltr'><strong>modo.</strong></span> <span class='ocrx_word' id='word_1_414' title='bbox 2522 2125 2658 2182; x_wconf 84' lang='lat' dir='ltr'><strong>Nam</strong></span> <span class='ocrx_word' id='word_1_415' title='bbox 2691 2141 2866 2196; x_wconf 90' lang='lat' dir='ltr'><strong>neque</strong></span> <span class='ocrx_word' id='word_1_416' title='bbox 2897 2140 3068 2196; x_wconf 91' lang='lat' dir='ltr'><strong>equus</strong></span> <span class='ocrx_word' id='word_1_417' title='bbox 3099 2132 3275 2195; x_wconf 84' lang='lat' dir='ltr'><strong>potest</strong></span> <span class='ocrx_word' id='word_1_418' title='bbox 3302 2138 3423 2179; x_wconf 90' lang='lat' dir='ltr'><strong>esse</strong></span> <span class='ocrx_word' id='word_1_419' title='bbox 3446 2123 3564 2178; x_wconf 91' lang='lat' dir='ltr'><strong>sine</strong></span> <span class='ocrx_word' id='word_1_420' title='bbox 3592 2124 3672 2178; x_wconf 90' lang='lat' dir='ltr'><strong>ir-</strong></span> 
     </span>
    </p>
   </div>
   <div class='ocr_carea' id='block_1_51' title="bbox 2069 2216 3670 2291">
    <p class='ocr_par' dir='ltr' id='par_1_51' title="bbox 2069 2216 3670 2291">
     <span class='ocr_line' id='line_1_51' title="bbox 2069 2216 3670 2291; baseline 0.001 -19"><span class='ocrx_word' id='word_1_421' title='bbox 2069 2218 2507 2285; x_wconf 87' lang='lat' dir='ltr'><strong>rationabilitate,</strong></span> <span class='ocrx_word' id='word_1_422' title='bbox 2531 2234 2705 2291; x_wconf 87' lang='lat' dir='ltr'><strong>neque</strong></span> <span class='ocrx_word' id='word_1_423' title='bbox 2723 2222 2885 2274; x_wconf 88' lang='lat' dir='ltr'><strong>homo</strong></span> <span class='ocrx_word' id='word_1_424' title='bbox 2901 2221 3019 2274; x_wconf 88' lang='lat' dir='ltr'><strong>sine</strong></span> <span class='ocrx_word' id='word_1_425' title='bbox 3034 2217 3392 2273; x_wconf 90' lang='lat' dir='ltr'><strong>rationabilita</strong></span> <span class='ocrx_word' id='word_1_426' title='bbox 3402 2226 3472 2273; x_wconf 92' lang='lat' dir='ltr'><strong>te.</strong></span> <span class='ocrx_word' id='word_1_427' title='bbox 3491 2216 3670 2285; x_wconf 82' lang='lat' dir='ltr'><strong>Atque</strong></span> 
     </span>
    </p>
   </div>
   <div class='ocr_carea' id='block_1_52' title="bbox 2071 2306 3670 2380">
    <p class='ocr_par' dir='ltr' id='par_1_52' title="bbox 2071 2306 3670 2380">
     <span class='ocr_line' id='line_1_52' title="bbox 2071 2306 3670 2380; baseline 0.001 -18"><span class='ocrx_word' id='word_1_428' title='bbox 2071 2306 2197 2363; x_wconf 87' lang='lat' dir='ltr'><strong>ideo</strong></span> <span class='ocrx_word' id='word_1_429' title='bbox 2226 2311 2341 2364; x_wconf 68' lang='lat' dir='ltr'><strong>istae</strong></span> <span class='ocrx_word' id='word_1_430' title='bbox 2378 2310 2698 2365; x_wconf 70' lang='lat' dir='ltr'><strong>differentiae</strong></span> <span class='ocrx_word' id='word_1_431' title='bbox 2724 2320 2959 2380; x_wconf 80' lang='lat' dir='ltr'><strong>prosunt</strong></span> <span class='ocrx_word' id='word_1_432' title='bbox 2986 2310 3050 2363; x_wconf 91' lang='lat' dir='ltr'><strong>ad</strong></span> <span class='ocrx_word' id='word_1_433' title='bbox 3083 2307 3284 2379; x_wconf 85' lang='lat' dir='ltr'><strong>aliquid</strong></span> <span class='ocrx_word' id='word_1_434' title='bbox 3313 2324 3434 2364; x_wconf 90' lang='lat' dir='ltr'><strong>esse</strong></span> <span class='ocrx_word' id='word_1_435' title='bbox 3470 2309 3670 2380; x_wconf 89' lang='lat' dir='ltr'><strong>speciei</strong></span> 
     </span>
    </p>
   </div>
   <div class='ocr_carea' id='block_1_53' title="bbox 2072 2403 3670 2475">
    <p class='ocr_par' dir='ltr' id='par_1_53' title="bbox 2072 2403 3670 2475">
     <span class='ocr_line' id='line_1_53' title="bbox 2072 2403 3670 2475; baseline 0.003 -18"><span class='ocrx_word' id='word_1_436' title='bbox 2072 2404 2152 2459; x_wconf 91' lang='lat' dir='ltr'><strong>illi</strong></span> <span class='ocrx_word' id='word_1_437' title='bbox 2182 2407 2267 2461; x_wconf 90' lang='lat' dir='ltr'><strong>cui</strong></span> <span class='ocrx_word' id='word_1_438' title='bbox 2315 2405 2516 2462; x_wconf 77' lang='lat' dir='ltr'><strong>fuerint</strong></span> <span class='ocrx_word' id='word_1_439' title='bbox 2560 2407 3016 2475; x_wconf 76' lang='lat' dir='ltr'><strong>a‘ccom‘modatte,</strong></span> <span class='ocrx_word' id='word_1_440' title='bbox 3052 2415 3106 2461; x_wconf 92' lang='lat' dir='ltr'><strong>et</strong></span> <span class='ocrx_word' id='word_1_441' title='bbox 3136 2404 3452 2461; x_wconf 70' lang='lat' dir='ltr'><strong>substantiae</strong></span> <span class='ocrx_word' id='word_1_442' title='bbox 3500 2403 3670 2474; x_wconf 81' lang='lat' dir='ltr'><strong>ipsius</strong></span> 
     </span>
    </p>
   </div>
   <div class='ocr_carea' id='block_1_54' title="bbox 2072 2495 3671 2569">
    <p class='ocr_par' dir='ltr' id='par_1_54' title="bbox 2072 2495 3671 2569">
     <span class='ocr_line' id='line_1_54' title="bbox 2072 2495 3671 2569; baseline -0.003 -15"><span class='ocrx_word' id='word_1_443' title='bbox 2072 2510 2257 2569; x_wconf 88' lang='lat' dir='ltr'><strong>partes</strong></span> <span class='ocrx_word' id='word_1_444' title='bbox 2285 2512 2432 2555; x_wconf 88' lang='lat' dir='ltr'><strong>sunt.</strong></span> <span class='ocrx_word' id='word_1_445' title='bbox 2466 2499 2601 2556; x_wconf 88' lang='lat' dir='ltr'><strong>Nam</strong></span> <span class='ocrx_word' id='word_1_446' title='bbox 2630 2515 2751 2555; x_wconf 91' lang='lat' dir='ltr'><strong>cum</strong></span> <span class='ocrx_word' id='word_1_447' title='bbox 2793 2500 2957 2554; x_wconf 93' lang='lat' dir='ltr'><strong>homo</strong></span> <span class='ocrx_word' id='word_1_448' title='bbox 2985 2514 3050 2553; x_wconf 79' lang='lat' dir='ltr'><strong>ex</strong></span> <span class='ocrx_word' id='word_1_449' title='bbox 3081 2498 3164 2552; x_wconf 89' lang='lat' dir='ltr'><strong>his</strong></span> <span class='ocrx_word' id='word_1_450' title='bbox 3190 2495 3509 2552; x_wconf 82' lang='lat' dir='ltr'><strong>differentiis</strong></span> <span class='ocrx_word' id='word_1_451' title='bbox 3539 2510 3671 2550; x_wconf 84' lang='lat' dir='ltr'><strong>con-</strong></span> 
     </span>
    </p>
   </div>
   <div class='ocr_carea' id='block_1_55' title="bbox 2073 2588 3667 2656">
    <p class='ocr_par' dir='ltr' id='par_1_55' title="bbox 2073 2588 3667 2656">
     <span class='ocr_line' id='line_1_55' title="bbox 2073 2588 3667 2656; baseline -0.003 -12"><span class='ocrx_word' id='word_1_452' title='bbox 2073 2601 2201 2656; x_wconf 88' lang='lat' dir='ltr'><strong>stet,</strong></span> <span class='ocrx_word' id='word_1_453' title='bbox 2234 2590 2289 2645; x_wconf 89' lang='lat' dir='ltr'><strong>id</strong></span> <span class='ocrx_word' id='word_1_454' title='bbox 2316 2601 2399 2647; x_wconf 91' lang='lat' dir='ltr'><strong>est</strong></span> <span class='ocrx_word' id='word_1_455' title='bbox 2427 2608 2493 2647; x_wconf 84' lang='lat' dir='ltr'><strong>ex</strong></span> <span class='ocrx_word' id='word_1_456' title='bbox 2518 2590 2771 2646; x_wconf 89' lang='lat' dir='ltr'><strong>rationali</strong></span> <span class='ocrx_word' id='word_1_457' title='bbox 2796 2597 2853 2646; x_wconf 91' lang='lat' dir='ltr'><strong>et</strong></span> <span class='ocrx_word' id='word_1_458' title='bbox 2881 2589 3121 2654; x_wconf 88' lang='lat' dir='ltr'><strong>mortali,</strong></span> <span class='ocrx_word' id='word_1_459' title='bbox 3153 2588 3413 2643; x_wconf 90' lang='lat' dir='ltr'><strong>rationale</strong></span> <span class='ocrx_word' id='word_1_460' title='bbox 3438 2598 3494 2643; x_wconf 91' lang='lat' dir='ltr'><strong>et</strong></span> <span class='ocrx_word' id='word_1_461' title='bbox 3518 2601 3667 2640; x_wconf 88' lang='lat' dir='ltr'><strong>mor-</strong></span> 
     </span>
    </p>
   </div>
   <div class='ocr_carea' id='block_1_56' title="bbox 2073 2677 3667 2756">
    <p class='ocr_par' dir='ltr' id='par_1_56' title="bbox 2073 2677 3667 2756">
     <span class='ocr_line' id='line_1_56' title="bbox 2073 2677 3667 2756; baseline -0.002 -19"><span class='ocrx_word' id='word_1_462' title='bbox 2073 2684 2180 2738; x_wconf 86' lang='lat' dir='ltr'><strong>tale</strong></span> <span class='ocrx_word' id='word_1_463' title='bbox 2202 2686 2376 2740; x_wconf 90' lang='lat' dir='ltr'><strong>solum</strong></span> <span class='ocrx_word' id='word_1_464' title='bbox 2403 2684 2637 2756; x_wconf 87' lang='lat' dir='ltr'><strong>positum</strong></span> <span class='ocrx_word' id='word_1_465' title='bbox 2670 2698 2796 2754; x_wconf 90' lang='lat' dir='ltr'><strong>pars</strong></span> <span class='ocrx_word' id='word_1_466' title='bbox 2816 2692 2901 2739; x_wconf 88' lang='lat' dir='ltr'><strong>est</strong></span> <span class='ocrx_word' id='word_1_467' title='bbox 2922 2682 3232 2737; x_wconf 82' lang='lat' dir='ltr'><strong>substantiae</strong></span> <span class='ocrx_word' id='word_1_468' title='bbox 3252 2680 3507 2735; x_wconf 89' lang='lat' dir='ltr'><strong>hominis.</strong></span> <span class='ocrx_word' id='word_1_469' title='bbox 3532 2677 3667 2734; x_wconf 77' lang='lat' dir='ltr'><strong>Nam</strong></span> 
     </span>
    </p>
   </div>
   <div class='ocr_carea' id='block_1_57' title="bbox 2074 2771 3671 2847">
    <p class='ocr_par' dir='ltr' id='par_1_57' title="bbox 2074 2771 3671 2847">
     <span class='ocr_line' id='line_1_57' title="bbox 2074 2771 3671 2847; baseline -0.003 -16"><span class='ocrx_word' id='word_1_470' title='bbox 2074 2774 2121 2831; x_wconf 85' lang='lat' dir='ltr'><strong>si</strong></span> <span class='ocrx_word' id='word_1_471' title='bbox 2156 2784 2383 2847; x_wconf 89' lang='lat' dir='ltr'><strong>utraque</strong></span> <span class='ocrx_word' id='word_1_472' title='bbox 2426 2778 2589 2833; x_wconf 87' lang='lat' dir='ltr'><strong>simul</strong></span> <span class='ocrx_word' id='word_1_473' title='bbox 2636 2791 2800 2830; x_wconf 92' lang='lat' dir='ltr'><strong>unum</strong></span> <span class='ocrx_word' id='word_1_474' title='bbox 2852 2774 3129 2829; x_wconf 87' lang='lat' dir='ltr'><strong>hominem</strong></span> <span class='ocrx_word' id='word_1_475' title='bbox 3171 2771 3402 2836; x_wconf 88' lang='lat' dir='ltr'><strong>faciunt,</strong></span> <span class='ocrx_word' id='word_1_476' title='bbox 3449 2787 3555 2825; x_wconf 90' lang='lat' dir='ltr'><strong>non</strong></span> <span class='ocrx_word' id='word_1_477' title='bbox 3586 2781 3671 2827; x_wconf 90' lang='lat' dir='ltr'><strong>est</strong></span> 
     </span>
    </p>
   </div>
   <div class='ocr_carea' id='block_1_58' title="bbox 2076 2864 3667 2939">
    <p class='ocr_par' dir='ltr' id='par_1_58' title="bbox 2076 2864 3667 2939">
     <span class='ocr_line' id='line_1_58' title="bbox 2076 2864 3667 2939; baseline -0.001 -19"><span class='ocrx_word' id='word_1_478' title='bbox 2076 2868 2297 2924; x_wconf 89' lang='lat' dir='ltr'><strong>dubium</strong></span> <span class='ocrx_word' id='word_1_479' title='bbox 2344 2871 2471 2939; x_wconf 90' lang='lat' dir='ltr'><strong>quin</strong></span> <span class='ocrx_word' id='word_1_480' title='bbox 2516 2869 2583 2923; x_wconf 93' lang='lat' dir='ltr'><strong>ad</strong></span> <span class='ocrx_word' id='word_1_481' title='bbox 2635 2868 2987 2924; x_wconf 88' lang='lat' dir='ltr'><strong>substantiam</strong></span> <span class='ocrx_word' id='word_1_482' title='bbox 3047 2866 3283 2921; x_wconf 91' lang='lat' dir='ltr'><strong>hominis</strong></span> <span class='ocrx_word' id='word_1_483' title='bbox 3331 2864 3667 2919; x_wconf 78' lang='lat' dir='ltr'><strong>efﬁciendam</strong></span> 
     </span>
    </p>
   </div>
   <div class='ocr_carea' id='block_1_59' title="bbox 2074 2954 3671 3031">
    <p class='ocr_par' dir='ltr' id='par_1_59' title="bbox 2074 2954 3671 3031">
     <span class='ocr_line' id='line_1_59' title="bbox 2074 2954 3671 3031; baseline -0.003 -17"><span class='ocrx_word' id='word_1_484' title='bbox 2074 2976 2414 3031; x_wconf 73' lang='lat' dir='ltr'><strong>unaquazque</strong></span> <span class='ocrx_word' id='word_1_485' title='bbox 2436 2955 2623 3016; x_wconf 76' lang='lat' dir='ltr'><strong>ea&#39;rum</strong></span> <span class='ocrx_word' id='word_1_486' title='bbox 2645 2976 2733 3015; x_wconf 90' lang='lat' dir='ltr'><strong>res</strong></span> <span class='ocrx_word' id='word_1_487' title='bbox 2761 2974 2886 3030; x_wconf 91' lang='lat' dir='ltr'><strong>pars</strong></span> <span class='ocrx_word' id='word_1_488' title='bbox 2908 2973 3030 3013; x_wconf 89' lang='lat' dir='ltr'><strong>esse</strong></span> <span class='ocrx_word' id='word_1_489' title='bbox 3065 2956 3326 3011; x_wconf 86' lang='lat' dir='ltr'><strong>videatur.</strong></span> <span class='ocrx_word' id='word_1_490' title='bbox 3356 2955 3532 3023; x_wconf 86' lang='lat' dir='ltr'><strong>Quare</strong></span> <span class='ocrx_word' id='word_1_491' title='bbox 3563 2954 3671 3010; x_wconf 65' lang='lat' dir='ltr'><strong>illa}</strong></span> 
     </span>
    </p>
   </div>
   <div class='ocr_carea' id='block_1_60' title="bbox 2075 3040 3671 3123">
    <p class='ocr_par' dir='ltr' id='par_1_60' title="bbox 2075 3040 3671 3123">
     <span class='ocr_line' id='line_1_60' title="bbox 2075 3040 3671 3123; baseline -0.004 -16"><span class='ocrx_word' id='word_1_492' title='bbox 2075 3051 2397 3109; x_wconf 74' lang='lat' dir='ltr'><strong>differentia:</strong></span> <span class='ocrx_word' id='word_1_493' title='bbox 2426 3066 2764 3123; x_wconf 66' lang='lat' dir='ltr'><strong>quiscunque</strong></span> <span class='ocrx_word' id='word_1_494' title='bbox 2805 3066 2913 3105; x_wconf 92' lang='lat' dir='ltr'><strong>non</strong></span> <span class='ocrx_word' id='word_1_495' title='bbox 2959 3040 3182 3120; x_wconf 77' lang='lat' dir='ltr'><strong>prosunt</strong></span> <span class='ocrx_word' id='word_1_496' title='bbox 3208 3048 3276 3102; x_wconf 90' lang='lat' dir='ltr'><strong>ad</strong></span> <span class='ocrx_word' id='word_1_497' title='bbox 3306 3061 3425 3102; x_wconf 91' lang='lat' dir='ltr'><strong>esse</strong></span> <span class='ocrx_word' id='word_1_498' title='bbox 3446 3088 3461 3111; x_wconf 91' lang='lat'><strong>,</strong></span> <span class='ocrx_word' id='word_1_499' title='bbox 3494 3060 3671 3116; x_wconf 89' lang='lat' dir='ltr'><strong>neque</strong></span> 
     </span>
    </p>
   </div>
   <div class='ocr_carea' id='block_1_61' title="bbox 368 3135 3663 3216">
    <p class='ocr_par' dir='ltr' id='par_1_61' title="bbox 368 3135 3663 3216">
     <span class='ocr_line' id='line_1_61' title="bbox 368 3135 3663 3216; baseline -0.002 -18"><span class='ocrx_word' id='word_1_500' title='bbox 368 3142 521 3207; x_wconf 87' lang='lat' dir='ltr'><strong>nale,</strong></span> <span class='ocrx_word' id='word_1_501' title='bbox 551 3142 641 3197; x_wconf 88' lang='lat' dir='ltr'><strong>ille</strong></span> <span class='ocrx_word' id='word_1_502' title='bbox 681 3143 760 3202; x_wconf 86' lang='lat' dir='ltr'><strong>sic</strong></span> <span class='ocrx_word' id='word_1_503' title='bbox 785 3143 997 3213; x_wconf 88' lang='lat' dir='ltr'><strong>accepit</strong></span> <span class='ocrx_word' id='word_1_504' title='bbox 1042 3143 1194 3212; x_wconf 85' lang='lat' dir='ltr'><strong>quasi</strong></span> <span class='ocrx_word' id='word_1_505' title='bbox 1238 3144 1482 3216; x_wconf 69' lang='grc' dir='ltr'><strong>ἀνάλογον</strong></span> <span class='ocrx_word' id='word_1_506' title='bbox 1512 3141 1751 3209; x_wconf 89' lang='lat' dir='ltr'><strong>diceret,</strong></span> <span class='ocrx_word' id='word_1_507' title='bbox 1784 3140 1838 3194; x_wconf 91' lang='lat' dir='ltr'><strong>id</strong></span> <span class='ocrx_word' id='word_1_508' title='bbox 1883 3149 1970 3196; x_wconf 90' lang='lat' dir='ltr'><strong>est</strong></span> <span class='ocrx_word' id='word_1_509' title='bbox 1997 3143 2047 3208; x_wconf 83' lang='lat' dir='ltr'><strong><em>C</em></strong></span> <span class='ocrx_word' id='word_1_510' title='bbox 2076 3155 2258 3215; x_wconf 90' lang='lat' dir='ltr'><strong>partes</strong></span> <span class='ocrx_word' id='word_1_511' title='bbox 2305 3144 2625 3201; x_wconf 68' lang='lat' dir='ltr'><strong>substantiae</strong></span> <span class='ocrx_word' id='word_1_512' title='bbox 2651 3135 2944 3212; x_wconf 55' lang='lat' dir='ltr'><strong>cuiuslibet</strong></span> <span class='ocrx_word' id='word_1_513' title='bbox 2972 3140 3173 3211; x_wconf 90' lang='lat' dir='ltr'><strong>speciei</strong></span> <span class='ocrx_word' id='word_1_514' title='bbox 3221 3150 3366 3209; x_wconf 84' lang='lat' dir='ltr'><strong>sunt,</strong></span> <span class='ocrx_word' id='word_1_515' title='bbox 3401 3138 3663 3208; x_wconf 75' lang='lat' dir='ltr'><strong>speciﬁca:</strong></span> 
     </span>
    </p>
   </div>
   <div class='ocr_carea' id='block_1_62' title="bbox 370 3229 1969 3302">
    <p class='ocr_par' dir='ltr' id='par_1_62' title="bbox 370 3229 1969 3302">
     <span class='ocr_line' id='line_1_62' title="bbox 370 3229 1969 3302; baseline -0.001 -15"><span class='ocrx_word' id='word_1_516' title='bbox 370 3232 773 3288; x_wconf 80' lang='lat' dir='ltr'><strong>irrationaliter.</strong></span> <span class='ocrx_word' id='word_1_517' title='bbox 804 3237 981 3302; x_wconf 86' lang='lat' dir='ltr'><strong>Atque</strong></span> <span class='ocrx_word' id='word_1_518' title='bbox 1002 3232 1123 3288; x_wconf 86' lang='lat' dir='ltr'><strong>ideo</strong></span> <span class='ocrx_word' id='word_1_519' title='bbox 1154 3234 1205 3286; x_wconf 94' lang='lat' dir='ltr'><strong>in</strong></span> <span class='ocrx_word' id='word_1_520' title='bbox 1230 3232 1348 3288; x_wconf 92' lang='lat' dir='ltr'><strong>loco</strong></span> <span class='ocrx_word' id='word_1_521' title='bbox 1371 3233 1460 3287; x_wconf 93' lang='lat' dir='ltr'><strong>ubi</strong></span> <span class='ocrx_word' id='word_1_522' title='bbox 1484 3232 1646 3286; x_wconf 89' lang='lat' dir='ltr'><strong>habet</strong></span> <span class='ocrx_word' id='word_1_523' title='bbox 1674 3230 1776 3286; x_wconf 93' lang='lat' dir='ltr'><strong>hoc</strong></span> <span class='ocrx_word' id='word_1_524' title='bbox 1805 3229 1969 3286; x_wconf 92' lang='lat' dir='ltr'><strong>modo</strong></span> 
     </span>
    </p>
   </div>
   <div class='ocr_carea' id='block_1_63' title="bbox 372 3322 1971 3393">
    <p class='ocr_par' dir='ltr' id='par_1_63' title="bbox 372 3322 1971 3393">
     <span class='ocr_line' id='line_1_63' title="bbox 372 3322 1971 3393; baseline 0 -16"><span class='ocrx_word' id='word_1_525' title='bbox 372 3323 670 3391; x_wconf 80' lang='lat' dir='ltr'><strong>scriptum:</strong></span> <span class='ocrx_word' id='word_1_526' title='bbox 716 3324 918 3380; x_wconf 82' lang='lat' dir='ltr'><strong>Ontnes</strong></span> <span class='ocrx_word' id='word_1_527' title='bbox 946 3338 1175 3393; x_wconf 87' lang='lat' dir='ltr'><strong>namque</strong></span> <span class='ocrx_word' id='word_1_528' title='bbox 1220 3338 1310 3379; x_wconf 90' lang='lat' dir='ltr'><strong>res</strong></span> <span class='ocrx_word' id='word_1_529' title='bbox 1350 3338 1420 3378; x_wconf 80' lang='lat' dir='ltr'><strong>ex</strong></span> <span class='ocrx_word' id='word_1_530' title='bbox 1456 3322 1623 3377; x_wconf 88' lang='lat' dir='ltr'><strong>forma</strong></span> <span class='ocrx_word' id='word_1_531' title='bbox 1650 3332 1705 3377; x_wconf 90' lang='lat' dir='ltr'><strong>et</strong></span> <span class='ocrx_word' id='word_1_532' title='bbox 1742 3323 1971 3377; x_wconf 86' lang='lat' dir='ltr'><strong>materia</strong></span> 
     </span>
    </p>
   </div>
   <div class='ocr_carea' id='block_1_64' title="bbox 373 3413 1971 3485">
    <p class='ocr_par' dir='ltr' id='par_1_64' title="bbox 373 3413 1971 3485">
     <span class='ocr_line' id='line_1_64' title="bbox 373 3413 1971 3485; baseline -0.001 -17"><span class='ocrx_word' id='word_1_533' title='bbox 373 3414 698 3481; x_wconf 82' lang='lat' dir='ltr'><strong>consistunt,</strong></span> <span class='ocrx_word' id='word_1_534' title='bbox 728 3414 846 3485; x_wconf 90' lang='lat' dir='ltr'><strong>ipsa</strong></span> <span class='ocrx_word' id='word_1_535' title='bbox 875 3425 1053 3470; x_wconf 91' lang='lat' dir='ltr'><strong>autem</strong></span> <span class='ocrx_word' id='word_1_536' title='bbox 1088 3416 1256 3468; x_wconf 79' lang='lat' dir='ltr'><strong>forma</strong></span> <span class='ocrx_word' id='word_1_537' title='bbox 1291 3414 1616 3470; x_wconf 88' lang='lat' dir='ltr'><strong>irrationalis</strong></span> <span class='ocrx_word' id='word_1_538' title='bbox 1642 3421 1746 3478; x_wconf 87' lang='lat' dir='ltr'><strong>est,</strong></span> <span class='ocrx_word' id='word_1_539' title='bbox 1778 3413 1971 3467; x_wconf 88' lang='lat' dir='ltr'><strong>tollen-</strong></span> 
     </span>
    </p>
   </div>
   <div class='ocr_carea' id='block_1_65' title="bbox 376 3503 1971 3575">
    <p class='ocr_par' dir='ltr' id='par_1_65' title="bbox 376 3503 1971 3575">
     <span class='ocr_line' id='line_1_65' title="bbox 376 3503 1971 3575; baseline -0.001 -15"><span class='ocrx_word' id='word_1_540' title='bbox 376 3506 500 3560; x_wconf 85' lang='lat' dir='ltr'><strong>dum</strong></span> <span class='ocrx_word' id='word_1_541' title='bbox 520 3517 604 3561; x_wconf 90' lang='lat' dir='ltr'><strong>est</strong></span> <span class='ocrx_word' id='word_1_542' title='bbox 628 3506 978 3561; x_wconf 83' lang='lat' dir='ltr'><strong>irrationalis.</strong></span> <span class='ocrx_word' id='word_1_543' title='bbox 1006 3506 1069 3560; x_wconf 83' lang='lat' dir='ltr'><strong>Et</strong></span> <span class='ocrx_word' id='word_1_544' title='bbox 1091 3505 1363 3561; x_wconf 90' lang='lat' dir='ltr'><strong>subtcrius</strong></span> <span class='ocrx_word' id='word_1_545' title='bbox 1384 3505 1659 3575; x_wconf 90' lang='lat' dir='ltr'><strong>paululum</strong></span> <span class='ocrx_word' id='word_1_546' title='bbox 1688 3503 1777 3558; x_wconf 92' lang='lat' dir='ltr'><strong>ubi</strong></span> <span class='ocrx_word' id='word_1_547' title='bbox 1802 3503 1971 3559; x_wconf 86' lang='lat' dir='ltr'><strong>habe-</strong></span> 
     </span>
    </p>
   </div>
   <div class='ocr_carea' id='block_1_66' title="bbox 380 3596 2049 3667">
    <p class='ocr_par' dir='ltr' id='par_1_66' title="bbox 380 3596 2049 3667">
     <span class='ocr_line' id='line_1_66' title="bbox 380 3596 2049 3667; baseline -0.001 -16"><span class='ocrx_word' id='word_1_548' title='bbox 380 3606 500 3652; x_wconf 88' lang='lat' dir='ltr'><strong>tur:</strong></span> <span class='ocrx_word' id='word_1_549' title='bbox 528 3596 649 3653; x_wconf 80' lang='lat' dir='ltr'><strong>Jam</strong></span> <span class='ocrx_word' id='word_1_550' title='bbox 677 3612 838 3653; x_wconf 90' lang='lat' dir='ltr'><strong>omne</strong></span> <span class='ocrx_word' id='word_1_551' title='bbox 858 3612 1029 3667; x_wconf 66' lang='lat' dir='ltr'><strong>genus</strong></span> <span class='ocrx_word' id='word_1_552' title='bbox 1049 3598 1223 3652; x_wconf 91' lang='lat' dir='ltr'><strong>simile</strong></span> <span class='ocrx_word' id='word_1_553' title='bbox 1245 3597 1481 3651; x_wconf 79' lang='lat' dir='ltr'><strong>materiae</strong></span> <span class='ocrx_word' id='word_1_554' title='bbox 1510 3607 1613 3662; x_wconf 90' lang='lat' dir='ltr'><strong>est,</strong></span> <span class='ocrx_word' id='word_1_555' title='bbox 1639 3606 1693 3649; x_wconf 93' lang='lat' dir='ltr'><strong>et</strong></span> <span class='ocrx_word' id='word_1_556' title='bbox 1722 3596 1975 3650; x_wconf 89' lang='lat' dir='ltr'><strong>consistit</strong></span> <span class='ocrx_word' id='word_1_557' title='bbox 2030 3601 2049 3617; x_wconf 86' lang='lat'><strong><em>‘</em></strong></span> 
     </span>
    </p>
   </div>
   <div class='ocr_carea' id='block_1_67' title="bbox 382 3689 1974 3759">
    <p class='ocr_par' dir='ltr' id='par_1_67' title="bbox 382 3689 1974 3759">
     <span class='ocr_line' id='line_1_67' title="bbox 382 3689 1974 3759; baseline -0.003 -12"><span class='ocrx_word' id='word_1_558' title='bbox 382 3691 729 3757; x_wconf 86' lang='lat' dir='ltr'><strong>irrationale,</strong></span> <span class='ocrx_word' id='word_1_559' title='bbox 772 3690 1067 3745; x_wconf 90' lang='lat' dir='ltr'><strong>tollendum</strong></span> <span class='ocrx_word' id='word_1_560' title='bbox 1095 3698 1179 3746; x_wconf 88' lang='lat' dir='ltr'><strong>est</strong></span> <span class='ocrx_word' id='word_1_561' title='bbox 1221 3690 1563 3754; x_wconf 86' lang='lat' dir='ltr'><strong>irrationale,</strong></span> <span class='ocrx_word' id='word_1_562' title='bbox 1593 3695 1646 3743; x_wconf 87' lang='lat' dir='ltr'><strong>et</strong></span> <span class='ocrx_word' id='word_1_563' title='bbox 1667 3689 1974 3759; x_wconf 80' lang='lat' dir='ltr'><strong>ponendum</strong></span> 
     </span>
    </p>
   </div>
   <div class='ocr_carea' id='block_1_68' title="bbox 380 3783 1972 3859">
    <p class='ocr_par' dir='ltr' id='par_1_68' title="bbox 380 3783 1972 3859">
     <span class='ocr_line' id='line_1_68' title="bbox 380 3783 1972 3859; baseline -0.002 -18"><span class='ocrx_word' id='word_1_564' title='bbox 380 3794 460 3841; x_wconf 87' lang='lat' dir='ltr'><strong>est</strong></span> <span class='ocrx_word' id='word_1_565' title='bbox 483 3784 910 3859; x_wconf 87' lang='lat' dir='ltr'><strong>proportionale,</strong></span> <span class='ocrx_word' id='word_1_566' title='bbox 935 3794 993 3840; x_wconf 94' lang='lat' dir='ltr'><strong>ut</strong></span> <span class='ocrx_word' id='word_1_567' title='bbox 1014 3786 1106 3855; x_wconf 90' lang='lat' dir='ltr'><strong>sit,</strong></span> <span class='ocrx_word' id='word_1_568' title='bbox 1132 3794 1187 3839; x_wconf 91' lang='lat' dir='ltr'><strong>et</strong></span> <span class='ocrx_word' id='word_1_569' title='bbox 1211 3784 1458 3839; x_wconf 91' lang='lat' dir='ltr'><strong>consistit</strong></span> <span class='ocrx_word' id='word_1_570' title='bbox 1481 3783 1972 3853; x_wconf 89' lang='lat' dir='ltr'><strong>pr0portionaliter.</strong></span> 
     </span>
    </p>
   </div>
   <div class='ocr_carea' id='block_1_69' title="bbox 379 3872 1974 3949">
    <p class='ocr_par' dir='ltr' id='par_1_69' title="bbox 379 3872 1974 3949">
     <span class='ocr_line' id='line_1_69' title="bbox 379 3872 1974 3949; baseline -0.004 -16"><span class='ocrx_word' id='word_1_571' title='bbox 379 3878 511 3933; x_wconf 78' lang='lat' dir='ltr'><strong>Nam</strong></span> <span class='ocrx_word' id='word_1_572' title='bbox 543 3895 661 3949; x_wconf 68' lang='lat' dir='ltr'><strong>quae</strong></span> <span class='ocrx_word' id='word_1_573' title='bbox 706 3877 983 3947; x_wconf 89' lang='lat' dir='ltr'><strong>pr0portio</strong></span> <span class='ocrx_word' id='word_1_574' title='bbox 1012 3885 1096 3934; x_wconf 90' lang='lat' dir='ltr'><strong>est</strong></span> <span class='ocrx_word' id='word_1_575' title='bbox 1142 3877 1323 3946; x_wconf 80' lang='lat' dir='ltr'><strong>ﬁgura:</strong></span> <span class='ocrx_word' id='word_1_576' title='bbox 1348 3877 1415 3930; x_wconf 92' lang='lat' dir='ltr'><strong>ad</strong></span> <span class='ocrx_word' id='word_1_577' title='bbox 1456 3873 1749 3941; x_wconf 59' lang='lat' dir='ltr'><strong>materiam~</strong></span> <span class='ocrx_word' id='word_1_578' title='bbox 1769 3875 1821 3927; x_wconf 93' lang='lat' dir='ltr'><strong>in</strong></span> <span class='ocrx_word' id='word_1_579' title='bbox 1846 3872 1974 3929; x_wconf 81' lang='lat' dir='ltr'><strong>effi-</strong></span> 
     </span>
    </p>
   </div>
   <div class='ocr_carea' id='block_1_70' title="bbox 382 3969 1979 4040">
    <p class='ocr_par' dir='ltr' id='par_1_70' title="bbox 382 3969 1979 4040">
     <span class='ocr_line' id='line_1_70' title="bbox 382 3969 1979 4040; baseline -0.003 -15"><span class='ocrx_word' id='word_1_580' title='bbox 382 3970 571 4027; x_wconf 89' lang='lat' dir='ltr'><strong>cienda</strong></span> <span class='ocrx_word' id='word_1_581' title='bbox 602 3969 891 4039; x_wconf 79' lang='lat' dir='ltr'><strong>cujuslibet</strong></span> <span class='ocrx_word' id='word_1_582' title='bbox 933 3970 1176 4040; x_wconf 89' lang='lat' dir='ltr'><strong>corporis</strong></span> <span class='ocrx_word' id='word_1_583' title='bbox 1221 3970 1460 4035; x_wconf 90' lang='lat' dir='ltr'><strong>ﬁctione,</strong></span> <span class='ocrx_word' id='word_1_584' title='bbox 1491 3970 1679 4024; x_wconf 88' lang='lat' dir='ltr'><strong>eadem</strong></span> <span class='ocrx_word' id='word_1_585' title='bbox 1735 3980 1821 4024; x_wconf 88' lang='lat' dir='ltr'><strong>est</strong></span> <span class='ocrx_word' id='word_1_586' title='bbox 1853 3982 1979 4037; x_wconf 91' lang='lat' dir='ltr'><strong>pro-</strong></span> 
     </span>
    </p>
   </div>
   <div class='ocr_carea' id='block_1_71' title="bbox 386 4060 1982 4134">
    <p class='ocr_par' dir='ltr' id='par_1_71' title="bbox 386 4060 1982 4134">
     <span class='ocr_line' id='line_1_71' title="bbox 386 4060 1982 4134; baseline -0.002 -17"><span class='ocrx_word' id='word_1_587' title='bbox 386 4067 562 4134; x_wconf 86' lang='lat' dir='ltr'><strong>portio</strong></span> <span class='ocrx_word' id='word_1_588' title='bbox 597 4062 917 4118; x_wconf 70' lang='lat' dir='ltr'><strong>differentia:</strong></span> <span class='ocrx_word' id='word_1_589' title='bbox 968 4062 1033 4117; x_wconf 91' lang='lat' dir='ltr'><strong>ad</strong></span> <span class='ocrx_word' id='word_1_590' title='bbox 1063 4077 1232 4133; x_wconf 89' lang='lat' dir='ltr'><strong>genus</strong></span> <span class='ocrx_word' id='word_1_591' title='bbox 1257 4063 1309 4116; x_wconf 90' lang='lat' dir='ltr'><strong>in</strong></span> <span class='ocrx_word' id='word_1_592' title='bbox 1358 4060 1644 4116; x_wconf 86' lang='lat' dir='ltr'><strong>efficienda</strong></span> <span class='ocrx_word' id='word_1_593' title='bbox 1691 4060 1982 4127; x_wconf 85' lang='lat' dir='ltr'><strong>cujuslibet</strong></span> 
     </span>
    </p>
   </div>
   <div class='ocr_carea' id='block_1_72' title="bbox 389 4150 1981 4224">
    <p class='ocr_par' dir='ltr' id='par_1_72' title="bbox 389 4150 1981 4224">
     <span class='ocr_line' id='line_1_72' title="bbox 389 4150 1981 4224; baseline -0.003 -15"><span class='ocrx_word' id='word_1_594' title='bbox 389 4156 572 4224; x_wconf 88' lang='lat' dir='ltr'><strong>specie</strong></span> <span class='ocrx_word' id='word_1_595' title='bbox 618 4154 835 4209; x_wconf 87' lang='lat' dir='ltr'><strong>animati</strong></span> <span class='ocrx_word' id='word_1_596' title='bbox 880 4163 1043 4223; x_wconf 90' lang='lat' dir='ltr'><strong>atque</strong></span> <span class='ocrx_word' id='word_1_597' title='bbox 1072 4153 1370 4208; x_wconf 89' lang='lat' dir='ltr'><strong>inanimati.</strong></span> <span class='ocrx_word' id='word_1_598' title='bbox 1405 4150 1658 4221; x_wconf 86' lang='lat' dir='ltr'><strong>Sequitur</strong></span> <span class='ocrx_word' id='word_1_599' title='bbox 1716 4150 1842 4205; x_wconf 84' lang='lat' dir='ltr'><strong>item</strong></span> <span class='ocrx_word' id='word_1_600' title='bbox 1874 4150 1981 4205; x_wconf 84' lang='lat' dir='ltr'><strong>alia</strong></span> 
     </span>
    </p>
   </div>
   <div class='ocr_carea' id='block_1_73' title="bbox 390 4240 1985 4318">
    <p class='ocr_par' dir='ltr' id='par_1_73' title="bbox 390 4240 1985 4318">
     <span class='ocr_line' id='line_1_73' title="bbox 390 4240 1985 4318; baseline -0.003 -17"><span class='ocrx_word' id='word_1_601' title='bbox 390 4246 628 4301; x_wconf 88' lang='lat' dir='ltr'><strong>deﬁnitio</strong></span> <span class='ocrx_word' id='word_1_602' title='bbox 648 4261 764 4317; x_wconf 84' lang='lat' dir='ltr'><strong>quae</strong></span> <span class='ocrx_word' id='word_1_603' title='bbox 786 4255 872 4303; x_wconf 91' lang='lat' dir='ltr'><strong>est</strong></span> <span class='ocrx_word' id='word_1_604' title='bbox 897 4246 1205 4318; x_wconf 90' lang='lat' dir='ltr'><strong>hujusmodi</strong></span> <span class='ocrx_word' id='word_1_605' title='bbox 1229 4263 1242 4297; x_wconf 91' lang='lat'>:</span> <span class='ocrx_word' id='word_1_606' title='bbox 1284 4244 1474 4299; x_wconf 86' lang='lat' dir='ltr'><strong>Dicunt</strong></span> <span class='ocrx_word' id='word_1_607' title='bbox 1502 4245 1647 4298; x_wconf 90' lang='lat' dir='ltr'><strong>enim</strong></span> <span class='ocrx_word' id='word_1_608' title='bbox 1673 4257 1797 4297; x_wconf 90' lang='lat' dir='ltr'><strong>esse</strong></span> <span class='ocrx_word' id='word_1_609' title='bbox 1829 4240 1985 4297; x_wconf 81' lang='lat' dir='ltr'><strong>diffe-</strong></span> 
     </span>
    </p>
   </div>
   <div class='ocr_carea' id='block_1_74' title="bbox 389 4333 1981 4408">
    <p class='ocr_par' dir='ltr' id='par_1_74' title="bbox 389 4333 1981 4408">
     <span class='ocr_line' id='line_1_74' title="bbox 389 4333 1981 4408; baseline -0.001 -17"><span class='ocrx_word' id='word_1_610' title='bbox 389 4338 617 4392; x_wconf 79' lang='lat' dir='ltr'><strong>&#39;rentiarn</strong></span> <span class='ocrx_word' id='word_1_611' title='bbox 671 4337 810 4407; x_wconf 90' lang='lat' dir='ltr'><strong>quod</strong></span> <span class='ocrx_word' id='word_1_612' title='bbox 862 4338 1033 4408; x_wconf 88' lang='lat' dir='ltr'><strong>possit</strong></span> <span class='ocrx_word' id='word_1_613' title='bbox 1080 4348 1331 4407; x_wconf 87' lang='lat' dir='ltr'><strong>separare</strong></span> <span class='ocrx_word' id='word_1_614' title='bbox 1361 4334 1619 4407; x_wconf 90' lang='lat' dir='ltr'><strong>quidquid</strong></span> <span class='ocrx_word' id='word_1_615' title='bbox 1663 4335 1764 4389; x_wconf 91' lang='lat' dir='ltr'><strong>sub</strong></span> <span class='ocrx_word' id='word_1_616' title='bbox 1789 4333 1981 4389; x_wconf 89' lang='lat' dir='ltr'><strong>eodem</strong></span> 
     </span>
    </p>
   </div>
   <div class='ocr_carea' id='block_1_75' title="bbox 388 4427 1984 4501">
    <p class='ocr_par' dir='ltr' id='par_1_75' title="bbox 388 4427 1984 4501">
     <span class='ocr_line' id='line_1_75' title="bbox 388 4427 1984 4501; baseline -0.002 -16"><span class='ocrx_word' id='word_1_617' title='bbox 388 4445 585 4501; x_wconf 89' lang='lat' dir='ltr'><strong>genere</strong></span> <span class='ocrx_word' id='word_1_618' title='bbox 606 4439 710 4495; x_wconf 88' lang='lat' dir='ltr'><strong>est,</strong></span> <span class='ocrx_word' id='word_1_619' title='bbox 739 4440 791 4485; x_wconf 92' lang='lat' dir='ltr'><strong>et</strong></span> <span class='ocrx_word' id='word_1_620' title='bbox 814 4440 962 4485; x_wconf 90' lang='lat' dir='ltr'><strong>recte</strong></span> <span class='ocrx_word' id='word_1_621' title='bbox 988 4430 1192 4485; x_wconf 75' lang='lat' dir='ltr'><strong>dicunt.</strong></span> <span class='ocrx_word' id='word_1_622' title='bbox 1223 4429 1355 4484; x_wconf 88' lang='lat' dir='ltr'><strong>Nam</strong></span> <span class='ocrx_word' id='word_1_623' title='bbox 1383 4429 1509 4484; x_wconf 92' lang='lat' dir='ltr'><strong>dum</strong></span> <span class='ocrx_word' id='word_1_624' title='bbox 1540 4427 1639 4483; x_wconf 89' lang='lat' dir='ltr'><strong>sub</strong></span> <span class='ocrx_word' id='word_1_625' title='bbox 1666 4427 1858 4493; x_wconf 83' lang='lat' dir='ltr'><strong>eodem</strong></span> <span class='ocrx_word' id='word_1_626' title='bbox 1887 4440 1984 4499; x_wconf 81' lang='lat' dir='ltr'><strong>ge-</strong></span> 
     </span>
    </p>
   </div>
   <div class='ocr_carea' id='block_1_76' title="bbox 2077 3229 3673 3303">
    <p class='ocr_par' dir='ltr' id='par_1_76' title="bbox 2077 3229 3673 3303">
     <span class='ocr_line' id='line_1_76' title="bbox 2077 3229 3673 3303; baseline -0.004 -13"><span class='ocrx_word' id='word_1_627' title='bbox 2077 3235 2394 3291; x_wconf 78' lang='lat' dir='ltr'><strong>differenthe</strong></span> <span class='ocrx_word' id='word_1_628' title='bbox 2423 3236 2529 3291; x_wconf 88' lang='lat' dir='ltr'><strong>diei</strong></span> <span class='ocrx_word' id='word_1_629' title='bbox 2570 3250 2681 3290; x_wconf 93' lang='lat' dir='ltr'><strong>non</strong></span> <span class='ocrx_word' id='word_1_630' title='bbox 2726 3234 2958 3301; x_wconf 89' lang='lat' dir='ltr'><strong>habent,</strong></span> <span class='ocrx_word' id='word_1_631' title='bbox 2990 3232 3234 3303; x_wconf 81' lang='lat' dir='ltr'><strong>quamvis</strong></span> <span class='ocrx_word' id='word_1_632' title='bbox 3278 3231 3388 3285; x_wconf 87' lang='lat' dir='ltr'><strong>sola</strong></span> <span class='ocrx_word' id='word_1_633' title='bbox 3417 3229 3519 3283; x_wconf 92' lang='lat' dir='ltr'><strong>hoc</strong></span> <span class='ocrx_word' id='word_1_634' title='bbox 3566 3242 3673 3284; x_wconf 82' lang='lat' dir='ltr'><strong>una</strong></span> 
     </span>
    </p>
   </div>
   <div class='ocr_carea' id='block_1_77' title="bbox 2077 3322 3674 3398">
    <p class='ocr_par' dir='ltr' id='par_1_77' title="bbox 2077 3322 3674 3398">
     <span class='ocr_line' id='line_1_77' title="bbox 2077 3322 3674 3398; baseline -0.004 -13"><span class='ocrx_word' id='word_1_635' title='bbox 2077 3330 2287 3398; x_wconf 89' lang='lat' dir='ltr'><strong>species</strong></span> <span class='ocrx_word' id='word_1_636' title='bbox 2319 3329 2533 3384; x_wconf 86' lang='lat' dir='ltr'><strong>habeat.</strong></span> <span class='ocrx_word' id='word_1_637' title='bbox 2581 3327 2717 3384; x_wconf 88' lang='lat' dir='ltr'><strong>Nam</strong></span> <span class='ocrx_word' id='word_1_638' title='bbox 2744 3328 2790 3383; x_wconf 91' lang='lat' dir='ltr'><strong>si</strong></span> <span class='ocrx_word' id='word_1_639' title='bbox 2828 3328 2992 3384; x_wconf 92' lang='lat' dir='ltr'><strong>homo</strong></span> <span class='ocrx_word' id='word_1_640' title='bbox 3043 3326 3291 3397; x_wconf 84' lang='lat' dir='ltr'><strong>navigat,</strong></span> <span class='ocrx_word' id='word_1_641' title='bbox 3341 3335 3519 3389; x_wconf 87' lang='lat' dir='ltr'><strong>potest</strong></span> <span class='ocrx_word' id='word_1_642' title='bbox 3567 3322 3674 3380; x_wconf 89' lang='lat' dir='ltr'><strong>dici</strong></span> 
     </span>
    </p>
   </div>
   <div class='ocr_carea' id='block_1_78' title="bbox 2081 3416 3674 3489">
    <p class='ocr_par' dir='ltr' id='par_1_78' title="bbox 2081 3416 3674 3489">
     <span class='ocr_line' id='line_1_78' title="bbox 2081 3416 3674 3489; baseline -0.003 -16"><span class='ocrx_word' id='word_1_643' title='bbox 2081 3420 2282 3475; x_wconf 89' lang='lat' dir='ltr'><strong>animal</strong></span> <span class='ocrx_word' id='word_1_644' title='bbox 2314 3420 2637 3489; x_wconf 86' lang='lat' dir='ltr'><strong>navigabile.</strong></span> <span class='ocrx_word' id='word_1_645' title='bbox 2690 3418 2797 3475; x_wconf 91' lang='lat' dir='ltr'><strong>Sed</strong></span> <span class='ocrx_word' id='word_1_646' title='bbox 2831 3418 3084 3489; x_wconf 86' lang='lat' dir='ltr'><strong>navigare</strong></span> <span class='ocrx_word' id='word_1_647' title='bbox 3114 3418 3164 3472; x_wconf 92' lang='lat' dir='ltr'><strong>in</strong></span> <span class='ocrx_word' id='word_1_648' title='bbox 3197 3416 3549 3471; x_wconf 89' lang='lat' dir='ltr'><strong>substantiam</strong></span> <span class='ocrx_word' id='word_1_649' title='bbox 3583 3416 3674 3469; x_wconf 92' lang='lat' dir='ltr'><strong>ho-</strong></span> 
     </span>
    </p>
   </div>
   <div class='ocr_carea' id='block_1_79' title="bbox 2080 3507 3677 3580">
    <p class='ocr_par' dir='ltr' id='par_1_79' title="bbox 2080 3507 3677 3580">
     <span class='ocr_line' id='line_1_79' title="bbox 2080 3507 3677 3580; baseline -0.003 -15"><span class='ocrx_word' id='word_1_650' title='bbox 2080 3512 2242 3566; x_wconf 88' lang='lat' dir='ltr'><strong>minis</strong></span> <span class='ocrx_word' id='word_1_651' title='bbox 2264 3526 2378 3566; x_wconf 86' lang='lat' dir='ltr'><strong>non</strong></span> <span class='ocrx_word' id='word_1_652' title='bbox 2398 3510 2647 3568; x_wconf 87' lang='lat' dir='ltr'><strong>vertitur.</strong></span> <span class='ocrx_word' id='word_1_653' title='bbox 2672 3509 2858 3580; x_wconf 86' lang='lat' dir='ltr'><strong>Neque</strong></span> <span class='ocrx_word' id='word_1_654' title='bbox 2908 3509 3052 3565; x_wconf 90' lang='lat' dir='ltr'><strong>enim</strong></span> <span class='ocrx_word' id='word_1_655' title='bbox 3078 3510 3240 3564; x_wconf 81' lang='lat' dir='ltr'><strong>homo</strong></span> <span class='ocrx_word' id='word_1_656' title='bbox 3260 3508 3385 3563; x_wconf 88' lang='lat' dir='ltr'><strong>inde</strong></span> <span class='ocrx_word' id='word_1_657' title='bbox 3411 3507 3677 3575; x_wconf 88' lang='lat' dir='ltr'><strong>subsistit,</strong></span> 
     </span>
    </p>
   </div>
   <div class='ocr_carea' id='block_1_80' title="bbox 2082 3596 3679 3675">
    <p class='ocr_par' dir='ltr' id='par_1_80' title="bbox 2082 3596 3679 3675">
     <span class='ocr_line' id='line_1_80' title="bbox 2082 3596 3679 3675; baseline -0.003 -17"><span class='ocrx_word' id='word_1_658' title='bbox 2082 3604 2208 3673; x_wconf 89' lang='lat' dir='ltr'><strong>quia</strong></span> <span class='ocrx_word' id='word_1_659' title='bbox 2264 3604 2518 3675; x_wconf 86' lang='lat' dir='ltr'><strong>navigat,</strong></span> <span class='ocrx_word' id='word_1_660' title='bbox 2576 3600 2825 3672; x_wconf 85' lang='lat' dir='ltr'><strong>quamvis</strong></span> <span class='ocrx_word' id='word_1_661' title='bbox 2874 3601 2976 3657; x_wconf 88' lang='lat' dir='ltr'><strong>hoc</strong></span> <span class='ocrx_word' id='word_1_662' title='bbox 3025 3599 3229 3656; x_wconf 91' lang='lat' dir='ltr'><strong>nullum</strong></span> <span class='ocrx_word' id='word_1_663' title='bbox 3275 3599 3417 3654; x_wconf 88' lang='lat' dir='ltr'><strong>aliud</strong></span> <span class='ocrx_word' id='word_1_664' title='bbox 3478 3596 3679 3654; x_wconf 88' lang='lat' dir='ltr'><strong>anima!</strong></span> 
     </span>
    </p>
   </div>
   <div class='ocr_carea' id='block_1_81' title="bbox 2083 3692 3679 3764">
    <p class='ocr_par' dir='ltr' id='par_1_81' title="bbox 2083 3692 3679 3764">
     <span class='ocr_line' id='line_1_81' title="bbox 2083 3692 3679 3764; baseline -0.002 -16"><span class='ocrx_word' id='word_1_665' title='bbox 2083 3692 2288 3750; x_wconf 87' lang='lat' dir='ltr'><strong>habere</strong></span> <span class='ocrx_word' id='word_1_666' title='bbox 2334 3693 2537 3764; x_wconf 78' lang='lat' dir='ltr'><strong>possit,</strong></span> <span class='ocrx_word' id='word_1_667' title='bbox 2593 3694 2649 3749; x_wconf 89' lang='lat' dir='ltr'><strong>id</strong></span> <span class='ocrx_word' id='word_1_668' title='bbox 2692 3703 2799 3761; x_wconf 90' lang='lat' dir='ltr'><strong>est,</strong></span> <span class='ocrx_word' id='word_1_669' title='bbox 2847 3692 3056 3749; x_wconf 89' lang='lat' dir='ltr'><strong>nullum</strong></span> <span class='ocrx_word' id='word_1_670' title='bbox 3107 3692 3278 3761; x_wconf 74' lang='grc' dir='ltr'><strong>ροεεὶι</strong></span> <span class='ocrx_word' id='word_1_671' title='bbox 3330 3692 3524 3746; x_wconf 91' lang='lat' dir='ltr'><strong>animal</strong></span> <span class='ocrx_word' id='word_1_672' title='bbox 3578 3705 3679 3745; x_wconf 89' lang='lat' dir='ltr'><strong>na-</strong></span> 
     </span>
    </p>
   </div>
   <div class='ocr_carea' id='block_1_82' title="bbox 2082 3782 3680 3858">
    <p class='ocr_par' dir='ltr' id='par_1_82' title="bbox 2082 3782 3680 3858">
     <span class='ocr_line' id='line_1_82' title="bbox 2082 3782 3680 3858; baseline -0.004 -17"><span class='ocrx_word' id='word_1_673' title='bbox 2082 3786 2287 3858; x_wconf 87' lang='lat' dir='ltr'><strong>vigare.</strong></span> <span class='ocrx_word' id='word_1_674' title='bbox 2332 3782 2538 3845; x_wconf 82' lang='lat' dir='ltr'><strong>Eodem</strong></span> <span class='ocrx_word' id='word_1_675' title='bbox 2565 3785 2728 3843; x_wconf 90' lang='lat' dir='ltr'><strong>modo</strong></span> <span class='ocrx_word' id='word_1_676' title='bbox 2780 3795 2837 3843; x_wconf 90' lang='lat' dir='ltr'><strong>et</strong></span> <span class='ocrx_word' id='word_1_677' title='bbox 2892 3800 3014 3841; x_wconf 89' lang='lat' dir='ltr'><strong>esse</strong></span> <span class='ocrx_word' id='word_1_678' title='bbox 3064 3784 3336 3841; x_wconf 87' lang='lat' dir='ltr'><strong>rhetorem</strong></span> <span class='ocrx_word' id='word_1_679' title='bbox 3368 3783 3451 3839; x_wconf 87' lang='lat' dir='ltr'><strong>vel</strong></span> <span class='ocrx_word' id='word_1_680' title='bbox 3494 3798 3680 3853; x_wconf 81' lang='lat' dir='ltr'><strong>gram-</strong></span> 
     </span>
    </p>
   </div>
   <div class='ocr_carea' id='block_1_83' title="bbox 2085 3874 3682 3949">
    <p class='ocr_par' dir='ltr' id='par_1_83' title="bbox 2085 3874 3682 3949">
     <span class='ocr_line' id='line_1_83' title="bbox 2085 3874 3682 3949; baseline -0.002 -13"><span class='ocrx_word' id='word_1_681' title='bbox 2085 3882 2365 3936; x_wconf 89' lang='lat' dir='ltr'><strong>maticum.</strong></span> <span class='ocrx_word' id='word_1_682' title='bbox 2420 3879 2531 3936; x_wconf 83' lang='lat' dir='ltr'><strong>Has</strong></span> <span class='ocrx_word' id='word_1_683' title='bbox 2580 3877 2743 3949; x_wconf 88' lang='lat' dir='ltr'><strong>igitur</strong></span> <span class='ocrx_word' id='word_1_684' title='bbox 2787 3876 3124 3935; x_wconf 89' lang='lat' dir='ltr'><strong>differentias</strong></span> <span class='ocrx_word' id='word_1_685' title='bbox 3171 3891 3291 3947; x_wconf 75' lang='lat' dir='ltr'><strong>qua:</strong></span> <span class='ocrx_word' id='word_1_686' title='bbox 3325 3874 3391 3930; x_wconf 90' lang='lat' dir='ltr'><strong>ad</strong></span> <span class='ocrx_word' id='word_1_687' title='bbox 3423 3890 3544 3930; x_wconf 86' lang='lat' dir='ltr'><strong>csse</strong></span> <span class='ocrx_word' id='word_1_688' title='bbox 3577 3888 3682 3933; x_wconf 86' lang='lat' dir='ltr'><strong>nou</strong></span> 
     </span>
    </p>
   </div>
   <div class='ocr_carea' id='block_1_84' title="bbox 2085 3967 3682 4042">
    <p class='ocr_par' dir='ltr' id='par_1_84' title="bbox 2085 3967 3682 4042">
     <span class='ocr_line' id='line_1_84' title="bbox 2085 3967 3682 4042; baseline -0.006 -13"><span class='ocrx_word' id='word_1_689' title='bbox 2085 3982 2343 4042; x_wconf 88' lang='lat' dir='ltr'><strong>prosunt,</strong></span> <span class='ocrx_word' id='word_1_690' title='bbox 2397 3972 2495 4028; x_wconf 84' lang='lat' dir='ltr'><strong>sed</strong></span> <span class='ocrx_word' id='word_1_691' title='bbox 2564 3968 2772 4027; x_wconf 83' lang='lat' dir='ltr'><strong>tantum</strong></span> <span class='ocrx_word' id='word_1_692' title='bbox 2849 3978 3022 4026; x_wconf 88' lang='lat' dir='ltr'><strong>artem</strong></span> <span class='ocrx_word' id='word_1_693' title='bbox 3087 3968 3319 4039; x_wconf 90' lang='lat' dir='ltr'><strong>aliquam</strong></span> <span class='ocrx_word' id='word_1_694' title='bbox 3369 3967 3682 4022; x_wconf 89' lang='lat' dir='ltr'><strong>scientiam-</strong></span> 
     </span>
    </p>
   </div>
   <div class='ocr_carea' id='block_1_85' title="bbox 2088 4060 3683 4135">
    <p class='ocr_par' dir='ltr' id='par_1_85' title="bbox 2088 4060 3683 4135">
     <span class='ocr_line' id='line_1_85' title="bbox 2088 4060 3683 4135; baseline -0.004 -16"><span class='ocrx_word' id='word_1_695' title='bbox 2088 4081 2193 4135; x_wconf 90' lang='lat' dir='ltr'><strong>que</strong></span> <span class='ocrx_word' id='word_1_696' title='bbox 2238 4074 2699 4132; x_wconf 89' lang='lat' dir='ltr'><strong>commemorant,</strong></span> <span class='ocrx_word' id='word_1_697' title='bbox 2748 4078 2855 4119; x_wconf 91' lang='lat' dir='ltr'><strong>non</strong></span> <span class='ocrx_word' id='word_1_698' title='bbox 2910 4063 3160 4133; x_wconf 90' lang='lat' dir='ltr'><strong>ponimus</strong></span> <span class='ocrx_word' id='word_1_699' title='bbox 3206 4060 3489 4131; x_wconf 87' lang='lat' dir='ltr'><strong>speciﬁcas</strong></span> <span class='ocrx_word' id='word_1_700' title='bbox 3540 4075 3683 4125; x_wconf 89' lang='lat' dir='ltr'><strong>esse,</strong></span> 
     </span>
    </p>
   </div>
   <div class='ocr_carea' id='block_1_86' title="bbox 2089 4150 3685 4227">
    <p class='ocr_par' dir='ltr' id='par_1_86' title="bbox 2089 4150 3685 4227">
     <span class='ocr_line' id='line_1_86' title="bbox 2089 4150 3685 4227; baseline -0.004 -16"><span class='ocrx_word' id='word_1_701' title='bbox 2089 4157 2336 4227; x_wconf 86' lang='lat' dir='ltr'><strong>quamvis</strong></span> <span class='ocrx_word' id='word_1_702' title='bbox 2383 4171 2489 4210; x_wconf 88' lang='lat' dir='ltr'><strong>una</strong></span> <span class='ocrx_word' id='word_1_703' title='bbox 2532 4156 2788 4226; x_wconf 52' lang='lat' dir='ltr'><strong>qualibet</strong></span> <span class='ocrx_word' id='word_1_704' title='bbox 2833 4155 3082 4211; x_wconf 85' lang='lat' dir='ltr'><strong>animalis</strong></span> <span class='ocrx_word' id='word_1_705' title='bbox 3118 4153 3173 4208; x_wconf 86' lang='lat' dir='ltr'><strong>id</strong></span> <span class='ocrx_word' id='word_1_706' title='bbox 3212 4152 3420 4222; x_wconf 87' lang='lat' dir='ltr'><strong>species</strong></span> <span class='ocrx_word' id='word_1_707' title='bbox 3472 4150 3685 4204; x_wconf 78' lang='lat' dir='ltr'><strong>habeat.</strong></span> 
     </span>
    </p>
   </div>
   <div class='ocr_carea' id='block_1_87' title="bbox 2091 4242 3686 4319">
    <p class='ocr_par' dir='ltr' id='par_1_87' title="bbox 2091 4242 3686 4319">
     <span class='ocr_line' id='line_1_87' title="bbox 2091 4242 3686 4319; baseline -0.003 -17"><span class='ocrx_word' id='word_1_708' title='bbox 2091 4249 2237 4319; x_wconf 82' lang='lat' dir='ltr'><strong>Ergo</strong></span> <span class='ocrx_word' id='word_1_709' title='bbox 2266 4243 2719 4304; x_wconf 75' lang='lat' dir='ltr'><strong>considerandum</strong></span> <span class='ocrx_word' id='word_1_710' title='bbox 2750 4257 2855 4313; x_wconf 89' lang='lat' dir='ltr'><strong>est,</strong></span> <span class='ocrx_word' id='word_1_711' title='bbox 2890 4255 2949 4301; x_wconf 91' lang='lat' dir='ltr'><strong>ut</strong></span> <span class='ocrx_word' id='word_1_712' title='bbox 2977 4246 3190 4317; x_wconf 89' lang='lat' dir='ltr'><strong>quoties</strong></span> <span class='ocrx_word' id='word_1_713' title='bbox 3220 4244 3451 4299; x_wconf 90' lang='lat' dir='ltr'><strong>dicimus</strong></span> <span class='ocrx_word' id='word_1_714' title='bbox 3497 4242 3686 4297; x_wconf 47' lang='lat' dir='ltr'><strong>deﬁni‘</strong></span> 
     </span>
    </p>
   </div>
   <div class='ocr_carea' id='block_1_88' title="bbox 2093 4334 3688 4405">
    <p class='ocr_par' dir='ltr' id='par_1_88' title="bbox 2093 4334 3688 4405">
     <span class='ocr_line' id='line_1_88' title="bbox 2093 4334 3688 4405; baseline -0.003 -10"><span class='ocrx_word' id='word_1_715' title='bbox 2093 4341 2296 4395; x_wconf 87' lang='lat' dir='ltr'><strong>tionem</strong></span> <span class='ocrx_word' id='word_1_716' title='bbox 2337 4337 2658 4395; x_wconf 67' lang='lat' dir='ltr'><strong>differentia:</strong></span> <span class='ocrx_word' id='word_1_717' title='bbox 2690 4339 2839 4394; x_wconf 89' lang='lat' dir='ltr'><strong>illam</strong></span> <span class='ocrx_word' id='word_1_718' title='bbox 2864 4337 3225 4394; x_wconf 68' lang='lat' dir='ltr'><strong>differentiam</strong></span> <span class='ocrx_word' id='word_1_719' title='bbox 3254 4351 3375 4391; x_wconf 90' lang='lat' dir='ltr'><strong>esse</strong></span> <span class='ocrx_word' id='word_1_720' title='bbox 3404 4351 3507 4405; x_wconf 90' lang='lat' dir='ltr'><strong>qua</strong></span> <span class='ocrx_word' id='word_1_721' title='bbox 3538 4334 3688 4391; x_wconf 80' lang='lat' dir='ltr'><strong>diffe-</strong></span> 
     </span>
    </p>
   </div>
   <div class='ocr_carea' id='block_1_89' title="bbox 2094 4430 3687 4505">
    <p class='ocr_par' dir='ltr' id='par_1_89' title="bbox 2094 4430 3687 4505">
     <span class='ocr_line' id='line_1_89' title="bbox 2094 4430 3687 4505; baseline -0.005 -17"><span class='ocrx_word' id='word_1_722' title='bbox 2094 4444 2218 4489; x_wconf 89' lang='lat' dir='ltr'><strong>rant</strong></span> <span class='ocrx_word' id='word_1_723' title='bbox 2241 4435 2473 4505; x_wconf 89' lang='lat' dir='ltr'><strong>singula,</strong></span> <span class='ocrx_word' id='word_1_724' title='bbox 2511 4434 2660 4488; x_wconf 87' lang='lat' dir='ltr'><strong>illam</strong></span> <span class='ocrx_word' id='word_1_725' title='bbox 2693 4432 2989 4504; x_wconf 85' lang='lat' dir='ltr'><strong>signiﬁcari</strong></span> <span class='ocrx_word' id='word_1_726' title='bbox 3035 4430 3393 4486; x_wconf 83' lang='lat' dir='ltr'><strong>differentiam</strong></span> <span class='ocrx_word' id='word_1_727' title='bbox 3426 4430 3687 4496; x_wconf 78' lang='lat' dir='ltr'><strong>intelliga-</strong></span> 
     </span>
    </p>
   </div>
   <div class='ocr_carea' id='block_1_90' title="bbox 390 4519 1975 4597">
    <p class='ocr_par' dir='ltr' id='par_1_90' title="bbox 390 4519 1975 4590">
     <span class='ocr_line' id='line_1_90' title="bbox 390 4519 1975 4590; baseline -0.003 -16"><span class='ocrx_word' id='word_1_728' title='bbox 390 4534 520 4575; x_wconf 87' lang='lat' dir='ltr'><strong>nere</strong></span> <span class='ocrx_word' id='word_1_729' title='bbox 545 4520 617 4574; x_wconf 87' lang='lat' dir='ltr'><strong>sit</strong></span> <span class='ocrx_word' id='word_1_730' title='bbox 644 4519 806 4574; x_wconf 91' lang='lat' dir='ltr'><strong>homo</strong></span> <span class='ocrx_word' id='word_1_731' title='bbox 834 4530 996 4589; x_wconf 89' lang='lat' dir='ltr'><strong>atque</strong></span> <span class='ocrx_word' id='word_1_732' title='bbox 1038 4532 1239 4590; x_wconf 88' lang='lat' dir='ltr'><strong>equus,</strong></span> <span class='ocrx_word' id='word_1_733' title='bbox 1274 4519 1398 4589; x_wconf 88' lang='lat' dir='ltr'><strong>quia</strong></span> <span class='ocrx_word' id='word_1_734' title='bbox 1427 4529 1716 4587; x_wconf 91' lang='lat' dir='ltr'><strong>utrumque</strong></span> <span class='ocrx_word' id='word_1_735' title='bbox 1757 4528 1840 4573; x_wconf 89' lang='lat' dir='ltr'><strong>est</strong></span> <span class='ocrx_word' id='word_1_736' title='bbox 1869 4519 1975 4571; x_wconf 40' lang='lat' dir='ltr'><strong>anis</strong></span> 
     </span>
    </p>
   </div>
   <div class='ocr_carea' id='block_1_91' title="bbox 2076 4519 3689 4597">
    <p class='ocr_par' dir='ltr' id='par_1_91' title="bbox 2097 4520 3689 4597">
     <span class='ocr_line' id='line_1_91' title="bbox 2097 4520 3689 4597; baseline -0.004 -16"><span class='ocrx_word' id='word_1_737' title='bbox 2097 4542 2238 4594; x_wconf 89' lang='lat' dir='ltr'><strong>mus,</strong></span> <span class='ocrx_word' id='word_1_738' title='bbox 2264 4542 2383 4597; x_wconf 74' lang='lat' dir='ltr'><strong>qua:</strong></span> <span class='ocrx_word' id='word_1_739' title='bbox 2414 4527 2479 4581; x_wconf 86' lang='lat' dir='ltr'><strong>ad</strong></span> <span class='ocrx_word' id='word_1_740' title='bbox 2507 4525 2709 4597; x_wconf 88' lang='lat' dir='ltr'><strong>aliquid</strong></span> <span class='ocrx_word' id='word_1_741' title='bbox 2732 4540 2857 4581; x_wconf 87' lang='lat' dir='ltr'><strong>esse</strong></span> <span class='ocrx_word' id='word_1_742' title='bbox 2884 4523 3109 4593; x_wconf 86' lang='lat' dir='ltr'><strong>prodest</strong></span> <span class='ocrx_word' id='word_1_743' title='bbox 3129 4534 3183 4578; x_wconf 89' lang='lat' dir='ltr'><strong>et</strong></span> <span class='ocrx_word' id='word_1_744' title='bbox 3216 4536 3335 4592; x_wconf 78' lang='lat' dir='ltr'><strong>quae</strong></span> <span class='ocrx_word' id='word_1_745' title='bbox 3364 4529 3446 4575; x_wconf 90' lang='lat' dir='ltr'><strong>est</strong></span> <span class='ocrx_word' id='word_1_746' title='bbox 3462 4520 3689 4581; x_wconf 83' lang='lat' dir='ltr'><strong>alicujus</strong></span> 
     </span>
    </p>
   </div>
   <div class='ocr_carea' id='block_1_92' title="bbox 390 4609 1988 4679">
    <p class='ocr_par' dir='ltr' id='par_1_92' title="bbox 390 4609 1988 4679">
     <span class='ocr_line' id='line_1_92' title="bbox 390 4609 1988 4679; baseline -0.001 -14"><span class='ocrx_word' id='word_1_747' title='bbox 390 4612 531 4678; x_wconf 86' lang='lat' dir='ltr'><strong>mal,</strong></span> <span class='ocrx_word' id='word_1_748' title='bbox 576 4627 697 4665; x_wconf 88' lang='lat' dir='ltr'><strong>cum</strong></span> <span class='ocrx_word' id='word_1_749' title='bbox 747 4612 956 4667; x_wconf 86' lang='lat' dir='ltr'><strong>venerit</strong></span> <span class='ocrx_word' id='word_1_750' title='bbox 997 4611 1263 4665; x_wconf 83' lang='lat' dir='ltr'><strong>rationale</strong></span> <span class='ocrx_word' id='word_1_751' title='bbox 1304 4609 1388 4666; x_wconf 91' lang='lat' dir='ltr'><strong>vel</strong></span> <span class='ocrx_word' id='word_1_752' title='bbox 1430 4609 1742 4664; x_wconf 88' lang='lat' dir='ltr'><strong>irrationale</strong></span> <span class='ocrx_word' id='word_1_753' title='bbox 1788 4620 1988 4679; x_wconf 86' lang='lat' dir='ltr'><strong>equum</strong></span> 
     </span>
    </p>
   </div>
   <div class='ocr_carea' id='block_1_93' title="bbox 393 4700 1990 4772">
    <p class='ocr_par' dir='ltr' id='par_1_93' title="bbox 393 4700 1990 4772">
     <span class='ocr_line' id='line_1_93' title="bbox 393 4700 1990 4772; baseline 0 -17"><span class='ocrx_word' id='word_1_754' title='bbox 393 4712 556 4771; x_wconf 86' lang='lat' dir='ltr'><strong>atque</strong></span> <span class='ocrx_word' id='word_1_755' title='bbox 588 4702 862 4757; x_wconf 88' lang='lat' dir='ltr'><strong>hominem</strong></span> <span class='ocrx_word' id='word_1_756' title='bbox 892 4700 1037 4772; x_wconf 90' lang='lat' dir='ltr'><strong>quod</strong></span> <span class='ocrx_word' id='word_1_757' title='bbox 1066 4702 1167 4757; x_wconf 91' lang='lat' dir='ltr'><strong>sub</strong></span> <span class='ocrx_word' id='word_1_758' title='bbox 1197 4702 1388 4757; x_wconf 86' lang='lat' dir='ltr'><strong>eodem</strong></span> <span class='ocrx_word' id='word_1_759' title='bbox 1417 4716 1614 4771; x_wconf 89' lang='lat' dir='ltr'><strong>genere</strong></span> <span class='ocrx_word' id='word_1_760' title='bbox 1660 4711 1818 4766; x_wconf 89' lang='lat' dir='ltr'><strong>sunt,</strong></span> <span class='ocrx_word' id='word_1_761' title='bbox 1851 4702 1990 4756; x_wconf 69' lang='lat' dir='ltr'><strong>divi»-</strong></span> 
     </span>
    </p>
   </div>
   <div class='ocr_carea' id='block_1_94' title="bbox 393 4794 1990 4865">
    <p class='ocr_par' dir='ltr' id='par_1_94' title="bbox 393 4794 1990 4865">
     <span class='ocr_line' id='line_1_94' title="bbox 393 4794 1990 4865; baseline -0.001 -15"><span class='ocrx_word' id='word_1_762' title='bbox 393 4796 527 4850; x_wconf 91' lang='lat' dir='ltr'><strong>dunt</strong></span> <span class='ocrx_word' id='word_1_763' title='bbox 570 4807 733 4865; x_wconf 85' lang='lat' dir='ltr'><strong>atque</strong></span> <span class='ocrx_word' id='word_1_764' title='bbox 781 4796 1113 4851; x_wconf 90' lang='lat' dir='ltr'><strong>discernunt.</strong></span> <span class='ocrx_word' id='word_1_765' title='bbox 1147 4795 1283 4852; x_wconf 90' lang='lat' dir='ltr'><strong>Sunt</strong></span> <span class='ocrx_word' id='word_1_766' title='bbox 1311 4794 1471 4865; x_wconf 87' lang='lat' dir='ltr'><strong>igitur</strong></span> <span class='ocrx_word' id='word_1_767' title='bbox 1519 4795 1625 4849; x_wconf 71' lang='lat' dir='ltr'><strong>illm</strong></span> <span class='ocrx_word' id='word_1_768' title='bbox 1670 4794 1990 4850; x_wconf 73' lang='lat' dir='ltr'><strong>differentia:</strong></span> 
     </span>
    </p>
   </div>
   <div class='ocr_carea' id='block_1_95' title="bbox 395 4881 1993 4957">
    <p class='ocr_par' dir='ltr' id='par_1_95' title="bbox 395 4881 1993 4957">
     <span class='ocr_line' id='line_1_95' title="bbox 395 4881 1993 4957; baseline -0.001 -15"><span class='ocrx_word' id='word_1_769' title='bbox 395 4903 514 4957; x_wconf 85' lang='lat' dir='ltr'><strong>quae</strong></span> <span class='ocrx_word' id='word_1_770' title='bbox 566 4895 789 4957; x_wconf 87' lang='lat' dir='ltr'><strong>possunt</strong></span> <span class='ocrx_word' id='word_1_771' title='bbox 834 4881 923 4942; x_wconf 67' lang='lat' dir='ltr'><strong>res</strong></span> <span class='ocrx_word' id='word_1_772' title='bbox 967 4889 1070 4944; x_wconf 87' lang='lat' dir='ltr'><strong>sub</strong></span> <span class='ocrx_word' id='word_1_773' title='bbox 1118 4886 1309 4943; x_wconf 88' lang='lat' dir='ltr'><strong>eodem</strong></span> <span class='ocrx_word' id='word_1_774' title='bbox 1338 4899 1539 4956; x_wconf 87' lang='lat' dir='ltr'><strong>genere</strong></span> <span class='ocrx_word' id='word_1_775' title='bbox 1586 4899 1859 4954; x_wconf 84' lang='lat' dir='ltr'><strong>separare.</strong></span> <span class='ocrx_word' id='word_1_776' title='bbox 1893 4885 1993 4940; x_wconf 85' lang='lat' dir='ltr'><strong>Est</strong></span> 
     </span>
    </p>
   </div>
   <div class='ocr_carea' id='block_1_96' title="bbox 396 4975 1991 5046">
    <p class='ocr_par' dir='ltr' id='par_1_96' title="bbox 396 4975 1991 5046">
     <span class='ocr_line' id='line_1_96' title="bbox 396 4975 1991 5046; baseline 0.001 -16"><span class='ocrx_word' id='word_1_777' title='bbox 396 4988 571 5035; x_wconf 85' lang='lat' dir='ltr'><strong>autem</strong></span> <span class='ocrx_word' id='word_1_778' title='bbox 604 4978 705 5035; x_wconf 86' lang='lat' dir='ltr'><strong>alia</strong></span> <span class='ocrx_word' id='word_1_779' title='bbox 723 4977 997 5033; x_wconf 86' lang='lat' dir='ltr'><strong>deﬁnitio:</strong></span> <span class='ocrx_word' id='word_1_780' title='bbox 1021 4976 1350 5033; x_wconf 72' lang='lat' dir='ltr'><strong>Diﬁ’erentize</strong></span> <span class='ocrx_word' id='word_1_781' title='bbox 1378 4976 1712 5045; x_wconf 88' lang='lat' dir='ltr'><strong>suutquibus</strong></span> <span class='ocrx_word' id='word_1_782' title='bbox 1743 4975 1991 5046; x_wconf 87' lang='lat' dir='ltr'><strong>quodque</strong></span> 
     </span>
    </p>
   </div>
   <div class='ocr_carea' id='block_1_97' title="bbox 399 5071 2045 5153">
    <p class='ocr_par' dir='ltr' id='par_1_97' title="bbox 399 5071 2045 5153">
     <span class='ocr_line' id='line_1_97' title="bbox 399 5071 2045 5153; baseline -0.001 -27"><span class='ocrx_word' id='word_1_783' title='bbox 399 5073 464 5127; x_wconf 86' lang='lat' dir='ltr'><strong>ab</strong></span> <span class='ocrx_word' id='word_1_784' title='bbox 491 5073 599 5129; x_wconf 90' lang='lat' dir='ltr'><strong>alio</strong></span> <span class='ocrx_word' id='word_1_785' title='bbox 620 5072 965 5153; x_wconf 78' lang='lat' dir='ltr'><strong>distat.Nam</strong></span> <span class='ocrx_word' id='word_1_786' title='bbox 993 5073 1154 5127; x_wconf 91' lang='lat' dir='ltr'><strong>homo</strong></span> <span class='ocrx_word' id='word_1_787' title='bbox 1181 5080 1343 5142; x_wconf 89' lang='lat' dir='ltr'><strong>atque</strong></span> <span class='ocrx_word' id='word_1_788' title='bbox 1363 5084 1535 5138; x_wconf 88' lang='lat' dir='ltr'><strong>equus</strong></span> <span class='ocrx_word' id='word_1_789' title='bbox 1557 5071 1805 5128; x_wconf 87' lang='lat' dir='ltr'><strong>rationali</strong></span> <span class='ocrx_word' id='word_1_790' title='bbox 1827 5079 1992 5139; x_wconf 89' lang='lat' dir='ltr'><strong>atque</strong></span> <span class='ocrx_word' id='word_1_791' title='bbox 2040 5138 2045 5141; x_wconf 22' lang='grc' dir='ltr'><strong>η</strong></span> 
     </span>
    </p>
   </div>
   <div class='ocr_carea' id='block_1_98' title="bbox 400 5163 2065 5235">
    <p class='ocr_par' dir='ltr' id='par_1_98' title="bbox 400 5163 2065 5235">
     <span class='ocr_line' id='line_1_98' title="bbox 400 5163 2065 5235; baseline 0.001 -16"><span class='ocrx_word' id='word_1_792' title='bbox 400 5165 698 5219; x_wconf 89' lang='lat' dir='ltr'><strong>irrationali</strong></span> <span class='ocrx_word' id='word_1_793' title='bbox 750 5164 1056 5221; x_wconf 82' lang='lat' dir='ltr'><strong>differentia</strong></span> <span class='ocrx_word' id='word_1_794' title='bbox 1103 5166 1449 5235; x_wconf 86' lang='lat' dir='ltr'><strong>discrepant,</strong></span> <span class='ocrx_word' id='word_1_795' title='bbox 1493 5178 1616 5219; x_wconf 89' lang='lat' dir='ltr'><strong>cum</strong></span> <span class='ocrx_word' id='word_1_796' title='bbox 1669 5180 1831 5219; x_wconf 91' lang='lat' dir='ltr'><strong>unum</strong></span> <span class='ocrx_word' id='word_1_797' title='bbox 1883 5163 1993 5221; x_wconf 82' lang='lat' dir='ltr'><strong>sint</strong></span> <span class='ocrx_word' id='word_1_798' title='bbox 2046 5192 2065 5221; x_wconf 78' lang='grc'><strong>-;</strong></span> 
     </span>
    </p>
   </div>
   <div class='ocr_carea' id='block_1_99' title="bbox 349 5243 1666 5329">
    <p class='ocr_par' dir='ltr' id='par_1_99' title="bbox 349 5243 1666 5329">
     <span class='ocr_line' id='line_1_99' title="bbox 349 5243 1666 5329; baseline 0.001 -19"><span class='ocrx_word' id='word_1_799' title='bbox 349 5243 366 5263; x_wconf 69' lang='grc'><strong>⁸</strong></span> <span class='ocrx_word' id='word_1_800' title='bbox 399 5269 657 5327; x_wconf 89' lang='lat' dir='ltr'><strong>quantum</strong></span> <span class='ocrx_word' id='word_1_801' title='bbox 688 5258 753 5312; x_wconf 89' lang='lat' dir='ltr'><strong>ad</strong></span> <span class='ocrx_word' id='word_1_802' title='bbox 785 5274 975 5329; x_wconf 88' lang='lat' dir='ltr'><strong>genus,</strong></span> <span class='ocrx_word' id='word_1_803' title='bbox 1001 5266 1057 5315; x_wconf 90' lang='lat' dir='ltr'><strong>et</strong></span> <span class='ocrx_word' id='word_1_804' title='bbox 1087 5259 1190 5315; x_wconf 91' lang='lat' dir='ltr'><strong>hoc</strong></span> <span class='ocrx_word' id='word_1_805' title='bbox 1220 5270 1303 5314; x_wconf 90' lang='lat' dir='ltr'><strong>est</strong></span> <span class='ocrx_word' id='word_1_806' title='bbox 1331 5258 1471 5329; x_wconf 91' lang='lat' dir='ltr'><strong>quod</strong></span> <span class='ocrx_word' id='word_1_807' title='bbox 1500 5258 1666 5313; x_wconf 88' lang='lat' dir='ltr'><strong>dicit:</strong></span> 
     </span>
    </p>
   </div>
   <div class='ocr_carea' id='block_1_100' title="bbox 473 5346 1991 5421">
    <p class='ocr_par' dir='ltr' id='par_1_100' title="bbox 473 5346 1991 5421">
     <span class='ocr_line' id='line_1_100' title="bbox 473 5346 1991 5421; baseline -0.001 -19"><span class='ocrx_word' id='word_1_808' title='bbox 473 5346 777 5416; x_wconf 66' lang='lat' dir='ltr'><strong>Dilierentia</strong></span> <span class='ocrx_word' id='word_1_809' title='bbox 804 5359 879 5404; x_wconf 83' lang='lat' dir='ltr'><strong>est</strong></span> <span class='ocrx_word' id='word_1_810' title='bbox 912 5365 1015 5421; x_wconf 80' lang='lat' dir='ltr'><strong>qua</strong></span> <span class='ocrx_word' id='word_1_811' title='bbox 1061 5349 1307 5417; x_wconf 79' lang='lat' dir='ltr'><strong>diﬂ&#39;erunt</strong></span> <span class='ocrx_word' id='word_1_812' title='bbox 1356 5350 1561 5421; x_wconf 83' lang='lat' dir='ltr'><strong>singula</strong></span> <span class='ocrx_word' id='word_1_813' title='bbox 1581 5389 1595 5413; x_wconf 96' lang='lat'><strong>,</strong></span> <span class='ocrx_word' id='word_1_814' title='bbox 1624 5348 1748 5418; x_wconf 84' lang='lat' dir='ltr'><strong>quia</strong></span> <span class='ocrx_word' id='word_1_815' title='bbox 1792 5362 1885 5418; x_wconf 84' lang='lat' dir='ltr'><strong>per</strong></span> <span class='ocrx_word' id='word_1_816' title='bbox 1909 5362 1991 5401; x_wconf 64' lang='grc' dir='ltr'><strong>κο</strong></span> 
     </span>
    </p>
   </div>
   <div class='ocr_carea' id='block_1_101' title="bbox 399 5440 1993 5515">
    <p class='ocr_par' dir='ltr' id='par_1_101' title="bbox 399 5440 1993 5515">
     <span class='ocr_line' id='line_1_101' title="bbox 399 5440 1993 5515; baseline -0.001 -21"><span class='ocrx_word' id='word_1_817' title='bbox 399 5458 748 5515; x_wconf 68' lang='lat' dir='ltr'><strong>ipsumgenus</strong></span> <span class='ocrx_word' id='word_1_818' title='bbox 785 5454 882 5512; x_wconf 79' lang='lat' dir='ltr'><strong>est,</strong></span> <span class='ocrx_word' id='word_1_819' title='bbox 914 5453 964 5498; x_wconf 84' lang='lat' dir='ltr'><strong>et</strong></span> <span class='ocrx_word' id='word_1_820' title='bbox 990 5442 1086 5497; x_wconf 83' lang='lat' dir='ltr'><strong>illa</strong></span> <span class='ocrx_word' id='word_1_821' title='bbox 1111 5459 1225 5514; x_wconf 70' lang='lat' dir='ltr'><strong>qua:</strong></span> <span class='ocrx_word' id='word_1_822' title='bbox 1254 5441 1534 5496; x_wconf 80' lang='lat' dir='ltr'><strong>rationalia</strong></span> <span class='ocrx_word' id='word_1_823' title='bbox 1560 5451 1700 5507; x_wconf 81' lang='lat' dir='ltr'><strong>sunt,</strong></span> <span class='ocrx_word' id='word_1_824' title='bbox 1725 5457 1818 5495; x_wconf 83' lang='lat' dir='ltr'><strong>nos</strong></span> <span class='ocrx_word' id='word_1_825' title='bbox 1850 5440 1993 5494; x_wconf 69' lang='lat' dir='ltr'><strong>acilio</strong></span> 
     </span>
    </p>
   </div>
   <div class='ocr_carea' id='block_1_102' title="bbox 403 5531 1997 5609">
    <p class='ocr_par' dir='ltr' id='par_1_102' title="bbox 403 5531 1997 5609">
     <span class='ocr_line' id='line_1_102' title="bbox 403 5531 1997 5609; baseline -0.002 -20"><span class='ocrx_word' id='word_1_826' title='bbox 403 5544 500 5601; x_wconf 82' lang='lat' dir='ltr'><strong>cel,</strong></span> <span class='ocrx_word' id='word_1_827' title='bbox 531 5545 578 5590; x_wconf 90' lang='lat' dir='ltr'><strong>et</strong></span> <span class='ocrx_word' id='word_1_828' title='bbox 609 5536 703 5591; x_wconf 82' lang='lat' dir='ltr'><strong>illa</strong></span> <span class='ocrx_word' id='word_1_829' title='bbox 741 5552 857 5609; x_wconf 65' lang='lat' dir='ltr'><strong>quin</strong></span> <span class='ocrx_word' id='word_1_830' title='bbox 879 5536 1207 5590; x_wconf 79' lang='lat' dir='ltr'><strong>irrationalia</strong></span> <span class='ocrx_word' id='word_1_831' title='bbox 1246 5541 1384 5589; x_wconf 75' lang='lat' dir='ltr'><strong>sunt.</strong></span> <span class='ocrx_word' id='word_1_832' title='bbox 1418 5532 1658 5602; x_wconf 86' lang='lat' dir='ltr'><strong>Namque</strong></span> <span class='ocrx_word' id='word_1_833' title='bbox 1688 5544 1737 5587; x_wconf 81' lang='lat' dir='ltr'><strong>et</strong></span> <span class='ocrx_word' id='word_1_834' title='bbox 1766 5531 1918 5585; x_wconf 89' lang='lat' dir='ltr'><strong>homo</strong></span> <span class='ocrx_word' id='word_1_835' title='bbox 1948 5539 1997 5586; x_wconf 79' lang='lat' dir='ltr'><strong>et</strong></span> 
     </span>
    </p>
   </div>
   <div class='ocr_carea' id='block_1_103' title="bbox 402 5611 1993 5699">
    <p class='ocr_par' dir='ltr' id='par_1_103' title="bbox 402 5611 1993 5699">
     <span class='ocr_line' id='line_1_103' title="bbox 402 5611 1993 5699; baseline -0.003 -16"><span class='ocrx_word' id='word_1_836' title='bbox 402 5645 561 5699; x_wconf 77' lang='lat' dir='ltr'><strong>equus</strong></span> <span class='ocrx_word' id='word_1_837' title='bbox 579 5640 626 5684; x_wconf 85' lang='lat' dir='ltr'><strong>et</strong></span> <span class='ocrx_word' id='word_1_838' title='bbox 642 5631 749 5685; x_wconf 76' lang='lat' dir='ltr'><strong>avis</strong></span> <span class='ocrx_word' id='word_1_839' title='bbox 772 5631 878 5684; x_wconf 72' lang='lat' dir='ltr'><strong>hwc</strong></span> <span class='ocrx_word' id='word_1_840' title='bbox 901 5611 1079 5684; x_wconf 68' lang='lat' dir='ltr'><strong>omnia~</strong></span> <span class='ocrx_word' id='word_1_841' title='bbox 1094 5642 1255 5699; x_wconf 78' lang='lat' dir='ltr'><strong>genus</strong></span> <span class='ocrx_word' id='word_1_842' title='bbox 1277 5643 1435 5681; x_wconf 82' lang='lat' dir='ltr'><strong>unum</strong></span> <span class='ocrx_word' id='word_1_843' title='bbox 1455 5635 1593 5693; x_wconf 75' lang='lat' dir='ltr'><strong>sunt,</strong></span> <span class='ocrx_word' id='word_1_844' title='bbox 1611 5627 1663 5679; x_wconf 83' lang='lat' dir='ltr'><strong>id</strong></span> <span class='ocrx_word' id='word_1_845' title='bbox 1684 5635 1759 5680; x_wconf 77' lang='lat' dir='ltr'><strong>est</strong></span> <span class='ocrx_word' id='word_1_846' title='bbox 1775 5624 1993 5679; x_wconf 77' lang='lat' dir='ltr'><strong>animal.</strong></span> 
     </span>
    </p>
   </div>
   <div class='ocr_carea' id='block_1_104' title="bbox 406 5718 1612 5793">
    <p class='ocr_par' dir='ltr' id='par_1_104' title="bbox 406 5718 1612 5793">
     <span class='ocr_line' id='line_1_104' title="bbox 406 5718 1612 5793; baseline -0.004 -17"><span class='ocrx_word' id='word_1_847' title='bbox 406 5720 648 5793; x_wconf 85' lang='lat' dir='ltr'><strong>Namque</strong></span> <span class='ocrx_word' id='word_1_848' title='bbox 670 5723 867 5777; x_wconf 81' lang='lat' dir='ltr'><strong>animal</strong></span> <span class='ocrx_word' id='word_1_849' title='bbox 895 5718 1077 5776; x_wconf 74' lang='lat' dir='ltr'><strong>horum</strong></span> <span class='ocrx_word' id='word_1_850' title='bbox 1102 5720 1327 5789; x_wconf 67' lang='lat' dir='ltr'><strong>omnium</strong></span> <span class='ocrx_word' id='word_1_851' title='bbox 1355 5734 1512 5789; x_wconf 79' lang='lat' dir='ltr'><strong>genus</strong></span> <span class='ocrx_word' id='word_1_852' title='bbox 1538 5728 1612 5772; x_wconf 83' lang='lat' dir='ltr'><strong>est</strong></span> 
     </span>
    </p>
   </div>
   <div class='ocr_carea' id='block_1_105' title="bbox 474 5810 1995 5887">
    <p class='ocr_par' dir='ltr' id='par_1_105' title="bbox 474 5810 1995 5887">
     <span class='ocr_line' id='line_1_105' title="bbox 474 5810 1995 5887; baseline -0.006 -11"><span class='ocrx_word' id='word_1_853' title='bbox 474 5815 580 5877; x_wconf 80' lang='lat' dir='ltr'><strong>Sed</strong></span> <span class='ocrx_word' id='word_1_854' title='bbox 613 5818 659 5875; x_wconf 84' lang='lat' dir='ltr'><strong>si</strong></span> <span class='ocrx_word' id='word_1_855' title='bbox 688 5818 757 5875; x_wconf 83' lang='lat' dir='ltr'><strong>de</strong></span> <span class='ocrx_word' id='word_1_856' title='bbox 796 5816 897 5873; x_wconf 87' lang='lat' dir='ltr'><strong>hoc</strong></span> <span class='ocrx_word' id='word_1_857' title='bbox 933 5816 1053 5873; x_wconf 84' lang='lat' dir='ltr'><strong>loco</strong></span> <span class='ocrx_word' id='word_1_858' title='bbox 1077 5816 1129 5874; x_wconf 88' lang='lat' dir='ltr'><strong>in</strong></span> <span class='ocrx_word' id='word_1_859' title='bbox 1159 5828 1265 5887; x_wconf 87' lang='lat' dir='ltr'><strong>quo</strong></span> <span class='ocrx_word' id='word_1_860' title='bbox 1318 5810 1549 5884; x_wconf 82' lang='lat' dir='ltr'><strong>positum</strong></span> <span class='ocrx_word' id='word_1_861' title='bbox 1594 5820 1706 5881; x_wconf 87' lang='lat' dir='ltr'><strong>est,</strong></span> <span class='ocrx_word' id='word_1_862' title='bbox 1735 5810 1857 5883; x_wconf 86' lang='lat' dir='ltr'><strong>quia</strong></span> <span class='ocrx_word' id='word_1_863' title='bbox 1898 5823 1995 5881; x_wconf 83' lang='lat' dir='ltr'><strong>per</strong></span> 
     </span>
    </p>
   </div>
   <div class='ocr_carea' id='block_1_106' title="bbox 2097 4611 3688 4686">
    <p class='ocr_par' dir='ltr' id='par_1_106' title="bbox 2097 4611 3688 4686">
     <span class='ocr_line' id='line_1_106' title="bbox 2097 4611 3688 4686; baseline -0.005 -15"><span class='ocrx_word' id='word_1_864' title='bbox 2097 4632 2221 4686; x_wconf 89' lang='lat' dir='ltr'><strong>pars</strong></span> <span class='ocrx_word' id='word_1_865' title='bbox 2247 4616 2565 4671; x_wconf 70' lang='lat' dir='ltr'><strong>substantiae</strong></span> <span class='ocrx_word' id='word_1_866' title='bbox 2607 4614 2830 4684; x_wconf 89' lang='lat' dir='ltr'><strong>speciei.</strong></span> <span class='ocrx_word' id='word_1_867' title='bbox 2875 4613 2968 4667; x_wconf 89' lang='lat' dir='ltr'><strong>Illa</strong></span> <span class='ocrx_word' id='word_1_868' title='bbox 3010 4628 3139 4666; x_wconf 90' lang='lat' dir='ltr'><strong>vero</strong></span> <span class='ocrx_word' id='word_1_869' title='bbox 3177 4626 3296 4682; x_wconf 70' lang='lat' dir='ltr'><strong>quae</strong></span> <span class='ocrx_word' id='word_1_870' title='bbox 3323 4611 3390 4666; x_wconf 88' lang='lat' dir='ltr'><strong>ad</strong></span> <span class='ocrx_word' id='word_1_871' title='bbox 3436 4625 3556 4664; x_wconf 89' lang='lat' dir='ltr'><strong>esse</strong></span> <span class='ocrx_word' id='word_1_872' title='bbox 3584 4624 3688 4663; x_wconf 92' lang='lat' dir='ltr'><strong>non</strong></span> 
     </span>
    </p>
   </div>
   <div class='ocr_carea' id='block_1_107' title="bbox 2098 4700 3689 4776">
    <p class='ocr_par' dir='ltr' id='par_1_107' title="bbox 2098 4700 3689 4776">
     <span class='ocr_line' id='line_1_107' title="bbox 2098 4700 3689 4776; baseline -0.006 -14"><span class='ocrx_word' id='word_1_873' title='bbox 2098 4715 2323 4776; x_wconf 87' lang='lat' dir='ltr'><strong>prosunt</strong></span> <span class='ocrx_word' id='word_1_874' title='bbox 2356 4708 2408 4760; x_wconf 86' lang='lat' dir='ltr'><strong>in</strong></span> <span class='ocrx_word' id='word_1_875' title='bbox 2439 4707 2540 4759; x_wconf 88' lang='lat' dir='ltr'><strong>hoc</strong></span> <span class='ocrx_word' id='word_1_876' title='bbox 2566 4718 2767 4775; x_wconf 87' lang='lat' dir='ltr'><strong>genere</strong></span> <span class='ocrx_word' id='word_1_877' title='bbox 2810 4700 3263 4765; x_wconf 85' lang='lat' dir='ltr'><strong>differentiarum,</strong></span> <span class='ocrx_word' id='word_1_878' title='bbox 3295 4704 3542 4772; x_wconf 88' lang='lat' dir='ltr'><strong>quamvis</strong></span> <span class='ocrx_word' id='word_1_879' title='bbox 3582 4702 3689 4755; x_wconf 81' lang='lat' dir='ltr'><strong>sin-</strong></span> 
     </span>
    </p>
   </div>
   <div class='ocr_carea' id='block_1_108' title="bbox 2095 4793 3691 4867">
    <p class='ocr_par' dir='ltr' id='par_1_108' title="bbox 2095 4793 3691 4867">
     <span class='ocr_line' id='line_1_108' title="bbox 2095 4793 3691 4867; baseline -0.001 -16"><span class='ocrx_word' id='word_1_880' title='bbox 2095 4799 2236 4867; x_wconf 65' lang='lat' dir='ltr'><strong>gula:</strong></span> <span class='ocrx_word' id='word_1_881' title='bbox 2286 4798 2552 4867; x_wconf 84' lang='lat' dir='ltr'><strong>cujusque</strong></span> <span class='ocrx_word' id='word_1_882' title='bbox 2582 4799 2688 4852; x_wconf 86' lang='lat' dir='ltr'><strong>sint</strong></span> <span class='ocrx_word' id='word_1_883' title='bbox 2733 4811 2841 4852; x_wconf 91' lang='lat' dir='ltr'><strong>non</strong></span> <span class='ocrx_word' id='word_1_884' title='bbox 2871 4810 3157 4866; x_wconf 90' lang='lat' dir='ltr'><strong>ponamus.</strong></span> <span class='ocrx_word' id='word_1_885' title='bbox 3193 4795 3300 4851; x_wconf 89' lang='lat' dir='ltr'><strong>Sed</strong></span> <span class='ocrx_word' id='word_1_886' title='bbox 3331 4795 3581 4866; x_wconf 90' lang='lat' dir='ltr'><strong>quoniam</strong></span> <span class='ocrx_word' id='word_1_887' title='bbox 3624 4793 3691 4849; x_wconf 72' lang='lat' dir='ltr'><strong>de</strong></span> 
     </span>
    </p>
   </div>
   <div class='ocr_carea' id='block_1_109' title="bbox 2098 4884 3695 4959">
    <p class='ocr_par' dir='ltr' id='par_1_109' title="bbox 2098 4884 3695 4959">
     <span class='ocr_line' id='line_1_109' title="bbox 2098 4884 3695 4959; baseline 0.001 -15"><span class='ocrx_word' id='word_1_888' title='bbox 2098 4891 2401 4946; x_wconf 84' lang='lat' dir='ltr'><strong>differentia</strong></span> <span class='ocrx_word' id='word_1_889' title='bbox 2432 4892 2636 4945; x_wconf 88' lang='lat' dir='ltr'><strong>dictum</strong></span> <span class='ocrx_word' id='word_1_890' title='bbox 2668 4900 2775 4956; x_wconf 86' lang='lat' dir='ltr'><strong>est,</strong></span> <span class='ocrx_word' id='word_1_891' title='bbox 2803 4892 2872 4945; x_wconf 90' lang='lat' dir='ltr'><strong>de</strong></span> <span class='ocrx_word' id='word_1_892' title='bbox 2901 4889 3123 4958; x_wconf 89' lang='lat' dir='ltr'><strong>proprio</strong></span> <span class='ocrx_word' id='word_1_893' title='bbox 3150 4890 3509 4959; x_wconf 82' lang='lat' dir='ltr'><strong>explicemus.</strong></span> <span class='ocrx_word' id='word_1_894' title='bbox 3542 4884 3695 4945; x_wconf 66' lang='lat' dir='ltr'><strong>Tunc</strong></span> 
     </span>
    </p>
   </div>
   <div class='ocr_carea' id='block_1_110' title="bbox 2102 4980 3185 5050">
    <p class='ocr_par' dir='ltr' id='par_1_110' title="bbox 2102 4980 3185 5050">
     <span class='ocr_line' id='line_1_110' title="bbox 2102 4980 3185 5050; baseline -0.001 -15"><span class='ocrx_word' id='word_1_895' title='bbox 2102 4981 2317 5045; x_wconf 80' lang='lat' dir='ltr'><strong>Fabius,</strong></span> <span class='ocrx_word' id='word_1_896' title='bbox 2352 4992 2408 5035; x_wconf 85' lang='lat' dir='ltr'><strong>ut</strong></span> <span class='ocrx_word' id='word_1_897' title='bbox 2428 4980 2685 5048; x_wconf 88' lang='lat' dir='ltr'><strong>arbitror,</strong></span> <span class='ocrx_word' id='word_1_898' title='bbox 2712 4994 3055 5050; x_wconf 89' lang='lat' dir='ltr'><strong>consequens</strong></span> <span class='ocrx_word' id='word_1_899' title='bbox 3084 4989 3185 5035; x_wconf 90' lang='lat' dir='ltr'><strong>est.</strong></span> 
     </span>
    </p>
   </div>
   <div class='ocr_carea' id='block_1_111' title="bbox 2674 5112 3120 5169">
    <p class='ocr_par' dir='ltr' id='par_1_111' title="bbox 2674 5112 3120 5169">
     <span class='ocr_line' id='line_1_111' title="bbox 2674 5112 3120 5169; baseline -0.009 0"><span class='ocrx_word' id='word_1_900' title='bbox 2674 5113 2762 5169; x_wconf 81' lang='lat' dir='ltr'><strong>DF.</strong></span> <span class='ocrx_word' id='word_1_901' title='bbox 2804 5112 3120 5169; x_wconf 81' lang='lat' dir='ltr'><strong>PROPRIO.</strong></span> 
     </span>
    </p>
   </div>
   <div class='ocr_carea' id='block_1_112' title="bbox 2174 5224 3694 5299">
    <p class='ocr_par' dir='ltr' id='par_1_112' title="bbox 2174 5224 3694 5299">
     <span class='ocr_line' id='line_1_112' title="bbox 2174 5224 3694 5299; baseline -0.003 -17"><span class='ocrx_word' id='word_1_902' title='bbox 2174 5228 2462 5297; x_wconf 81' lang='lat' dir='ltr'><strong>Pmprium</strong></span> <span class='ocrx_word' id='word_1_903' title='bbox 2509 5238 2733 5299; x_wconf 71' lang='lat' dir='ltr'><strong>quatuor</strong></span> <span class='ocrx_word' id='word_1_904' title='bbox 2779 5229 2969 5282; x_wconf 77' lang='lat' dir='ltr'><strong>dicitur</strong></span> <span class='ocrx_word' id='word_1_905' title='bbox 3006 5227 3193 5283; x_wconf 81' lang='lat' dir='ltr'><strong>modis.</strong></span> <span class='ocrx_word' id='word_1_906' title='bbox 3222 5224 3426 5280; x_wconf 76' lang='lat' dir='ltr'><strong>Dicitur</strong></span> <span class='ocrx_word' id='word_1_907' title='bbox 3471 5238 3694 5293; x_wconf 68' lang='lat' dir='ltr'><strong>namque</strong></span> 
     </span>
    </p>
   </div>
   <div class='ocr_carea' id='block_1_113' title="bbox 2102 5316 3693 5391">
    <p class='ocr_par' dir='ltr' id='par_1_113' title="bbox 2102 5316 3693 5391">
     <span class='ocr_line' id='line_1_113' title="bbox 2102 5316 3693 5391; baseline -0.003 -18"><span class='ocrx_word' id='word_1_908' title='bbox 2102 5320 2370 5391; x_wconf 81' lang='lat' dir='ltr'><strong>proprium</strong></span> <span class='ocrx_word' id='word_1_909' title='bbox 2416 5319 2559 5387; x_wconf 80' lang='lat' dir='ltr'><strong>quod</strong></span> <span class='ocrx_word' id='word_1_910' title='bbox 2588 5319 2678 5372; x_wconf 86' lang='lat' dir='ltr'><strong>uni</strong></span> <span class='ocrx_word' id='word_1_911' title='bbox 2722 5318 2909 5389; x_wconf 80' lang='lat' dir='ltr'><strong>speciei</strong></span> <span class='ocrx_word' id='word_1_912' title='bbox 2952 5317 3175 5381; x_wconf 79' lang='lat' dir='ltr'><strong>accidit,</strong></span> <span class='ocrx_word' id='word_1_913' title='bbox 3212 5316 3415 5371; x_wconf 73' lang='lat' dir='ltr'><strong>etiamsi</strong></span> <span class='ocrx_word' id='word_1_914' title='bbox 3439 5330 3542 5368; x_wconf 67' lang='lat' dir='ltr'><strong>non</strong></span> <span class='ocrx_word' id='word_1_915' title='bbox 3584 5329 3693 5368; x_wconf 78' lang='lat' dir='ltr'><strong>ont-</strong></span> 
     </span>
    </p>
   </div>
   <div class='ocr_carea' id='block_1_114' title="bbox 2104 5412 2271 5468">
    <p class='ocr_par' dir='ltr' id='par_1_114' title="bbox 2104 5412 2271 5468">
     <span class='ocr_line' id='line_1_114' title="bbox 2104 5412 2271 5468; baseline 0.018 -3"><span class='ocrx_word' id='word_1_916' title='bbox 2104 5412 2271 5468; x_wconf 76' lang='lat' dir='ltr'><strong>nibus.</strong></span> 
     </span>
    </p>
   </div>
   <div class='ocr_carea' id='block_1_115' title="bbox 2175 5519 3695 5596">
    <p class='ocr_par' dir='ltr' id='par_1_115' title="bbox 2175 5519 3695 5596">
     <span class='ocr_line' id='line_1_115' title="bbox 2175 5519 3695 5596; baseline -0.004 -15"><span class='ocrx_word' id='word_1_917' title='bbox 2175 5527 2242 5581; x_wconf 86' lang='lat' dir='ltr'><strong>Et</strong></span> <span class='ocrx_word' id='word_1_918' title='bbox 2268 5540 2371 5596; x_wconf 86' lang='lat' dir='ltr'><strong>ego</strong></span> <span class='ocrx_word' id='word_1_919' title='bbox 2401 5544 2415 5578; x_wconf 89' lang='lat'><strong>:</strong></span> <span class='ocrx_word' id='word_1_920' title='bbox 2454 5524 2696 5592; x_wconf 86' lang='lat' dir='ltr'><strong>Quatuor</strong></span> <span class='ocrx_word' id='word_1_921' title='bbox 2731 5538 2867 5594; x_wconf 85' lang='lat' dir='ltr'><strong>ergo</strong></span> <span class='ocrx_word' id='word_1_922' title='bbox 2894 5523 3071 5578; x_wconf 85' lang='lat' dir='ltr'><strong>modis</strong></span> <span class='ocrx_word' id='word_1_923' title='bbox 3096 5520 3315 5592; x_wconf 86' lang='lat' dir='ltr'><strong>propria</strong></span> <span class='ocrx_word' id='word_1_924' title='bbox 3342 5519 3695 5575; x_wconf 79' lang='lat' dir='ltr'><strong>dividuntur:</strong></span> 
     </span>
    </p>
   </div>
   <div class='ocr_carea' id='block_1_116' title="bbox 2104 5612 3694 5689">
    <p class='ocr_par' dir='ltr' id='par_1_116' title="bbox 2104 5612 3694 5689">
     <span class='ocr_line' id='line_1_116' title="bbox 2104 5612 3694 5689; baseline -0.005 -14"><span class='ocrx_word' id='word_1_925' title='bbox 2104 5632 2189 5675; x_wconf 85' lang='lat' dir='ltr'><strong>est.</strong></span> <span class='ocrx_word' id='word_1_926' title='bbox 2215 5621 2361 5675; x_wconf 86' lang='lat' dir='ltr'><strong>enim</strong></span> <span class='ocrx_word' id='word_1_927' title='bbox 2394 5618 2672 5689; x_wconf 87' lang='lat' dir='ltr'><strong>proprium</strong></span> <span class='ocrx_word' id='word_1_928' title='bbox 2722 5617 2870 5687; x_wconf 89' lang='lat' dir='ltr'><strong>quod</strong></span> <span class='ocrx_word' id='word_1_929' title='bbox 2900 5616 2989 5671; x_wconf 93' lang='lat' dir='ltr'><strong>uni</strong></span> <span class='ocrx_word' id='word_1_930' title='bbox 3020 5613 3247 5680; x_wconf 88' lang='lat' dir='ltr'><strong>accidit,</strong></span> <span class='ocrx_word' id='word_1_931' title='bbox 3276 5622 3333 5669; x_wconf 89' lang='lat' dir='ltr'><strong>et</strong></span> <span class='ocrx_word' id='word_1_932' title='bbox 3372 5612 3418 5667; x_wconf 89' lang='lat' dir='ltr'><strong>si</strong></span> <span class='ocrx_word' id='word_1_933' title='bbox 3448 5627 3555 5666; x_wconf 91' lang='lat' dir='ltr'><strong>non</strong></span> <span class='ocrx_word' id='word_1_934' title='bbox 3582 5627 3694 5667; x_wconf 76' lang='lat' dir='ltr'><strong>om-</strong></span> 
     </span>
    </p>
   </div>
   <div class='ocr_carea' id='block_1_117' title="bbox 2105 5703 3695 5777">
    <p class='ocr_par' dir='ltr' id='par_1_117' title="bbox 2105 5703 3695 5777">
     <span class='ocr_line' id='line_1_117' title="bbox 2105 5703 3695 5777; baseline -0.006 -11"><span class='ocrx_word' id='word_1_935' title='bbox 2105 5713 2283 5777; x_wconf 88' lang='lat' dir='ltr'><strong>nibus,</strong></span> <span class='ocrx_word' id='word_1_936' title='bbox 2318 5720 2378 5765; x_wconf 92' lang='lat' dir='ltr'><strong>ut</strong></span> <span class='ocrx_word' id='word_1_937' title='bbox 2403 5719 2485 5764; x_wconf 88' lang='lat' dir='ltr'><strong>est</strong></span> <span class='ocrx_word' id='word_1_938' title='bbox 2514 5709 2703 5763; x_wconf 89' lang='lat' dir='ltr'><strong>rhetor</strong></span> <span class='ocrx_word' id='word_1_939' title='bbox 2735 5709 2818 5762; x_wconf 84' lang='lat' dir='ltr'><strong>vel</strong></span> <span class='ocrx_word' id='word_1_940' title='bbox 2857 5717 3137 5775; x_wconf 88' lang='lat' dir='ltr'><strong>geometer</strong></span> <span class='ocrx_word' id='word_1_941' title='bbox 3169 5705 3252 5761; x_wconf 91' lang='lat' dir='ltr'><strong>vel</strong></span> <span class='ocrx_word' id='word_1_942' title='bbox 3294 5703 3695 5775; x_wconf 83' lang='lat' dir='ltr'><strong>grammaticus.</strong></span> 
     </span>
    </p>
   </div>
   <div class='ocr_carea' id='block_1_118' title="bbox 2108 5790 3701 5870">
    <p class='ocr_par' dir='ltr' id='par_1_118' title="bbox 2108 5790 3701 5870">
     <span class='ocr_line' id='line_1_118' title="bbox 2108 5790 3701 5870; baseline -0.008 -9"><span class='ocrx_word' id='word_1_943' title='bbox 2108 5804 2235 5862; x_wconf 81' lang='lat' dir='ltr'><strong>llaec</strong></span> <span class='ocrx_word' id='word_1_944' title='bbox 2264 5816 2395 5862; x_wconf 88' lang='lat' dir='ltr'><strong>vero</strong></span> <span class='ocrx_word' id='word_1_945' title='bbox 2423 5800 2606 5859; x_wconf 83' lang='lat' dir='ltr'><strong>omn&#39;a</strong></span> <span class='ocrx_word' id='word_1_946' title='bbox 2633 5800 2726 5855; x_wconf 90' lang='lat' dir='ltr'><strong>uni</strong></span> <span class='ocrx_word' id='word_1_947' title='bbox 2754 5798 2859 5857; x_wconf 86' lang='lat' dir='ltr'><strong>soli</strong></span> <span class='ocrx_word' id='word_1_948' title='bbox 2886 5796 3115 5870; x_wconf 81' lang='lat' dir='ltr'><strong>speciei,</strong></span> <span class='ocrx_word' id='word_1_949' title='bbox 3146 5797 3198 5856; x_wconf 84' lang='lat' dir='ltr'><strong>id</strong></span> <span class='ocrx_word' id='word_1_950' title='bbox 3227 5806 3311 5855; x_wconf 89' lang='lat' dir='ltr'><strong>est</strong></span> <span class='ocrx_word' id='word_1_951' title='bbox 3336 5790 3539 5851; x_wconf 84' lang='lat' dir='ltr'><strong>homini</strong></span> <span class='ocrx_word' id='word_1_952' title='bbox 3564 5792 3701 5849; x_wconf 57' lang='grc' dir='ltr'><strong>θοοῦ</strong></span> 
     </span>
    </p>
   </div>
  </div>
