4066 6328
479 324 549 382 55
1713 317 1820 375 AN.
1863 316 2071 374 MANL.
2110 314 2264 375 SEV.
2313 315 2531 374 BOETII
3688 314 3758 374 56

478 441 648 507 dunt,
692 453 798 494 non
840 446 1019 494 tamen
1045 435 1315 493 omnibus.
1346 432 1532 506 Neque
1558 434 1703 490 enim
1743 448 1932 489 omnes
1975 432 2071 488 ho-
2096 438 2145 498 Α
2178 440 2283 486 test
2300 427 2419 487 sine
2446 431 2562 501 ejus
2590 432 2643 486 in
2674 446 2779 503 quo
2801 440 2885 488 est
2910 428 3298 489 interitu.Nam
3330 443 3452 487 cum
3483 433 3758 504 insepara-

476 533 650 586 mines
696 532 781 587 vel
810 531 1177 603 grammatici,
1218 529 1307 585 vel
1354 528 1631 598 rhetores,
1665 529 1749 584 vel
1795 528 2059 600 geometri

474 633 619 690 sunt,
644 631 802 693 atque
824 622 946 679 ideo
963 622 1364 703 vocabitur.hoc
1387 622 1661 691 proprium
1685 619 1828 690 quod
1851 621 1942 675 uni
1966 620 2056 689 sit,

472 719 683 773 etiamsi
711 734 818 774 non
862 718 1129 773 omnibtts.
1173 717 1268 773 Est
1320 719 1443 771 item
1477 716 1581 771 alia
1611 715 1913 787 proprietas
1940 727 2060 786 quae

470 820 556 865 est
591 812 858 877 omnibus,
892 810 1101 866 etiamsi
1130 826 1241 865 non
1270 809 1392 865 soli.
1424 807 1557 864 Nam
1604 809 1755 879 bipes
1783 807 1930 864 omni
1960 807 2059 863 ho-

470 905 600 959 mini
628 904 840 960 accidit.
875 904 1063 961 Omnis
1113 904 1255 960 enim
1285 903 1447 958 homo
1485 902 1634 972 bipes
1662 910 1781 967 est;
1815 900 1911 956 sed
1950 915 2059 957 non

469 998 569 1051 soli
600 997 875 1053 hominum
905 995 1107 1067 speciei
1156 995 1373 1061 accidit,
1403 994 1499 1050 sed
1539 994 1701 1049 etiam
1732 992 1937 1049 avibus.
1990 992 2060 1047 Et

469 1090 597 1144 item
656 1090 873 1145 tertium
903 1089 1179 1159 proprium
1227 1086 1369 1158 quod
1399 1086 1547 1141 omni
1574 1094 1629 1141 et
1674 1086 1777 1141 soli
1800 1094 1855 1141 et
1879 1084 2058 1155 aliquo

464 1192 703 1252 tempore
731 1182 945 1250 accidit,
974 1191 1031 1237 ut
1055 1192 1138 1238 est
1167 1181 1220 1235 in
1253 1181 1533 1250 pubertate
1561 1179 1878 1249 pubescere,
1920 1186 1973 1259 et
2000 1176 2058 1233 in

466 1284 746 1330 senectute
776 1289 1084 1331 canescere.
1115 1273 1355 1343 Namque
1385 1280 1439 1327 et
1469 1271 1720 1326 omnibus
1750 1269 2058 1327 hominibus

459 1370 659 1436 evenit,
685 1379 739 1424 et
770 1368 904 1423 nulli
931 1354 1031 1423 alii
1047 1367 1246 1438 speciei
1273 1366 1380 1422 nisi
1417 1366 1519 1421 soli
1548 1364 1847 1432 hominum,
1880 1371 1937 1418 et
1958 1362 2097 1417 ali-1

458 1476 564 1529 quo
598 1471 872 1530 tempore:
903 1459 1253 1515 constitutum
1282 1458 1426 1513 enim
1461 1465 1673 1528 tempus
1692 1465 1775 1511 est
1805 1454 1890 1511 vel
1920 1454 2055 1510 ado-

453 1552 779 1607 lcscentibus
798 1550 1147 1630 pubescendi,
1165 1551 1249 1606 vel
1274 1548 1687 1606 senescentibus
1708 1547 2051 1603 canescendi.

453 1644 638 1714 Neque
666 1644 810 1701 enim
843 1660 872 1699 a
905 1654 1068 1702 sexto
1098 1659 1241 1700 anno
1270 1644 1353 1698 vel
1386 1642 1617 1713 septimo
1655 1642 1851 1712 aliquis
1880 1641 2053 1712 pube—

455 1736 578 1801 scit,
598 1747 688 1791 aut
709 1752 739 1791 a
765 1737 1023 1792 vicesimo
1050 1736 1309 1801 canescit,
1335 1733 1443 1790 nisi
1461 1734 1599 1789 forte
1623 1733 1821 1815 aliquid
1844 1730 2055 1788 accidat

2165 523 2291 579 bilia
2338 525 2468 590 sint,
2498 525 2697 581 auferri
2744 540 2851 581 non
2894 535 3140 597 possunt.
3170 525 3278 582 Sed
3311 525 3428 583 haec
3458 536 3564 581 tam
3594 527 3758 586 vehe-

2165 631 2321 673 mens
2350 618 2575 687 qutestio
2602 619 2830 674 solvitur
2873 620 2982 684 sic,
3017 619 3160 690 quod
3207 619 3322 676 hzec
3354 620 3470 689 ipsa
3510 620 3756 679 deﬁnitio

2164 712 2230 768 de
2253 713 2617 770 accidentibus
2656 714 2793 771 facta
2822 725 2905 771 est
2931 725 3218 785 potestate,
3248 730 3354 771 non
3405 724 3552 784 actu,
3584 726 3641 772 et
3669 718 3754 773 in-

2163 810 2485 879 telligentia,
2519 827 2624 867 nou
2654 812 2900 868 veritate.
2925 811 3040 868 Non
3066 812 3185 882 quia
3210 810 3461 883 IEthiops
3483 823 3535 868 et
3557 810 3754 871 corvus

2160 905 2397 959 colorem
2422 908 2693 973 amittant,
2727 907 2823 961 sed
2854 905 2971 962 sine
3003 907 3105 961 isto
3137 905 3319 962 colore
3346 904 3414 960 ad
3447 904 3753 976 intelligen-

2162 996 2288 1051 tiam
2318 1006 2557 1053 nostram
2610 1010 2831 1069 possunt
2886 1000 3206 1055 subsistere.
3255 998 3387 1054 Nam
3439 1013 3622 1055 verum
3667 1006 3754 1054 est

2160 1090 2415 1159 quoniam
2441 1090 2752 1159 Ailtltiopem
2782 1103 2873 1147 aut
2894 1108 3117 1148 corvum
3140 1092 3291 1147 color
3311 1091 3461 1162 niger
3477 1105 3752 1162 nunquam

2160 1183 2382 1240 deserit.
2418 1184 2524 1242 Sed
2552 1187 2597 1240 si
2624 1187 2743 1257 quis
2776 1186 3041 1256 intelligat
3066 1186 3308 1242 colorem
3338 1186 3499 1241 istum
3532 1184 3749 1241 Ethio-

2161 1292 2283 1347 pem
2313 1278 2399 1334 vel
2430 1293 2650 1334 corvum
2692 1295 2853 1351 posse
2884 1281 3166 1347 amittere,
3198 1280 3503 1351 plumarum
3545 1288 3749 1335 tantum

2160 1371 2317 1426 color
2347 1371 2402 1426 in
2431 1386 2594 1428 corvo
2636 1374 2952 1441 mutabitur,
2982 1383 3037 1429 et
3077 1375 3181 1429 erit
3209 1376 3324 1429 avis
3346 1375 3465 1429 alba
3490 1373 3667 1444 specie
3696 1382 3752 1429 et

2159 1460 2333 1516 forma
2359 1461 2532 1530 corvi,
2559 1464 2605 1518 si
2637 1465 2756 1535 quis
2787 1464 2891 1520 hoc
2921 1465 3207 1535 intelligat.
3239 1468 3309 1520 At
3333 1480 3464 1522 vero
3492 1465 3749 1532 hominis,

2157 1553 2211 1609 id
2237 1564 2321 1609 est
2349 1553 2642 1626 IEthiOpis,
2661 1557 2860 1613 amisso
2877 1556 3031 1628 nigro
3052 1557 3257 1626 colore,
3274 1558 3377 1614 erit
3398 1560 3515 1627 ejus
3533 1559 3750 1627 species

2157 1646 2424 1712 candida.
2465 1649 2605 1703 sicut
2636 1651 2799 1704 etiam
2854 1650 3082 1706 aliorum
3129 1651 3430 1706 hominum.
3478 1652 3617 1722 Ergo
3647 1650 3751 1706 hoc

2159 1752 2264 1793 non
2315 1739 2438 1795 ideo
2464 1741 2591 1810 quia
2640 1742 2733 1795 ﬁat
2763 1742 2991 1813 dicitur,
3022 1743 3118 1799 sed
3164 1743 3285 1799 ideo
3323 1743 3446 1814 quia
3493 1744 3538 1800 si
3568 1751 3750 1814 posset

453 1828 600 1883 novi.
628 1828 888 1897 Quartum
922 1828 1197 1899 proprium
1231 1837 1336 1897 est,
1367 1825 1513 1897 quod
1541 1826 1635 1881 uni
1667 1824 1868 1895 speciei
1909 1823 2041 1879 acci-

2160 1833 2304 1905 ﬁeri,
2339 1834 2501 1905 hujus
2530 1836 2830 1892 accidentis
2859 1830 3163 1908 susceptrix
3192 1838 3491 1895 substantia
3522 1854 3627 1896 non
3658 1852 3749 1910 pe-

452 1919 550 1987 dit,
572 1926 628 1976 e:
655 1920 902 1985 omnibus
925 1922 1027 1976 sub
1052 1921 1242 1977 eadem
1265 1920 1447 1989 specie
1479 1917 1790 1983 individuis,
1820 1925 1874 1972 et
1899 1919 2047 1972 omni

452 2022 718 2080 tempore.
746 2012 878 2067 Nam
903 2013 1163 2070 risibilem
1182 2028 1305 2069 esse
1328 2012 1620 2077 hominem,
1652 2019 1706 2068 et
1729 2012 1817 2066 uni
1844 2010 2047 2081 speciei

449 2103 647 2169 solum,
696 2104 747 2158 id
778 2111 862 2159 est
888 2103 1095 2158 homini
1141 2103 1441 2173 contingit,
1470 2112 1524 2157 et
1553 2102 1801 2157 omnibus
1825 2102 1923 2157 sub
1948 2116 2044 2157 ea-

449 2194 569 2247 dem
603 2193 784 2264 specic
813 2193 1103 2250 individuis
1129 2213 1141 2249 :
1175 2210 1365 2251 omnes
1394 2194 1537 2249 enim
1567 2195 1763 2265 singuli
1796 2195 2045 2250 homines

448 2286 649 2356 rident,
668 2299 722 2346 et
742 2287 890 2344 omni
914 2297 1176 2360 tempore.
1207 2290 1489 2361 Nunquam
1515 2290 1658 2346 enim
1682 2297 1893 2357 tempus
1921 2285 2039 2357 fuit,

446 2396 504 2439 ut
534 2387 839 2459 quicunque
890 2390 1070 2445 ridere
1114 2404 1220 2445 non
1268 2389 1468 2461 possit.
1517 2388 1623 2445 Sed
1672 2387 1877 2443 risibile
1921 2386 2044 2443 dico

446 2487 739 2549 potestate,
774 2495 882 2537 non
920 2491 1063 2536 actu.
1094 2479 1337 2551 Namque
1364 2481 1467 2537 etsi
1499 2496 1604 2536 non
1632 2479 1807 2535 rideat
1837 2481 1998 2535 homo
2022 2524 2039 2550 ,

447 2578 632 2627 tamen
659 2572 782 2642 quia
803 2572 981 2629 ridere
1003 2582 1202 2644 potest,
1234 2573 1455 2629 risibilis
1484 2573 1803 2644 appellatur.
1826 2573 1891 2627 Et
1916 2580 2044 2628 sunt

443 2661 657 2733 integre
679 2674 733 2719 et
761 2678 889 2721 vere
918 2666 1133 2734 propria
1164 2664 1265 2721 ista
1299 2681 1419 2735 qua:
1446 2676 1501 2720 et
1528 2667 1642 2733 uni,
1672 2673 1727 2720 et
1765 2663 2039 2732 omnibus,

445 2763 502 2809 et
527 2754 678 2811 omni
711 2765 952 2826 tempore
982 2756 1186 2812 insunt.
1212 2755 1456 2826 Namque
1487 2756 1602 2812 haec
1624 2757 1906 2826 Speciebus
1928 2757 2042 2811 suis

440 2848 683 2903 converti
709 2858 953 2917 possunt.
982 2849 1039 2905 Si
1069 2848 1211 2904 enim
1240 2848 1423 2903 dicas:
1457 2847 1594 2915 Quid
1610 2857 1692 2903 est
1723 2849 1917 2903 homo?
1949 2848 2043 2902 lti-

439 2939 619 2998 sibile’.
651 2942 709 2999 Si
738 2943 871 3013 quid
896 2952 982 2998 est
1012 2943 1219 2999 risibile
1258 2943 1564 3013 interroges
1587 2983 1602 3008 ,
1649 2941 1813 2996 homo
1843 2940 2042 3012 prazdi-

440 3033 613 3090 cabis.
646 3033 739 3088 Illa
769 3050 897 3090 vero
940 3034 1046 3089 alia
1076 3035 1247 3104 bipes,
1293 3036 1380 3090 vel
1408 3034 1792 3105 grammaticus
1822 3032 2041 3103 propria

439 3124 656 3194 quidem
686 3135 834 3193 sunt,
866 3124 963 3181 sed
982 3127 1230 3182 converti
1261 3142 1369 3180 nmt
1415 3134 1661 3195 possunt.
1694 3124 1826 3178 Nam
1857 3138 2040 3195 gram-

2154 1929 2305 1985 n'ret.
2329 1928 2483 1997 Quod
2515 1929 2635 2000 ipse
2665 1929 2767 1985 hoc
2797 1930 2958 1986 modo
2983 1931 3323 1988 demonstrat
3350 1949 3367 1988 :

2227 2022 2405 2078 Potest
2429 2032 2603 2078 autem
2617 2023 2934 2096 subintelligi
2949 2035 2996 2081 et
3012 2042 3193 2081 corvus
3209 2026 3379 2092 albus,
3404 2034 3452 2082 et
3475 2024 3742 2096 Ethiops,

2151 2125 2208 2169 ut
2230 2131 2432 2184 corvus,
2467 2117 2654 2171 amisso
2680 2117 2882 2188 colore,
2916 2119 2973 2172 in
3002 2120 3229 2190 propriae
3249 2118 3550 2175 substantiw
3562 2128 3748 2175 natura

2152 2221 2471 2278 permaneat,
2499 2213 2719 2265 colorem
2746 2228 2899 2267 suum
2936 2214 3231 2283 perditurus
3269 2216 3380 2269 sine
3418 2216 3627 2270 interitu
3652 2231 3746 2270 suo

2148 2303 2204 2356 in
2230 2319 2333 2375 quo
2361 2304 2505 2358 color
2527 2304 2648 2375 fuit.

2222 2395 2363 2451 Nihil
2412 2396 2553 2452 enim
2603 2397 2670 2454 ad
2701 2398 2939 2469 speciem
2970 2398 3229 2471 impedit,
3280 2398 3327 2455 si
3368 2397 3615 2469 Ethiops
3653 2396 3741 2453 vel

2150 2504 2369 2560 corvus,
2399 2493 2600 2548 amisSo
2625 2494 2828 2561 colore,
2865 2494 2919 2549 in
2956 2495 3192 2565 propriae
3209 2494 3519 2549 substantia:
3551 2502 3739 2548 natura

2150 2590 2487 2653 permaneat.
2518 2584 2615 2641 Est
2640 2594 2819 2642 autem
2848 2585 2953 2642 alia
2995 2585 3258 2655 deﬁnitio,
3289 2601 3409 2658 qua:
3440 2594 3523 2644 est
3550 2584 3740 2656 hujus-

2152 2676 2296 2730 modi
2323 2693 2335 2728 :

2221 2769 2471 2825 Accidens
2512 2777 2588 2826 est
2616 2774 2757 2843 quod
2784 2773 3029 2845 contingit
3058 2772 3248 2838 alicui,
3286 2782 3334 2826 et
3373 2772 3539 2826 inesse
3571 2777 3619 2825 et
3643 2786 3743 2825 non

2148 2878 2315 2918 2118888
2324 2905 2335 2916 .

2158 2950 2161 2955 ’
2220 2953 2354 3009 Nam
2378 2956 2520 3022 quod
2547 2956 2600 3010 in
2632 2958 2990 3012 substantiam
3014 2971 3119 3011 non
3143 2954 3390 3022 vertitur,
3414 2952 3467 3009 id
3491 2954 3742 3011 accidens

2148 3060 2271 3102 esse
2302 3047 2560 3115 dicimus,
2591 3048 2645 3102 id
2684 3056 2767 3103 est
2798 3063 2907 3103 non
2955 3048 3009 3102 in
3037 3047 3337 3103 substantia
3369 3047 3613 3117 insitum,
3645 3051 3742 3106 sed

2148 3138 2484 3199 extrinsecus
2510 3138 2756 3195 veniens.
2783 3138 2923 3210 Erga
2959 3154 3021 3195 ea
3051 3154 3171 3209 quae
3194 3139 3514 3213 contingunt
3540 3149 3597 3196 et
3621 3157 3742 3199 esse

440 3215 668 3272 maticus
688 3208 909 3290 rsemper
932 3218 1113 3286 homo,
1145 3220 1306 3273 homo
1334 3231 1465 3273 vero
1490 3232 1597 3273 non
1624 3231 1841 3297 semper
1856 3230 2037 3285 gram-

2148 3238 2329 3285 etnon
2354 3246 2499 3297 esse,
2533 3230 2654 3286 ideo
2681 3208 2980 3287 accidentia
3006 3208 3195 3288 vocata
3216 3208 3654 3304 suntfquoniam
3686 3237 3740 3291 in

438 3306 690 3363 maticus.
724 3306 795 3363 Et
820 3308 1128 3365 econtrario
1154 3308 1318 3364 homo
1352 3324 1570 3380 semper
1595 3309 1751 3379 bipes
1781 3317 1884 3376 est,
1925 3323 2034 3364 non

440 3412 658 3457 econtra
688 3402 839 3472 bipes
863 3416 1077 3473 semper
1095 3404 1256 3459 homo
1273 3414 1376 3460 est.
1400 3404 1472 3460 Et
1491 3403 1758 3460 hinnibile
1781 3405 2032 3461 similiter

439 3493 606 3563 magis
629 3496 901 3565 proprium
927 3495 1051 3567 equi
1078 3504 1181 3553 est.
1209 3495 1343 3552 Nam
1366 3497 1559 3553 eodem
1585 3497 1745 3552 modo
1771 3498 1888 3552 haec
1910 3512 2035 3568 pro-

436 3587 638 3655 prietas
667 3589 735 3643 ad
782 3605 935 3645 suam
980 3590 1217 3660 speciem
1268 3590 1515 3647 converti
1567 3600 1743 3661 potest
1778 3610 1791 3643 :
1832 3606 1956 3646 nam
1986 3591 2033 3646 si

436 3679 587 3734 dicas
619 3681 742 3751 quid
767 3692 851 3737 est
876 3697 1067 3754 equus,
1098 3683 1366 3741 hinnibile
1393 3684 1769 3756 respondebis.
1800 3683 1878 3752 Si,
1904 3685 2034 3756 quid

435 3783 520 3828 est
547 3775 808 3832 hinnibile
830 3820 845 3845 ,
878 3794 1049 3849 equus
1091 3781 1495 3849 przedicabitur.
1547 3781 1651 3837 Sed
1682 3783 1934 3853 quoniam
1964 3782 2034 3838 de

432 3867 667 3937 propriis
706 3868 908 3924 dictum
937 3878 1041 3938 est,
1072 3872 1140 3927 de
1167 3872 1538 3928 accidentibus
1567 3888 1797 3944 sequens
1830 3882 2031 3928 tracta-

434 3967 520 4015 tus
550 3961 830 4022 habeatur.
864 3962 999 4021 Tum
1032 3962 1226 4023 Fabius
1255 3985 1266 4020 :
1302 3966 1499 4022 Deﬁnit
1530 3966 1862 4038 Porphyrius
1889 3967 2033 4024 acci-

431 4053 567 4111 dens
604 4056 703 4112 sic.

971 4214 1059 4269 DE
1098 4212 1488 4271 ACCIDENTI.

503 4324 750 4381 Accidens
776 4336 848 4383 est
869 4330 1005 4399 quod
1026 4330 1249 4400 infertur
1272 4340 1317 4385 et
1340 4332 1576 4400 aufertur
1592 4331 1702 4386 sine
1717 4331 1829 4403 ejus
1851 4333 1903 4386 in
1926 4346 2029 4402 quo

429 4427 503 4471 est
536 4417 769 4472 interitu.

502 4540 613 4595 lloc
641 4551 822 4597 autem
854 4543 1034 4600 dicere
1056 4543 1289 4613 videtur,
1324 4545 1454 4601 illud
1478 4560 1598 4602 esse
1623 4546 1877 4602 accidens
1904 4547 2025 4601 sine

2147 3323 2463 3377 substantiae
2495 3324 2704 3378 ratione
2731 3338 2838 3378 non
2870 3323 3225 3394 accipiuntur.
3256 3323 3312 3380 Si
3341 3327 3486 3380 enim
3525 3326 3578 3381 iu
3607 3326 3737 3381 sub-

2145 3416 2359 3471 stantia-
2384 3416 2596 3473 ratione
2622 3425 2974 3487 ponerentur,
3006 3432 3279 3489 nunquam
3312 3421 3420 3475 iton
3452 3429 3655 3488 essent,
3684 3429 3739 3476 et

2146 3509 2193 3565 si
2224 3525 2331 3564 non
2362 3521 2564 3580 essent,
2591 3526 2866 3581 nunquam
2888 3525 3011 3568 esse
3038 3520 3280 3582 possent.
3303 3511 3435 3568 Nam
3461 3513 3734 3585 quoniam,

2144 3602 2298 3657 verbi
2329 3606 2525 3674 gratia,
2569 3603 2849 3659 rationalis
2896 3605 2949 3659 in
2999 3604 3300 3660 substantia
3346 3603 3579 3660 hominis
3620 3612 3733 3669 est,

2143 3712 2417 3767 nunquam
2448 3698 2611 3752 homo
2637 3711 2758 3753 esse
2801 3697 2999 3766 poterit
3039 3696 3440 3761 irrationabilis.
3472 3697 3724 3768 quoniam

2144 3790 2586 3846 irrationabilitas
2612 3791 2665 3845 in
2689 3790 2984 3844 substantia
3002 3789 3240 3844 hominis
3263 3805 3371 3846 non
3398 3800 3502 3845 est.
3530 3789 3607 3845 Es
3632 3788 3735 3845 hoc

2142 3896 2271 3950 ergo
2303 3881 2451 3935 venit
2479 3883 2642 3937 etiam
2674 3882 2777 3935 alia
2806 3882 3085 3938 definitio:

2213 3972 2463 4025 Accidens
2476 3988 2585 4027 esse
2608 3971 2766 4037 illud,
2788 3973 2925 4042 quod
2946 3988 3105 4043 neque
3125 3989 3287 4045 genus
3309 3973 3393 4044 sit,
3426 3990 3588 4047 neque
3614 3989 3732 4045 spc-

2141 4064 2266 4129 cies,
2297 4081 2461 4136 neque
2490 4063 2806 4132 diﬁerentia,
2834 4080 2994 4135 neque
3019 4065 3308 4135 proprium.

2210 4160 2343 4215 Nam
2370 4161 2621 4231 quoniam
2650 4175 2853 4231 genus,
2886 4161 3115 4229 species,
3160 4159 3499 4227 dill'ereutia,
3527 4169 3582 4217 et
3607 4175 3732 4232 pro-

2140 4255 2343 4324 prium,
2373 4254 2426 4307 in
2458 4254 2757 4308 substantia
2800 4260 2946 4317 sunt,
2976 4261 3031 4308 et
3060 4254 3428 4324 cujuscunque
3477 4253 3621 4308 illius
3654 4254 3731 4308 rei

2140 4349 2495 4404 substantiam
2531 4356 2853 4411 monstrant,
2899 4346 3101 4400 idcirco
3128 4345 3383 4415 quidquid
3414 4345 3604 4400 horum
3635 4346 3732 4401 ali-

2140 4442 2270 4513 quid
2298 4456 2402 4496 non
2433 4441 2612 4507 fuerit,
2638 4440 2688 4494 id
2715 4438 2965 4493 accidens
2991 4440 3183 4493 merito
3202 4438 3602 4509 przedicabitur.
3631 4440 3732 4494 Ex-

2139 4533 2341 4604 plicitis
2368 4535 2527 4603 igitur
2553 4544 2714 4602 atque
2753 4530 3016 4600 expeditis
3063 4530 3147 4584 his
3190 4546 3310 4600 quae
3340 4535 3640 4602 proposuit,
3678 4531 3731 4587 id

426 4646 529 4699 quo
557 4642 737 4701 potest
763 4645 1017 4690 constare
1037 4635 1173 4691 illud
1197 4607 1286 4693 cui
1313 4638 1543 4693 accidit:
1572 4649 1631 4694 ut
1649 4649 1777 4710 puta
1805 4640 1853 4694 si
1882 4637 2023 4694 forte
2050 4607 2108 4674 Ῑ)
2134 4636 2219 4684 est
2237 4642 2459 4699 genere,
2483 4626 2683 4696 specie,
2704 4625 2956 4694 ιπορτίὶε,
2982 4622 3321 4690 ἀίσθτεηῑίῖε,
3340 4625 3731 4681 accidenlibus-

424 4739 547 4778 casu
589 4724 768 4795 aliquo
812 4730 1063 4796 cuiquam
1117 4728 1285 4785 iacies
1326 4731 1643 4799 irrubuerit,
1692 4729 2024 4787 abscedente

424 4820 622 4874 rubore
653 4821 820 4875 illaesa
849 4822 1017 4878 facies
1040 4825 1406 4894 permanebit,
1439 4828 1578 4882 sicut
1600 4827 1886 4882 eveniente
1911 4841 2022 4882 non
2070 4898 2074 4903 ο

424 4911 555 4966 laesa
584 4921 685 4966 est.
723 4912 983 4969 Dividitur
1010 4930 1141 4986 ergo
1170 4917 1424 4974 accidens
1451 4920 1507 4975 in
1547 4920 1849 4990 separabile
1878 4930 1934 4976 et
1963 4920 2021 4976 in

421 5002 797 5071 inseparabile.
821 5004 1063 5076 Namque
1083 5010 1387 5077 separabile
1402 5011 1660 5067 accidens
1686 5022 1789 5079 est,
1813 5020 1873 5067 ut
1890 5020 2021 5081 puta

418 5092 466 5145 si
496 5092 616 5161 quis
667 5094 855 5150 sedeat
900 5098 985 5151 vel
1015 5098 1254 5155 ambulet
1283 5119 1296 5155 :
1332 5104 1694 5173 inseparabile
1733 5112 1853 5169 est,
1885 5112 1940 5159 ut
1969 5103 2022 5159 si

418 5185 568 5240 dicas
591 5202 806 5243 corvum
838 5190 1070 5262 nigrum,
1102 5207 1332 5263 cygnum
1355 5197 1565 5264 album,
1588 5206 1749 5267 atque
1779 5196 1897 5252 haec
1926 5212 2023 5251 ac-

417 5278 649 5334 cidentia
672 5283 910 5351 separari
930 5288 1042 5338 'non
1077 5296 1323 5355 possunt.
1343 5287 1597 5343 Nascitur
1624 5297 1804 5344 autem
1829 5286 2023 5358 hujus-

419 5372 564 5427 modi
593 5372 864 5441 dubietas,
909 5386 1087 5432 utrum
1134 5379 1381 5449 superior
1408 5380 1655 5437 deﬁnitio
1681 5396 1810 5437 vera
1842 5380 1933 5447 sit,
1961 5388 2025 5436 et.

416 5469 658 5521 omnium
688 5469 1043 5525 accidentium
1067 5487 1264 5528 nomen
1294 5475 1560 5531 includat.
1594 5474 1727 5529 Nam
1759 5474 2019 5547 quoniam

414 5566 542 5612 sunt
562 5561 807 5628 qumdam
836 5562 918 5633 (ut
941 5564 1056 5634 ipse
1083 5566 1177 5635 ait)
1203 5567 1511 5623 accidentia
1537 5568 1945 5639 inseparabilia,
1963 5567 2025 5621 irr

415 5649 505 5705 bis
538 5653 661 5705 talis
688 5654 931 5712 deﬁnitio
963 5657 1170 5713 videtur
1198 5662 1502 5717 convenire
1532 5676 1641 5717 non
1676 5676 1854 5732 posse.
1882 5659 2023 5715 Nam

414 5743 463 5799 si
484 5746 726 5815 separari
755 5764 860 5804 non
893 5762 1139 5821 possunt,
1170 5767 1276 5808 non
1300 5764 1387 5810 est
1415 5754 1472 5809 in
1495 5754 1602 5809 illis
1626 5768 1751 5811 vera
1770 5752 2025 5811 deﬁnitio

412 5849 535 5909 quae
562 5837 729 5898 dicit:
758 5840 1022 5902 Accidens
1048 5858 1171 5905 esse
1196 5845 1336 5913 quod
1386 5845 1576 5913 inferri
1609 5856 1664 5905 et
1691 5847 1893 5911 auferri
1921 5859 2043 5929 ρον,

2130 4737 2239 4793 que
2266 4730 2519 4787 tractare,
2552 4734 2696 4776 nunc
2716 4720 3029 4789 exsequitur
3048 4721 3137 4775 illa
3159 4736 3280 4791 quae
3308 4720 3447 4776 inter
3470 4721 3583 4775 haec
3610 4737 3730 4776 om-

2132 4814 2218 4870 nia
2251 4814 2557 4869 communia
2587 4822 2734 4878 sunt,
2766 4822 2821 4868 et
2847 4828 2965 4882 quae
2993 4813 3317 4868 diﬁ‘erentia.

2141 4974 2145 4977 Α
2205 4944 2271 4983 DE
2311 4941 2645 4983 COIHIUNIBUS
2684 4942 2939 4991 GENEBIS,
2984 4940 3389 4993 DIFFIRENTIE,
3430 4942 3654 4991 SPECIEI,

2577 5014 2806 5063 PROPR",
2851 5013 3286 5063 ACCIDENTISQUE.

2207 5093 2275 5148 Et
2306 5094 2477 5164 primo
2504 5093 2744 5149 omnium
2773 5091 2930 5147 simul
2954 5092 3092 5146 inter
3121 5105 3181 5146 se
3204 5092 3611 5147 cummuniones
3636 5106 3729 5145 ex-

2136 5185 2317 5256 plicat,
2351 5196 2470 5255 post
2514 5186 2673 5239 etiam
2705 5185 3058 5255 singulorum,
3090 5193 3143 5240 et
3169 5186 3299 5240 dicit
3338 5185 3577 5241 omnium
3607 5199 3731 5239 esse

2136 5293 2421 5333 commune
2450 5276 2517 5333 de
2539 5277 2780 5346 pluribus
2802 5276 3105 5345 prmdicari.
3134 5278 3375 5347 Namque
3401 5292 3571 5348 genus
3594 5292 3728 5346 prae-
3764 5282 3773 5291 '

2137 5371 2348 5427 dicatur
2378 5371 2444 5425 de
2474 5370 2758 5440 speciebus
2786 5378 2839 5424 et
2875 5368 2943 5424 de
2972 5368 3297 5435 individuis,
3339 5370 3528 5425 eodem
3569 5367 3730 5422 modo

2136 5464 2463 5537 przedicatur
2491 5472 2546 5517 et
2585 5461 2883 5519 diﬁ‘ereutia
2914 5461 2983 5518 de
3021 5463 3304 5532 speciebus
3343 5472 3397 5517 et
3434 5462 3499 5515 de
3535 5459 3729 5514 indivi-

2136 5563 2279 5618 duis.
2314 5560 2488 5616 Etiam
2520 5558 2795 5629 proprium
2824 5556 2889 5611 de
2913 5557 3091 5627 specie
3111 5564 3167 5611 et
3185 5555 3253 5611 de
3280 5552 3566 5609 individuis
3592 5568 3728 5621 pra:-

2136 5656 2364 5712 dicatur.
2400 5655 2468 5708 At
2504 5666 2638 5708 vero
2667 5652 2877 5722 species
2918 5648 2985 5705 de
3030 5648 3162 5703 solis
3193 5656 3397 5702 tantum
3440 5645 3729 5701 individuis

2133 5749 2451 5819 appellatur.
2494 5744 2675 5801 Genus
2720 5745 2886 5811 enim,
2929 5751 2987 5796 ut
3023 5739 3246 5811 animal,
3292 5739 3613 5811 praedicatur
3660 5737 3730 5795 de

2132 5840 2309 5907 equis.
2337 5838 2666 5902 hominibus.
2696 5836 2864 5894 bobus
2884 5844 2939 5895 et
2957 5833 3199 5904 canibus,
3232 5833 3284 5897 id
3308 5843 3391 5895 est
3420 5832 3719 5907 speciebus.
