4106 6336
305 305 370 360 57
1436 309 1502 363 ΙΝ
1543 310 1994 368 ΡΟΗΡΗΥΒΙΗΜ
2037 312 2377 374 DIALOGUS
2417 317 2479 370 ll.
3520 319 3589 371 58

303 419 633 476 Prtedicatur
663 419 791 474 item
823 427 877 473 et
919 419 984 472 de
1029 419 1112 472 bis
1147 433 1266 488 quae
1302 420 1404 475 sub
1441 423 1569 490 ipsis
1617 425 1897 494 speciebus
1925 425 1982 484 Α
2007 424 2348 492 praedicatur.
2380 425 2716 482 Batiouabile
2745 436 2920 483 autem
2951 427 3269 498 praedicatur
3307 429 3372 482 ad
3415 429 3588 483 hom.-

300 510 576 568 lndividua
622 512 986 566 continentur.
1017 509 1148 564 Nam
1179 512 1319 567 sicut
1364 514 1574 582 species
1607 517 1718 585 ipsa
1749 518 1898 574 canis

299 607 387 661 vel
417 605 542 675 equi
572 605 658 660 vel
689 604 920 659 hominis
951 604 1198 658 animalia
1227 614 1370 668 sunt,
1396 608 1475 661 sic
1506 611 1586 662 vel
1615 613 1898 680 unusquis-

298 714 404 770 que
417 713 587 768 equus
602 698 684 752 vel
711 697 872 751 homo
888 696 1138 750 animalia
1166 698 1543 766 praedicantur.
1572 700 1897 760 Differentite

297 807 433 849 vero
468 794 828 864 praedicantur
857 792 927 849 de
954 794 1237 864 speciebus
1274 805 1329 850 et
1368 795 1435 850 de
1471 796 1757 852 individuis
1796 797 1897 852 hoc

300 887 484 943 modo.
513 886 750 957 Namque
785 887 947 942 homo
974 896 1029 942 et
1052 903 1220 959 equus
1246 889 1452 958 species
1483 898 1627 944 sunt.
1660 889 1766 946 Sed
1802 905 1892 944 ra-

301 979 520 1035 tionalis
566 979 779 1044 dicitur,
833 987 887 1034 et
924 978 990 1033 ad
1029 979 1264 1049 speciem
1317 979 1549 1034 hominis
1592 980 1894 1035 differentia

302 1072 642 1141 praedicatur,
672 1073 864 1128 eodem
892 1072 1054 1127 modo
1085 1081 1140 1128 et
1162 1074 1227 1128 ad
1253 1073 1590 1129 Ciceronem.
1619 1075 1747 1129 Nam
1771 1090 1893 1129 cum

298 1166 400 1220 sub
426 1165 658 1219 hominis
691 1165 874 1234 specie
906 1163 1240 1220 individuum
1266 1166 1357 1232 sit,
1391 1175 1444 1220 et
1474 1166 1589 1236 ipse
1612 1166 1892 1221 rationalis

296 1257 618 1327 appellatur.
666 1258 950 1327 Proprium
1007 1269 1186 1312 autem
1217 1257 1286 1313 de
1333 1259 1514 1329 specie
1547 1258 1889 1328 praedicatur,

294 1365 420 1404 cum
452 1349 649 1405 dicitur
673 1352 884 1420 species
922 1351 1065 1420 quod
1096 1360 1179 1406 est
1211 1350 1373 1407 homo
1400 1351 1641 1418 risibilis,
1686 1362 1739 1406 et
1769 1367 1890 1406 cum

291 1440 488 1497 dicitur
501 1443 689 1497 Cicero
710 1442 951 1507 risibilis,
979 1442 1118 1512 quod
1139 1451 1224 1498 est
1249 1443 1604 1508 individuum,
1623 1455 1894 1498 monstra-

292 1542 383 1588 tur
427 1535 702 1605 proprium
734 1536 804 1590 de
836 1534 1123 1590 individuis
1164 1535 1462 1605 praedicari.
1510 1538 1730 1606 Species
1759 1551 1892 1592 vero

288 1623 360 1678 de
389 1627 504 1680 suis
531 1634 736 1680 tantum
765 1626 897 1683 solis
938 1627 1230 1682 individuis
1265 1628 1606 1697 praedicatur.
1657 1630 1892 1685 Interro-

289 1727 451 1788 gatur
497 1719 640 1774 enim
672 1719 794 1788 qttid
840 1727 923 1774 est
950 1718 1160 1775 Cicero.
1205 1721 1269 1774 Et
1303 1721 1462 1774 homo
1506 1721 1888 1791 respondetur.

2006 530 2160 582 nem,
2191 533 2320 589 ergo
2361 530 2411 573 et
2444 516 2651 574 ratione
2682 520 2755 574 uti
2788 520 3165 589 praedicabitur
3195 521 3258 574 ad
3293 520 3584 575 hominem.

2004 608 2150 665 Idem
2193 613 2354 666 etiam
2398 612 2606 666 ratione
2652 614 2756 680 uti,
2794 614 3113 682 prazdicatur
3141 614 3207 668 ad
3240 611 3590 680 Ciceronem,

2003 703 2144 775 quod
2168 713 2248 759 est
2274 703 2627 769 individuum,
2648 705 2748 759 sub
2770 705 2856 758 illa
2886 707 3063 772 specie
3086 705 3151 759 ad
3175 721 3332 776 quam
3356 705 3591 774 speciem

2002 797 2092 851 illa
2125 796 2458 864 differentia,
2493 797 2542 850 id
2576 807 2659 851 est
2690 797 2964 850 rationalis
2999 799 3340 866 prtedicatur,
3381 799 3449 852 de
3489 811 3592 866 qua

2003 887 2379 955 praedicabitur
2403 899 2457 942 ιιι
2481 897 2705 960 cognata
2734 889 2819 942 illa
2844 889 3165 954 differentia,
3195 889 3245 943 id
3273 899 3354 944 est
3381 890 3593 944 ratione

2001 981 2098 1036 uti.
2130 981 2294 1052 lgitttr
2337 992 2420 1037 est
2450 982 2547 1036 ista
2579 983 2794 1052 generis
2823 981 3245 1052 differentiteque
3289 980 3590 1036 communi-

2001 1085 2113 1138 tas,
2152 1074 2291 1144 quod
2339 1091 2401 1128 ea
2440 1091 2553 1144 qua:
2599 1076 2665 1127 de
2692 1089 2890 1144 genere
2921 1073 3118 1142 Speciei
3144 1073 3502 1141 praedicantur
3523 1078 3591 1127 ut

1999 1181 2198 1237 genus,
2231 1176 2285 1221 et
2312 1167 2378 1221 de
2405 1167 2504 1220 sub
2531 1168 2718 1221 eodem
2756 1182 2954 1238 genere
2991 1169 3172 1236 specie
3211 1167 3590 1236 prtedicantur,

1998 1269 2048 1315 et
2081 1260 2148 1313 de
2178 1259 2470 1314 individuis
2523 1279 2532 1312 :
2567 1269 2621 1314 et
2650 1259 2741 1313 illa
2787 1276 2905 1329 qua:
2948 1258 3016 1313 de
3059 1258 3357 1313 differentia
3399 1259 3595 1328 praedi-

1998 1360 2187 1406 cantur
2230 1361 2285 1404 ut
2325 1351 2656 1418 differentia,
2707 1360 2762 1404 et
2803 1351 2868 1404 de
2908 1349 3008 1404 sub
3055 1350 3243 1404 eadem
3289 1349 3592 1406 differentia

1996 1444 2178 1512 specie
2206 1443 2568 1511 prmdicantur
2591 1484 2604 1506 ,
2635 1453 2690 1497 et
2726 1442 2793 1495 de
2822 1441 3128 1495 individuis.
3159 1441 3254 1496 Est
3283 1450 3461 1496 autem
3491 1441 3592 1495 alia

1995 1539 2335 1604 communio,
2368 1538 2510 1606 quod
2541 1537 2992 1606 quemadmodum
3030 1537 3355 1604 interempto
3387 1550 3586 1606 genere

1993 1631 2205 1699 species
2239 1630 2638 1698 interimuntur,
2670 1632 2749 1684 sic
2781 1631 3104 1699 interempta
3137 1627 3441 1683 differentia
3469 1644 3594 1699 spe-

1995 1726 2106 1779 cies
2133 1726 2232 1778 sub
2261 1726 2447 1780 eadem
2480 1726 2784 1780 differentia
2814 1727 3215 1780 interimuntur.
3247 1725 3379 1779 Nam
3426 1725 3472 1778 si
3515 1727 3594 1779 in-

287 1810 557 1864 Accidens
580 1824 708 1865 vero
731 1810 1050 1879 praedicatur
1077 1812 1146 1867 de
1169 1811 1480 1881 individuis,
1511 1822 1565 1868 et
1597 1822 1780 1883 postea
1821 1813 1890 1869 de
1920 1803 1968 1864 B
1999 1816 2209 1870 terierit
2229 1815 2460 1882 animal,
2487 1817 2646 1870 homo
2669 1825 2829 1886 atque
2851 1831 3021 1885 equus
3042 1814 3300 1871 continuo
3323 1817 3592 1885 periturus
3653 1884 3661 1899 ‘

285 1903 594 1971 speciebus.
626 1903 757 1958 Nam
803 1905 847 1956 si
875 1905 995 1974 quis
1021 1903 1186 1969 dicat,
1217 1904 1378 1958 homo
1406 1905 1578 1970 sedet,
1615 1906 1758 1975 quod
1805 1916 1891 1964 est

284 1996 538 2052 accidens
564 1997 890 2067 separabile,
938 1999 1244 2069 quicunque
1275 1999 1541 2070 singulum
1587 1999 1885 2070 hominem,

285 2088 338 2143 id
389 2099 470 2145 est
512 2090 850 2145 individuum
889 2091 1081 2147 sedere
1126 2092 1344 2158 viderit,
1396 2101 1524 2146 tunc
1554 2093 1696 2147 idem
1731 2101 1786 2150 et
1821 2093 1890 2148 de

286 2185 472 2253 specie
500 2183 781 2253 praedicat,
815 2195 873 2238 ut
900 2183 1062 2250 dicat,
1091 2185 1344 2256 quoniam
1367 2185 1565 2252 “Cicero
1593 2185 1765 2240 sedet.
1800 2185 1884 2242 Ci-

284 2290 408 2331 cero
433 2284 616 2331 autem
657 2275 820 2330 homo
847 2284 952 2339 est,
991 2276 1152 2331 homo
1175 2277 1348 2332 sedet.
1381 2277 1586 2331 Eodem
1619 2277 1779 2332 modo
1804 2277 1890 2333 in-

283 2369 582 2439 separabile
629 2368 881 2424 accidens
931 2368 998 2424 de
1050 2370 1338 2439 speciebus
1379 2379 1432 2424 et
1478 2369 1545 2424 de
1598 2370 1886 2424 individuis

283 2459 627 2530 praedicatur.
661 2459 942 2530 Expeditis
973 2473 1102 2530 ergo
1128 2462 1366 2515 omnium
1391 2460 1881 2531 communionibus,

285 2557 502 2626 generis
523 2564 579 2612 et
605 2555 920 2611 differentiae
945 2555 1176 2627 primum
1199 2555 1609 2611 communiones
1634 2555 1886 2612 differen-

291 2650 501 2721 tiasque
531 2648 788 2704 declarat.

455 2769 522 2809 υε
561 2767 897 2809 COMIUNIBUS
945 2767 1170 2808 GENEBIS
1208 2769 1275 2808 ΕΤ
1323 2767 1714 2808 ΒΙΓΡΕΒΕΝΤΙᾸΞη

356 2858 423 2912 Et
449 2857 680 2928 primum
710 2856 841 2912 dicit
865 2856 1050 2926 generi
1083 2871 1207 2911 cum
1247 2853 1553 2911 differentia
1583 2869 1706 2910 esse
1735 2869 1884 2911 com-

279 2962 467 3013 mune,
509 2947 652 3018 quod
693 2947 762 3001 ab
801 2946 1046 3017 utrisque
1082 2945 1292 3017 species
1335 2945 1701 3001 continentur.
1749 2944 1881 3000 Nam

278 3057 451 3115 genus
496 3041 640 3113 quod
685 3051 768 3097 est
821 3042 1042 3108 animal,
1075 3040 1316 3097 continet
1360 3040 1596 3108 speciem
1649 3039 1884 3094 hominis

277 3143 441 3205 atque
470 3135 615 3203 equi.
643 3132 814 3188 Porro
835 3143 1013 3188 autem
1045 3131 1332 3198 rationale,
1352 3131 1494 3200 quod
1523 3139 1608 3186 est
1632 3131 1884 3186 differen-

278 3229 375 3294 tia,
390 3226 630 3282 continet
652 3233 707 3280 et
720 3224 993 3279 hominem
1005 3233 1061 3280 et
1075 3225 1266 3280 Deum.
1294 3223 1358 3278 Et
1379 3223 1709 3291 irrationale,
1738 3221 1883 3293 quod

277 3329 363 3375 est
382 3318 706 3385 differentia,
730 3319 970 3375 continet
1000 3332 1198 3386 equum
1224 3325 1280 3370 et
1297 3314 1489 3370 bovem
1518 3325 1680 3386 atque
1703 3329 1876 3371 avem.

275 3411 386 3469 Sed
433 3413 507 3467 ita
537 3413 806 3478 continet,
859 3419 916 3466 ut
963 3423 1134 3481 genus
1174 3423 1391 3478 semper
1445 3409 1626 3478 plures
1671 3409 1883 3480 species

274 3505 567 3571 contineat,
601 3521 761 3575 quam
794 3505 1033 3560 continet
1069 3501 1393 3558 differentia.
1425 3501 1668 3572 Namque
1709 3518 1880 3572 genus

274 3611 332 3656 et
357 3602 498 3671 ipsas
522 3598 858 3655 differentias
879 3597 1138 3652 continet.
1175 3596 1360 3652 Genus
1380 3596 1546 3660 enim,
1582 3595 1635 3650 id
1661 3603 1746 3650 est
1764 3595 1881 3650 ani-

277 3693 381 3748 mal
409 3693 672 3748 rationale
695 3701 857 3760 atque
887 3689 1218 3758 irrationale,
1250 3689 1491 3744 continet
1521 3687 1638 3742 illas
1665 3688 1878 3757 species

274 3802 392 3858 qua:
419 3797 545 3842 sunt
575 3785 678 3842 sub
714 3784 987 3849 rationali,
1024 3792 1077 3838 et
1100 3784 1217 3838 illas
1239 3798 1358 3854 quae
1391 3791 1517 3838 sunt
1537 3781 1639 3837 sub
1663 3782 1879 3838 irratio-

269 3883 377 3938 nali
402 3883 642 3938 continet
665 3895 859 3950 genus,
885 3879 935 3934 id
960 3888 1043 3934 est
1061 3877 1284 3934 animal.
1301 3878 1372 3932 At
1394 3892 1523 3933 vero
1546 3877 1874 3943 differentia,

265 3974 324 4031 id
354 3985 436 4031 est
456 3974 740 4042 rationale,
776 3972 1085 4028 irrationale
1116 3986 1222 4026 non
1249 3971 1512 4034 continet,
1543 3971 1636 4027 sed
1667 3980 1875 4027 tantum

269 4069 547 4125 hominem
600 4079 761 4139 atque
813 4067 1006 4122 Deum.
1040 4067 1168 4121 Plus
1215 4067 1377 4136 igitur
1426 4082 1596 4138 genus
1634 4069 1877 4123 continet

268 4177 434 4232 quam
462 4161 780 4217 differentia.
813 4160 913 4216 Est
948 4168 1125 4215 autem
1158 4160 1258 4213 alia
1287 4160 1630 4226 communio;
1674 4160 1719 4214 si
1748 4160 1876 4230 quid

267 4255 417 4309 enim
447 4253 513 4307 ad
544 4251 816 4323 quodlibet
858 4266 1030 4323 genus
1063 4252 1132 4304 ita
1165 4251 1514 4320 praedicatur,
1545 4262 1600 4306 ut
1629 4253 1747 4320 ejus
1785 4268 1877 4323 ge-

263 4363 370 4405 nus
394 4347 487 4411 sit,
518 4357 571 4401 et
596 4347 662 4400 de
694 4344 797 4399 illis
824 4343 1110 4414 speciebus
1139 4335 1258 4413 quae
1284 4352 1409 4398 sunt
1430 4343 1530 4397 sub
1559 4343 1648 4398 illo
1674 4359 1875 4413 genere

262 4440 333 4495 ad
355 4438 496 4508 quod
529 4437 872 4507 prtedicatur,
901 4435 1028 4490 illud
1059 4451 1229 4505 genus
1253 4435 1574 4505 appellatur,
1595 4446 1646 4489 et
1671 4435 1738 4490 de
1762 4435 1872 4491 illis

1996 1918 2098 1964 est.
2133 1908 2226 1964 Sin
2265 1925 2394 1964 vero
2434 1907 2736 1963 differentia
2777 1909 3074 1973 interierit,
3108 1907 3160 1962 id
3189 1918 3271 1963 est
3300 1906 3592 1973 rationale.

1995 2002 2069 2057 dii
2113 2011 2272 2071 atque
2321 2005 2566 2057 homines
2615 2002 2941 2070 interibunt,
2985 2011 3039 2058 et
3079 2002 3211 2056 nihil
3257 2016 3444 2057 eorum
3490 2000 3592 2058 erit

1995 2096 2135 2166 quod
2166 2097 2241 2150 ttti
2269 2096 2477 2152 ratione
2509 2097 2699 2166 possit.

2220 2230 2285 2267 DE
2327 2227 2565 2268 PROPRIIS
2599 2227 2821 2268 GENERIS
2860 2226 2928 2266 ΕΤ
2971 2225 3363 2267 DIFFEBENTIB.

2066 2309 2195 2365 Post
2223 2311 2738 2366 demonstrationem
2785 2311 2948 2381 igitur
2990 2311 3425 2366 communionutn
3468 2326 3588 2381 prae

1993 2408 2195 2476 prietas
2235 2421 2422 2461 eorum
2454 2405 2892 2475 differentiasque
2935 2405 3209 2477 designat,
3241 2415 3295 2460 et
3322 2405 3454 2460 dicit
3483 2406 3588 2476 pri-

1993 2517 2137 2556 tnam
2165 2500 2521 2556 differentiam
2555 2516 2706 2567 eam,
2747 2516 2850 2571 qua
2881 2516 3051 2571 genus
3083 2516 3190 2555 non
3221 2501 3396 2555 solum
3429 2515 3458 2555 a
3489 2499 3585 2555 dif-

1990 2595 2264 2662 ferentiis,
2302 2595 2397 2651 sed
2430 2595 2590 2649 etiam
2621 2594 2936 2664 speciebus,
2970 2594 3205 2664 propriis
3247 2602 3303 2648 et
3340 2593 3587 2649 acciden-

1992 2688 2132 2742 tibus
2153 2688 2389 2744 differat.
2419 2687 2661 2757 Namque
2687 2686 2814 2742 dicit
2846 2701 3014 2757 genus
3051 2687 3221 2742 multo
3249 2687 3319 2742 de
3348 2687 3586 2756 pluribus

1989 2781 2289 2850 przedicari,
2324 2796 2484 2851 quam
2527 2780 2852 2850 praedicatur
2882 2779 3206 2846 differentia,
3239 2779 3324 2835 vel
3357 2780 3586 2850 species,

1989 2872 2073 2926 vel
2103 2871 2355 2926 accidens
2376 2914 2391 2940 ,
2427 2871 2512 2926 vel
2541 2873 2838 2942 proprium.
2886 2871 3129 2940 Namque
3171 2885 3341 2941 genus
3370 2871 3587 2926 dicitur.

1988 2964 2039 3019 id
2072 2973 2156 3019 est
2184 2964 2383 3019 animal
2418 2963 2486 3020 de
2513 2963 2862 3034 quadrupede
2883 3005 2898 3029 ,
2932 2963 2999 3018 de
3025 2962 3264 3034 bipede,
3299 2962 3366 3018 de
3395 2960 3590 3033 reptili.

1991 3058 2043 3111 id
2073 3068 2156 3113 est
2186 3059 2252 3113 de
2282 3066 2532 3128 serpente
2552 3099 2566 3123 ,
2599 3058 2665 3112 de
2693 3057 2897 3112 natatili
2920 3099 2935 3122 ,
2965 3057 3017 3112 id
3047 3067 3128 3112 est
3151 3057 3220 3112 de
3251 3057 3414 3127 pisce.
3445 3057 3583 3125 Qua-

1989 3151 2190 3221 drupes
2215 3163 2394 3208 autem
2427 3152 2568 3223 quod
2599 3162 2684 3207 est
2712 3166 2742 3205 a
2770 3150 2964 3221 bipede
2993 3150 3296 3206 differentia
3315 3192 3330 3216 ,
3362 3151 3430 3205 de
3458 3148 3583 3205 solis

1989 3244 2093 3299 illis
2123 3245 2322 3300 dicitur
2347 3261 2466 3315 qua:
2495 3255 2725 3314 quatuor
2752 3244 2917 3314 pedes
2949 3244 3169 3311 habent,
3205 3245 3256 3299 id
3287 3254 3392 3310 est,
3419 3257 3584 3314 equus

1984 3338 2067 3393 vel
2102 3337 2218 3392 bos.
2262 3338 2340 3394 De
2366 3337 2578 3393 caeteris
2608 3349 2789 3392 autem
2829 3338 2949 3392 aliis
2973 3379 2990 3406 ,
3028 3336 3081 3391 id
3118 3347 3234 3403 est,
3281 3337 3473 3408 bipede
3503 3338 3582 3394 vel

1986 3431 2164 3502 reptili
2195 3431 2280 3487 vel
2312 3432 2535 3495 natatili,
2566 3431 2706 3486 unde
2736 3446 2904 3502 genus
2933 3431 3214 3502 aequaliter
3240 3429 3581 3502 prtedicatur.

1983 3524 2245 3594 appellari
2279 3539 2384 3578 non
2428 3533 2626 3594 potest.
2682 3522 2809 3578 Plus
2834 3533 3012 3578 autem
3050 3537 3218 3593 genus
3246 3538 3274 3576 a
3306 3523 3580 3593 speciebus

1983 3619 2310 3690 praedicatur
2331 3661 2345 3686 ,
2379 3619 2519 3690 quod
2553 3635 2675 3673 cum
2711 3621 2872 3673 homo
2903 3617 3116 3686 species
3145 3617 3248 3682 sit,
3281 3626 3335 3670 et
3362 3616 3429 3670 de
3457 3615 3580 3670 solis

1983 3712 2279 3767 individuis
2310 3715 2674 3782 praedicetur,
2721 3712 2860 3767 idem
2909 3719 3086 3767 tamen
3128 3711 3288 3766 homo
3317 3710 3384 3766 de
3432 3724 3578 3781 teun

1982 3804 2068 3858 vel
2101 3804 2236 3860 bove
2268 3806 2351 3860 vel
2383 3819 2517 3862 cane
2546 3821 2651 3859 non
2699 3804 3041 3874 praedicatur.
3091 3805 3160 3858 At
3207 3817 3338 3858 vero
3381 3803 3580 3860 animal

1982 3900 2124 3970 quod
2153 3909 2236 3955 est
2265 3915 2433 3970 genus
2458 3946 2472 3969 ,
2518 3901 2587 3956 de
2619 3901 2858 3970 pluribus
2902 3899 3186 3970 speciebus
3231 3898 3578 3968 praedicatur,

1981 3993 2035 4047 id
2066 4001 2148 4048 est
2178 3992 2246 4049 de
2282 3993 2522 4058 homine,
2552 4002 2605 4048 et
2634 3993 2702 4048 de
2728 4007 2888 4062 equo,
2921 4002 2977 4047 et
3003 4006 3136 4046 cane
3163 4001 3217 4044 et
3243 3990 3398 4056 bove,
3435 4002 3490 4047 et
3517 3991 3578 4048 de

1981 4087 2240 4140 omnibus
2268 4101 2388 4156 qua:
2419 4085 2519 4140 sub
2550 4085 2680 4154 ipsis
2709 4083 2881 4152 posita
2911 4092 3036 4137 sunt
3063 4081 3371 4136 individuis.
3403 4081 3578 4136 Genus

1982 4187 2160 4232 autem
2196 4193 2224 4232 a
2251 4177 2470 4247 pr0prio
2507 4175 2979 4246 praedicationibus
3003 4174 3260 4239 abundat,
3291 4173 3432 4243 quod
3459 4189 3576 4241 pro-

1979 4273 2154 4342 prium
2186 4272 2347 4326 unius
2379 4271 2575 4341 speciei
2607 4285 2822 4342 semper
2861 4279 2944 4324 est
2970 4309 2988 4336 ,
3035 4277 3088 4324 et
3133 4267 3200 4324 de
3249 4268 3348 4322 sub
3391 4267 3579 4323 eadem

1981 4363 2296 4418 individuis.
2344 4363 2523 4418 Genus
2555 4377 2683 4417 vero
2721 4361 2788 4416 de
2828 4361 3010 4416 multis
3043 4362 3324 4431 speciebus
3361 4370 3415 4416 et
3455 4376 3579 4431 pro-

1981 4459 2110 4528 priis
2154 4459 2509 4528 praedicatur,
2552 4467 2605 4512 ct
2644 4457 2712 4513 de
2743 4456 2842 4510 sub
2883 4456 3083 4511 eisdem
3136 4455 3442 4510 individuis.
3496 4454 3578 4510 Ab

262 4530 559 4586 individuis
591 4545 706 4599 qua:
737 4529 839 4582 sub
863 4527 969 4582 illis
997 4527 1283 4596 speciebus
1306 4536 1450 4581 sunt.
1480 4526 1724 4596 Namque
1749 4526 1867 4580 ani-
1897 4571 1946 4630 υ
1977 4526 2341 4606 sedda—mih“
2380 4565 2509 4605 vero
2546 4565 2717 4620 genus
2758 4549 2929 4618 magis
2973 4547 3042 4603 de
3091 4548 3337 4615 plurimis
3384 4547 3580 4618 ρηηάί,

261 4624 371 4682 mal
404 4639 572 4694 genus
604 4632 683 4676 est
723 4621 959 4676 hominis
989 4629 1043 4675 et
1084 4621 1152 4675 de
1177 4621 1392 4675 animali
1433 4621 1775 4690 prredicatur,
1809 4632 1868 4676 ttt

261 4732 435 4786 genus
456 4715 775 4770 substantia.
801 4713 980 4768 Genus
996 4715 1138 4766 enim
1163 4713 1462 4766 substantia
1487 4713 1735 4766 animalis
1758 4723 1861 4769 est.

262 4809 408 4879 Ergo
438 4808 523 4861 illa
573 4807 871 4861 substantia
917 4821 1036 4873 quae
1079 4806 1142 4859 ad
1177 4805 1414 4858 hominis
1454 4821 1644 4874 genus,
1685 4805 1736 4859 id
1781 4814 1865 4861 est

259 4902 483 4964 animal,
519 4903 588 4953 ita
616 4900 959 4968 praedicatur,
987 4909 1043 4952 ut
1073 4914 1244 4968 genus
1273 4897 1596 4967 praedicatur
1623 4899 1783 4952 etiam
1809 4909 1863 4953 et

261 4995 328 5047 ad
362 4995 533 5061 ipsum
576 4992 846 5045 hominem
884 5008 894 5042 :
929 4992 1124 5043 dicitur
1157 4991 1298 5043 enim
1339 4990 1502 5043 homo
1535 4990 1856 5043 substantia.

263 5083 589 5139 Przedicatur
640 5083 765 5136 item
816 5082 944 5136 illud
978 5083 1192 5153 generis
1224 5097 1424 5152 genus,
1451 5081 1610 5135 etiam
1643 5082 1708 5134 de
1751 5082 1860 5135 illis

253 5194 376 5246 qua:
421 5188 544 5232 sunt
591 5179 768 5245 Specie
827 5174 1128 5229 individuis.
1187 5175 1389 5228 Dicitur
1440 5173 1584 5228 enim
1633 5174 1858 5238 Cicero,

249 5272 398 5341 quod
429 5281 512 5325 est
541 5271 642 5325 sub
671 5270 904 5324 hominis
926 5271 1102 5338 specie
1127 5268 1479 5330 individuum,
1511 5268 1807 5321 substantia
1840 5285 1854 5323 :

249 5365 556 5419 differentia
588 5364 777 5418 eodem
810 5361 991 5416 modo.
1024 5363 1156 5415 Nam
1185 5361 1228 5415 si
1258 5378 1359 5431 qua
1389 5359 1691 5414 differentia
1713 5360 1854 5413 dicta

248 5460 413 5514 fuerit
459 5459 526 5512 de
570 5459 670 5512 alia
706 5457 1005 5512 differentia
1029 5498 1043 5520 ,
1081 5464 1137 5507 ιιι
1166 5454 1466 5510 differentia
1502 5455 1852 5524 intelligatur,

249 5553 655 5626 prtedicabitur,
687 5564 739 5607 et
769 5552 833 5606 ad
868 5551 1102 5621 speciem
1148 5565 1266 5618 qum
1300 5548 1401 5602 sub
1433 5548 1520 5600 illa
1553 5547 1856 5601 differentia

244 5666 332 5713 est
362 5657 428 5710 ad
452 5670 611 5724 qttam
638 5653 980 5724 prredicalttr,
1013 5660 1069 5706 et
1092 5649 1158 5703 de
1182 5649 1284 5722 illis
1307 5649 1596 5720 individuis
1619 5662 1738 5716 qua:
1755 5647 1856 5700 sub

241 5762 436 5816 eadem
481 5759 661 5829 specie
692 5771 834 5810 sunt.
882 5757 1012 5810 Nam
1048 5755 1254 5821 ratione
1287 5753 1359 5808 uti
1391 5795 1404 5816 ,
1435 5753 1735 5823 differentia
1787 5751 1853 5805 ad

240 5853 565 5914 rationalem
625 5850 980 5910 differentiam
1038 5847 1198 5908 veluti
1257 5856 1481 5918 cpgnata
1546 5844 1850 5902 differentia

1973 4653 2163 4708 catur,
2209 4643 2350 4712 quod
2392 4658 2514 4697 cum
2557 4642 2714 4696 unius
2755 4640 2924 4711 cygni
2954 4639 3310 4708 inseparabile
3349 4636 3576 4694 fortasse

1974 4735 2222 4789 accidens
2247 4735 2317 4788 sit
2341 4734 2540 4800 album,
2571 4733 2768 4788 animal
2803 4747 2906 4786 non
2935 4731 3106 4785 solum
3137 4729 3204 4784 de
3227 4743 3400 4801 cygno
3429 4737 3567 4799 prte-

1971 4830 2214 4895 dicatur,
2255 4829 2350 4884 sed
2396 4831 2556 4884 etiam
2608 4828 2674 4882 de
2719 4827 2855 4880 albis
2899 4825 3150 4880 omnibus
3192 4833 3248 4879 et
3286 4839 3389 4879 non
3434 4824 3570 4878 albis

1970 4923 2311 4977 animalibus.
2368 4925 2439 4977 At
2480 4937 2608 4976 vero
2651 4919 2902 4974 accidens
2949 4917 3016 4972 de
3059 4916 3188 4971 solis
3223 4925 3428 4970 tantum
3468 4914 3573 4968 illis

1969 5014 2161 5082 quibus
2194 5012 2628 5082 inseparabiliter
2658 5010 2984 5072 continetur,
3011 5006 3092 5061 vel
3126 5007 3322 5076 quibus
3351 5018 3570 5073 separa-

1972 5104 2169 5158 biliter.
2197 5105 2327 5158 Nam
2359 5101 2731 5172 principaliter
2751 5099 2819 5154 de
2849 5097 3134 5152 individuis
3152 5096 3368 5150 dicitur.
3395 5095 3570 5160 Quare

1967 5204 2179 5249 constat
2231 5195 2403 5248 multo
2451 5195 2519 5248 de
2571 5192 2808 5261 pluribus
2858 5189 3139 5260 prtedicari
3190 5204 3356 5255 genus
3408 5201 3565 5256 quam

1965 5286 2265 5340 accidentia
2297 5285 2675 5352 prmdicantur,
2702 5281 2844 5352 quod
2878 5281 3173 5335 accidentia
3207 5277 3568 5348 principaliter

1964 5380 2032 5432 de
2056 5377 2364 5438 individuis,
2393 5390 2588 5444 genera
2618 5389 2746 5428 vero
2769 5374 2836 5428 de
2866 5371 3154 5427 individuis
3183 5382 3236 5426 et
3264 5371 3332 5426 de
3361 5370 3568 5439 specie-

1962 5474 2062 5526 bus
2095 5479 2146 5525 ct
2178 5471 2244 5524 de
2274 5469 2596 5524 differentiis
2625 5467 3008 5537 praedicantur.

2037 5565 2145 5618 Sed
2179 5579 2311 5617 nunc
2342 5562 2459 5615 illas
2491 5560 2809 5628 di/fcrentias
2839 5560 3151 5627 accipiamus
3185 5555 3365 5626 quibus
3402 5569 3569 5625 genus

1961 5657 2231 5718 dividitur,
2267 5671 2366 5706 non
2397 5653 2573 5721 quibus
2614 5653 2806 5718 species
2837 5651 3204 5717 informantur.

2037 5751 2146 5802 lloc
2179 5758 2358 5802 autem
2393 5755 2475 5799 est
2512 5763 2522 5796 :
2554 5743 2817 5810 Quoniam
2860 5741 2994 5796 duas
3033 5741 3265 5797 diximus
3307 5739 3564 5796 diﬂ'eren-

1961 5843 2153 5898 tiarum
2186 5855 2308 5895 esse
2361 5837 2561 5892 formas
2586 5875 2601 5901 ,
2639 5843 2693 5888 ut
2741 5831 2860 5902 aliae
2892 5843 3014 5888 sunt
3058 5833 3350 5891 divisibiles
3377 5873 3394 5897 ,
3440 5831 3560 5886 aliae
