4106 6336
517 332 585 390 59
1754 328 1866 388 AN.
1910 328 2117 387 MANL.
2156 326 2308 387 sev.
2347 326 2571 388 eos'rn
2752 404 2763 407 ν
3744 323 3814 375 δυ

514 451 898 510 constitutivze.
948 449 1326 508 Constitutivas
1370 450 1490 506 illas
1532 450 1767 521 diximus
1792 494 1808 520 ,
1850 467 1970 523 quae
2014 447 2196 513 subA

517 543 710 600 eodem
743 545 834 599 filo
863 545 1052 617 posita:
1092 551 1148 600 et
1184 543 1509 599 subalternis
1548 544 1839 615 generibus
1880 544 2111 601 descen-

519 635 710 692 dentes
735 639 970 708 speciem
997 634 1280 707 quamdam
1307 636 1597 691 informant
1622 645 1781 707 atque
1809 635 2110 705 perficiunt,

520 738 580 785 ut
621 739 703 785 est
746 730 1006 785 rationale
1035 729 1118 785 vel
1159 729 1406 796 mortale,
1440 746 1560 800 quae
1599 730 1837 786 hominis
1875 730 2111 801 speciem

519 826 876 879 constituunt.
926 824 1075 879 Alias
1105 840 1232 880 vero
1264 823 1595 894 divisibiles,
1628 840 1747 894 qua:
1775 839 1944 895 genus
1979 824 2115 879 divi-

523 916 673 981 dunt,
691 932 796 971 non
818 917 1054 986 speciem
1087 916 1394 986 informant,
1429 916 1481 972 id
1507 926 1589 972 est
1616 916 1877 973 rationale
1903 926 1957 971 et
1981 917 2117 971 irra-

527 1006 745 1073 tionale,
763 1009 988 1064 mortale
1011 1018 1064 1065 et
1078 1008 1399 1065 immortale.
1420 1009 1570 1065 Nunc
1586 1009 1652 1065 de
1668 1008 1987 1065 differentiis
2010 1008 2116 1064 illis

523 1096 625 1154 iste
668 1109 926 1157 tractatus
959 1100 1186 1156 habetur
1218 1119 1336 1171 quae
1363 1117 1533 1173 genus
1563 1094 1827 1169 dividunt,
1858 1117 1965 1157 non
1995 1116 2116 1173 qua

530 1191 766 1260 speciem
795 1197 1144 1251 constituunt.
1169 1195 1304 1252 Nam
1332 1197 1437 1252 illa:
1457 1214 1575 1268 quae
1598 1213 1767 1270 genus
1792 1197 2034 1252 dividunt
2061 1198 2117 1253 in

526 1283 948 1341 differentiarum
966 1289 1172 1359 integro
1196 1289 1313 1343 loco
1342 1290 1702 1362 accipiuntur,
1732 1290 1838 1346 illm
1854 1306 1979 1346 vero
1997 1305 2118 1361 qua:

520 1380 756 1447 speciem
797 1381 1128 1436 constituunt
1168 1381 1217 1436 in
1250 1382 1551 1453 specierum
1588 1399 1951 1456 generumque
1991 1384 2119 1440 sub-

520 1471 772 1524 stantiam
790 1472 1143 1540 accipiuntur.
1164 1473 1402 1546 Namque
1416 1476 1675 1531 rationale
1700 1475 1940 1531 mortalis
1951 1491 2119 1546 genus

523 1568 627 1614 est.
672 1561 841 1616 Porro
867 1564 1096 1619 mortale
1128 1563 1360 1621 hominis
1393 1581 1564 1638 genus
1589 1575 1672 1621 est
1693 1607 1707 1631 ,
1738 1576 1794 1621 et
1832 1565 1947 1621 ista:
1988 1582 2118 1621 con-

522 1644 751 1710 stituunt
781 1657 1038 1726 speciem.
1088 1658 1156 1714 At
1189 1674 1317 1715 vero
1350 1659 1613 1715 rationale
1643 1658 1967 1714 irrationalis
1999 1675 2121 1728 spe-

523 1749 631 1802 cies
663 1764 767 1803 non
797 1760 880 1804 est
901 1794 915 1815 ,
950 1766 1120 1821 neque
1160 1767 1349 1822 genus.
1394 1754 1503 1810 Nec
1536 1754 1759 1810 mortale
1780 1753 2119 1809 immortalis

2510 469 2575 508 DE
2605 466 2935 509 COIIUNIBUS
2960 465 3181 510 GENERIS
3207 462 3273 508 ετ
3302 464 3524 507 ΒΡΕΕΙΒΙ.

2288 540 2441 598 Nunc
2490 553 2667 599 autem
2697 544 2764 599 de
2808 548 3021 615 generis
3060 544 3142 599 vel
3173 544 3371 615 speciei
3410 526 3814 599 communitati-

2218 636 2321 691 bus
2374 637 2898 708 proprietatibusque
2950 646 3245 701 tractatur,
3290 645 3343 690 et
3387 635 3517 690 dicit
3549 650 3716 707 genus
3758 641 3817 693 et

2215 729 2449 798 speciem
2500 744 2786 786 commune
2833 731 3033 786 habere
3090 728 3159 785 de
3214 728 3453 798 pluribus
3509 726 3839 798 praedicari,

2216 816 2354 875 sicut
2384 822 2585 877 dictum
2613 832 2715 878 est.
2751 823 2881 878 Nam
2909 838 3078 895 genus
3106 832 3157 877 et
3180 821 3249 877 de
3271 820 3553 892 Sper-iebus
3576 820 3841 892 pluribus

2218 912 2541 983 p'razdicatur
2568 926 2621 969 et
2651 918 2719 973 de
2749 932 2934 971 earum
2977 916 3290 971 individuis.
3334 914 3401 969 Et
3435 914 3562 969 item
3606 917 3819 985 species

2220 1009 2286 1063 de
2314 1008 2413 1063 sub
2442 1022 2502 1064 se
2532 1009 2772 1079 plurimis
2806 1009 3096 1064 individuis
3126 1006 3457 1078 appellatur,
3486 1015 3541 1061 et
3568 1006 3656 1060 hic
3682 1018 3820 1076 quo-

2219 1117 2325 1173 que
2351 1101 2455 1157 illa:
2482 1102 2690 1172 species
2720 1102 3074 1174 accipiuntur,
3100 1114 3219 1172 (ποτε
3247 1100 3413 1170 magis
3439 1101 3649 1170 species
3668 1108 3815 1155 sunt.

2218 1194 2354 1251 Nam
2396 1194 2441 1251 si
2486 1196 2813 1251 subalternaa
2848 1195 3216 1265 accipiuntur,
3262 1209 3367 1247 non
3408 1193 3579 1261 magis
3609 1192 3819 1260 species

2220 1301 2377 1357 quam
2406 1301 2606 1359 genera
2635 1284 2974 1342 videbuntur.
3005 1285 3137 1341 Nam
3176 1300 3296 1356 qua:
3327 1284 3652 1339 subalternte
3689 1300 3820 1353 spe-

2222 1380 2332 1435 cies
2361 1388 2527 1446 sunt,
2561 1378 2725 1434 etiam
2764 1392 2961 1449 genera
2995 1384 3121 1433 sunt
3144 1420 3160 1445 ,
3203 1388 3258 1433 et
3290 1377 3391 1433 erit
3428 1376 3719 1431 absurdum
3766 1385 3823 1446 et

2224 1470 2349 1528 huic
2388 1471 2744 1543 propositioni
2785 1471 3175 1526 inconveniens
3209 1468 3276 1524 de
3304 1480 3558 1538 generum
3592 1467 3731 1521 inter
3764 1482 3825 1521 se

2222 1566 2541 1627 differentiis
2571 1566 3148 1635 communionibusque
3182 1577 3431 1620 traCtare.
3478 1564 3825 1631 Accipiamur

2226 1667 2388 1734 igitur
2414 1665 2519 1721 illa:
2552 1674 2758 1720 tantum
2784 1661 3015 1734 species,
3042 1678 3159 1731 quae
3188 1659 3393 1728 species
3423 1666 3476 1711 ct
3506 1656 3676 1726 magis
3704 1670 3823 1724 spe.

2226 1763 2337 1817 cies
2367 1760 2729 1837 appellantur.
2780 1756 2879 1813 Est
2925 1757 3085 1812 etiam
3133 1752 3236 1808 alia
3268 1766 3451 1807 eorum
3491 1749 3824 1814 communio,

524 1856 697 1910 neque
727 1857 896 1913 genus
927 1859 1100 1913 neque
1127 1845 1336 1914 species
1365 1856 1467 1902 est.
1509 1847 1683 1917 Atque
1712 1846 1831 1902 ideo
1863 1844 2117 1917 quoniam
2146 1841 2197 1906 Β
2225 1850 2366 1926 quod
2398 1853 2540 1907 sicut
2575 1866 2746 1923 genus
2776 1865 2804 1904 a
2838 1848 3022 1919 specie
3061 1846 3291 1917 primum
3338 1851 3421 1899 est
3444 1884 3458 1906 ,
3499 1840 3579 1897 sic
3618 1844 3825 1910 species

525 1936 797 2006 propriam
824 1940 933 1992 vim
957 1937 1381 1995 differentiarum
1403 1941 1503 1995 ista
1527 1941 1782 2008 retinent,
1805 1956 1924 2008 quae
1948 1954 2123 2011 neque

526 2044 726 2098 genera
754 2048 926 2103 neque
952 2035 1160 2105 species
1188 2034 1288 2090 sibi
1312 2035 1538 2093 invicem
1564 2052 1682 2093 esse
1705 2047 1952 2108 possunt,
1980 2037 2125 2107 ipsas

530 2142 673 2182 nunc
701 2127 1035 2184 differentias
1066 2129 1392 2200 accipiamus
1434 2126 1487 2185 in
1521 2131 1720 2200 quibus
1769 2132 1913 2185 nulla
1956 2146 2125 2201 quan-

524 2226 635 2273 tum
664 2219 731 2273 ad
757 2234 925 2287 genus
950 2230 1031 2275 est
1057 2222 1402 2293 speciemque
1430 2222 1813 2279 communitas.
1845 2222 1939 2277 Est
1960 2223 2124 2279 etiam

524 2312 737 2381 generis
772 2312 1093 2370 differentia.
1132 2314 1373 2385 Namque
1406 2330 1577 2387 genus
1621 2332 1650 2370 a
1692 2315 1922 2387 propriis
1964 2313 2125 2371 diffeu

526 2402 716 2458 rentiis
748 2403 894 2471 prius
922 2412 1025 2459 est.
1057 2404 1301 2478 Namque
1329 2407 1374 2462 si
1405 2407 1694 2462 abstuleris
1724 2422 1913 2477 genus,
1936 2421 2129 2463 omnes

534 2497 695 2550 simul
721 2495 1053 2554 differentias
1094 2499 1383 2555 abstulisti.
1434 2500 1567 2556 Nam
1598 2501 1643 2557 si
1690 2500 1979 2565 abstuleris
2007 2502 2127 2557 ani-

533 2589 663 2657 mal,
689 2590 952 2645 rationale
982 2600 1144 2660 atque
1166 2591 1477 2648 irrationale
1498 2607 1602 2648 non
1631 2603 1934 2649 remanent.
1959 2594 2130 2649 Porro

530 2690 709 2736 autem
736 2681 782 2736 si
814 2683 1075 2737 rationale
1106 2682 1396 2740 abstuleris
1416 2726 1431 2752 ,
1468 2694 1715 2740 remanet
1750 2685 1970 2741 animal.
2016 2685 2127 2741 Sed

529 2774 574 2828 si
606 2784 860 2847 utrasque
890 2775 1232 2832 interemeris
1261 2777 1594 2835 differentias
1613 2823 1626 2845 ,
1670 2779 1725 2834 id
1756 2789 1841 2835 est
1865 2779 2129 2836 rationale

528 2873 580 2919 et
611 2865 954 2936 irrationale,
989 2877 1167 2937 potest
1196 2875 1372 2923 tamen
1401 2869 1669 2939 quoddam
1703 2871 1947 2942 intelligi,
1976 2871 2120 2941 quod

529 2957 596 3010 sit
622 2959 920 3014 substantia
966 2961 1197 3016 animata
1230 2963 1501 3017 sensibilis
1526 3004 1541 3030 ,
1585 2964 1635 3018 id
1667 2973 1753 3019 est
1780 2965 1998 3020 animal.
2044 2967 2121 3021 lla

530 3062 697 3119 genus
741 3052 1009 3105 sublatum
1055 3068 1246 3108 omnes
1296 3068 1480 3110 aecum
1539 3054 1716 3110 aufert
1770 3056 2122 3112 differentias.

534 3140 768 3194 Sublata:
816 3139 1136 3198 differentiae
1182 3157 1354 3213 genus
1402 3158 1585 3200 secum
1636 3159 1740 3199 non
1787 3144 2128 3216 interimunt,

535 3232 678 3301 quod
727 3232 1078 3302 intelligentia
1128 3249 1299 3304 genus
1347 3244 1631 3300 remanet,
1681 3236 1732 3290 id
1764 3246 1847 3291 est
1876 3238 2127 3306 quoniam
2158 3234 2207 3304 ο

538 3333 731 3403 potest.
761 3322 956 3378 animal
998 3326 1222 3397 intelligi
1262 3337 1461 3395 praeter
1499 3326 1829 3383 differentias
1853 3369 1870 3394 ,
1916 3339 1976 3383 ut
2015 3329 2133 3399 ejus

539 3423 744 3469 tantum
773 3408 1142 3473 definitionem
1174 3420 1357 3474 animo
1382 3421 1588 3491 capias,
1610 3430 1665 3476 et
1689 3436 1810 3477 esse
1832 3421 1982 3477 dicas
2004 3423 2136 3478 sub-

535 3508 783 3563 stantiam
831 3512 1121 3566 animatam
1171 3519 1333 3581 atque
1379 3514 1704 3569 sensibilem.
1772 3514 1904 3583 Qum
1952 3524 2134 3572 autem

535 3601 660 3656 talis
689 3612 846 3671 sunt,
881 3613 938 3658 ut
969 3607 1082 3675 ipsa
1111 3607 1432 3675 interempta
1465 3610 1807 3676 interimant,
1838 3627 1943 3666 non
1971 3611 2134 3667 simul

535 3696 656 3751 aliis
694 3697 1038 3769 interemptis
1069 3701 1182 3771 ipsa
1216 3701 1628 3770 interimantur,
1663 3703 1842 3772 priora
1872 3714 1997 3758 sunt
2028 3704 2136 3760 illis

536 3807 657 3859 qua
707 3804 928 3861 possunt
974 3794 1304 3850 interimere.
1355 3795 1452 3850 Est
1481 3800 1641 3851 etiam
1674 3798 1775 3851 alia
1807 3796 2133 3865 differentia,

537 3882 677 3951 quod
723 3898 893 3953 genus
939 3898 1160 3955 semper
1190 3887 1240 3938 in
1271 3900 1338 3940 eo
1365 3887 1507 3956 quod
1534 3888 1661 3956 quid
1694 3888 1760 3941 sit
1790 3888 2135 3957 praedicatur,

538 3984 597 4027 ut
624 3975 825 4031 dictum
865 3986 949 4033 est
969 4019 984 4045 ,
1013 3978 1315 4035 differentia
1347 3996 1477 4036 vero
1508 3983 1561 4037 in
1590 3998 1657 4036 eo
1690 3983 1832 4052 quod
1861 3984 2019 4051 quale
2043 3984 2137 4039 sit.

538 4065 645 4121 Sed
675 4066 776 4121 hoc
805 4068 1140 4139 frequentius
1167 4070 1496 4126 inculcatum
1525 4082 1607 4127 est
1627 4115 1641 4138 ,
1683 4084 1845 4143 atque
1874 4073 1995 4128 ideo
2025 4075 2075 4128 id
2107 4089 2139 4129 a

540 4158 699 4212 nobis
728 4162 1245 4229 praetermittendum
1289 4173 1394 4219 est.
1445 4165 1539 4219 Est
1568 4166 1726 4219 etiam
1756 4165 1858 4219 alia
1888 4166 2141 4222 differen-

538 4250 654 4319 tia,
685 4251 829 4320 quod
858 4252 926 4306 ad
956 4268 1170 4309 omnem
1202 4254 1439 4323 speciem
1486 4271 1650 4311 unum
1706 4271 1921 4327 semper
1970 4273 2141 4328 genus

536 4351 775 4411 aptatur.
824 4344 999 4400 Homo
1023 4348 1166 4401 enim
1208 4363 1372 4402 unum
1407 4357 1613 4403 tantum
1644 4364 1817 4418 genus
1858 4348 2051 4413 habet,
2086 4359 2144 4407 ut

543 4437 745 4490 animal
772 4438 1073 4508 appelletur
1104 4455 1119 4492 :
1150 4439 1201 4494 in
1234 4454 1396 4494 unam
1428 4450 1606 4495 autem
1638 4441 1871 4509 speciem
1900 4440 2143 4509 plurima:

537 4529 862 4587 differentia
910 4543 1162 4602 pmerunt
1209 4533 1562 4588 commodari.
1617 4532 1858 4603 Namque
1900 4536 2061 4587 homo
2091 4541 2145 4588 et

544 4622 808 4678 rationale
837 4634 955 4691 est,
987 4639 1108 4694 quae
1136 4624 1440 4681 differentia
1478 4635 1561 4680 est
1585 4667 1600 4691 ,
1631 4634 1686 4681 et
1727 4625 1954 4680 mortale
1975 4666 1990 4691 ,
2024 4640 2143 4694 qua:
2168 4627 2224 4688 D

543 4714 734 4770 eadem
779 4714 1080 4771 differentia
1121 4727 1223 4782 est,
1276 4725 1333 4772 et
1377 4717 1652 4788 sensibile,
1698 4716 1892 4788 quibus
1936 4716 2145 4770 scilicet

548 4809 797 4866 omnibus
832 4810 952 4864 aliis
983 4809 1177 4866 differt.
1222 4809 1411 4865 Differt
1438 4812 1580 4866 enim
1609 4810 1692 4865 his
1722 4810 1973 4864 omnibus
1998 4808 2144 4879 quod

551 4910 824 4967 sensibilis
871 4921 954 4967 est
992 4912 1059 4966 ab
1094 4911 1530 4975 insensibilibus,
1570 4911 1713 4983 quod
1750 4912 2026 4968 rationalis
2077 4912 2145 4967 ab

554 5012 1047 5083 irrationabilibus,
1080 5013 1221 5085 quod
1249 5014 1489 5069 mortalis
1518 5013 1586 5068 ab
1608 5013 2018 5070 immortalibus.
2053 5014 2149 5074 Est

556 5113 718 5168 etiam
751 5112 852 5167 alia
880 5110 1177 5169 differentia
1228 5128 1349 5184 qum
1390 5114 1638 5183 superius
1680 5112 1823 5169 dicta
1869 5126 1972 5170 est.
2011 5114 2147 5169 Nam

555 5223 723 5279 genus
754 5207 951 5279 speciei
991 5206 1064 5262 ita
1095 5218 1178 5263 est
1204 5217 1262 5262 ut
1293 5208 1576 5274 materies,
1612 5207 1909 5263 differentia
1936 5224 2062 5264 vero
2090 5218 2150 5264 ut

556 5306 743 5374 figura.
798 5302 928 5358 Nam
975 5303 1115 5359 sicut
1158 5305 1211 5358 in
1238 5304 1361 5358 aeris
1405 5304 1682 5358 materiem
1712 5304 1936 5359 veniens
1982 5305 2149 5374 figura

558 5407 786 5453 statuam
834 5395 1039 5466 efficit,
1073 5397 1143 5453 ita
1192 5397 1450 5463 animali,
1496 5397 1548 5452 id
1579 5407 1660 5452 est
1702 5399 1886 5469 generi
1929 5398 2151 5452 veniens

559 5490 858 5547 differentia
886 5532 901 5557 ,
946 5490 997 5545 id
1027 5500 1111 5546 est
1149 5491 1411 5545 rationale
1441 5490 1526 5545 vel
1567 5491 1876 5545 irrationale
1905 5489 2029 5543 facit
2059 5490 2152 5544 ho-

565 5582 727 5639 minis
754 5583 840 5638 vel
866 5582 1083 5652 pecudis
1105 5589 1361 5652 speciem.
1386 5583 1513 5649 Qna:
1542 5591 1721 5637 autem
1745 5583 2159 5636 communitates

540 5676 649 5757 ’νει
680 5676 1037 5746 proprietates
1057 5675 1269 5745 generis
1291 5684 1345 5730 et
1372 5672 1688 5729 differentiae
1712 5673 1945 5734 fuerunt,
1973 5671 2159 5757 fracte-‘-

566 5790 668 5831 nus
697 5773 849 5836 dixit,
883 5783 940 5830 et
968 5776 1198 5830 fortasse
1229 5784 1384 5829 erunt
1420 5775 1582 5829 etiam
1620 5773 1760 5840 aliae,
1795 5786 1913 5842 quae
1945 5781 2161 5842 propter

571 5868 887 5929 brevitatem
910 5867 1329 5941 supersedendae
1359 5878 1519 5940 atque
1546 5865 1879 5923 dimittendae
1904 5869 2051 5923 sunt.

2229 1944 2298 1999 ab
2327 1942 2616 1999 individuis
2644 1942 2832 2012 prima:
2857 1948 3000 1994 sunt.
3025 1936 3156 1993 Nam
3180 1936 3223 1991 si
3246 1948 3415 2007 genus
3446 1933 3683 2001 auferas,
3706 1945 3827 2000 spe-

2231 2038 2341 2093 cies
2380 2035 2667 2093 abstulisti.
2718 2033 2776 2090 Si
2830 2032 3038 2102 species
3080 2027 3421 2095 abstuleris,
3474 2038 3673 2095 genera
3722 2034 3829 2079 non

2232 2128 2503 2200 peribunt.
2540 2127 2712 2182 Porro
2741 2126 2786 2180 si
2818 2124 3030 2193 species
3059 2120 3371 2188 abstuleris,
3408 2116 3677 2172 individua
3710 2128 3831 2167 nio-

2231 2222 2459 2277 rientur.
2493 2218 2549 2275 Si
2576 2217 2853 2274 individua
2883 2212 3211 2277 interierint,
3233 2211 3446 2281 species
3472 2200 3710 2263 manent.
3736 2206 3833 2260 Est

2234 2312 2395 2368 etiam
2426 2311 2510 2366 his
2526 2309 2628 2365 alia
2652 2307 2983 2376 communio,
3010 2306 3154 2377 quod
3184 2300 3633 2375 quemadmodum
3661 2302 3839 2368 genus

2235 2403 2362 2475 quid
2390 2403 2460 2458 sit
2486 2412 2654 2457 totum
2681 2400 2939 2469 declarat,
2964 2398 3041 2453 sic
3064 2398 3225 2452 etiam
3249 2395 3477 2466 species.
3507 2392 3634 2447 Nam
3665 2399 3833 2444 totum

2236 2495 2383 2569 Quod
2416 2505 2497 2553 est
2524 2496 2786 2551 rationale
2806 2537 2821 2561 ,
2853 2502 3010 2562 atque
3041 2487 3353 2545 irrationale
3379 2500 3407 2538 a
3440 2479 3829 2556 gene'redecla-

2241 2602 2416 2648 ratum
2452 2598 2553 2645 est.
2588 2589 2789 2645 Dicitur
2818 2586 2959 2642 enim
2987 2580 3245 2655 quidquid
3278 2578 3438 2634 fuerit
3467 2573 3723 2632 rationale
3751 2572 3839 2629 vei

2239 2684 2577 2747 irrationale,
2613 2681 2664 2737 id
2692 2695 2810 2737 esse
2838 2677 3035 2734 animal
3080 2694 3095 2731 :
3128 2676 3207 2730 sic
3237 2674 3397 2744 igitur
3421 2678 3589 2725 totum
3621 2667 3747 2738 quid
3772 2666 3837 2721 sit

2236 2791 2265 2831 a
2298 2790 2497 2845 genere
2538 2772 2889 2830 declaratum.
2941 2770 3108 2824 Porro
3147 2774 3322 2822 autem
3352 2763 3477 2833 quid
3507 2763 3577 2816 sit
3605 2770 3713 2815 tota
3746 2760 3833 2813 ho-

2238 2873 2442 2926 minum
2474 2868 2779 2935 diversitas,
2808 2864 2861 2921 id
2890 2873 2974 2921 est
2998 2860 3417 2923 individuorum,
3449 2876 3481 2914 ι
3510 2858 3626 2913 sola
3654 2856 3837 2926 specie

2239 2966 2565 3031 declaratur,
2589 2978 2709 3019 cum
2733 2962 2927 3017 dicitur
2947 2960 3131 3014 homo.
3156 2957 3288 3014 Nam
3310 2964 3366 3011 et
3382 2954 3585 3027 Scytha
3603 2964 3657 3006 et
3681 2951 3839 3008 ludus

2239 3069 2293 3115 et
2320 3066 2487 3113 totum
2518 3056 2777 3128 quidquid
2805 3052 3134 3109 individuum
3165 3060 3274 3119 est,
3302 3064 3411 3106 uno
3441 3048 3558 3104 solo
3583 3044 3839 3109 hominis.

2240 3150 2291 3206 id
2322 3159 2405 3207 est
2430 3148 2633 3222 speciei
2658 3147 2876 3203 nomine
2899 3146 3226 3201 continetur.

2550 3285 2619 3325 οε
2657 3280 2897 3323 PBOPBIIS
2933 3279 3158 3322 GENEBIS
3198 3277 3268 3318 ET
3308 3272 3532 3317 SPECIEI.

2312 3361 2570 3418 Dissertis
2640 3361 2801 3430 igitur
2865 3360 3081 3430 generis
3122 3350 3434 3427 spccieique
3499 3350 3837 3407 communio-s

2240 3454 2420 3522 nibus,
2459 3453 2527 3509 ad
2559 3453 2920 3525 proprietates
2950 3465 3137 3509 eorum
3169 3447 3254 3504 vel
3289 3446 3620 3503 differentias
3651 3444 3839 3501 transiv-

2242 3561 2354 3605 tum
2388 3548 2549 3613 fecit,
2582 3546 2767 3602 dicens
2802 3565 2815 3600 :
3018 3528 3029 3537 ’

2311 3641 2535 3712 Diﬁerre
2556 3643 2688 3697 inter
2709 3659 2762 3697 se
2782 3656 2940 3714 genus
2966 3648 3010 3694 et
3033 3638 3245 3709 species,
3269 3633 3410 3705 quod
3439 3648 3626 3703 genera
3649 3632 3841 3699 speciei

2240 3740 2520 3806 continent,
2546 3754 2807 3809 nunquam
2828 3752 3008 3791 rursus
3037 3748 3224 3806 genera
3248 3729 3311 3783 ab
3333 3727 3555 3799 propriis
3580 3724 3840 3795 speciebus

2241 3830 2580 3884 continentur.

2314 3920 2539 3991 Oportet
2568 3928 2743 3974 autem
2776 3919 2858 3991 (ut
2886 3917 3087 3972 dictum
3116 3912 3224 3985 est)
3254 3915 3307 3970 in
3339 3913 3444 3967 hoc
3474 3918 3701 3965 tractatu
3736 3916 3844 3961 non

2243 4012 2615 4077 subalternas,
2662 4010 2755 4065 sed
2803 4010 2974 4079 magis
3008 4009 3217 4077 species
3262 4002 3619 4061 considerari.
3664 4000 3845 4055 Genus

2243 4108 2389 4161 enim
2424 4104 2777 4177 plurimarum
2808 4104 3104 4173 specierum
3135 4111 3218 4158 est
3246 4102 3550 4162 continens,
3594 4108 3648 4151 et
3679 4104 3844 4149 unum

2245 4198 2524 4261 omnium,
2557 4206 2608 4252 et
2642 4203 2813 4250 totum
2841 4195 3093 4249 omnibus
3132 4206 3185 4249 et
3216 4194 3464 4262 singulis.
3510 4189 3660 4257 Quod
3695 4188 3737 4240 si
3773 4187 3845 4240 ita

2245 4300 2345 4356 est,
2378 4299 2433 4344 et
2460 4305 2629 4360 genus
2658 4303 2685 4342 a
2716 4289 2828 4342 suis
2857 4285 3140 4358 speciebus
3173 4285 3401 4355 singulis
3432 4284 3605 4352 majus
3634 4291 3735 4349 est,
3768 4288 3847 4333 δια

2247 4399 2351 4453 que
2382 4382 2501 4437 ideo
2532 4396 2625 4435 eas
2654 4381 2852 4435 dicitur
2879 4379 3161 4434 continuere
3184 4420 3198 4444 ,
3230 4394 3335 4432 non
3362 4385 3445 4431 est
3473 4375 3689 4429 dubium
3718 4374 3847 4441 quin

2248 4493 2311 4531 ea
2341 4477 2457 4543 ipsa
2489 4491 2687 4546 genera
2730 4490 2852 4545 qua!
2896 4474 3176 4529 continent
3218 4471 3428 4541 species
3449 4512 3463 4537 ,
3507 4468 3576 4523 ab
3605 4468 3687 4521 his
3718 4465 3849 4533 ipsis

2251 4569 2515 4623 contineri
2557 4583 2661 4620 non
2701 4566 2927 4635 possint.
2972 4566 3195 4634 Insuper
3221 4563 3400 4619 omnia
3432 4574 3629 4631 genera
3663 4558 3849 4627 praeia-

2249 4673 2394 4717 cent.
2442 4661 2556 4716 Hoc
2585 4660 2798 4715 videtur
2830 4659 3046 4724 dicere,
3081 4658 3219 4727 quod
3254 4657 3432 4711 omnia
3471 4668 3667 4722 genera
3705 4652 3851 4717 prius

2251 4757 2361 4810 sint
2394 4754 2463 4809 ab
2496 4754 2577 4808 his
2607 4752 2891 4823 speciebus
2918 4767 3039 4821 quas
3065 4750 3165 4805 sub
3194 4750 3323 4819 ipsis
3353 4749 3537 4817 positae
3564 4746 3854 4800 continen-

2255 4860 2359 4903 tur.
2411 4846 2542 4902 Nam
2593 4846 2748 4901 sicuti
2781 4845 3034 4899 materies
3083 4842 3250 4911 prima
3280 4850 3363 4895 est
3402 4840 3468 4893 ab
3506 4838 3596 4893 illa
3639 4854 3698 4892 re
3734 4850 3853 4906 quae

2254 4943 2476 4997 veniens
2503 4942 2556 4996 in
2585 4939 2865 4995 materiam
2903 4937 3134 4992 formam
3168 4934 3510 4990 constituerit
3536 4942 3695 5000 atque
3724 4932 3854 5000 figu-

2256 5012 2481 5095 raverit,
2513 5032 2589 5086 sic
2616 5032 2775 5087 etiam
2807 5030 2952 5098 prius
2978 5037 3062 5083 eSt
3088 5041 3257 5096 genus
3282 5024 3349 5079 ab
3370 5025 3463 5079 illa
3491 5025 3671 5092 specie
3693 5036 3854 5090 quam

2257 5126 2479 5180 veniens
2525 5123 2825 5179 differentia
2872 5120 3122 5175 formavit
3176 5119 3338 5189 atqu’e
3386 5117 3689 5172 constituit.
3742 5116 3854 5173 Nisi

2258 5219 2401 5273 enim
2425 5218 2475 5271 in
2489 5218 2776 5286 generibus
2788 5212 3087 5268 differentia
3106 5213 3338 5278 venerit,
3362 5209 3569 5282 species
3583 5223 3853 5278 nunquam

2260 5312 2674 5364 constituentur.
2716 5308 2892 5372 Quare
2932 5306 3256 5374 praajacent,
3298 5304 3350 5359 id
3383 5314 3466 5360 est
3493 5311 3762 5374 praesunt,
3804 5309 3853 5357 et

2262 5401 2566 5471 antiquiora
2597 5410 2722 5454 sunt
2747 5415 2948 5469 genera
2980 5401 3264 5469 speciebus
3292 5400 3425 5453 suis.
3463 5404 3633 5465 Atque
3665 5397 3786 5451 ideo
3811 5395 3853 5450 si

2261 5509 2460 5565 genera
2490 5493 2899 5557 interimantur,
2930 5494 3141 5562 species
3167 5506 3378 5562 quoque
3406 5489 3673 5559 peribunt.
3725 5490 3854 5542 Nam

2263 5591 2307 5643 si
2335 5587 2531 5642 animal
2559 5586 3152 5659 sustuleris,hominem
3178 5584 3543 5655 pecudcmque
3569 5582 3853 5637 sustulisti.

2265 5682 2321 5736 Si
2370 5696 2497 5735 vero
2544 5682 2751 5750 species
2793 5680 3203 5746 imerimantur,
3247 5693 3352 5731 non
3402 5679 3659 5731 continuo
3686 5689 3852 5746 genus

2266 5774 2527 5829 interibit.
2560 5772 2691 5827 Nam
2716 5774 2761 5827 si
2785 5774 2948 5827 homo
2975 5772 3211 5842 perierit,
3240 5771 3438 5825 animal
3464 5771 3725 5827 continuo
3753 5786 3852 5825 nor

2267 5864 2651 5935 interemptum
2675 5871 2759 5922 est
2783 5879 2801 5921 :
2822 5862 2925 5921 alia
2944 5863 3088 5921 enim
3113 5863 3415 5924 remanebit
3433 5862 3644 5933 species
3666 5864 3729 5935 de
3751 5878 3849 5929 qua
