4106 6336
293 310 356 366 61
1432 309 1498 367 lN
1535 307 1873 367 PORPHYRI

1973 306 1984 365 Ι
2024 309 2367 373 ειΑιοίιι-ιε
2403 312 2469 370 ll.

3508 316 3577 371 62

291 426 473 499 ipsum
503 422 746 491 animal,
787 421 841 479 id
869 431 952 480 est
978 436 1147 494 genus
1171 421 1509 493 praedicetur.
1563 428 1737 496 Atque
1760 423 1873 480 idec

293 531 487 540 ---ω
523 520 587 540 -..
623 516 901 540 -_--:-L..-
935 516 1041 540 -..ε-
1072 518 1242 540 ηιμ,
1280 527 1399 540 -_-_.
1459 527 1502 540 -.
1536 520 1668 540 η-.
1713 520 1873 540 ,μ-ε-

2066 450 2204 505 Dicit
2231 466 2427 522 genera
2457 449 2752 540 et_pr0pria
2781 449 2832 504 in
2860 448 2961 507 hoc
2982 450 3084 507 sibi
3105 464 3226 509 esse
3250 454 3567 525 consimilia,

289 531 492 591 genera
520 520 590 575 ab
621 516 905 589 Speciebus
934 516 1043 572 suis
1070 518 1250 587 priora
1280 527 1423 584 sunt,
1454 527 1507 575 et
1530 520 1670 589 quod
1707 520 1885 575 omnia

289 628 490 681 genera
537 613 768 668 univoce
798 612 864 667 de
907 610 1191 682 speciebus
1235 611 1630 682 praedicentur,
1680 614 1888 685 species

288 707 427 776 ipsae
449 704 515 761 de
543 704 835 767 generibus
867 719 1157 773 nunquam.
1190 702 1301 760 Hoc
1333 706 1607 779 (arbitror)
1637 707 1886 763 hesterna

289 797 663 871 lucubratione
688 797 798 867 jam
828 796 1033 854 dictum
1063 809 1166 856 est.
1194 798 1324 854 Nam
1357 817 1551 871 genera
1580 816 1792 871 semper
1819 801 1889 858 de

293 892 575 957 speciebus
600 894 830 947 univoce
858 892 1237 962 praedicantur.
1263 894 1436 949 Homo
1460 895 1627 962 enim,
1650 906 1704 951 et
1726 897 1887 951 homo

294 995 379 1035 est
402 993 453 1037 et
473 983 689 1039 animal.
714 984 884 1039 Porro
908 993 1088 1040 autem
1113 984 1312 1045 animal
1333 1001 1502 1056 genus
1522 996 1606 1041 est
1629 985 1884 1054 hominis,

294 1082 352 1129 et
377 1074 691 1142 praedicatur
721 1072 919 1129 animal
949 1073 1017 1129 de
1046 1075 1284 1130 homine.
1319 1077 1582 1144 Quoniam
1615 1093 1742 1149 ergo
1771 1076 1886 1131 ani-

294 1166 401 1220 mal
429 1167 779 1236 praedicatur,
811 1176 865 1221 et
894 1166 1091 1223 dicitur
1120 1167 1281 1223 homo
1318 1168 1553 1237 animal,
1597 1171 1794 1225 animal
1830 1177 1886 1225 et

289 1256 452 1313 homo
497 1275 603 1313 uno
645 1260 894 1317 animalis
946 1263 1163 1318 nomine
1208 1273 1605 1333 nuncupantur.
1655 1264 1761 1319 Sed
1802 1264 1884 1319 his

289 1350 422 1419 ipsis
453 1351 694 1408 deﬁnitio
724 1369 828 1408 una
866 1355 1170 1412 conveniet.
1218 1354 1313 1412 Est
1351 1356 1493 1411 enim
1531 1357 1729 1412 animal
1758 1357 1885 1412 sub-

287 1445 485 1513 stantia
512 1448 743 1502 animata
777 1448 1067 1518 sensibilis,
1099 1449 1242 1520 quod
1270 1467 1376 1505 non
1404 1450 1692 1507 absurdum
1722 1461 1805 1507 est
1829 1452 1883 1506 in

286 1537 511 1607 homine
536 1541 664 1595 diei.
718 1541 850 1595 Nam
880 1534 1039 1597 homo
1071 1543 1187 1613 ipse
1214 1546 1259 1597 si
1284 1543 1481 1597 animal
1514 1542 1741 1606 dicatur,
1775 1560 1881 1598 non

286 1633 398 1689 erit
436 1633 727 1690 absurdum
778 1634 882 1690 dici
926 1634 991 1691 de
1039 1635 1256 1692 homine
1296 1637 1594 1692 substantia
1648 1638 1881 1693 animata

284 1724 587 1779 sensibilis.
639 1724 799 1796 Igitur
846 1742 1016 1796 genus
1066 1728 1134 1783 de
1179 1728 1459 1799 speciebus
1507 1731 1619 1785 suis
1648 1732 1882 1785 univoce

1990 541 2133 611 quod
2161 555 2321 597 omne
2350 536 2578 613 genus'a
2604 543 2714 598 suis
2740 544 3018 612 speciebus
3050 536 3321 615 nunquam
3348 547 3573 603 recedit.

1991 634 2195 689 Eodem
2225 636 2387 691 modo
2416 645 2470 690 et
2500 637 2735 706 prepria.
2774 637 2909 692 Nam
2940 638 2982 692 si
3012 636 3212 694 dixeris
3242 638 3423 705 homo,
3451 656 3575 695 cum

1989 728 2106 797 ipso
2135 728 2352 783 homine
2382 730 2639 785 continuo
2670 728 2867 785 animal
2898 731 3208 797 nominasti,
3239 732 3378 801 quod
3412 733 3578 802 ipsius

1992 820 2256 888 hominis,
2290 820 2341 874 id
2382 831 2465 876 est
2499 820 2696 890 speciei
2735 836 2902 892 genus
2940 832 3042 879 est.
3088 824 3156 878 At
3184 836 3316 878 vero
3365 822 3577 879 etiamsi

1992 912 2264 969 hominem
2292 913 2514 979 dixeris,
2544 913 2660 993 ejus
2684 916 2843 969 etiam
2873 914 3142 984 proprium
3170 916 3425 971 continuo
3456 932 3577 972 cum

1989 1004 2207 1060 homine
2250 1005 2540 1062 nominasti
2574 1024 2589 1069 :
2620 1008 2794 1061 omnis
2837 1007 2981 1062 enim
3025 1007 3186 1061 homo
3223 1007 3443 1062 risibilis
3471 1016 3575 1063 est.

1992 1097 2066 1152 lta
2096 1112 2307 1167 semper
2333 1114 2501 1169 genus
2529 1108 2580 1153 et
2610 1099 2822 1169 propria
2854 1099 2966 1153 suis
2992 1101 3271 1170 speciebus
3302 1102 3500 1155 inserta
3525 1107 3579 1153 et

1987 1192 2385 1263 quodammodo
2423 1194 2785 1263 conglutinata
2825 1201 2967 1247 sunt.
3012 1191 3273 1248 Similiter
3315 1203 3368 1249 ει
3410 1206 3580 1263 genus

1988 1286 2311 1355 praedicatur
2338 1286 2405 1343 de
2430 1285 2738 1357 speciebus,
2763 1297 2816 1342 et
2846 1287 3121 1358 proprium
3155 1288 3221 1340 de
3250 1287 3319 1342 iis
3352 1302 3469 1355 qua:
3496 1284 3588 1342 sui

1987 1379 2358 1451 participantia
2374 1390 2517 1446 sunt,
2533 1389 2588 1437 et
2608 1381 2908 1450 aequaliter,
2937 1380 3131 1450 inquit,
3148 1393 3336 1433 omnes
3364 1378 3595 1449 species

1986 1472 2165 1528 eidem
2204 1472 2388 1542 generi
2432 1484 2845 1544 supponuntur,
2887 1482 2939 1527 et
2978 1472 3045 1527 ad
3091 1486 3183 1526 eas
3232 1486 3401 1542 genus
3448 1470 3577 1526 illud

1985 1564 2308 1633 appellatur,
2344 1564 2483 1619 sicut
2514 1564 2723 1634 prepria
2753 1563 2819 1618 ad
2847 1579 2908 1619 ea
2940 1564 3318 1633 prtcdicantur,
3349 1576 3469 1633 qua:
3495 1563 3577 1617 sui

1989 1655 2297 1724 participari
2332 1665 2569 1723 possunt.
2615 1655 2854 1725 Namque
2885 1655 3162 1725 aequaliter
3188 1668 3356 1723 genus
3388 1654 3453 1709 de
3482 1655 3579 1706 ho-

1988 1748 2132 1801 mine
2158 1748 2382 1813 dicitur,
2415 1757 2468 1802 et
2504 1744 2571 1803 de
2607 1764 2774 1817 equo,
2803 1757 2856 1802 et
2884 1748 2952 1802 de
2982 1748 3150 1813 bove,
3188 1755 3243 1802 et
3266 1747 3337 1802 de
3368 1747 3579 1801 caeteris

285 1818 641 1889 praedicatur,
676 1819 816 1888 quod
848 1829 903 1875 et
931 1822 1122 1876 eodem
1152 1824 1371 1899 nomine
1392 1865 1407 1890 ,
1436 1832 1490 1877 et
1522 1824 1710 1879 eadem
1737 1820 1873 1877 deti-

1983 1810 2375 1909 animantibus,
2395 1810 2844 1910 quemadmodum
2873 1848 2927 1894 et
2954 1839 3195 1904 risibile,
3230 1839 3281 1893 id
3315 1848 3417 1905 est,
3456 1850 3577 1907 pro-

286 1909 490 1983 nitione
510 1911 816 1966 conveniat.
847 1913 914 1967 At
939 1928 1067 1967 vero
1088 1913 1297 1983 species
1329 1929 1434 1967 non
1469 1914 1629 1968 modo
1654 1913 1882 1969 univoce

284 2017 394 2077 non
429 2002 791 2072 praedicantur
818 2005 886 2060 de
917 2006 1204 2076 generibus
1231 2007 1375 2074 suis,
1407 2006 1500 2063 sed
1530 2022 1631 2064 nec
1659 2009 1881 2064 omnino

282 2097 661 2166 prmtlicantur.
682 2099 833 2154 Nulla
864 2100 1007 2155 enim
1035 2116 1123 2156 res
1150 2102 1325 2155 minor
1354 2101 1423 2157 de
1453 2101 1655 2171 maiore
1685 2103 1882 2171 poterit

283 2188 583 2258 praedicari.
616 2190 792 2261 Atque
819 2191 963 2261 ideo,
987 2193 1234 2263 quoniam
1263 2196 1467 2264 species
1490 2196 1727 2252 minores
1756 2205 1883 2251 sunt

280 2280 392 2335 suis
412 2283 719 2351 generibus,
740 2285 808 2340 de
826 2285 1107 2355 generibus
1130 2288 1240 2342 suis
1256 2305 1427 2360 neque
1441 2290 1686 2357 univoce,
1706 2307 1881 2361 neque

280 2371 462 2455 aliquo
493 2375 654 2431 modo
690 2388 943 2447 poterunt
972 2380 1252 2449 appellari.
1596 2442 1597 2445 η

352 2465 585 2539 Amplius
614 2472 785 2524 omnia
809 2488 996 2541 genera
1024 2473 1289 2529 abundant
1318 2477 1669 2545 complexione
1698 2480 1792 2532 sub
1822 2495 1878 2535 se

280 2558 564 2624 positarum
601 2562 879 2632 specierum
905 2606 919 2631 ,
954 2565 1083 2633 ipsa:
1113 2568 1303 2637 species
1332 2568 1595 2641 abundant
1631 2587 1876 2644 generum

284 2661 498 2701 suorum
526 2652 747 2719 propriis
775 2651 1101 2718 di/ferentiis.

353 2737 505 2807 Quod
553 2742 682 2798 dicit
711 2746 929 2813 perinde
957 2755 1040 2801 est
1068 2761 1131 2801 ac
1167 2748 1210 2802 si
1253 2748 1458 2805 diceret
1491 2770 1505 2807 :
1532 2752 1704 2808 Omne
1730 2756 1874 2824 quod

275 2845 447 2902 genus
476 2843 579 2900 est,
606 2837 785 2905 plures
813 2837 915 2893 sub
944 2853 1002 2893 se
1028 2838 1235 2909 species
1260 2843 1535 2909 continet;
1565 2860 1725 2901 omne
1746 2862 1875 2904 vero

274 2923 419 2993 Quod
450 2924 781 2994 Species'sub
811 2940 869 2985 se
901 2928 1083 3000 plures
1115 2928 1294 2995 habet,
1328 2932 1657 2992 diﬁcrentias
1689 2936 1870 2994 habet.

278 3012 463 3072 Genus
491 3018 671 3087 enim,
707 3018 758 3074 id
786 3030 869 3076 est
896 3023 1126 3088 animal,
1170 3026 1220 3079 in
1267 3024 1367 3081 hoc
1406 3028 1651 3095 homine,
1705 3029 1757 3085 id
1789 3032 1877 3086 est

273 3104 485 3176 specie,
516 3108 915 3180 superabundat
942 3122 996 3169 et
1024 3126 1301 3185 superest,
1336 3119 1478 3186 quod
1507 3119 1668 3176 homo
1696 3122 1869 3177 solum

1988 1941 2160 2005 prium
2189 1937 2254 1992 de
2285 1936 2572 1992 Hortensio
2597 1936 2792 1991 dicitur
2817 1943 2871 1990 et
2898 1935 3179 2001 Cicerone,
3212 1942 3264 1989 et
3296 1934 3365 1989 de
3390 1933 3576 2004 singua

1985 2030 2051 2085 lis
2080 2030 2370 2085 individuis
2395 2046 2514 2099 quae
2543 2029 2644 2085 sub
2670 2029 2857 2083 eadem
2889 2027 3070 2098 specie
3098 2027 3475 2093 continentur,
3508 2026 3585 2082 ad

1984 2124 2142 2192 quam
2170 2126 2403 2194 speciem
2432 2124 2725 2194 proprium,
2762 2123 2813 2177 id
2842 2131 2943 2187 est,
2972 2122 3174 2177 risibile
3204 2121 3403 2191 poterit
3432 2132 3591 2190 prmw

1982 2214 2171 2271 dicari.
2207 2215 2396 2270 Adhuc
2430 2229 2716 2270 commune
2742 2222 2823 2269 est
2854 2214 2986 2283 ipsis
3015 2214 3243 2268 univoee
3272 2211 3576 2283 praedicari.

1982 2298 2224 2377 Namque
2245 2309 2379 2363 sicut
2404 2322 2574 2377 genus
2596 2307 2664 2361 de
2693 2308 2803 2361 suis
2831 2306 3112 2377 speciebus
3138 2306 3219 2376 (ot
3242 2306 3443 2360 dictum
3470 2302 3585 2375 est)

1984 2390 2209 2455 univoce
2259 2398 2601 2469 prtedicatur,
2650 2401 2721 2454 ita
2765 2408 2821 2455 et
2862 2401 3134 2469 proprium
3179 2398 3246 2453 de
3292 2412 3355 2453 ea
3397 2398 3582 2468 specie

1980 2492 2135 2559 Cujus
2181 2503 2264 2548 est
2312 2494 2587 2564 pronrinm
2635 2495 2863 2549 univoce
2910 2494 3249 2564 praedicatur.
3302 2493 3434 2548 Nam
3484 2492 3588 2563 qui’

1980 2583 2145 2639 homo
2170 2594 2272 2651 est,
2306 2593 2362 2639 et
2393 2586 2596 2641 risibile
2627 2599 2726 2641 est.
2768 2586 2939 2640 Porro
2972 2595 3149 2639 autem
3190 2586 3235 2640 si
3274 2586 3397 2655 quis
3433 2584 3585 2640 dicar

1981 2675 2250 2733 hominem
2275 2693 2396 2733 esse
2418 2679 2611 2733 animal
2648 2678 2907 2733 rationale
2930 2688 2983 2734 et
3015 2679 3269 2743 mortale,
3298 2688 3351 2733 et
3376 2677 3583 2736 dixerit

1984 2767 2188 2822 risibile
2213 2782 2333 2824 esse
2360 2769 2557 2823 animal
2588 2770 2847 2823 rationale
2870 2779 2922 2823 et
2947 2770 3194 2835 mortale,
3220 2784 3325 2823 non
3352 2769 3573 2827 errabit.

1984 2861 2284 2931 Equaliter
2310 2862 2473 2932 igitur
2499 2872 2550 2917 et
2581 2876 2749 2932 genus
2786 2863 2854 2916 de
2883 2863 3167 2932 speciebus
3202 2862 3335 2929 suis,
3366 2870 3422 2915 et
3452 2874 3574 2931 prod

1982 2951 2094 3021 pria
2128 2953 2194 3008 de
2229 2968 2291 3009 ea
2321 2955 2531 3023 specie,
2561 2952 2713 3024 cujus
2745 2962 2903 3020 sunt,
2940 2954 3153 3023 propria
3187 2954 3409 3009 univoce
3441 2967 3571 3023 prae-

1982 3045 2180 3102 dicant.

2284 3156 2349 3195 DE
2388 3156 2625 3196 PROPRIIS
2664 3155 2888 3197 GBNEBIS
2925 3157 2995 3197 ΒΤ
3036 3155 3263 3195 PROPR".

274 3198 437 3303 homo
466 3209 568 3303 est.
588 3202 981 3303 .Animal-rero
1007 3222 1113 3303 non
1142 3209 1511 3303 solumAhomO
1530 3251 1547 3279 9
1580 3213 1675 3268 88d
1706 3215 1869 3270 etiam
1900 3196 1947 3262 ε
2050 3230 2238 3287 Dill'ert
2264 3241 2445 3287 autem
2479 3240 2798 3301 utrumque,
2829 3232 2970 3302 quod
2999 3246 3167 3303 genus
3204 3232 3435 3298 primum
3462 3236 3575 3295 est,

272 3288 372 3344 bos
402 3290 485 3345 vel
518 3293 654 3359 avis,
683 3295 765 3349 vel
795 3296 895 3350 alia
933 3297 1263 3367 hujusmodi.
1306 3299 1525 3369 Species
1564 3319 1696 3359 vero
1722 3307 1774 3360 in
1805 3316 1873 3361 ea

269 3396 524 3452 superant
551 3400 747 3454 genera
780 3403 897 3452 sua,
930 3390 1072 3459 quod
1103 3406 1193 3446 eas
1224 3391 1558 3450 differentias
1587 3412 1718 3466 quas
1748 3413 1873 3467 spe-

270 3475 381 3533 cies
400 3477 454 3531 in
476 3490 595 3533 actu
619 3479 838 3546 habent,
862 3497 953 3537 eas
974 3499 1172 3553 genera
1193 3501 1300 3539 non
1325 3486 1545 3544 habent.
1560 3489 1713 3555 Nam,
1730 3492 1872 3547 sicut

270 3570 517 3638 superius
553 3571 752 3626 dictum
804 3582 924 3641 est,
966 3590 1163 3644 genera
1207 3577 1536 3635 differentias
1580 3582 1697 3636 illas
1735 3598 1867 3653 quas

271 3660 468 3715 habent
495 3664 596 3719 sub
624 3678 685 3719 se
724 3665 934 3733 species
979 3668 1168 3734 posita:
1192 3709 1209 3736 ,
1254 3678 1519 3738 potestate
1563 3673 1863 3741 continent,

272 3766 374 3805 non
404 3756 565 3809 etiam
597 3769 677 3810 re.
713 3759 886 3826 Atque
913 3757 1032 3811 ideo
1058 3760 1266 3827 species
1296 3775 1417 3829 qua:
1447 3772 1531 3818 est
1561 3762 1744 3829 homo,
1778 3765 1864 3819 vel

268 3842 371 3896 alia
402 3846 632 3914 species,
658 3845 798 3900 sicut
828 3854 912 3901 est
939 3862 1109 3917 equus
1128 3866 1160 3904 a
1190 3866 1386 3919 genere
1414 3867 1511 3906 suo
1535 3854 1780 3919 animali,
1809 3856 1862 3910 in

267 3935 369 3989 hoc
406 3939 682 3994 abundant
710 3948 767 3997 et
796 3953 1114 4011 supersunt,
1149 3944 1291 4014 quod
1330 3949 1527 4003 animal
1560 3952 1731 4019 ipsum
1766 3968 1861 4022 per

264 4043 326 4084 se
355 4046 527 4100 neque
570 4033 833 4089 rationale
883 4050 1059 4106 neque
1105 4038 1415 4098 irrationale
1461 4056 1562 4099 est.
1618 4048 1689 4100 At
1731 4063 1861 4103 vero

265 4116 431 4174 homo
458 4122 546 4175 vel
575 4138 739 4193 equus
772 4124 875 4180 hoc
902 4129 1196 4198 rationale,
1234 4131 1363 4186 illud
1392 4144 1475 4189 est
1513 4137 1737 4193 rationis
1766 4154 1861 4193 ex-

265 4224 412 4281 pers.
448 4213 583 4269 lllud
609 4218 764 4272 etiam
796 4221 937 4289 quod
965 4224 1174 4291 species
1202 4234 1472 4295 nunquam
1497 4231 1667 4302 magis
1691 4248 1858 4299 genus

264 4304 393 4369 ﬁet,
439 4322 624 4364 rursus
652 4320 704 4365 et
734 4327 902 4381 genus
932 4329 1201 4383 nunquam
1234 4320 1403 4387 magis
1441 4323 1649 4389 species
1680 4324 1737 4377 tit
1757 4364 1772 4387 ,
1803 4335 1858 4380 et

262 4406 321 4451 ut
345 4397 608 4456 sciremus
639 4400 724 4456 hic
751 4419 855 4459 non
886 4405 953 4461 de
982 4408 1302 4464 suhalternis
1332 4414 1635 4481 speciebus,
1667 4418 1760 4471 sed
1790 4418 1857 4474 de

260 4489 367 4544 illis
399 4494 568 4561 magis
592 4496 876 4564 speciebus
903 4498 1415 4569 speeialissimisque
1446 4508 1684 4561 tractari.
1715 4508 1853 4575 Quid

260 4582 375 4637 ait?
418 4583 573 4652 Quod
612 4601 675 4642 ea
716 4604 838 4658 qua:
877 4599 1006 4646 sunt
1038 4607 1236 4662 genera
1286 4598 1451 4667 magis
1489 4600 1700 4668 species
1737 4602 1853 4657 ﬁeri
1879 4582 1935 4647 D

161 4728 176 4743 ,
259 4692 535 4748 nunquam
580 4693 842 4750 possunt,
887 4699 1063 4755 neque
1100 4687 1271 4757 magis
1312 4692 1525 4760 species
1567 4693 1853 4763 aliquando

260 4767 375 4823 ﬁeri
406 4772 577 4841 magis
603 4786 794 4842 genus.
835 4776 970 4832 Nam
999 4779 1207 4848 species
1244 4798 1514 4853 nunquam
1552 4801 1717 4855 genus
1747 4799 1851 4847 est.

258 4860 527 4929 Quidquid
558 4865 700 4920 enim
746 4866 907 4924 fuerit
933 4871 1142 4940 species
1171 4886 1338 4943 genus
1368 4893 1473 4932 non
1514 4880 1643 4945 erit,
1679 4896 1855 4950 neque

261 4953 516 5059 quidquid
547 4958 711 5014 fuerit
738 4975 908 5047 genus
935 4965 1146 5034 species
1172 4968 1297 5023 erit.
1335 4968 1514 5035 Quare
1550 4984 1762 5029 constat
1796 4976 1851 5031 in
1874 5049 1891 5059 _
1924 4974 1927 4975 ⁷

265 5047 347 5102 his
374 5064 496 5103 eum
531 5055 844 5110 tractatibus
874 5055 941 5112 de
963 5059 1243 5127 speciebus
1269 5062 1418 5129 solis,
1448 5079 1552 5120 non
1590 5066 1749 5123 etiam
1778 5068 1847 5125 de

258 5139 587 5198 suhalternis
613 5144 905 5204 disserere.
941 5149 1262 5215 suhalterna
1299 5157 1445 5212 enim
1475 5170 1699 5227 possunt
1726 5177 1848 5218 esse

253 5233 415 5287 etiam
445 5249 675 5303 genera,
706 5239 876 5309 magis
913 5244 1125 5308 species
1153 5260 1281 5302 vero
1321 5248 1402 5317 (ut
1431 5250 1547 5319 ipse
1575 5253 1673 5322 ait)
1713 5230 1852 5309 nun-

252 5341 412 5393 quam
427 5342 629 5396 genera
650 5343 772 5385 esse
795 5344 1047 5401 possunt,
1068 5337 1162 5392 sed
1194 5349 1472 5411 postquam
1496 5343 1565 5398 de
1589 5360 1849 5414 generum

250 5418 662 5504 Specierumque
673 5424 1146 5484 communitatibus
1159 5430 1580 5504 diﬂ‘erentiisque
1594 5445 1851 5496 tractatus

251 5500 469 5568 ha‘bitus
489 5520 602 5580 est,
625 5513 693 5569 ad
718 5530 912 5584 genera
938 5519 1257 5590 prOpriaqne
1285 5500 1649 5595 transgressus
1671 5538 1773 5584 est.

512 5629 580 5669 DE
613 5628 945 5672 COIMUNIBUS
980 5634 1205 5675 GBNERIS
1245 5637 1312 5676 ΕΤ
1355 5639 1583 5681 PROPR”.

326 5706 540 5765 Generis
573 5720 620 5766 et
655 5715 850 5785 proprii
880 5730 1148 5774 commune
1178 5716 1277 5773 hoc
1303 5728 1406 5791 est,
1442 5722 1701 5783 adhrerere
1728 5744 1847 5799 spe-

252 5803 428 5861 ciebus
454 5820 505 5864 et
526 5824 613 5865 eas
641 5810 957 5884 pmpiectari.

1975 3325 2269 3379 secundum
2293 3327 2589 3395 pr0prium.
2614 3326 2795 3381 Genus
2816 3327 2961 3381 enim
2983 3326 3025 3379 si
3052 3326 3120 3379 ab
3141 3327 3321 3395 specie
3342 3324 3575 3393 primum

1973 3424 2087 3483 est,
2120 3419 2393 3487 proprium
2422 3426 2600 3472 autem
2630 3421 2719 3472 uni
2751 3428 2956 3473 tantum
2985 3419 3183 3487 speciei
3214 3418 3486 3482 adhaeret,
3516 3424 3573 3477 et

1972 3511 2149 3567 eidem
2180 3513 2387 3581 aequale
2414 3520 2532 3577 est,
2569 3527 2675 3565 non
2706 3523 2789 3567 est
2825 3512 3042 3566 dubium
3073 3512 3198 3580 quin
3230 3526 3399 3581 genus
3425 3509 3565 3580 quod

1971 3603 2155 3671 specie
2196 3604 2368 3673 majus
2403 3612 2527 3672 est,
2572 3604 2790 3673 proprio
2826 3605 2987 3658 etiam
3031 3604 3232 3672 s‘peciei
3274 3602 3446 3672 majus
3474 3602 3575 3657 sit.

1970 3694 2102 3751 Nam
2134 3704 2192 3751 ut
2217 3696 2288 3751 sit
2316 3696 2538 3761 risibile,
2570 3696 2766 3750 animal
2799 3698 2946 3766 prius
2973 3708 3075 3752 est.
3120 3696 3362 3765 Namque
3388 3705 3447 3749 ut
3469 3696 3569 3750 ali.

1969 3804 2070 3859 qua
2103 3790 2315 3859 species
2339 3788 2682 3855 informatur,
2715 3790 2946 3859 propriis
2969 3800 3019 3844 et
3049 3788 3370 3844 ditl‘erentiis
3395 3789 3573 3858 primo

1967 3881 2071 3935 erit
2099 3897 2302 3952 genus,
2337 3882 2422 3937 ubi
2462 3883 2547 3937 illa
2578 3884 2929 3949 conveniant,
2958 3884 3097 3937 sicut
3126 3881 3456 3950 frequentius
3484 3881 3567 3934 in-

1966 3973 2235 4029 culcatum
2269 3984 2374 4031 est.
2422 3975 2644 4032 Accedit
2675 3977 2836 4031 etiam
2867 3977 3009 4047 quod
3034 3991 3204 4047 genus
3232 3975 3299 4030 de
3325 3974 3573 4045 pluribus-

1966 4066 2249 4134 speciebus
2281 4066 2625 4137 praedicatur.
2664 4068 2905 4136 Namque
2932 4082 3125 4137 genus,
3158 4066 3211 4122 id
3248 4075 3331 4122 est
3363 4066 3575 4126 animal.

1966 4158 2034 4214 de
2057 4160 2320 4229 pluribus,
2346 4170 2400 4215 at
2422 4176 2552 4216 vero
2583 4166 2883 4231 proprium,
2911 4161 2964 4216 id
2990 4173 3093 4228 est,
3117 4161 3320 4216 risibile
3344 4161 3413 4216 de
3443 4160 3571 4221 sala

1963 4258 2167 4305 tantum
2196 4252 2431 4306 hominis
2466 4254 2649 4321 specie
2680 4254 3018 4322 pradicatur.
3060 4245 3210 4309 Utﬂle
3239 4252 3299 4307 tit
3329 4261 3383 4306 ut
3415 4267 3565 4307 som-

1962 4359 2059 4413 per
2089 4345 2303 4414 propria
2342 4343 2412 4400 de
2451 4345 2732 4415 speciebus
2777 4345 2892 4401 suis
2935 4344 3240 4403 conversim
3279 4343 3567 4414 pradicari

1961 4439 2208 4508 possint,
2245 4439 2455 4508 species
2496 4447 2674 4494 autem
2706 4439 2772 4495 de
2814 4455 3013 4510 genere
3043 4454 3332 4509 nunquam.
3375 4438 3565 4509 Neque

1963 4529 2106 4584 enim
2139 4530 2278 4599 quod
2312 4532 2507 4585 animal
2539 4540 2651 4599 est,
2689 4532 2851 4586 homo
2879 4542 2995 4601 est,
3028 4547 3200 4602 neque
3228 4546 3388 4586 omne
3416 4531 3569 4601 quod.

1959 4623 2157 4676 animal
2188 4632 2296 4688 est,
2321 4624 2528 4679 risibile
2554 4635 2657 4679 εει.
2687 4624 2873 4680 Potest
2898 4625 3043 4679 enim
3076 4638 3199 4680 esse
3224 4632 3280 4679 et
3305 4639 3475 4696 equus
3505 4632 3563 4686 et

1960 4718 2221 4774 hinnibile
2263 4720 2313 4775 id
2354 4722 2495 4791 quod
2543 4721 2741 4776 animal
2785 4723 3114 4777 nominatur.
3164 4721 3336 4777 Porro
3378 4730 3561 4780 autem

1958 4823 2119 4867 omne
2151 4812 2293 4882 quod
2322 4823 2405 4869 est
2445 4816 2636 4881 homo,
2667 4816 2718 4870 id
2752 4816 2959 4872 risibile
2985 4825 3097 4881 est,
3130 4824 3184 4871 et
3218 4831 3379 4872 omne
3413 4815 3563 4886 quod-

1956 4913 2040 4958 est
2080 4903 2285 4959 risibile
2308 4947 2323 4970 ,
2370 4905 2423 4960 id
2473 4906 2635 4961 homo
2670 4916 2774 4964 est.
2817 4908 3047 4963 Possunt
3073 4908 3218 4964 enim
3254 4910 3473 4979 propria
3502 4918 3563 4967 ει-

1957 4996 2167 5064 species
2192 4996 2411 5066 sibiipsa
2438 5000 2702 5068 converti,
2728 5009 2781 5056 et
2805 5002 3109 5056 conversim
3140 5000 3206 5056 ad
3235 5016 3296 5057 se
3323 5000 3553 5057 invicem

1957 5088 2260 5159 praedicari.
2286 5091 2552 5147 Praeterea
2576 5095 2721 5149 omni
2746 5095 2943 5165 speciei
2968 5094 3224 5167 quidquid
3250 5094 3407 5152 fuerit
3429 5110 3554 5166 pro~

1956 5180 2242 5250 prium,'et
2270 5184 2417 5239 omni
2445 5194 2500 5240 et
2528 5185 2628 5240 soli
2655 5196 2758 5243 est.
2789 5184 3032 5258 Namque
3064 5188 3266 5243 risibile
3290 5200 3343 5243 et
3370 5188 3551 5242 omni-

1957 5271 2054 5326 bus
2080 5272 2389 5331 hominibus
2418 5286 2521 5345 est,
2553 5288 2606 5331 et
2635 5278 2735 5332 soli
2766 5278 3001 5334 hominis
3030 5281 3229 5350 speciei
3253 5280 3451 5335 evenit.
3481 5282 3555 5341 As

1955 5380 2085 5420 vero
2115 5366 2309 5421 animal
2342 5371 2484 5438 quod
2523 5385 2693 5439 genus
2721 5380 2806 5425 est
2827 5412 2843 5437 ,
2869 5382 2925 5428 et
2954 5372 3000 5428 si
3037 5374 3126 5428 uni
3156 5371 3355 5442 speciei
3385 5373 3549 5442 inest,

1954 5466 2059 5512 non
2091 5465 2267 5514 tamen
2300 5459 2424 5516 soli.
2458 5459 2695 5532 Namque
2727 5465 2922 5518 animal
2960 5466 3107 5519 omni
3145 5463 3348 5518 homini
3387 5465 3547 5532 inest,

1953 5565 2058 5605 non
2088 5552 2185 5606 soli
2221 5562 2400 5608 tamen
2432 5555 2669 5621 homini,
2721 5558 2845 5625 quia
2880 5558 3017 5612 inest
3057 5560 3217 5612 etiam
3249 5557 3442 5625 pecudi
3490 5568 3545 5614 et

1951 5645 2160 5699 emteris
2189 5646 2571 5702 animantibus.
2604 5649 2823 5719 Oportet
2859 5660 3037 5705 autem
3071 5652 3157 5705 hic
3193 5650 3286 5705 illa
3327 5652 3549 5721 propria:

1953 5736 2283 5807 intelligere,
2312 5754 2430 5809 qua:
2466 5742 2637 5810 magis
2676 5744 2888 5813 propria
2925 5750 3086 5812 sunt,
3121 5744 3171 5799 id
3200 5753 3284 5800 est
3309 5761 3430 5817 quas
3462 5748 3545 5802 iu.

1953 5837 2102 5900 tegre
2125 5830 2337 5901 propria
2364 5832 2737 5903 nominantur,
2765 5848 2886 5905 quae
2911 5846 3037 5894 sunt
3061 5836 3365 5921 huiusmodi
3396 5849 3455 5899 ut
3480 5848 3540 5903 οι
