4106 6336
282 312 346 366 55
1383 305 1450 361 ΙΝ
1490 297 1944 360 PORPHYRIUM
1985 296 2332 354 DIALOGUS
2374 297 2438 353 il.
3499 298 3565 351 tif}

280 436 386 490 tur,
417 425 448 478 7
481 424 563 478 hae
603 421 872 479 distanttte
898 423 1052 479 ﬁunt.
1084 423 1152 478 At
1183 435 1312 480 vero
1336 423 1547 492 species
1573 436 1678 492 quo
1717 435 1746 474 a
1781 435 1873 489 ge-
1899 419 1954 479 Δ
1977 430 2039 472 ex
2079 415 2163 471 his
2192 416 2402 485 species
2449 414 2786 471 inf‘ormetur.
2836 413 3078 486 Namque
3108 415 3386 471 rationalis
3414 415 3567 473 diffe-

278 535 407 578 uere
436 519 602 574 distet
627 525 632 562 ε
640 518 752 588 jam
787 526 910 573 tunc
937 518 1138 574 dictum
1167 527 1271 585 est,
1297 533 1417 573 cum
1457 504 1738 573 dicebatur
1766 533 1871 586 quo

275 630 444 686 genus
473 613 638 669 distet
663 629 692 667 a
718 613 920 682 specie.
955 612 1092 681 Quid
1120 622 1299 668 autem
1332 611 1634 667 differentia
1661 611 1871 666 discre-

277 714 450 775 paret,
503 713 629 758 tunc
676 703 1097 760 demonstratum
1145 712 1246 769 est,
1296 719 1418 759 cum
1464 704 1770 759 diceremus
1819 705 1873 758 in

277 813 387 870 quo
427 797 726 852 differentia
772 812 805 852 a
854 797 1034 866 specie
1079 797 1502 852 discerneretur.
1578 797 1877 853 Remanent

281 891 445 960 igitur
471 889 586 945 duae
624 889 852 959 speciei,
888 889 940 944 id
967 899 1082 954 est,
1112 905 1232 944 cum
1267 890 1482 959 proprio
1522 898 1576 944 et
1613 888 1876 944 accidenti

286 980 620 1046 differentiae,
655 996 774 1051 qua:
799 980 1000 1050 junctae
1030 995 1150 1034 cum
1184 982 1552 1050 superioribus
1583 982 1637 1046 7,
1665 983 1699 1037 9
1725 981 1879 1036 diffe-

285 1073 482 1127 rentias
516 1069 778 1126 efficiunt.
825 1071 1015 1126 Restat
1050 1071 1211 1142 igitur
1248 1088 1350 1126 una
1396 1074 1595 1142 proprii
1640 1082 1695 1128 et
1734 1074 1878 1129 acci-

284 1163 458 1217 dentis
483 1162 818 1230 differentia,
853 1179 973 1234 quae
1003 1163 1211 1218 dicatur
1253 1183 1264 1216 :
1300 1179 1420 1219 nam
1448 1165 1578 1236 quid
1617 1181 1646 1220 a
1680 1181 1878 1237 genere

282 1257 451 1312 distet
489 1257 688 1311 dictum
719 1266 821 1322 est,
855 1273 975 1312 cum
1003 1256 1130 1326 quid
1150 1273 1318 1327 genus
1345 1257 1570 1313 distaret
1597 1274 1628 1313 a
1660 1260 1877 1329 proprio

282 1349 576 1404 diceretur.
625 1350 794 1404 Porro
824 1349 950 1420 quid
983 1365 1011 1403 a
1043 1350 1224 1419 Specie
1250 1350 1475 1405 distaret
1503 1351 1703 1406 dudum
1736 1353 1879 1408 dice-

282 1445 464 1510 batur,
499 1459 619 1498 cum
648 1443 777 1514 quid
806 1444 1013 1513 species
1041 1459 1071 1497 a
1100 1443 1314 1513 proprio
1333 1443 1574 1500 differret
1599 1461 1876 1501 enumera-

283 1537 462 1592 batur.
506 1536 675 1591 Porro
719 1547 898 1590 autem
930 1534 1053 1605 quid
1086 1550 1114 1588 a
1145 1534 1465 1601 differentia,
1497 1535 1658 1590 etiam
1706 1536 1758 1589 id
1799 1536 1880 1590 di-

286 1636 434 1684 ctum
461 1635 562 1692 est,
586 1640 706 1680 cum
738 1641 766 1679 a
799 1626 1014 1695 proprio
1042 1624 1341 1680 differentia
1374 1636 1740 1694 separaretur.
1773 1625 1880 1680 Sed

289 1734 436 1773 nunc
459 1717 903 1787 quemadmodum
927 1717 1225 1773 differentia
1254 1735 1283 1772 a
1307 1719 1507 1789 specie,
1540 1720 1756 1790 proprio
1783 1736 1876 1776 ac-

286 1810 594 1881 cidentique
620 1810 961 1875 discernitur,
986 1810 1282 1866 videamus.

479 1929 544 1966 ne
583 1926 916 1967 connumeus
954 1927 1320 1967 DlFFERENTlA-Z
1360 1928 1425 1966 ετ
1463 1926 1685 1966 SPECIEI.
1782 1902 1789 1910 ’

363 2008 458 2064 Est
483 2009 794 2064 communio
824 2007 1139 2064 differentia:
1173 2018 1227 2064 et
1263 2009 1462 2077 speciei
1493 2008 1634 2073 quod
1663 2009 1882 2076 aequali-

285 2109 369 2154 ter
391 2101 600 2170 species
617 2100 719 2154 sttb
743 2115 802 2154 se
829 2099 1118 2154 individuis
1140 2115 1197 2155 se
1222 2101 1503 2169 permittit,
1527 2108 1582 2155 et
1601 2102 1881 2172 aequaliter

287 2191 559 2246 individua
614 2191 794 2261 Specie
840 2191 957 2260 ipsa
999 2192 1318 2260 participant
1357 2209 1370 2245 :
1416 2208 1645 2262 namque
1693 2209 1880 2248 omnes

286 2287 536 2342 homines
577 2285 858 2356 aequaliter
898 2286 1142 2339 homines
1189 2293 1336 2352 sunt,
1366 2296 1418 2341 et
1449 2285 1683 2341 hominis
1715 2286 1880 2355 parti-

285 2379 555 2448 cipatione
577 2394 728 2449 atque
751 2378 1072 2448 participant
1101 2396 1114 2430 :
1140 2378 1327 2434 eodem
1356 2379 1516 2434 modo
1541 2379 1700 2435 etiam
1729 2379 1879 2434 diffe-

285 2471 494 2538 rentia,
527 2485 754 2540 namque
782 2484 972 2525 omnes
1005 2469 1252 2525 homines
1281 2469 1559 2539 aequaliter
1593 2470 1881 2526 rationales

288 2571 412 2616 sunt
434 2601 446 2622 ,
477 2570 528 2616 et
546 2559 955 2614 rationabilitate
976 2575 1094 2628 qua:
1110 2567 1198 2621 ,est
1222 2559 1544 2628 differentia,
1567 2575 1754 2616 omnes
1785 2561 1878 2630 qui

289 2651 500 2706 ratione
541 2651 854 2720 participant
893 2667 1046 2721 aeque
1077 2651 1412 2720 participant.
1452 2651 1548 2706 Est
1584 2652 1746 2707 etiam
1773 2652 1879 2708 alia

288 2741 673 2809 communitas,
706 2741 848 2812 quod
877 2740 1327 2811 quemadmodum
1358 2743 1566 2810 species
1604 2757 1877 2812 nunquam

284 2828 488 2888 deserit
524 2845 587 2886 ea
625 2846 847 2901 quorum
883 2832 1090 2901 species
1135 2842 1236 2896 est,
1282 2840 1336 2886 et
1376 2831 1571 2903 quibus
1611 2841 1878 2901 superest,

283 2922 364 2978 sic
390 2932 445 2978 et
475 2922 777 2978 differentia
806 2938 1075 2993 nunquam
1107 2938 1169 2978 ea
1207 2923 1408 2978 deserit
1442 2939 1561 2988 qum
1588 2923 1789 2980 distare
1813 2926 1881 2980 ab

284 3015 407 3069 aliis
437 3013 596 3069 facit:
631 3030 861 3084 namque
883 3015 1156 3079 Socrates,
1186 3029 1306 3069 cum
1349 3015 1447 3070 sub
1486 3017 1668 3084 specie
1708 3016 1882 3071 homi-

286 3109 374 3164 nis
405 3118 505 3174 est,
542 3123 810 3177 nunquam
842 3107 908 3162 ab
939 3108 1174 3162 hominis
1203 3109 1382 3176 specie
1411 3109 1697 3164 deseritur.
1723 3111 1876 3166 Sem-

1976 507 2149 563 rentia
2193 521 2242 562 et
2282 505 2524 561 mortalis
2561 505 2861 562 differentia
2895 506 3097 576 juncta:
3134 508 3291 562 unius
3333 507 3570 584 hominis

1977 601 2213 670 speciem
2255 599 2624 655 reddiderunt.
2656 599 2861 656 Iuncta:
2890 615 3016 656 vero
3049 601 3258 672 species
3297 617 3566 672 nunquam

1979 693 2215 765 aliquam
2244 711 2310 749 ex
2339 709 2398 749 se
2427 694 2663 764 speciem
2693 693 3038 749 constituent.
3087 694 3142 748 Si
3187 694 3331 749 enim
3374 694 3568 765 jungas

1979 787 2250 845 hominem
2296 789 2442 850 bovi,
2489 787 2636 842 nulla
2683 801 2751 842 ex
2795 786 2876 842 his
2919 787 3127 857 species
3170 786 3566 844 informabitur.

1979 881 2086 937 Sed
2126 882 2352 937 fortasse
2378 881 2520 936 dicat
2548 880 2738 950 aliquis
2770 897 2784 935 :
2817 880 2964 935 Asini
2997 890 3159 952 atque
3196 881 3321 951 equi
3347 882 3570 952 conjun-

1985 973 2162 1030 ctione
2199 975 2378 1029 mulus
2413 974 2681 1039 nascitur;
2710 973 2806 1028 sed
2835 989 2942 1028 non
2974 975 3047 1029 ita
3077 982 3178 1028 est.
3215 975 3455 1046 Namque
3482 976 3568 1052 in-I

1985 1065 2189 1120 dividui
2227 1066 2606 1136 conjunctione
2650 1076 2832 1122 natum
2863 1076 2946 1122 est
2981 1066 3181 1137 aliquid
3212 1067 3568 1125 individuum.

1981 1159 2034 1216 Si
2074 1171 2251 1215 autem
2295 1164 2372 1217 sic
2412 1163 2730 1232 simpliciter
2768 1163 3001 1232 speciem
3048 1164 3220 1234 ipsam
3250 1167 3385 1222 asini
3411 1177 3573 1239 atque

1982 1252 2105 1322 equi
2149 1253 2460 1324 coniungas,
2504 1254 2649 1308 nulla
2691 1271 2758 1310 ex
2800 1255 2885 1310 his
2920 1270 3154 1327 unquam
3199 1260 3406 1328 species
3443 1275 3572 1317 con-

1983 1345 2244 1401 stituitur.
2320 1346 2506 1416 Neque
2569 1347 2714 1402 enim
2775 1349 2820 1404 si
2884 1363 2943 1404 se
3011 1359 3234 1420 possunt
3297 1352 3572 1411 individua

1983 1439 2357 1505 commiscere,
2399 1439 2597 1494 idcirco
2639 1439 2803 1495 etiam
2841 1441 3050 1510 species
3090 1441 3485 1500 individuorum
3519 1447 3573 1503 in

1983 1529 2293 1585 alterutram
2315 1533 2668 1588 substantiam
2695 1544 3009 1590 transeunt:
3033 1543 3196 1607 atque
3219 1536 3342 1593 ideo
3361 1548 3572 1597 constat

1982 1627 2195 1696 junctas
2225 1631 2433 1698 species
2458 1645 2616 1685 unam
2649 1635 2882 1702 speciem
2910 1651 3017 1690 non
3039 1652 3201 1706 posse
3229 1651 3573 1710 componere,

1985 1722 2125 1788 quod
2166 1721 2482 1777 differentiae
2518 1723 2720 1793 junctae
2766 1727 2926 1781 unius
2973 1729 3172 1798 speciei
3213 1734 3572 1790 constitutivae

1905 1810 1954 1872 Β
1980 1811 2108 1864 sint.
2158 1811 2251 1867 His
2279 1814 2456 1883 itaque
2497 1816 2779 1872 transactis
2818 1818 2883 1873 ad
2914 1819 3230 1878 differentiae
3268 1833 3322 1880 et
3358 1827 3572 1896 propria

1981 1905 2286 1960 communia
2317 1905 2620 1962 veniamus.

2171 2059 2237 2097 οε
2275 2058 2610 2100 COIIUNIBUS
2651 2062 3018 2104 DiFFEBENTIJE
3059 2067 3126 2105 ΕΤ
3166 2067 3391 2107 PROPR".

2060 2155 2366 2212 Differentia
2417 2167 2470 2212 et
2521 2161 2800 2230 prOprium
2855 2177 3138 2219 commune
3184 2165 3390 2222 habent
3433 2168 3572 2236 quod

1983 2249 2174 2318 quibus
2220 2249 2520 2306 differentia
2573 2264 2656 2308 est
2703 2263 2758 2309 et
2800 2269 2829 2307 a
2871 2257 3063 2326 quibus
3116 2259 3230 2327 ipsa
3276 2260 3574 2318 differentia

1985 2344 2350 2415 participatur,
2376 2349 2654 2418 mqualiter
2689 2351 3040 2421 participatur
3071 2373 3085 2408 :
3132 2371 3254 2411 nam
3305 2359 3577 2416 rationalis

1983 2437 2282 2493 differentia
2314 2455 2432 2494 cum
2466 2442 2604 2497 inest
2635 2442 2967 2511 hominibus,
3015 2458 3068 2503 et
3096 2463 3285 2505 omnes
3327 2452 3574 2508 homines

1988 2530 2295 2585 rationabili
2335 2532 2633 2588 differentia
2687 2537 3028 2606 participant,
3080 2555 3187 2594 non
3231 2551 3312 2596 εει
3357 2543 3577 2599 dubium

1984 2622 2113 2691 quin
2144 2637 2333 2679 omnes
2363 2625 2607 2681 homines
2633 2629 2914 2698 aequaliter
2942 2632 3051 2686 sint
3077 2633 3390 2700 rationales,
3419 2645 3578 2706 atque

1984 2715 2263 2784 aequaliter
2314 2718 2728 2774 rationabilitate
2781 2723 3117 2794 participent.
3167 2727 3237 2780 At
3285 2743 3412 2784 vero
3456 2745 3578 2800 pro-

1985 2807 2158 2874 prium
2198 2808 2339 2877 quod
2369 2809 2574 2864 risibiie
2615 2822 2719 2879 est,
2750 2815 3029 2883 aequaliter
3073 2819 3323 2875 omnibus
3349 2822 3578 2879 homini-

1983 2897 2085 2954 bus
2128 2908 2208 2954 est
2243 2917 2256 2952 :
2308 2915 2498 2977 omnes
2542 2907 2685 2959 enim
2734 2907 2980 2964 homines
3023 2913 3299 2980 aequaliter
3348 2917 3579 2975 risibiies

1984 3001 2127 3044 sunt.
2215 2992 2312 3046 Est
2361 2995 2524 3050 etiam
2581 2997 2696 3052 hare
2747 3015 2931 3056 eorum
2987 3008 3388 3076 communitas,
3438 3012 3578 3081 quod

1987 3088 2126 3142 sicut
2185 3098 2452 3157 potestate
2493 3093 2699 3149 risibiie
2738 3095 2951 3161 dicitur,
2993 3100 3202 3156 etiamsi
3241 3118 3347 3158 non
3387 3106 3578 3173 rideat,

284 3213 384 3266 per
412 3197 551 3252 enim
585 3197 839 3253 Socrates
868 3197 1028 3250 homo
1059 3207 1160 3251 est.
1192 3197 1263 3251 At
1294 3214 1421 3252 vero
1447 3197 1746 3254 differentia
1779 3200 1878 3255 So-

1985 3180 2056 3236 ita
2103 3183 2261 3237 etiam
2314 3194 2578 3256 potestate
2608 3187 2758 3258 bipes
2802 3190 3018 3260 dicitur,
3071 3195 3280 3252 etiamsi
3327 3200 3446 3269 quis
3473 3217 3580 3258 uno

285 3297 513 3359 cratem,
546 3305 664 3344 cum
693 3290 947 3346 Socrates
979 3289 1257 3344 rationalis
1286 3300 1387 3358 est,
1420 3305 1691 3361 nunquam
1722 3293 1876 3350 dese-

286 3380 380 3435 rit.
404 3381 631 3451 Semper
664 3380 804 3436 enim
831 3380 1082 3436 Socrates
1110 3381 1371 3436 rationale
1401 3382 1601 3437 animal
1630 3393 1731 3439 est.

522 3510 587 3548 DE
623 3509 861 3548 PROPRIIS
899 3510 1264 3549 Dll‘l—‘ERENTIE
1307 3512 1372 3550 ΕΤ
1411 3510 1634 3552 ερεοιει.

363 3597 622 3653 Differunt
671 3606 849 3652 autem
906 3601 1044 3652 inter
1091 3614 1150 3654 se
1196 3601 1402 3669 species
1449 3611 1502 3655 et
1553 3602 1874 3670 differentia,

279 3691 430 3761 .quod
457 3691 757 3746 differentia
788 3705 1002 3760 semper
1042 3691 1095 3746 in
1124 3706 1188 3746 eo
1219 3693 1360 3761 quod
1395 3693 1553 3762 quale
1589 3696 1658 3748 sit
1686 3697 1877 3764 pracdi-

291 3793 459 3840 catur.
487 3784 619 3839 Nam
652 3783 850 3839 dicitur
880 3784 1128 3839 Socrates
1158 3784 1315 3853 quale
1345 3786 1543 3839 animal
1575 3787 1664 3851 sit,
1699 3798 1757 3842 ut
1789 3805 1877 3843 ra-

290 3877 488 3932 tionale
531 3877 961 3945 respondeatur;
993 3876 1201 3946 species
1230 3892 1358 3931 vero
1385 3879 1436 3931 in
1470 3893 1535 3932 eo
1570 3882 1708 3950 quod
1749 3884 1877 3953 quid

286 3969 359 4024 sit
399 3969 736 4039 praedicatur.
779 3969 910 4023 Nam
959 3969 1154 4023 dicitur
1201 3970 1325 4040 quid
1381 3973 1452 4026 sit
1495 3973 1767 4042 Socrates,
1819 3989 1879 4032 ut

286 4062 454 4116 homo
485 4063 889 4133 respondeatur.
931 4063 1172 4134 Namque
1206 4065 1433 4119 hominis
1462 4068 1690 4135 qualitas
1715 4069 1881 4124 rat-io-

288 4156 419 4211 nale
445 4166 544 4213 est.
572 4157 662 4211 sed
694 4173 794 4211 non
824 4158 1160 4227 simpliciter.
1214 4159 1307 4211 Ilia
1334 4160 1477 4213 enim
1511 4162 1741 4229 qualitas
1777 4180 1878 4232 pro

288 4246 590 4303 differentia
619 4249 893 4319 accipitur,
928 4265 1045 4319 quae
1072 4249 1297 4303 veniens
1336 4251 1386 4303 in
1417 4267 1611 4320 genere
1642 4255 1878 4322 speciem

288 4339 588 4403 constituit,
619 4349 672 4395 et
704 4340 771 4394 de
798 4340 1054 4409 qualitate
1099 4341 1439 4396 substantiali
1469 4343 1606 4398 facta
1635 4354 1718 4399 est
1754 4347 1879 4400 sub-

286 4431 557 4485 stantialis
604 4440 658 4484 et
708 4430 953 4499 specifica
1005 4430 1334 4484 differentia.
1399 4430 1504 4485 ista
1552 4433 1714 4502 igitur
1757 4436 1878 4490 talis

287 4522 521 4591 qualitas
542 4521 838 4577 differentia
866 4522 1192 4587 nominatur,
1209 4531 1268 4602 et
1292 4537 1354 4575 ea
1385 4523 1438 4576 in
1467 4538 1531 4577 eo
1553 4525 1695 4593 quod
1721 4527 1877 4595 quale

287 4614 362 4670 sit
385 4614 449 4668 ad
482 4615 746 4668 hominem
776 4613 1122 4683 prmdicatur,
1154 4614 1255 4668 hoc
1289 4615 1450 4669 etiam
1494 4616 1544 4670 in
1579 4633 1763 4672 eorum
1794 4631 1879 4674 est

286 4706 626 4764 differentiis.
665 4707 903 4778 Namque
936 4707 1236 4763 differentia
1275 4706 1584 4777 frequenter
1623 4710 1676 4764 in
1717 4712 1879 4780 pluri-

288 4798 392 4855 bus
433 4799 714 4866 Speciebus
756 4799 1146 4855 consideratur.
1194 4799 1505 4856 Differentia
1553 4801 1696 4856 enim
1745 4819 1878 4873 qna-

288 4892 486 4960 drupes
527 4893 579 4945 in
617 4890 789 4958 bovis,
831 4901 882 4947 et
921 4893 973 4946 in
1002 4894 1154 4964 equi,
1189 4902 1240 4948 et
1284 4894 1337 4948 in
1369 4895 1517 4949 canis
1555 4895 1734 4965 specie
1762 4906 1874 4952 est:

291 4992 350 5038 et
384 4983 678 5039 differentia
729 4984 1004 5039 rationalis
1049 4983 1283 5039 hominis
1330 4996 1384 5040 et
1433 4987 1629 5056 angeli,
1671 4989 1878 5057 species

292 5093 422 5134 vero
446 5094 713 5150 nunquam
740 5079 858 5134 aliis
882 5080 984 5135 nisi
1011 5081 1142 5136 solis
1164 5080 1264 5135 sub
1291 5095 1350 5135 se
1377 5080 1563 5150 positis
1592 5080 1879 5137 individuis

287 5181 504 5242 praeest.
542 5170 824 5240 Nunquam
854 5171 996 5226 enim
1031 5171 1133 5226 alia
1179 5186 1266 5227 res
1295 5172 1456 5227 homo
1482 5180 1565 5226 est
1595 5172 1696 5228 nisi
1739 5175 1880 5243 quod

285 5274 376 5320 est
415 5265 843 5331 individuum,ut
885 5279 969 5324 est
1005 5270 1272 5338 Socrates,
1305 5280 1359 5328 et
1385 5272 1557 5339 Plato,
1591 5281 1644 5328 et
1667 5273 1874 5329 Cicero.

285 5355 446 5412 Unde
472 5356 529 5411 fit
556 5366 614 5411 ut
638 5358 847 5413 sublata
887 5359 1209 5431 differentia,
1254 5362 1461 5432 species
1488 5377 1698 5433 quoque
1726 5363 1880 5419 tolla-

286 5456 400 5502 tur.
455 5446 586 5502 Nam
620 5449 665 5504 si
696 5450 982 5506 sustuleris
1011 5453 1290 5519 rationale,
1325 5453 1596 5510 hominem
1645 5455 1879 5511 sustule-

285 5541 390 5595 ris.
447 5539 540 5598 Sin
573 5557 701 5598 vero
731 5545 1014 5601 sustuleris
1052 5547 1308 5614 speciem,
1343 5547 1642 5602 differentia
1679 5559 1878 5604 manet.

287 5632 426 5688 Nam
469 5634 513 5688 si
559 5635 838 5691 sustuleris
881 5637 1175 5704 hominem,
1196 5639 1475 5694 rationalis
1510 5640 1682 5709 angeli
1731 5641 1886 5696 diffe-

289 5725 464 5780 rentia
492 5726 746 5781 manebit.
784 5728 878 5783 Est
903 5743 1030 5784 vero
1056 5729 1216 5783 etiam
1247 5728 1360 5784 haec
1385 5729 1711 5798 differentia,
1742 5732 1881 5800 quod

290 5815 593 5874 differentia
617 5834 735 5877 cum
767 5819 868 5875 alia
895 5818 1194 5876 differentia
1215 5819 1364 5890 jungi
1393 5829 1592 5891 potest,
1620 5831 1674 5877 ut
1706 5822 1878 5892 aliqua

1982 3275 2120 3344 pede
2178 3277 2449 3332 minuatur
2498 3297 2509 3330 :
2563 3295 2667 3334 non
2719 3284 2861 3336 enim
2895 3285 3035 3353 quod
3085 3298 3169 3344 est
3217 3290 3431 3357 dicitur,
3484 3296 3578 3350 sed

1979 3367 2122 3435 quod
2159 3383 2283 3423 esse
2316 3371 2488 3436 possit
2525 3389 2536 3424 :
2573 3388 2694 3425 nam
2727 3375 2978 3442 quoniam
3027 3377 3116 3432 ille
3162 3379 3338 3436 ridere
3380 3391 3578 3452 potest,

1980 3459 2201 3514 risibiiis
2259 3463 2608 3529 nominatur;
2663 3467 2803 3535 quod
2861 3469 2951 3522 ille
2993 3469 3127 3526 duos
3178 3473 3339 3538 pedes
3380 3475 3579 3532 habere

1982 3552 2174 3621 possit,
2207 3553 2374 3623 bipes.
2407 3555 2582 3624 Atque
2618 3557 2739 3612 ideo
2781 3565 3049 3630 nunquam
3078 3564 3146 3618 ab
3174 3564 3277 3620 illis
3307 3569 3359 3621 in
3391 3569 3581 3638 quibus

1982 3645 2246 3712 sederint,
2282 3649 2556 3716 proprium
2605 3651 3023 3725 differentiaque
3077 3658 3379 3715 discedunt.
3429 3662 3580 3719 Sem-

1982 3752 2079 3808 per
2126 3738 2268 3793 enim
2321 3739 2481 3794 homo
2532 3743 2755 3799 risibiiis
2805 3755 2915 3810 est,
2965 3749 3175 3805 etiamsi
3236 3769 3340 3808 non
3390 3755 3577 3811 rideat.

1981 3830 2210 3898 Semper
2242 3830 2412 3899 bipes,
2461 3833 2668 3890 etiamsi
2715 3852 2820 3892 uno
2865 3840 3002 3906 pede
3050 3843 3340 3900 minuatur.
3392 3847 3448 3901 in
3498 3847 3580 3904 his

1982 3925 2126 3977 enim
2177 3924 2494 3981 differentiis
2542 3937 2596 3982 et
2644 3931 2876 3998 propriis
2922 3934 3002 4002 (ut
3043 3936 3239 3992 dictum
3288 3939 3392 4011 est)
3433 3945 3573 4011 quod

1983 4025 2245 4082 p0testate
2291 4032 2411 4073 esse
2457 4021 2658 4086 possit,
2704 4037 2809 4078 non
2864 4027 3006 4094 quod
3041 4044 3170 4085 vere
3209 4032 3278 4087 sit
3320 4035 3573 4092 conside-

1989 4116 2160 4161 ratur.

2437 4241 2500 4278 DE
2541 4240 2777 4282 PROPRIIS
2818 4245 3127 4288 EORUMDEM.

2059 4332 2317 4389 Differunt
2346 4346 2524 4392 autem
2559 4340 2699 4395 inter
2730 4358 2812 4408 se,
2842 4347 2983 4413 quod
3028 4347 3329 4407 differentia
3361 4355 3427 4410 de
3457 4359 3574 4428 pitt-

1985 4425 2133 4479 ribus
2166 4430 2450 4497 speciebus
2483 4433 2820 4500 prmdicatur,
2862 4441 3133 4508 proprium
3165 4459 3295 4499 vero
3340 4447 3405 4502 de
3450 4425 3576 4505 una.

1986 4516 2225 4587 Namque
2267 4520 2572 4579 differentia
2612 4542 2731 4593 quae
2763 4539 2842 4582 est
2883 4533 3124 4586 mortalis
3171 4537 3489 4604 pr:cdicatur
3515 4544 3581 4599 de

1989 4609 2220 4675 homine,
2257 4611 2323 4665 de
2356 4614 2509 4681 hove,
2545 4615 2612 4670 de
2649 4633 2808 4687 equo,
2839 4631 2890 4674 et
2931 4625 3140 4678 caneris
3174 4626 3571 4699 animantibus;

1989 4714 2044 4757 et
2086 4706 2347 4760 rationale
2397 4709 2738 4775 pracdiCatur,
2772 4723 2826 4767 et
2866 4714 2932 4768 de
2962 4715 3094 4784 Deo,
3141 4729 3192 4772 ct
3233 4721 3299 4776 de
3342 4723 3576 4782 homine.

1987 4799 2059 4851 At
2091 4813 2220 4851 vero
2256 4799 2460 4855 risibiie
2487 4801 2554 4855 de
2583 4804 2695 4857 sola
2730 4813 2933 4859 tantum
2967 4811 3148 4877 specie
3182 4813 3413 4872 hominis
3446 4837 3578 4888 pra:-

1988 4889 2217 4944 dicatur.
2251 4889 2404 4946 Unde
2445 4895 2630 4948 evenit
2668 4905 2720 4948 ut
2761 4898 2937 4952 omnis
2973 4899 3294 4970 differentia,
3326 4911 3574 4978 quoniam

1988 4983 2337 5052 plurimarum
2363 4987 2644 5042 continens
2670 4998 2751 5043 est
2773 4991 3139 5061 specierum,a
3166 4997 3276 5052 suis
3299 5002 3578 5066 Speciehus

1990 5073 2161 5143 major
2201 5076 2305 5142 sit,
2344 5085 2504 5146 atque
2547 5078 2665 5132 ideo
2712 5081 2822 5149 ipsa
2865 5081 2932 5138 de
2970 5085 3248 5152 speciebus
3298 5093 3576 5159 praulicari

1989 5177 2183 5236 potest.
2223 5170 2388 5223 Porro
2429 5179 2606 5225 autem
2644 5170 2710 5226 de
2753 5173 2864 5242 ipsa
2911 5177 3120 5244 species
3162 5181 3439 5247 prmdcari
3472 5200 3576 5241 non

1988 5268 2162 5327 potest
2207 5276 2220 5313 :
2265 5275 2437 5330 neque
2486 5264 2626 5316 enim
2678 5266 2978 5320 conversim
3028 5267 3130 5322 dici
3173 5281 3366 5339 potest.
3446 5274 3575 5330 Nam

1987 5353 2238 5420 quoniam
2267 5354 2426 5408 homo
2453 5353 2648 5410 dicitur
2678 5357 2980 5425 rationalis,
3022 5377 3126 5416 non
3157 5372 3340 5419 contra
3383 5366 3578 5425 dicitur

1988 5447 2128 5514 quod
2170 5445 2430 5500 rationale
2470 5456 2553 5501 est
2591 5448 2639 5501 id
2681 5451 2818 5518 quod
2861 5449 3021 5505 homo
3059 5462 3160 5507 est.
3215 5454 3392 5510 Potest
3431 5461 3573 5518 enim

1987 5553 2106 5593 esse
2147 5539 2306 5593 etiam
2338 5555 2442 5593 non
2476 5540 2656 5605 homo,
2691 5542 2783 5596 sed
2817 5543 2980 5598 Deus.
3021 5547 3092 5600 At
3121 5560 3248 5600 vero
3276 5553 3572 5621 proprium,

1989 5632 2240 5700 quoniam
2291 5633 2568 5702 aequaliter
2615 5644 2668 5688 et
2726 5635 2789 5687 ad
2852 5651 3008 5689 unam
3066 5637 3298 5705 speciem
3363 5657 3576 5714 semper

1987 5735 2217 5796 aptatur,
2262 5741 2410 5795 aqua
2453 5726 2569 5782 vice
2609 5736 2768 5797 atque
2807 5727 3168 5796 appellatione
3205 5736 3574 5793 convertitur:

1989 5818 2181 5886 dicitur
2224 5818 2388 5883 enim,
2425 5819 2548 5887 quid
2581 5830 2661 5875 est
2705 5818 2902 5881 homo?
2935 5819 3154 5876 risibiie.
3207 5821 3410 5890 Quibus
3456 5842 3576 5893 per.
