4106 6336
565 369 639 433 σι
1797 362 1908 419 AN.
1951 360 2158 417 MANL.
2203 359 2360 418 sev.
2400 356 2629 420 eoum
3646 316 3653 322 ’
3794 371 3862 430 σε

566 488 807 550 tractatis
876 489 941 545 ad
991 482 1346 545 differentiam
1409 487 1466 535 et
1514 477 1765 534 accidens
1827 487 2160 548 transgressa
2186 478 2239 537 Α
2269 477 2482 547 priique
2505 476 2901 535 communibus.
2950 477 3020 535 Et
3056 484 3141 534 est
3179 492 3284 533 una
3308 492 3499 535 eorum
3525 485 3860 552 communio,

566 584 858 656 disputatio
884 592 986 639 est.

699 693 766 732 DE
803 687 1133 730 COIHIUNIBUS
1172 680 1540 724 DIFFEBENTIE
1580 679 1649 718 ΕΤ
1691 677 2023 718 Αοειυεετιε.

638 764 946 821 Diﬁ‘erentia
977 771 1033 818 et
1062 759 1313 816 accidens
1343 769 1631 812 commune
1663 752 1860 806 habent
1890 753 1958 806 de
1988 751 2160 820 pluri-

565 857 666 914 bus
697 854 1002 925 pmdicari.
1052 853 1293 920 Namque
1321 844 1623 903 dilierentia
1654 845 1854 899 dicitur
1882 855 1934 897 et
1961 844 2030 897 de
2062 843 2157 895 ho-

566 949 710 1004 mine
732 957 787 1001 et
814 945 881 1000 de
906 945 1037 1011 Dee,
1069 958 1191 998 cum
1224 940 1438 1009 utrique
1469 936 1758 993 rationales
1788 944 1933 991 sunt.
1970 935 2034 987 Et
2063 948 2157 987 ac-

564 1039 750 1096 cidens
801 1037 997 1092 dicitur
1042 1044 1096 1090 et
1133 1033 1201 1089 de
1239 1032 1457 1087 homine
1495 1040 1550 1084 et
1586 1028 1653 1083 de
1688 1041 1859 1096 equo,
1902 1034 1959 1079 ut
1996 1025 2161 1078 homo

564 1132 815 1203 IEIhiops
845 1133 1016 1200 niger,
1047 1138 1100 1184 et
1124 1142 1293 1198 equus
1324 1125 1502 1195 niger.
1568 1124 1660 1177 Est
1683 1121 1845 1176 etiam
1877 1120 1985 1173 alia
2011 1133 2163 1173 com-

564 1225 748 1281 munio
793 1222 934 1289 quod
967 1218 1326 1288 inseparabile
1355 1214 1606 1269 accidens
1633 1213 1929 1281 cuicunque
1956 1209 2157 1279 speciei

565 1316 745 1379 fuerit,
772 1311 1198 1381 inseparabiliter
1224 1320 1279 1364 et
1304 1307 1553 1363 omnibus
1582 1306 1720 1360 inest
1747 1313 1804 1359 ut
1831 1302 2157 1358 diﬁerentia.

564 1410 805 1478 Namque
841 1392 1281 1476 inseparabiliter
1313 1400 1563 1456 accidens
1610 1396 1749 1469 quod
1797 1404 1881 1450 est
1924 1396 2157 1466 nigrum,

564 1514 729 1556 corvo
788 1496 1218 1567 inseparabiliter
1267 1492 1491 1559 accidit,
1547 1500 1600 1546 et
1656 1488 1906 1544 omnibus
1958 1489 2157 1541 corvis.

566 1591 769 1646 Eodem
802 1588 962 1644 modo
981 1589 1151 1642 etiam
1170 1585 1493 1641 differentia.
1527 1583 1658 1637 Nam
1684 1582 1937 1653 quoniam
1964 1581 2164 1637 accidit

566 1683 768 1739 homini
800 1690 856 1736 ut
877 1680 1027 1751 bipes
1053 1679 1143 1745 sit,
1165 1692 1381 1749 semper
1404 1685 1458 1733 et
1478 1675 1726 1731 omnibus
1744 1672 2051 1729 hominibus
2077 1680 2162 1729 est

566 1791 683 1833 esse
720 1773 1024 1846 bipedibus.

1018 1884 1081 1921 DE
1120 1879 1359 1922 PROPBIIS
1398 1877 1708 1919 εοιωιυειί.

642 1958 897 2016 Diii‘erunt
933 1968 1110 2015 autem
1149 1958 1290 2013 inter
1326 1972 1417 2027 se,
1458 1955 1598 2027 quod
1637 1953 1815 2009 omnis
1853 1952 2156 2009 diderentia

566 2053 772 2122 species
801 2053 1068 2116 continet,
1103 2065 1207 2103 non
1240 2057 1431 2103 contra
1462 2047 1575 2117 ipsa
1616 2062 1644 2098 a
1674 2044 1956 2116 speciebus
1983 2045 2157 2099 conti-

565 2156 741 2200 netur.
784 2144 915 2198 Nam
957 2145 1001 2197 si
1032 2141 1333 2197 diiTerentia
1363 2140 1545 2210 plures
1578 2137 1679 2193 sub
1709 2152 1769 2192 se
1798 2137 2006 2205 species
2056 2135 2157 2190 ha-

566 2240 685 2305 bet,
717 2247 775 2293 ut
802 2237 1005 2293 dictum
1034 2246 1137 2300 est,
1173 2234 1343 2304 major
1374 2234 1476 2288 erit
1514 2232 1614 2287 sub
1643 2245 1702 2285 se
1734 2229 1918 2299 positis
1947 2230 2158 2299 specie-

565 2333 684 2387 bus.
729 2330 783 2387 Si
826 2330 995 2402 major
1033 2328 1156 2393 erit,
1198 2342 1470 2397 nunquam
1512 2341 1630 2381 eam
1664 2324 1913 2394 qurelibet
1950 2323 2159 2395 species

563 2425 820 2481 continet.
858 2424 1025 2492 Major
1045 2420 1186 2475 enim
1219 2436 1246 2472 a
1277 2418 1469 2473 minori
1498 2431 1769 2485 nunquam
1800 2415 1997 2483 poterit
2025 2430 2159 2470 con-

566 2519 745 2574 tineri.
799 2516 929 2572 Nam
970 2513 1112 2584 quod
1152 2522 1234 2569 est
1275 2515 1559 2577 rationale,
1599 2512 1845 2566 continet
1884 2512 2157 2567 hominem

561 2618 615 2664 et
644 2609 831 2663 Deum.
876 2606 1049 2662 Homo
1086 2619 1215 2660 vero
1254 2605 1514 2659 rationale
1554 2619 1661 2658 non
1698 2603 1957 2659 continet.
2002 2607 2159 2659 Acci-

562 2701 739 2755 dentia
768 2714 896 2755 vero
923 2698 1208 2768 aliquoties
1236 2697 1533 2757 continent,
1567 2695 1852 2766 aliquoties
1879 2697 2162 2752 continen-

475 2829 494 2844 .
561 2801 663 2846 tur.
709 2790 949 2860 Namque
990 2788 1309 2851 continent,
1352 2787 1602 2858 quoniam
1644 2789 1955 2859 frequenter
1992 2803 2157 2844 unum

561 2881 815 2937 accidens
841 2881 971 2934 duas
1002 2880 1103 2934 sub
1131 2892 1190 2933 se
1218 2877 1429 2947 species
1461 2878 1639 2941 habet,
1671 2890 1729 2931 ut
1759 2879 1967 2947 nigrum
1995 2878 2160 2934 habet

565 2977 874 3046 Ethinpem
922 2984 975 3030 et
1013 2989 1254 3029 corvum.
1333 2972 1695 3028 Continentur
1734 2990 1863 3027 vero
1907 2977 2158 3044 quoniam

573 3084 717 3137 saepe
743 3084 844 3123 una
873 3067 1167 3141 substantia
1196 3065 1357 3120 habet
1380 3065 1487 3119 duo
1516 3065 1603 3118 vel
1630 3065 1729 3119 tria
1760 3065 1844 3119 vel
1867 3054 2161 3134 quamlibet

562 3162 785 3233 plurima
830 3161 1147 3216 accidentia.
1203 3161 1261 3215 Si
1312 3158 1433 3229 quis
1482 3160 1625 3214 cnim
1674 3159 1745 3213 sit
1783 3159 2027 3229 glaucus,
2073 3152 2161 3214 vel

2259 570 2401 639 quod
2431 570 2500 625 de
2527 586 2588 626 se
2617 571 2730 639 ipsa
2762 571 2991 627 invicem
3023 570 3405 643 praedicantur.
3444 574 3576 628 Nam
3605 578 3862 646 quoniam

2260 677 2410 731 aequa
2452 661 2552 717 sibi
2592 673 2745 730 sunt,
2788 678 2964 734 neque
2997 665 3208 734 species
3238 666 3475 720 hominis
3502 667 3599 721 ‘alii
3638 671 3866 740 proprio

2260 753 2538 822 convenit,
2564 755 2665 807 nisi
2693 753 2909 819 risibili,
2931 769 3106 824 neque
3132 755 3340 811 risibile
3354 756 3445 811 alii
3465 762 3715 815 convenit
3740 775 3865 831 spe-

2262 847 2385 913 ciei,
2417 846 2519 901 nisi
2544 846 2771 911 homini,
2803 854 2963 916 atque
3000 847 3122 902 ideo
3141 847 3361 917 dicitur,
3394 849 3521 920 quid
3550 861 3632 905 est
3663 852 3866 909 homo?

2260 937 2487 992 risibile.
2512 937 2650 1003 Quid
2676 949 2763 992 est
2791 938 3033 993 risibile?
3056 938 3236 995 homo.
3268 939 3565 997 Commune
3590 950 3676 998 est
3699 946 3863 1000 etiam

2261 1034 2394 1090 illud
2435 1034 2579 1104 quod
2615 1049 2777 1089 omne
2808 1036 3081 1104 proprium
3119 1035 3397 1105 aequaliter
3425 1038 3493 1093 ad
3532 1038 3631 1095 sub
3668 1055 3729 1095 se
3767 1055 3866 1111 po-

2262 1128 2366 1183 sita
2407 1126 2748 1195 praedicatur.
2787 1125 3030 1196 Namque
3068 1141 3259 1183 omnes
3300 1129 3548 1185 homines
3585 1132 3866 1201 aequaliter

2263 1220 2498 1275 risibiles
2525 1228 2671 1286 sunt,
2704 1227 2758 1273 et
2786 1218 2996 1290 species
3025 1220 3305 1289 aequaliter
3334 1220 3404 1277 ad
3442 1222 3543 1278 sub
3581 1238 3644 1279 se
3685 1225 3863 1295 posita

2263 1311 2606 1381 prmdicatur.
2640 1310 2879 1380 Namque
2900 1325 3089 1366 omnes
3113 1311 3358 1366 homines
3384 1313 3645 1370 individui
3678 1329 3863 1371 aequa-

2264 1404 2387 1459 liter
2411 1418 2520 1458 uno
2550 1404 2766 1459 nomine
2794 1404 3037 1459 homines
3063 1416 3459 1474 nuncupantur.

2715 1532 2783 1571 DE
2821 1532 3058 1572 PBOPBIIS
3096 1532 3387 1573 EORUIDEI
3398 1562 3407 1572 .

2336 1608 2599 1664 Differunt
2626 1624 2655 1664 a
2680 1624 2760 1677 se,
2788 1611 3040 1680 quoniam
3067 1612 3275 1681 species
3308 1621 3485 1681 potest
3505 1613 3669 1668 etiam
3691 1628 3863 1684 genus

2265 1700 2417 1755 alteri
2446 1716 2600 1767 esse,
2630 1702 2908 1771 proprium
2943 1716 3064 1757 esse
3096 1719 3201 1757 non
3233 1711 3428 1773 potest.
3460 1703 3565 1760 Sed
3599 1707 3687 1760 hic
3712 1707 3863 1764 illam

2265 1795 2499 1864 speciem
2539 1796 2898 1865 intelligamus
2931 1810 3051 1867 qua:
3086 1796 3394 1852 subaltern‘a
3427 1808 3529 1863 est,
3568 1814 3677 1853 non
3711 1801 3861 1858 illam

2187 1864 2383 1957 nque:
2423 1890 2592 1957 magis
2627 1889 2836 1958 species
2863 1897 2965 1954 est,
3000 1898 3053 1943 et
3092 1904 3261 1959 genus
3302 1905 3421 1945 esse
3460 1907 3731 1961 nunquam
3764 1910 3865 1967 po-

2261 1990 2385 2035 test.
2415 1981 2590 2051 Atque
2618 1980 2741 2036 ideo
2771 1996 2871 2036 nos
2901 1980 3046 2036 illam
3080 1981 3241 2036 modo
3287 1982 3478 2048 solam,
3502 2000 3625 2054 qua:
3670 1987 3863 2041 subalo

2260 2080 2414 2127 terna
2459 2072 2666 2141 species
2714 2081 2799 2128 est
2844 2071 3225 2143 intelligamus,
3257 2088 3377 2143 quae
3421 2074 3633 2130 scilicet
3662 2079 3865 2145 poterit

2260 2180 2382 2221 esse
2411 2173 2465 2220 et
2488 2181 2677 2235 genus.
2706 2165 2948 2235 Namque
2978 2166 3205 2219 mortale
3236 2180 3357 2221 cum
3386 2168 3661 2223 rationalis
3688 2183 3861 2239 gene-

2261 2257 2336 2311 ris
2363 2256 2435 2311 sit
2464 2258 2701 2327 species,
2726 2256 2961 2311 hominis
2982 2271 3151 2325 genus
3177 2266 3279 2311 est.
3307 2259 3376 2311 At
3397 2273 3528 2313 vero
3552 2259 3757 2315 risibile
3788 2260 3861 2316 de

2262 2348 2403 2402 nulla
2454 2365 2684 2419 unquam
2729 2350 2832 2404 alia
2875 2351 3058 2418 Specie
3099 2350 3297 2417 poterit
3334 2350 3638 2420 przedicari,
3668 2338 3864 2423 neque

2261 2443 2349 2496 alii
2379 2457 2500 2498 esse
2528 2443 2822 2512 preprium,
2853 2440 2994 2498 Sicut
3025 2453 3106 2499 est
3135 2443 3389 2499 hominis.
3423 2445 3515 2498 illa
3546 2448 3690 2501 enim
3718 2462 3864 2502 sem-

2264 2550 2356 2605 per
2391 2537 2476 2606 (ut
2502 2537 2699 2591 dictum
2725 2538 2828 2607 est)
2867 2536 3079 2607 propria
3110 2548 3257 2602 sunt,
3290 2554 3408 2609 quae
3448 2540 3579 2594 nulli
3621 2541 3712 2595 alii
3755 2541 3864 2597 nisi

2262 2628 2329 2683 ad
2359 2644 2516 2683 unam
2549 2630 2782 2699 speciem
2813 2644 3031 2699 semper
3058 2639 3329 2697 aptantur.
3411 2631 3611 2686 Deinde
3648 2632 3864 2701 Species

2262 2722 2542 2792 praecedit,
2576 2731 2631 2777 et
2668 2723 2745 2777 sic
2781 2723 3060 2792 proprium
3107 2720 3369 2792 sequitur.
3401 2722 3555 2788 Quod
3593 2723 3866 2781 dicit-tale

2263 2824 2387 2871 Cal:
2418 2815 2606 2871 Omnis
2635 2816 2845 2886 species
2885 2828 2939 2869 ut
2977 2814 3171 2869 habeat
3210 2815 3507 2883 proprium,
3539 2816 3712 2885 primo
3742 2831 3865 2873 eam

2263 2924 2384 2963 esse
2416 2919 2469 2963 et
2490 2918 2741 2964 constare
2771 2923 2992 2961 necesse
3015 2916 3115 2960 est.
3140 2906 3362 2975 Oportet
3394 2906 3537 2960 enim
3571 2909 3715 2975 prius
3742 2921 3865 2965 esse

2266 2999 2535 3053 hominem
2562 3008 2619 3053 ut
2645 3000 2714 3053 sit
2746 2999 2986 3065 risibilis,
3019 3014 3126 3052 non
3155 2999 3300 3067 prius
3329 3012 3452 3053 esse
3479 2997 3681 3054 risibile
3708 3009 3776 3054 ut.
3792 3000 3869 3057 sit

2267 3090 2446 3144 homo.
2493 3090 2625 3144 Nam
2654 3089 2905 3159 quoniam
2948 3090 3219 3159 proprium
3257 3089 3473 3156 dicitur,
3515 3104 3609 3160 per
3651 3106 3709 3145 se
3738 3106 3868 3160 pro.

2266 3182 2442 3251 prium
2473 3197 2579 3236 non
2609 3192 2847 3245 constat,
2890 3182 2993 3236 nisi
3026 3182 3253 3249 alicujus
3293 3181 3503 3251 species
3544 3182 3633 3237 sit.
3681 3183 3868 3253 Atque

560 3258 789 3325 ετίεβυεν
817 3255 900 3308 νυ¹
926 3253 1207 3317 candidus,
1232 3252 1315 3307 vel
1348 3264 1629 3344 Ρτοοθτυβν
1659 3250 1774 3305 hac
1800 3251 1982 3304 omnia
2013 3252 2157 3307 θεοῖ·
2187 3244 2238 3311 c
2268 3274 2388 3329 ideo
2417 3273 2565 3342 prius
2602 3290 2725 3329 esse
2754 3288 2977 3329 necesse
3006 3285 3089 3328 est
3128 3273 3258 3327 illud
3290 3273 3443 3342 cujus
3474 3282 3557 3327 est
3585 3276 3868 3344 pr0priuln

561 3348 739 3404 dentia
767 3362 900 3403 unus
931 3348 1015 3401 cui
1044 3355 1388 3400 accesserunt
1415 3343 1791 3410 complectitur
1815 3352 1870 3397 et
1893 3346 2152 3399 continet.

562 3448 735 3512 Atque
774 3440 895 3496 ideo
922 3439 1129 3508 species
1171 3438 1261 3492 illa
1289 3452 1411 3509 quae
1452 3437 1581 3490 illud
1622 3435 1956 3506 individuum
1988 3437 2160 3492 conti-

560 3541 651 3587 net
671 3532 811 3602 quod
840 3530 1170 3585 individuum
1199 3529 1351 3599 plura
1389 3528 1440 3582 in
1478 3544 1536 3583 se
1558 3529 1854 3583 accidentia
1899 3529 2156 3599 suscepit,

559 3622 853 3678 accidentis
885 3618 1029 3676 illius
1057 3621 1390 3690 complexiva
1422 3628 1525 3674 est.

634 3714 832 3768 Dehinc
871 3712 1162 3779 diﬂ'erentia
1203 3727 1470 3780 nunquam
1508 3710 1794 3764 intenditur
1825 3728 1985 3782 neque
2022 3711 2160 3765 rela-

560 3815 729 3860 satur.

628 3896 782 3965 Quod
810 3895 939 3952 dicit
969 3894 1070 3949 hoc
1099 3904 1184 3950 est
1212 3894 1472 3949 rationale
1516 3894 1568 3946 in
1606 3907 1925 3962 unaquaque
1954 3894 2155 3962 specie,

561 4004 734 4058 neque
765 3988 884 4057 plus
912 4002 1086 4057 neque
1115 3987 1294 4040 minus
1316 3995 1422 4041 est.
1461 3985 1652 4040 Nullus
1680 3986 1822 4038 enim
1856 3986 2016 4039 homo
2048 3987 2155 4040 alio

560 4082 779 4136 homine
825 4080 892 4135 ad
942 4080 1298 4135 substantiam
1352 4078 1472 4149 plus
1520 4078 1799 4132 rationalis
1843 4087 1929 4132 est
1987 4093 2161 4149 neque

559 4174 758 4229 minus.
797 4173 868 4228 At
896 4188 1025 4228 vero
1063 4172 1313 4228 accidens
1343 4183 1397 4227 et
1434 4172 1725 4226 intenditur
1763 4181 1814 4225 et
1846 4172 2155 4230 remittitur.

561 4264 760 4320 Dicitur
785 4268 929 4321 enim
954 4265 1259 4334 quicunque
1292 4264 1586 4332 procerior,
1620 4261 1817 4318 dicitur
1844 4262 2151 4333 quicunque

562 4356 814 4422 velocior,
837 4356 1031 4411 dicitur
1054 4355 1363 4425 quicunque
1390 4356 1639 4424 crispior,
1664 4368 1782 4424 qua:
1809 4355 1990 4409 omnia
2019 4355 2161 4409 acci-

560 4447 740 4501 dentia
770 4460 889 4503 esse
916 4460 1022 4499 non
1045 4444 1265 4499 dubium
1296 4452 1400 4499 est.

630 4535 891 4592 Prwterea
927 4534 1166 4589 immistte
1207 4550 1407 4605 semper
1448 4542 1567 4588 sunt
1607 4532 1886 4586 contrarite
1916 4532 2162 4599 differs-no

560 4628 665 4684 tite.

630 4720 882 4773 lmmistte
912 4716 1004 4781 ait,
1041 4717 1092 4771 id
1127 4726 1231 4781 est,
1265 4714 1630 4770 immiscihiles
1660 4732 1780 4786 qua:
1805 4717 2015 4772 misceri
2048 4732 2155 4773 non

558 4825 605 4881 pr
628 4818 800 4864 ssunt.
824 4809 1005 4880 Neque
1026 4810 1167 4863 enim
1189 4807 1453 4863 rationale
1474 4823 1595 4861 cum
1620 4808 1912 4864 irrationali
1938 4809 2155 4864 misceri

560 4912 754 4974 potest,
786 4918 957 4971 neque
987 4902 1039 4956 in
1069 4918 1171 4956 una
1202 4903 1384 4972 specie
1414 4903 1723 4957 convenire.
1759 4902 1825 4955 At
1858 4918 1988 4958 vero
2018 4919 2153 4959 con-

560 4996 720 5050 traria
752 4993 1045 5050 accidentia
1075 4991 1418 5047 manifestum
1452 5004 1534 5047 est
1565 4993 1620 5047 in
1654 5009 1757 5047 una
1789 4997 1969 5063 Specie
1996 5010 2156 5065 posse

559 5102 872 5157 congruere.
922 5087 1162 5159 Namque
1194 5086 1402 5157 nigrum
1448 5096 1500 5141 et
1531 5087 1710 5140 album
1743 5098 1920 5156 potest
1960 5088 2012 5142 in
2052 5104 2153 5143 una

560 5197 663 5236 non
692 5179 850 5234 modo
891 5179 1093 5249 specie,
1137 5178 1232 5233 sed
1282 5178 1561 5233 individuo
1601 5194 1921 5249 congruere.
1973 5180 2157 5236 Potest

558 5277 700 5327 enim
726 5273 1033 5342 quicunque
1065 5276 1247 5337 homo,
1279 5285 1398 5324 cum
1421 5272 1537 5340 ipse
1566 5272 1634 5325 sit
1655 5271 1940 5337 candidus,
1973 5273 2155 5342 nigros

559 5376 737 5421 tamen
769 5363 994 5434 capillos
1028 5363 1246 5417 habere.
1290 5364 1430 5432 Ergo
1459 5363 1913 5429 quemadmodum
1944 5364 2154 5435 species

559 5458 768 5514 tliﬁ'erat
796 5473 826 5511 a
852 5472 1053 5527 genere
1083 5460 1165 5512 vel
1197 5454 1495 5511 diﬁerentia
1542 5456 1746 5511 dictum
1789 5467 1894 5523 est,
1939 5473 2057 5512 cum
2085 5459 2154 5514 de

562 5550 774 5619 generis
817 5550 881 5603 ad
925 5550 1198 5619 speciem,
1242 5556 1298 5604 et
1333 5547 1649 5603 differentiae
1687 5548 1755 5605 ad
1796 5550 2031 5619 speciem
2072 5550 2157 5606 di-

571 5644 765 5699 stantia
796 5642 1124 5699 diceremus.

830 5771 897 5812 DE
934 5770 1267 5812 σοιιιιυιηευε
1303 5770 1506 5811 SPECIEI
1548 5771 1615 5810 E'l'
1657 5771 1888 5810 PROPR".

636 5864 784 5922 Nunc
807 5866 1045 5923 dicemus
1071 5866 1122 5933 id
1148 5866 1289 5936 quod
1319 5866 1581 5938 reliquum
1614 5877 1695 5923 est
1725 5866 1790 5922 de
1814 5864 2011 5937 speciei
2037 5879 2163 5936 pro-

2184 4632 2242 4692 D

2263 3381 2422 3435 quam
2447 3365 2517 3420 sit
2547 3366 2842 3436 proprium.
2872 3365 2987 3420 Huc
3013 3366 3219 3420 accedit
3246 3366 3386 3436 quod
3415 3366 3622 3435 Species
3646 3380 3868 3436 semper

2261 3460 2316 3514 in
2347 3475 2512 3530 opere
2559 3460 2874 3530 intelligitur
2911 3459 3282 3530 cujuscunque
3331 3458 3583 3529 subjecti.
3638 3459 3868 3531 Species

2262 3551 2406 3606 enim
2446 3565 2659 3620 semper
2707 3552 2761 3605 in
2798 3561 2921 3605 actu
2964 3558 3067 3617 est,
3108 3566 3215 3605 non
3245 3551 3419 3605 solum
3450 3555 3662 3621 propria
3702 3563 3870 3629 pote-

2263 3654 2422 3700 state.
2464 3646 2636 3699 Homo
2669 3645 2813 3699 enim
2846 3658 3036 3700 revera
3063 3654 3118 3699 et
3142 3659 3308 3715 opere
3334 3655 3390 3699 et
3414 3655 3539 3700 actu
3568 3650 3726 3699 homo
3753 3656 3864 3714 est,

2262 3737 2315 3792 id
2345 3747 2429 3792 est
2458 3753 2726 3808 nunquam
2758 3739 2953 3807 poterit
2980 3753 3101 3792 esse
3131 3753 3237 3791 non
3266 3736 3447 3792 homo.
3480 3740 3548 3791 At
3576 3751 3708 3793 vero
3738 3738 3869 3793 risi.

2264 3833 2370 3888 bile
2414 3832 2557 3901 quod
2607 3842 2688 3886 est
2732 3831 3027 3900 proprium,
3078 3838 3341 3899 potestate
3389 3839 3595 3884 tantum
3638 3830 3862 3900 dicitur,

2266 3923 2475 3977 etiamsi
2520 3933 2643 3976 actu
2686 3936 2791 3975 non
2830 3922 2920 3975 sit.
2975 3922 3161 3975 Potest
3198 3922 3343 3975 enim
3372 3922 3595 3991 quilibet
3630 3923 3719 3978 ille
3750 3939 3863 3980 non

2264 4013 2465 4078 ridere,
2498 4020 2674 4068 tamen
2702 4012 2827 4081 quia
2853 4012 3030 4067 ridere
3061 4020 3261 4083 potest,
3291 4014 3495 4068 risibile
3525 4013 3860 4073 nominatur.

2267 4104 2474 4159 Distant
2501 4104 2662 4174 igitur
2688 4104 2742 4158 in
2773 4102 2876 4158 hoc
2901 4106 3043 4173 quod
3070 4119 3286 4173 semper
3315 4104 3525 4174 species
3551 4108 3602 4163 in
3629 4116 3752 4160 actu
3775 4115 3865 4163 est

2261 4211 2318 4252 et
2358 4199 2409 4251 in
2439 4212 2622 4268 opere,
2659 4197 2933 4267 proprium
2967 4213 3098 4252 vero
3125 4198 3405 4268 aliquoties
3438 4209 3731 4266 potestate;
3764 4200 3866 4255 den

2265 4289 2392 4345 inde
2440 4304 2666 4359 quorum
2707 4288 3049 4345 deﬁnitiones
3093 4290 3322 4346 diversa:
3360 4302 3504 4355 sunt,
3542 4293 3863 4349 necessario

2265 4384 2426 4435 etiam
2478 4381 2590 4451 ipsa
2648 4396 2863 4451 quoque
2910 4382 3123 4437 diversa
3176 4392 3318 4438 sunt.
3373 4382 3561 4439 Omnis
3614 4384 3867 4443 deﬁnitio

2266 4474 2616 4528 substantiam
2641 4474 2848 4529 deﬁnit.
2877 4473 3019 4543 Ergo
3048 4476 3093 4529 si
3120 4489 3239 4544 qua:
3267 4475 3512 4545 ejusdem
3540 4477 3866 4534 substantia

2268 4570 2487 4637 iuerint,
2535 4572 2722 4625 eadem
2770 4572 2931 4626 etiam
2974 4573 3292 4629 deﬁnitione
3337 4586 3728 4633 monstrantur.
3798 4577 3864 4637 Si

2266 4678 2382 4732 qua:
2427 4661 2665 4729 ejusdem
2709 4650 3043 4718 deﬁnitionis
3071 4665 3291 4732 iuerint,
3336 4666 3523 4721 eadem
3564 4668 3864 4726 substantia

2264 4756 2647 4824 pradicantur.
2681 4759 2748 4810 At
2779 4772 2909 4811 vero
2935 4758 2977 4811 si
3007 4773 3127 4828 quae
3157 4759 3561 4815 deﬁnitionibus
3584 4760 3862 4831 diﬁ'erant,

2260 4848 2514 4902 diﬂ‘erunt
2543 4849 2705 4901 etiam
2730 4848 3066 4904 substantiis.
3091 4851 3220 4918 Quae
3247 4851 3559 4907 substantiis
3584 4852 3861 4921 differunt,

2260 4942 2417 5011 longe
2446 4958 2474 4993 a
2505 4941 2697 5010 seipsis
2727 4944 2826 4996 alia
2866 4954 3012 4999 sunt.
3060 4944 3211 4999 Nunc
3241 4947 3402 5014 igitur
3428 4946 3680 5015 quoaiam
3726 4946 3866 5001 dell-

2261 5037 2490 5089 nitiones
2542 5037 2736 5105 proprii
2792 5046 2846 5091 et
2905 5037 3102 5106 speciei
3148 5037 3433 5103 diﬁc-runt,
3480 5041 3696 5107 species
3745 5040 3863 5109 ipsa

2259 5142 2469 5194 quoque
2494 5138 2545 5180 et
2573 5129 2844 5196 proprium
2876 5144 2903 5180 a
2934 5143 2993 5182 se
3018 5129 3289 5183 differunt.
3330 5130 3421 5185 Est
3446 5138 3625 5184 autem
3657 5132 3862 5200 speciei

2259 5217 2499 5270 deﬁnitio
2546 5218 2647 5270 sub
2695 5234 2891 5283 genere
2938 5233 3096 5284 esse,
3147 5232 3201 5275 et
3248 5222 3313 5275 ad
3364 5222 3585 5290 plurima
3632 5237 3863 5279 numero

2261 5310 2561 5364 diﬁcrentia
2609 5313 2658 5365 in
2703 5326 2767 5365 eo
2812 5314 3117 5383 quodquid
3158 5315 3224 5369 sit
3269 5316 3566 5383 praedicari.
3615 5318 3683 5371 At
3726 5328 3863 5372 vero

2261 5401 2459 5470 proprii
2504 5400 2594 5454 uni
2646 5411 2849 5456 tantum
2892 5403 3068 5461 inesse
3117 5407 3335 5472 speciei,
3384 5417 3440 5461 et
3482 5407 3581 5462 snh
3629 5407 3745 5477 ipsa
3788 5407 3860 5465 de

2264 5491 2513 5546 omnibus
2558 5492 2844 5548 individuis
2890 5494 3193 5563 prtedieari.
3243 5496 3350 5551 Sed
3382 5498 3633 5566 quoniam
3662 5490 3868 5553 deﬁnin'

2266 5585 2501 5641 tionibus
2532 5584 2807 5651 diliernnt,
2841 5586 2965 5657 ipsa.
2982 5602 3194 5657 quoque
3221 5588 3430 5659 species
3460 5605 3490 5645 a
3523 5590 3741 5661 proprio
3770 5570 3865 5645 dial

2267 5680 2445 5735 stabit.

2488 5787 2553 5825 DE
2593 5786 2924 5826 COIIUNIBUS
2963 5785 3165 5827 SPECIEI
3204 5789 3271 5827 ΒΤ
3313 5788 3640 5830 Αοωυειιτιε.

2340 5864 2466 5920 Post
2505 5864 2620 5920 haec
2663 5864 2729 5919 ad
2780 5867 3194 5925 communitates
3231 5869 3431 5940 speciei
3472 5880 3526 5927 et
3562 5867 3855 5926 accidentis
