4106 6336
320 325 388 379 69
1452 322 1518 381 ΙΝ
1556 318 2005 379 PORPHYRIUM
2046 318 2401 399 DIOLOGUS.
2419 318 2485 376 ῐῐ.
3528 322 3597 380 70

318 439 740 513 disputationem
780 438 1082 505 transtulit,
1126 445 1180 495 et
1207 438 1338 496 dicit
1375 454 1558 495 eorum
1600 455 1749 495 raras
1778 438 1913 495 alias
1938 438 1990 500 Δ
2017 435 2257 491 videatur
2284 434 2383 491 ista
2409 431 2738 489 communio.
2767 431 2862 487 Est
2890 431 3033 488 enim
3064 432 3135 489 ita
3154 431 3459 492 deﬁnitum.
3483 438 3594 492 Ac-

318 546 440 587 csse
470 530 906 596 communitates,
939 529 1039 582 nisi
1071 528 1175 582 has
1197 529 1336 583 solas
1376 528 1517 600 quod
1560 529 1626 584 de
1670 529 1912 597 pluribus

318 619 926 692 praedicantur.‘Longe
973 621 1113 677 enim
1158 634 1188 673 a
1216 634 1274 675 se
1311 621 1510 677 distare
1558 620 1824 689 videntur,
1860 620 1913 675 in

318 716 616 770 substantia
647 712 729 768 sui
760 722 815 767 et
844 713 897 767 in
930 720 1191 782 potestate
1216 712 1453 784 patiendi
1494 724 1652 783 atque
1684 712 1914 769 faciendi

322 808 377 861 id
402 806 543 877 quod
570 805 730 860 alicui
759 803 975 866 accidit,
999 814 1051 859 et
1077 804 1128 857 id
1152 805 1236 859 cui
1265 804 1478 861 accidit.
1512 805 1751 876 Namque
1782 805 1915 865 illud

323 900 413 955 cui
452 899 661 963 accidit,
696 897 847 968 quasi
887 897 1151 966 quoddam
1199 897 1599 954 fundamentum
1646 908 1729 953 est
1775 900 1919 954 acci—

329 991 520 1047 dentis.
547 988 677 1044 lllud
705 1003 834 1044 vero
862 987 1006 1058 quod
1036 988 1248 1056 accidit,
1275 1000 1470 1058 praeter
1496 989 1547 1045 id
1577 991 1661 1051 cui
1691 990 1909 1058 accidit,

331 1097 448 1139 esse
476 1082 532 1137 in
561 1082 645 1135 sui
672 1080 971 1134 substantia
1000 1095 1106 1133 non
1140 1089 1333 1148 potest.

831 1190 897 1227 DE
937 1188 1176 1227 PROPBHS
1217 1188 1414 1227 EORUM.

398 1268 620 1338 Propria
642 1283 768 1322 vero
789 1267 1119 1337 singulorum
1147 1267 1428 1334 sunthaec,
1459 1267 1598 1337 quod
1627 1269 1833 1339 species
1862 1269 1917 1323 in

321 1376 392 1418 eo
413 1360 555 1431 quod
581 1359 706 1430 quid
728 1362 798 1414 sit
823 1360 1163 1428 praedicatur,
1185 1359 1433 1414 accidens
1453 1375 1580 1416 vero
1607 1362 1659 1417 in
1685 1376 1751 1415 eo
1775 1360 1917 1429 quod

323 1457 484 1525 quale
524 1455 594 1508 sit
634 1462 689 1508 et
723 1450 1118 1521 quodammodo
1164 1466 1223 1504 se
1262 1442 1485 1506 habens.
1536 1451 1666 1505 Nam
1713 1455 1757 1505 si
1798 1453 1918 1522 quis

324 1548 492 1610 dicat,
521 1544 651 1614 quid
677 1543 924 1598 Socrates
951 1551 1055 1608 est,
1088 1541 1249 1595 homo
1278 1542 1493 1597 dicitur.
1537 1543 1592 1598 Si
1625 1545 1744 1613 quis
1774 1543 1919 1597 dicat

325 1637 502 1708 qualis
530 1636 630 1702 sit,
672 1633 853 1689 calvus
884 1633 966 1687 vel
1000 1632 1174 1688 simus
1211 1632 1529 1703 appellatur.
1561 1633 1616 1689 Si
1645 1635 1766 1706 quis
1793 1647 1920 1688 vero

327 1726 603 1798 quomodo
631 1740 691 1779 se
719 1723 918 1781 habens
937 1764 953 1789 ,
982 1722 1179 1779 sedens
1206 1732 1299 1776 aut
1322 1724 1508 1791 jacens
1537 1724 1917 1793 appellabitur.

2013 528 2200 583 cidens
2227 538 2310 581 est
2343 526 2483 597 quod
2509 525 2735 580 infertur
2765 534 2819 579 et
2849 524 3091 580 aufertur
3128 526 3245 582 sine
3274 526 3392 596 ejus
3414 527 3598 599 inquo

2014 629 2097 676 est
2122 619 2359 679 interitu.
2391 618 2543 686 Quod
2570 634 2709 673 nunc
2735 618 2836 674 dici
2860 620 3071 674 videtur
3098 620 3216 675 sine
3245 619 3330 675 his
3348 618 3599 679 constare

2015 727 2120 767 non
2153 726 2325 781 posse,
2380 725 2500 765 cum
2533 711 2777 779 superius
2804 710 2921 765 sine
2950 725 3135 766 eorum
3182 712 3405 768 interitu
3439 728 3598 785 posse

2014 805 2283 861 diceretur
2312 802 2531 857 auferri.
2567 801 2675 858 Sed
2723 804 2821 856 hoc
2860 802 3019 857 modo
3048 802 3268 870 dicitur,
3308 819 3416 860 non
3455 805 3599 876 quod

2015 897 2059 953 si
2089 897 2365 953 auferatur
2390 895 2491 951 hoc
2520 894 2770 949 accidens
2802 895 3187 965 inseparabile,
3220 898 3447 953 intereat
3469 899 3599 954 illud

2015 989 2101 1044 cui
2128 987 2343 1054 accidit,
2370 988 2463 1042 sed
2496 986 2746 1057 quoniam
2774 989 3015 1059 separari
3048 1003 3151 1042 non
3178 998 3373 1058 potest,
3400 990 3602 1045 idcirco

2016 1080 2134 1136 sine
2163 1081 2247 1135 his
2283 1089 2533 1135 constare
2557 1094 2662 1132 non
2695 1078 2885 1149 possit.
2922 1079 3018 1134 Est
3039 1081 3199 1134 etiam
3226 1081 3602 1151 inseparabilis

2019 1174 2308 1231 accidentis
2356 1184 2410 1228 et
2463 1172 2666 1243 proprii
2719 1173 2824 1227 alia
2870 1174 3208 1242 communio,
3265 1177 3406 1247 quod
3463 1179 3603 1235 sicut

2018 1279 2071 1322 et
2100 1269 2243 1321 omni
2297 1275 2352 1321 et
2379 1280 2593 1335 semper
2644 1264 2785 1320 inest
2817 1266 3088 1335 proprium
3131 1268 3215 1321 cui
3247 1268 3405 1335 inest,
3437 1270 3489 1325 id
3521 1279 3603 1329 est

2020 1358 2222 1415 homini
2261 1358 2497 1433 (semper
2526 1357 2667 1412 enim
2713 1365 2768 1413 et
2818 1359 2995 1412 omnis
3025 1357 3185 1415 homo
3215 1361 3431 1417 risibilis
3471 1363 3603 1434 est),

1996 1440 2097 1508 sic
2127 1455 2283 1521 etiam
2332 1451 2610 1522 quodlibet
2640 1452 2892 1507 accidens
2936 1454 3314 1523 inseparabile,
3360 1462 3416 1510 et
3456 1460 3603 1514 omni
3702 1438 3718 1449 ’

2022 1556 2076 1601 et
2113 1560 2323 1614 semper
2346 1555 2425 1598 est
2452 1544 2698 1598 accidens
2726 1544 3102 1613 inseparabile.
3133 1544 3372 1616 Namque
3400 1557 3455 1602 et
3483 1563 3604 1603 om-

2023 1639 2107 1691 nis
2133 1650 2348 1704 cnrvus,
2380 1642 2435 1689 et
2451 1649 2669 1703 semper
2696 1636 2846 1704 niger
2875 1643 2978 1689 est.
3012 1635 3138 1690 Sola
3161 1647 3338 1693 autem
3367 1652 3486 1693 cum
3517 1653 3604 1692 se-

2025 1725 2351 1797 pasabilibus
2402 1725 2770 1780 accidentibus
2824 1727 2911 1779 illa
2960 1726 3268 1781 communio
3309 1739 3412 1795 est,
3466 1730 3604 1800 quod

328 1820 462 1875 Item
498 1819 551 1873 in
590 1818 692 1873 hoc
733 1816 984 1872 differunt
1025 1816 1166 1887 quod
1228 1831 1563 1887 unaquaeque
1614 1816 1916 1872 substantia
1946 1816 1994 1876 B
2022 1819 2469 1892 quemadmodum
2500 1819 2568 1874 de
2599 1819 2779 1876 multis
2826 1819 3116 1876 individuis
3162 1824 3433 1893 preprium
3464 1840 3604 1895 pra:-

323 1922 489 1968 unam
530 1911 766 1980 speciem
813 1909 994 1965 habet.
1048 1910 1290 1980 Namque
1336 1912 1568 1965 hominis
1616 1912 1915 1966 substantia

326 2017 483 2061 unam
516 2004 689 2061 solam
716 2004 950 2060 hominis
980 2019 1089 2073 ερει
1109 2004 1212 2059 iem
1241 2004 1422 2058 habet.
1452 2004 1759 2061 Substantia
1787 2020 1917 2061 vero

322 2114 476 2169 atque
504 2113 667 2154 unam
696 2098 869 2153 solius
893 2099 1020 2168 equi
1055 2099 1291 2168 speciem
1328 2098 1509 2153 habet.
1557 2102 1628 2154 At
1652 2115 1783 2155 vero
1813 2116 1917 2156 una

325 2192 627 2249 substantia
684 2192 834 2261 plura
874 2191 1181 2261 frequenter
1237 2192 1530 2247 accidentia
1598 2196 1914 2249 continebit.

328 2284 461 2338 Nam
510 2293 564 2340 et
608 2282 661 2338 in
714 2283 906 2338 eodem
954 2298 1093 2353 equo
1140 2285 1381 2353 qumdam
1440 2300 1563 2353 pars
1608 2284 1919 2355 frequenter

260 2446 263 2449 γ
326 2376 474 2447 nigra
504 2376 769 2448 quaedam,
806 2375 925 2430 alba
962 2384 1063 2430 est.
1108 2376 1175 2433 Et
1203 2386 1285 2431 est
1321 2377 1374 2431 in
1398 2392 1463 2431 eo
1494 2380 1804 2445 proceritas,
1834 2387 1920 2433 est

326 2468 572 2532 altitudo,
622 2476 705 2523 est
757 2467 1051 2537 aquilinum
1097 2479 1281 2537 caput,
1327 2481 1382 2524 et
1426 2471 1527 2525 alia
1585 2470 1913 2540 hujusmodi.

327 2557 504 2613 Habet
531 2558 688 2613 etiam
717 2572 822 2613 non
851 2558 1023 2615 solum
1055 2559 1416 2629 inseparabile
1443 2560 1697 2617 accidens
1724 2562 1915 2617 eadem

334 2652 652 2717 substantia,
682 2651 774 2707 sed
804 2653 963 2707 etiam
994 2655 1316 2722 separabile.
1368 2653 1500 2709 Nam
1533 2654 1763 2711 fortasse
1792 2662 1914 2726 qui-

332 2741 456 2797 dam
494 2742 648 2799 velox
685 2754 784 2807 erit,
828 2751 881 2798 et
919 2743 1058 2798 idem
1098 2742 1259 2799 etiam
1302 2758 1529 2813 corpore
1573 2746 1776 2800 validus
1812 2755 1913 2811 est,

326 2834 473 2887 idem
500 2833 661 2889 etiam
692 2834 988 2903 sagittatir,
1028 2844 1080 2888 et
1115 2842 1333 2891 caetera.
1385 2834 1496 2889 lluc
1532 2836 1737 2890 accedit
1774 2837 1915 2906 quod

327 2926 537 2992 Ipecies
583 2936 1005 2993 prmnnscuntur,
1052 2926 1102 2980 id
1148 2936 1231 2981 est
1274 2927 1773 2996 prmintclliguntur,
1814 2930 1917 2983 hoc

264 3025 413 3098 _.est
454 3024 578 3071 ante
626 3031 745 3071 esse
792 3029 1187 3083 cognoscuntur
1239 3034 1398 3088 quam
1456 3020 1772 3075 accidentia.
1847 3022 1917 3077 Et

262 3182 265 3187 Α
327 3110 478 3179 prius
503 3109 604 3167 erit
632 3108 806 3178 aliqua
838 3124 925 3163 res
954 3110 1039 3163 ubi
1070 3110 1296 3176 accidat,
1321 3126 1482 3180 quam
1514 3112 1603 3166 illa
1624 3126 1745 3182 qum
1766 3112 1910 3167 acci-

2019 1914 2251 1979 dicatur,
2286 1913 2354 1965 ita
2381 1911 2543 1965 etiam
2576 1912 2826 1967 accidens
2855 1912 2923 1968 de
2971 1914 3155 1969 multis
3184 1915 3472 1972 individuis
3514 1934 3606 1988 po-

2022 2015 2125 2061 test
2170 2003 2468 2073 przedicari.
2517 2004 2705 2058 Plures
2731 2004 2874 2059 enim
2930 2012 3176 2073 currunt,
3217 2008 3399 2078 plures
3443 2011 3604 2068 etiam

1968 2138 1969 2141 η
2019 2096 2317 2164 ambulant,
2352 2110 2471 2164 quae
2494 2095 2703 2149 scilicet
2749 2094 3046 2150 accidentia
3097 2097 3417 2166 separabilia
3458 2110 3605 2164 sunt.

2020 2188 2469 2261 quemadmodum
2504 2188 2686 2257 plures
2714 2198 2940 2257 possunt
2960 2204 3082 2246 esse
3101 2190 3357 2248 risibiles.

2528 2297 2595 2336 DE
2634 2296 2868 2336 PROPBHS
2904 2297 3105 2338 EORUM.

2092 2372 2354 2426 Diﬂ'erunt
2382 2380 2561 2426 autem
2616 2371 2739 2438 ista,
2770 2372 2912 2441 quod
2945 2376 3217 2443 proprium
3272 2388 3485 2446 semper
3513 2377 3603 2436 uni

2018 2463 2216 2532 Speciei
2245 2465 2402 2530 inest,
2447 2464 2697 2519 accidens
2722 2480 2851 2519 vero
2878 2467 3138 2534 pluribus.
3168 2466 3300 2523 Nam
3356 2470 3605 2527 accidens

2018 2558 2260 2628 pluribus
2283 2556 2564 2625 speciebus
2621 2566 2680 2612 et
2705 2557 2956 2611 animatis
2986 2568 3039 2613 et
3070 2560 3374 2615 inanimatis
3402 2565 3600 2630 evenit,

2019 2662 2076 2703 ut
2105 2660 2187 2704 est
2213 2649 2383 2704 ebeno
2415 2649 2649 2719 nigrum,
2683 2663 2843 2703 corvo
2872 2652 3105 2718 nigrum,
3139 2651 3341 2708 homini
3364 2654 3603 2725 Ethiopi

2020 2742 2251 2811 nigrum.
2286 2740 2506 2795 Risibile
2529 2754 2657 2796 vero
2689 2739 2842 2809 nulli,
2874 2742 2977 2795 nisi
3026 2741 3126 2797 soli
3170 2742 3397 2799 homini.
3429 2748 3603 2817 Atque

2020 2835 2142 2890 ideo
2195 2835 2496 2888 conversim
2557 2836 2830 2903 proprium
2878 2834 3220 2903 przedicatur,
3276 2838 3397 2908 quia
3446 2841 3603 2896 unius

2018 2928 2215 2997 speciei
2247 2925 2528 2981 continens
2550 2935 2655 2991 est,
2697 2935 2752 2981 et
2790 2927 2867 2980 illi
2895 2928 3091 2997 speciei
3122 2929 3222 2983 soli
3249 2932 3471 3000 aqualis
3497 2940 3603 2987 est.

2019 3021 2089 3074 At
2135 3034 2270 3073 vero.
2313 3018 2565 3072 accidens
2594 3019 2890 3073 conversim
2942 3019 3219 3086 praedicari
3251 3034 3357 3075 non
3407 3029 3604 3091 potest,

2019 3113 2141 3185 quia
2169 3115 2349 3183 plures
2375 3113 2564 3167 sub‘se
2583 3113 2790 3181 species
2812 3112 2988 3168 habet.
3020 3112 3134 3167 Non
3155 3113 3297 3169 enim
3320 3124 3495 3185 potest
3524 3116 3606 3171 dl-

328 3200 429 3268 dil,
457 3201 780 3271 etquoniam
809 3203 1018 3270 species
1056 3210 1139 3255 est
1172 3202 1472 3273 subjectum
1504 3205 1794 3259 accidentis
1828 3205 1914 3260 ubi
1941 3191 1990 3254 Ο
2020 3223 2145 3265 cere
2174 3208 2225 3263 id
2256 3223 2377 3263 esse
2424 3209 2634 3277 nigrum
2680 3209 2819 3276 quod
2851 3208 3103 3272 ebenum,
3148 3222 3269 3262 cum
3314 3208 3459 3265 dicas
3508 3210 3609 3267 hoc

329 3291 580 3346 accidens
624 3292 859 3358 accidat,
904 3285 1135 3363 ideoque
1176 3304 1300 3351 ante
1344 3294 1555 3363 species
1598 3296 1917 3367 intelligitur

264 3368 269 3373 ’
330 3398 455 3439 esse
497 3398 657 3453 quam
701 3385 974 3439 accidens.
1040 3383 1353 3441 Accidentia
1383 3400 1535 3443 vero.
1559 3396 1745 3456 postea
1795 3400 1916 3443 nata

329 3485 479 3543 sunt,
511 3477 560 3532 id
592 3488 675 3533 est
703 3494 734 3532 a
766 3479 892 3533 loris
921 3478 1185 3533 venientia
1228 3491 1282 3535 et
1309 3489 1585 3547 extranea,
1619 3497 1651 3536 a
1680 3484 1922 3551 qualibet

332 3571 422 3624 illa
439 3570 760 3636 substantia,
774 3573 933 3626 etiam
951 3572 994 3624 si
1013 3572 1383 3641 inseparabilia
1404 3584 1551 3631 sunt.
1576 3574 1697 3629 litec
1711 3589 1923 3644 quoque

274 3724 275 3727 η
335 3672 417 3718 est
435 3678 621 3719 eorum
647 3664 936 3733 separatio,
959 3663 1099 3733 quod
1121 3681 1335 3735 semper
1362 3668 1540 3721 omnia
1563 3683 1682 3737 quae
1710 3669 1927 3737 partici-

274 3828 277 3833 _
340 3766 465 3826 pant
492 3757 694 3829 specie,
712 3756 989 3827 aequaliter
1014 3758 1352 3826 participant.
1377 3760 1677 3829 .‘Equaliter
1700 3761 1845 3816 enim
1873 3768 1930 3815 et

272 3920 277 3925 ἢ
338 3849 588 3905 Socrates
614 3858 669 3906 et
689 3850 876 3906 Cicero
896 3860 949 3905 et
971 3849 1119 3907 Plato
1144 3862 1271 3908 sunt
1295 3853 1561 3909 homines.
1590 3857 1657 3909 At
1679 3869 1810 3909 vero
1836 3855 1927 3909 illa

272 4008 277 4015 λ
337 3960 460 4014 quae
490 3946 811 4017 participant
836 3943 1120 4011 accidenti,
1160 3946 1372 4003 etiamsi
1401 3947 1758 4016 inseparabile
1780 3949 1921 4003 acci-

339 4034 477 4088 dens
520 4035 621 4100 sit,
682 4021 865 4089 tamen
912 4050 1021 4089 non
1070 4037 1349 4105 :equaliter
1392 4039 1729 4105 participant.
1795 4039 1927 4093 Nam

344 4128 592 4194 quamvis
624 4127 977 4195 inseparabile
1006 4129 1076 4183 sit
1103 4128 1355 4185 accidens
1387 4129 1735 4199 Ethiopibus
1766 4132 1932 4202 nigris

348 4230 492 4282 esse,
514 4225 688 4272 tamen
717 4228 797 4272 est
821 4218 1016 4288 aliquis
1047 4220 1184 4273 inter
1214 4221 1356 4289 ipsos
1384 4222 1605 4289 nigrior,
1625 4238 1722 4278 nec
1744 4239 1933 4278 omnes

349 4306 444 4360 illa
470 4306 747 4377 nigredine
775 4310 1050 4381 arqualiter
1078 4311 1415 4381 participant.

570 4422 637 4465 DE
672 4395 1002 4465 coniueamus
1038 4425 1257 4465 PROPRII‘
1281 4428 1351 4466 nr
1390 4426 1721 4467 ACCIDEN'I‘IS.

423 4496 759 4568 Relinquitur
806 4501 967 4570 igitur
1015 4501 1083 4557 de
1128 4505 1504 4565 communibus
1552 4504 1751 4572 pr0prii
1791 4502 1935 4556 acci-

2019 3317 2142 3357 esse
2171 3302 2398 3355 ebenum
2430 3298 2571 3369 quod
2602 3299 2829 3367 nigrum.
2864 3299 3047 3353 Potest
3073 3302 3218 3354 enim
3249 3313 3369 3356 esse
3398 3302 3608 3372 nigrum

2021 3402 2078 3448 et
2105 3407 2215 3447 non
2242 3406 2364 3446 esse
2391 3391 2644 3445 ebenum.
2676 3390 2880 3446 Deinde
2924 3405 3085 3446 omne
3114 3394 3387 3462 propriuin
3433 3409 3611 3464 arqua-

2023 3486 2147 3541 liter
2170 3500 2252 3539 .se
2294 3485 2376 3538 his
2406 3485 2566 3537 rebus
2593 3500 2713 3552 quae
2741 3483 2840 3537 sub
2889 3499 2949 3538 se
2987 3483 3183 3539 fuerint
3213 3485 3305 3539 dat
3330 3496 3385 3541 et
3434 3488 3503 3541 ab
3532 3487 3616 3543 his

2025 3577 2303 3647 mqualiter
2346 3575 2717 3644 participatur.
2759 3577 3008 3629 Socrates
3056 3577 3198 3629 enim
3246 3588 3299 3632 et
3344 3577 3534 3633 Cicero
3561 3588 3615 3636 et

2029 3666 2299 3737 Vergilius
2328 3664 2605 3734 aequaliter
2636 3675 2689 3719 et
2724 3665 2909 3719 risibili
2940 3666 3281 3735 participant,
3313 3677 3368 3722 et
3398 3670 3615 3739 (aquati.

2031 3772 2113 3817 ter
2168 3761 2399 3815 risibiles
2457 3769 2603 3813 sunt.
2654 3761 2724 3813 At
2775 3774 2905 3814 vero
2952 3760 3205 3815 accidens
3256 3775 3362 3816 non
3407 3777 3619 3833 semper

2031 3854 2306 3924 aequaliter
2335 3861 2416 3907 est
2457 3852 2728 3928 accidens.
2762 3851 2946 3905 Potest
2984 3854 3128 3906 enim
3160 3854 3462 3924 quicunque
3500 3869 3619 3913 esse

2034 3949 2332 4019 procerior,
2363 3957 2418 4001 et
2457 3948 2597 4001 alius
2623 3960 2745 4001 esse
2776 3945 3033 4001 velocior.
3063 3945 3217 4013 Quod
3247 3945 3449 4001 scilicet
3493 3947 3621 4005 illud

2035 4040 2337 4111 separabile
2366 4048 2450 4095 est
2490 4038 2763 4102 accidens,
2819 4037 2951 4092 illud
3000 4037 3376 4108 inseparabile.
3421 4038 3489 4093 Et
3517 4038 3623 4094 for-

2038 4142 2184 4189 tasse
2232 4131 2352 4187 alia:
2402 4145 2587 4185 eorum
2633 4122 2873 4198 quaedam
2902 4129 3260 4198 proprietates
3306 4139 3624 4185 etcommu-

2039 4227 2230 4280 niones
2259 4238 2381 4278 esse
2429 4222 2728 4276 videantur.
2756 4220 2861 4275 Sed
2889 4236 3055 4288 nunc,
3098 4230 3352 4290 quantum
3390 4222 3624 4277 introdu-

2039 4319 2202 4372 ctioni
2222 4326 2305 4371 sat
2324 4325 2427 4379 est,
2451 4315 2552 4370 ista
2573 4313 2858 4368 sufﬁciant.
2878 4312 2984 4368 Sed
3004 4314 3111 4384 jam
3130 4312 3247 4380 tibi,
3276 4313 3426 4379 Fabi,
3448 4318 3626 4376 omnia

2040 4424 2378 4480 quaecunque
2426 4410 2492 4461 ad
2544 4406 2993 4463 introductionem
3028 4406 3309 4477 Porphyrii
3338 4406 3627 4476 pertinent,

2045 4503 2257 4573 plenius
2307 4502 2633 4571 uberiusque
2678 4508 2901 4555 tractata
2956 4510 3099 4554 sunt.
3133 4499 3263 4554 Post
3286 4515 3416 4554 vero
3440 4500 3485 4554 si
3515 4502 3627 4570 qui-

347 4588 628 4659 dentisque
658 4598 906 4648 tractare.
943 4592 1072 4649 Nam
1106 4598 1377 4664 preprium
1419 4598 1543 4667 quid
1592 4598 1814 4652 distaret
1847 4599 1929 4653 vel
1960 4571 2015 4632 D
2041 4571 2164 4652 dem
2193 4612 2423 4667 unquam
2445 4611 2532 4651 me
2557 4594 2800 4666 egueris,
2831 4593 3021 4649 studiis
3047 4593 3346 4664 praesertim
3378 4594 3483 4649 tuis
3512 4609 3629 4664 qua!

347 4697 379 4735 a
398 4682 598 4750 specie,
624 4683 706 4738 vel
738 4700 764 4736 a
796 4698 1011 4753 genere,
1045 4688 1127 4741 vel
1158 4702 1186 4741 a
1215 4687 1537 4751 diiferentia,
1563 4690 1809 4757 superius
1837 4690 1933 4744 de-

283 4846 288 4851 .
350 4782 703 4827 monstratum
759 4785 860 4830 est.
918 4774 1198 4846 Proprium
1249 4788 1424 4833 autem
1476 4788 1528 4833 et
1575 4779 1933 4847 inseparabile

349 4863 602 4921 accidens
628 4880 911 4925 commune
958 4869 1184 4936 habent,
1217 4871 1360 4940 quod
1391 4870 1506 4925 sine
1548 4872 1630 4925 his
1663 4887 1931 4938 nunquam

350 4958 652 5011 consistunt
679 4973 741 5012 ea
779 4974 900 5029 qua:
928 4976 1114 5016 eorum
1164 4963 1503 5032 participant,
1554 4972 1606 5016 et
1638 4962 1694 5017 in
1739 4963 1934 5031 quibus

364 5045 475 5114 ipsa
498 5046 934 5103 considerantur.
962 5050 1094 5106 Nam
1121 5067 1294 5120 neque
1325 5054 1486 5107 homo
1512 5053 1708 5108 amittit
1734 5055 1940 5109 risibile

354 5152 491 5205 esse,
546 5154 646 5193 nec
687 5138 937 5211 Ethiops
963 5153 1055 5201 aut
1089 5160 1305 5209 corvus.
1351 5148 1580 5218 nigrum.
1616 5156 1789 5213 Atque
1818 5148 1941 5204 ideo

350 5229 471 5284 sine
501 5230 584 5284 his
613 5232 765 5299 ipsis,
797 5234 848 5288 id
878 5246 960 5290 est
1014 5239 1244 5309 propriis
1291 5247 1345 5295 et
1396 5239 1786 5303 accidentibus,
1820 5256 1941 5309 «tua:

298 5330 303 5331 ’
351 5336 540 5377 eorum
588 5326 937 5398 participant,
984 5341 1233 5386 constare
1263 5347 1368 5387 non
1422 5341 1663 5399 possunt,
1712 5349 1780 5388 ne
1809 5335 1943 5390 forte

320 5421 541 5475 ,contra
593 5416 923 5484 superiorem
990 5421 1355 5480 deﬁnitionem
1415 5423 1709 5482 accidentis
1760 5427 1945 5482 venire

2042 4692 2186 4747 nulla
2239 4702 2471 4759 unquam
2530 4689 2811 4743 honestate
2869 4696 3178 4751 caruerunt,
3232 4686 3403 4740 libens
3452 4688 3629 4749 animo

2043 4786 2391 4851 hortatorque
2418 4781 2484 4835 ad
2520 4781 2736 4836 easdem
2782 4781 3102 4849 cupiditates
3150 4780 3367 4849 parebo.
3405 4778 3502 4834 llic
3531 4780 3629 4833 Fa-

2045 4876 2167 4931 bius
2193 4895 2203 4929 :
2230 4876 2332 4941 Tu,
2363 4876 2558 4943 inquit,
2590 4882 2813 4943 paterno
2841 4874 2951 4926 haec
2976 4872 3105 4925 mihi
3128 4872 3308 4926 animo
3334 4872 3630 4941 polliceris;

2046 4984 2234 5024 verum
2266 4984 2364 5039 ego
2391 4984 2660 5038 nunquam
2689 4968 2934 5022 deficiam
2962 4967 3030 5022 ab
3061 4967 3142 5020 his
3172 4965 3384 5031 studiis,
3419 4977 3470 5022 te
3499 4980 3629 5035 pra:-

2046 5062 2232 5117 sertim
2251 5062 2500 5126 docente,
2517 5076 2545 5114 a
2570 5076 2675 5130 quo
2693 5069 2857 5114 totam
2874 5061 3098 5115 fortasse
3117 5059 3296 5129 logica:
3311 5058 3631 5127 Aristotelis,

2046 5156 2090 5210 si
2107 5156 2209 5210 vita
2225 5155 2698 5224 suppetit,capiam
2725 5153 3084 5222 disciplinam.
3109 5152 3289 5221 Etego
3305 5150 3523 5214 faciam,
3556 5149 3632 5203 in-

2047 5262 2230 5314 quam,
2250 5247 2623 5303 libentissime.
2642 5244 2748 5301 Sed
2772 5246 3022 5314 quoniam
3032 5244 3140 5314 jam
3161 5243 3451 5298 matutinus
3466 5241 3545 5309 (ut
3566 5242 3649 5303 ait~

2049 5339 2357 5407 Petronius)
2388 5339 2468 5395 sol
2501 5340 2655 5393 tectis
2689 5338 2892 5404 arrisit,
2918 5352 3221 5407 surgamus,
3244 5344 3300 5389 et
3324 5333 3368 5386 si
3394 5332 3524 5401 quid
3556 5342 3631 5389 est

2050 5428 2215 5495 illud,
2244 5427 2583 5499 diligentiore
2623 5438 2808 5501 postea
2834 5426 3272 5499 consideratione
3301 5422 3630 5483 ambitur.

1530 5636 2466 5675 -φ--νο

4080 0 4083 19 Γ

4080 22 4083 33 4

4076 0 4106 1163 ε

4102 502 4106 523 1
