4106 6336
577 320 636 374 7i
1805 329 1915 385 AN.
1960 331 2168 387 MANL.
2214 335 2366 389 SEV.
2411 334 2636 390 BOETI]
3797 347 3869 400 72

847 480 3648 514 Mm__
1691 505 1758 514 -Ι
1777 505 1804 514 -
1829 505 2840 514 __W

3657 501 3848 515 Μ

1187 652 1450 757 ΑΝ.
1591 655 2072 763 MANL.
2215 581 2574 765 sriv.
2715 664 3260 770 BOETII

1557 847 2919 985 COMMENTARIA

1259 1050 1363 1130 IN
1445 1051 2108 1130 PORPHYBIUM
2165 1053 2225 1128 A
2305 1051 2419 1128 SE
2473 1051 3187 1136 TRANSLATUM.

1754 1355 2139 1459 LIBER
2215 1358 2743 1468 PRIMUS.

649 1643 931 1703 Secundus
983 1642 1071 1698 hic
1120 1648 1354 1710 arrepta
1386 1637 1745 1710 expositionis
1794 1636 1949 1693 labor
1978 1634 2597 1696 nostraAabsentium
2652 1635 3026 1709 intelligentia,
3078 1637 3163 1694 vel
3215 1639 3269 1694 in
3320 1641 3626 1712 ignotarum
3658 1645 3886 1718 inquisi-

577 1738 772 1794 serietn
805 1734 1173 1791 translationis
1202 1732 1474 1801 expediet,
1508 1731 1561 1786 in
1592 1748 1696 1803 qua
1727 1730 1944 1802 quidem
1982 1746 2179 1788 vereor

579 1846 648 1887 ne
704 1830 957 1884 subierim
1008 1828 1099 1882 ﬁdi
1146 1827 1458 1898 interpretis
1489 1825 1726 1896 culpam,
1784 1841 1907 1881 cum
1947 1826 2176 1882 verbum

579 1922 744 1978 verbo
777 1935 1092 1991 expressum
1124 1928 1599 1990 comparatumque
1629 1917 1978 1974 reddiderim.
2010 1917 2178 1987 Cujus

589 2014 810 2083 incapti
841 2014 980 2069 ratio
1029 2021 1132 2078 cst,
1165 2012 1308 2083 quod
1339 2011 1394 2065 in
1423 2011 1506 2065 his
1535 2011 1748 2080 scriptis
1780 2011 1832 2066 in
1860 2011 2055 2082 quibus
2091 2024 2179 2066 re-

582 2123 700 2164 rum
724 2105 959 2175 cognitio
974 2105 1252 2176 quaritur,
1279 2119 1386 2159 non
1413 2103 1704 2159 luculenta
1721 2101 1982 2158 orationis
2004 2101 2176 2171 lepos,

583 2200 682 2256 sed
704 2201 1010 2268 incorrupta
1031 2199 1226 2253 veritas
1250 2197 1606 2269 exprimenda
1627 2205 1728 2253 est.
1757 2193 2019 2264 Quocirca
2041 2196 2180 2250 mul-

586 2305 696 2348 tum
730 2291 1023 2362 profecisse
1069 2290 1314 2357 videbor,
1355 2290 1401 2345 si
1424 2291 1776 2361 philosophia
1807 2288 1960 2342 libris
1989 2288 2180 2343 Latina
2231 2320 2233 2322 -

581 2386 825 2441 oratione
845 2384 1157 2454 compositis
1186 2399 1278 2452 per
1299 2385 1659 2454 integerrima
1684 2382 2048 2438 translationis
2069 2385 2180 2437 sin-

581 2482 884 2548 ceritatem,
917 2480 1051 2534 nihil
1084 2481 1134 2534 in
1162 2479 1471 2535 Gracorum
1501 2479 1694 2535 litteris
1720 2478 1953 2549 amplius
1975 2477 2180 2534 deside-

582 2583 749 2628 retur.
788 2573 853 2627 Et
874 2572 1129 2642 quoniam
1172 2573 1420 2626 humanis
1449 2571 1642 2627 animis
1665 2570 2180 2627 excellentissimum

582 2667 783 2720 bonum
817 2666 1171 2736 philosophia
1197 2675 1568 2736 comparatum
1597 2675 1682 2722 est
1705 2708 1720 2731 ,
1774 2676 1828 2721 ut
1858 2667 1959 2721 via
1988 2681 2054 2722 ex
2091 2665 2181 2720 lilo

584 2759 815 2828 quodam
855 2758 1112 2828 procedat
1161 2757 1320 2825 ratio,
1353 2773 1418 2813 ex
1447 2759 1642 2813 anima
1670 2759 1838 2829 ipsius
1875 2757 2182 2814 efiieientiis

580 2850 895 2906 ordiendum
910 2850 1234 2920 est.Triplex
1250 2851 1472 2905 omnino
1489 2850 1681 2905 anima
1701 2851 1781 2916 vis
1801 2851 1853 2904 in
1871 2850 2182 2920 vegetandis

580 2945 896 3013 corporibus
922 2941 1365 3011 deprehenditur.
1385 2942 1623 3008 Quarum
1650 2956 1753 2996 una
1775 2941 1995 3012 quidem
2015 2941 2182 2996 vitam

581 3039 822 3107 corporis
851 3036 1241 3100 subministrat,
1275 3044 1333 3089 ut
1365 3035 1636 3090 nascendo
1682 3044 1913 3103 crescat,
1961 3035 2183 3090 alendo-

2282 1728 2432 1782 tione
2472 1737 2738 1783 versatur.
2788 1729 2916 1786 Hac
2949 1739 3152 1786 tantum
3179 1732 3418 1788 humano
3464 1738 3645 1806 generi
3679 1751 3882 1808 prasto

2281 1830 2387 1885 est,
2433 1835 2552 1891 qua
2605 1835 2711 1876 non
2738 1823 2914 1878 solum
2968 1838 3162 1881 sensus
3195 1827 3458 1898 imagines
3512 1831 3778 1899 perfectas
3833 1845 3887 1891 et

2282 1930 2391 1970 non
2422 1915 2724 1972 inconditas
2754 1917 2928 1987 capit,
2988 1917 3086 1974 sed
3132 1919 3292 1974 etiam
3327 1921 3490 1990 pleno
3532 1934 3657 1979 actu
3689 1926 3887 1982 intelli-

2281 2010 2478 2080 gentia
2531 2010 2677 2080 quod
2726 2010 3040 2080 imaginatio
3089 2013 3398 2084 suggessit,
3446 2015 3680 2084 explicat
3723 2026 3886 2087 atque

2282 2101 2589 2158 confirmat.
2619 2104 2826 2174 Itaque,
2863 2111 2920 2157 ut
2948 2103 3150 2159 dictum
3181 2114 3284 2173 est,
3316 2104 3441 2159 huic
3461 2106 3657 2161 divina
3681 2117 3886 2163 natura

2284 2212 2388 2251 non
2412 2211 2474 2252 ea
2505 2204 2709 2251 tantum
2743 2197 2794 2251 in
2817 2195 3122 2268 cognitione
3153 2197 3431 2253 sufficiunt
3488 2213 3610 2269 qua
3641 2199 3885 2268 subjecta

2283 2294 2536 2348 sensibus
2552 2293 2984 2363 comprehendit,
3005 2308 3192 2349 verum
3218 2293 3383 2349 etiam
3401 2301 3457 2349 et
3479 2287 3886 2348 insensibilibus

2285 2386 2671 2457 imaginatione
2699 2395 2981 2456 concepta,
3027 2394 3082 2441 et
3106 2386 3423 2442 absentibus
3454 2386 3620 2441 rebus
3669 2389 3886 2444 nomina

2286 2482 2474 2538 indere
2497 2491 2703 2553 potest,
2732 2489 2788 2536 et
2811 2480 2958 2552 quod
2983 2481 3351 2552 intelligentia
3401 2481 3611 2536 ratione
3641 2495 3886 2550 compre-

2289 2575 2494 2640 hendit,
2545 2575 2927 2630 vocabulorum
2956 2588 3174 2645 quoque
3202 2573 3560 2644 positionibus
3581 2573 3777 2643 aperit.
3815 2571 3887 2628 ll-

2288 2666 2379 2722 lud
2411 2679 2626 2737 quoque
2654 2666 2704 2720 ei
2750 2675 2957 2720 natura
2990 2665 3266 2735 proprium
3299 2672 3404 2729 est,
3433 2672 3493 2717 ut
3541 2673 3636 2733 per
3677 2677 3740 2718 ea
3769 2677 3888 2730 qua

2287 2760 2390 2814 sibi
2421 2766 2545 2812 nota
2589 2762 2717 2813 sunt
2758 2757 2940 2828 ignota
2970 2757 3222 2827 vestiget,
3251 2765 3306 2811 et
3349 2769 3457 2810 non
3487 2755 3661 2810 solum
3690 2769 3888 2808 unum-

2288 2851 2541 2922 quodque
2567 2865 2635 2905 an
2669 2850 2760 2917 sit,
2787 2849 2883 2905 sed
2913 2849 3044 2920 quid
3074 2853 3146 2906 sit
3165 2849 3326 2904 etiam
3355 2857 3412 2904 et
3438 2848 3597 2918 quale
3640 2849 3732 2914 sit,
3762 2863 3888 2903 nec-

2291 2961 2401 3000 non
2430 2960 2526 3000 cur
2575 2944 2648 2998 sit
2673 2950 2826 3013 optet
2868 2956 3183 3012 agnoscere.
3217 2942 3388 3009 Quam
3419 2939 3642 3011 triplicis
3695 2939 3890 2995 anima

2290 3038 2398 3091 vim
2449 3037 2563 3090 sola
2614 3034 2890 3089 hominum
2923 3035 3008 3104 (ut
3055 3035 3256 3088 dictum
3311 3031 3418 3102 est)
3466 3043 3657 3086 natura
3702 3032 3890 3090 sortita

582 3144 685 3198 que
722 3127 998 3182 subsistat.
1033 3126 1152 3180 Alia
1183 3139 1311 3180 vero
1347 3125 1615 3179 sentiendi
1660 3125 1922 3194 judicium
1955 3126 2178 3192 prabet.
2212 3127 2262 3188 B
2287 3139 2389 3183 est.
2415 3128 2584 3196 Cujus
2607 3129 2800 3181 anima
2823 3128 2906 3184 vis
2932 3127 3302 3198 intelligentia
3325 3126 3556 3182 motibus
3579 3140 3688 3179 non
3715 3135 3890 3193 caret,

583 3221 762 3276 Tertia
792 3218 1073 3275 vimentis
1103 3227 1157 3272 et
1179 3217 1389 3272 ratione
1416 3216 1644 3272 subnixa
1676 3227 1777 3272 est.
1807 3219 2042 3284 Quarum
2065 3217 2183 3286 qui-

587 3316 710 3370 dem
742 3313 926 3382 prima
957 3313 1011 3367 id
1036 3311 1272 3366 officium
1303 3323 1422 3379 est,
1453 3320 1512 3366 ut
1550 3311 1820 3376 creandis,
1855 3309 2180 3376 nutriendis,

590 3409 900 3478 alendisque
935 3406 1252 3477 corporibus
1275 3414 1470 3475 praesto
1499 3405 1590 3472 sit,
1625 3406 1834 3460 nullum
1862 3420 1994 3460 vero
2021 3403 2185 3459 ratio-

591 3505 674 3562 nis
703 3509 920 3574 prastet
944 3515 1200 3556 sensusve
1239 3499 1522 3568 judicium.
1557 3500 1680 3553 llac
1709 3510 1888 3554 autem
1929 3507 2012 3554 est
2061 3498 2184 3553 ber-

585 3600 775 3655 barum
825 3606 986 3667 atque
1024 3595 1303 3662 arborum,
1338 3605 1392 3650 et
1421 3594 1683 3665 quidquid
1737 3604 1895 3650 terra
1927 3593 2187 3649 radicitus

585 3694 804 3750 affixum
838 3700 1072 3752 tenetur.
1098 3689 1349 3746 Secunda
1384 3705 1514 3745 vero
1534 3689 1830 3760 composita
1861 3699 2022 3760 atque
2051 3704 2185 3744 con-

585 3790 767 3858 juncta
806 3795 908 3851 est,
939 3794 993 3839 et
1018 3782 1245 3850 primam
1277 3783 1378 3836 sibi
1413 3797 1634 3836 sumens
1661 3792 1716 3837 et
1745 3782 1796 3836 in
1820 3791 2028 3851 partem
2059 3797 2189 3838 con-

587 3879 835 3944 stituens,
877 3876 1083 3930 varium
1130 3888 1194 3927 ac
1239 3872 1574 3929 multiforme
1613 3874 1873 3943 judicium
1921 3875 2081 3944 capit,
2119 3873 2189 3929 de

587 3973 781 4042 quibus
808 3985 1004 4039 capere
1028 3977 1223 4039 potest.
1249 3967 1423 4023 Omne
1449 3968 1592 4022 enim
1623 3969 1820 4023 animal
1852 3969 1994 4039 quod
2026 3984 2189 4024 sensu

587 4068 751 4135 viget,
780 4062 921 4119 idem
953 4070 1007 4116 et
1038 4061 1280 4116 nascitur
1319 4071 1371 4116 et
1411 4062 1648 4115 nutritur
1679 4072 1732 4116 et
1762 4061 1946 4118 alitur.
1983 4062 2189 4120 Sensus

590 4170 718 4213 vero
759 4154 961 4209 diversi
1007 4161 1216 4208 suntet
1257 4167 1428 4222 usque
1459 4153 1524 4207 ad
1553 4153 1858 4222 quinarium
1905 4170 2189 4210 numerum

590 4246 839 4304 tendunt.
888 4246 1072 4316 Itaque
1117 4243 1380 4315 quidquid
1413 4255 1618 4299 tantum
1651 4246 1832 4314 alitur,
1869 4262 1975 4302 non
2026 4249 2186 4302 etiam

588 4341 774 4407 sentit,
799 4338 1060 4410 quidquid
1082 4353 1213 4393 vero
1241 4337 1443 4392 sentire
1466 4347 1660 4407 potest,
1695 4338 1742 4391 ei
1774 4339 1946 4407 prima
1975 4355 2188 4411 quoque

590 4435 674 4490 vis
704 4432 920 4498 anima,
954 4430 1214 4487 nascendi
1247 4431 1457 4485 scilicet
1485 4439 1646 4500 atque
1689 4431 1959 4486 nutriendi
1993 4435 2188 4502 proba-

2289 3224 2414 3294 quia
2440 3224 2493 3276 in
2518 3222 2601 3276 his
2618 3230 2847 3292 quatuor
2873 3221 3106 3293 propria
3136 3221 3241 3275 vim
3270 3219 3493 3275 rationis
3514 3228 3752 3274 exercet.
3786 3218 3891 3276 Aut

2289 3316 2433 3370 enim
2462 3314 2665 3385 aliquid
2692 3329 2760 3368 an
2791 3314 2863 3369 sit
2892 3313 3146 3383 inquirit,
3178 3321 3271 3367 aut
3315 3313 3361 3366 si
3407 3326 3531 3367 esse
3561 3311 3890 3379 constiterit,

2290 3407 2418 3477 quid
2449 3407 2521 3462 sit
2565 3405 2620 3460 id
2652 3405 2884 3462 dubitat.
2917 3405 3074 3473 Quod
3105 3407 3151 3460 si
3181 3405 3343 3460 etiam
3385 3405 3664 3474 utriusque
3712 3406 3891 3459 scien-

2295 3499 2420 3553 tiam
2451 3499 2661 3555 ratione
2711 3498 2972 3570 possidet,
3007 3499 3168 3570 quale
3217 3499 3290 3553 sit
3322 3498 3744 3568 unumquodque
3801 3513 3892 3554 ve-

2291 3593 2474 3665 stigat,
2497 3603 2659 3665 atque
2691 3595 2744 3649 in
2770 3610 2836 3650 eo
2866 3603 3062 3651 catera
3084 3593 3445 3650 accidentium
3475 3605 3744 3648 momenta
3769 3607 3892 3663 per-

2293 3689 2474 3759 quirit,
2497 3691 2692 3760 quibus
2717 3690 2968 3760 cognitis,
2991 3704 3088 3746 cur
3109 3691 3180 3745 ita
3207 3691 3279 3745 sit
3305 3691 3586 3762 quaritur,
3610 3701 3664 3745 et
3683 3690 3893 3747 ratione

2293 3782 2642 3838 nihilominus
2695 3783 2950 3853 vestigat.
2981 3781 3116 3837 Cum
3164 3782 3328 3854 igitur
3381 3781 3524 3837 actio
3573 3783 3644 3837 sit
3673 3782 3893 3839 humani

2292 3876 2484 3945 animi,
2513 3885 2569 3930 ut
2600 3891 2814 3946 semper
2843 3883 2938 3930 aut
2965 3876 3017 3930 in
3045 3877 3390 3946 prasentium
3423 3891 3600 3932 rerum
3643 3891 3893 3947 compre-

2295 3966 2576 4034 hensione,
2609 3976 2702 4021 aut
2733 3968 2786 4022 in
2813 3966 3116 4022 absentium
3146 3966 3520 4036 intelligentia,
3543 3973 3636 4020 aut
3657 3966 3711 4020 in
3744 3968 3894 4036 igno-

2293 4069 2469 4114 tarum
2501 4059 2850 4130 inquisitione
2901 4069 3062 4130 atque
3104 4059 3417 4114 inventione
3449 4064 3733 4125 verSetur,
3783 4059 3894 4113 duo

2295 4164 2420 4207 sunt
2444 4153 2497 4207 in
2519 4153 2716 4222 quibus
2749 4167 2963 4208 omnem
2990 4167 3210 4224 operam
3241 4152 3322 4207 vis
3349 4151 3545 4206 anima
3566 4152 3894 4207 ratiocinan-

2296 4245 2362 4297 tis
2395 4245 2674 4314 impendit.
2699 4243 2875 4300 Unum
2901 4245 3142 4316 quidem,
3165 4252 3224 4298 ut
3250 4258 3431 4298 rerum
3464 4252 3686 4297 naturas
3709 4244 3893 4312 inqui-

2296 4339 2505 4394 sitionis
2533 4350 2678 4394 certa
2704 4341 2912 4395 ratione
2939 4350 3262 4410 cognoscat;
3300 4341 3526 4394 alterum
3561 4355 3710 4406 vero,
3740 4349 3795 4393 ut
3825 4340 3894 4394 ad

2295 4429 2574 4485 scientiam
2622 4431 2770 4500 prius
2812 4433 2992 4486 veniat
3039 4431 3184 4502 quod
3232 4431 3618 4502 post-gravitas
3671 4431 3894 4488 moralis

589 4536 676 4582 tur
718 4540 842 4582 esse
895 4525 1154 4594 subjecta.
1199 4523 1403 4592 Quibus
1439 4538 1574 4577 vero
1623 4539 1814 4579 sensus
1870 4527 2042 4592 adest,
2078 4543 2185 4581 non
2216 4534 2262 4597 (ζ
2295 4533 2564 4590 exerceat,
2595 4525 2788 4595 quibus
2840 4524 3176 4595 inquirendis
3207 4527 3475 4596 permulta
3513 4539 3636 4580 esse
3665 4537 3895 4581 necesse

593 4629 797 4676 tantum
826 4634 919 4675 eas
968 4633 1149 4673 rerum
1194 4619 1411 4687 capiunt
1449 4616 1674 4684 formas,
1703 4618 1897 4688 quibus
1943 4621 2183 4677 sensibili

590 4727 818 4782 corpore
863 4711 1131 4766 feriuntur
1177 4718 1483 4780 prasente,
1526 4711 1618 4766 sed
1669 4711 1895 4768 absente
1951 4729 2186 4784 quoque,

591 4804 1043 4873 sensibilibusque
1071 4803 1325 4872 sepositis
1353 4813 1476 4859 ante
1511 4806 1845 4875 cognitarum
1890 4821 2052 4862 sensu
2084 4808 2192 4862 for-

593 4912 802 4952 marum
828 4895 1086 4965 imagines
1116 4903 1321 4960 tenent,
1347 4898 1772 4966 memoriamque
1794 4898 2110 4967 conficiunt,
2138 4912 2192 4956 et

594 5000 754 5061 prout
791 4987 1041 5059 quodque
1063 4989 1258 5043 animal
1293 4989 1458 5056 valet,
1496 4991 1704 5062 longius
1736 4994 2063 5065 breviusque
2095 5011 2188 5050 cu-

592 5083 777 5140 stodit.
813 5080 920 5138 Sed
949 5095 1043 5136 eas
1085 5082 1496 5152 imaginationes
1525 5085 1780 5142 confusas
1817 5099 1979 5158 atque
2019 5089 2191 5145 inevi-

595 5179 780 5234 dentes
805 5177 885 5234 sic
905 5186 1146 5245 sumunt,
1177 5185 1241 5232 ut
1271 5178 1404 5233 nihil
1434 5195 1498 5235 ex
1522 5195 1707 5237 earum
1727 5183 2107 5252 conjunctione
2129 5198 2192 5239 ac

592 5269 985 5343 compositione
1013 5268 1230 5326 efﬁcere
1281 5274 1509 5342 possint.
1543 5276 1718 5346 Atque
1764 5275 1968 5330 idcirco
1999 5276 2191 5330 memi-

595 5366 738 5420 nisse
765 5363 984 5434 quidem
1014 5372 1260 5434 possunt,
1291 5380 1391 5421 nec
1422 5381 1575 5436 aque
1599 5368 1802 5422 omnia.
1833 5367 2043 5422 Amissa
2061 5382 2187 5422 vero

597 5458 890 5524 oblivione,
945 5458 1208 5515 memoria
1284 5459 1603 5531 recolligere
1653 5477 1718 5517 ac
1769 5476 2026 5517 revocare
2081 5475 2188 5516 non

595 5560 837 5621 possunt.
860 5551 1050 5606 Futuri
1065 5568 1195 5608 vero
1219 5552 1302 5607 his
1324 5554 1470 5608 nulla
1491 5554 1730 5624 cognitio
1748 5563 1850 5609 est.
1872 5553 1976 5609 Sed
1995 5556 2188 5610 anima

595 5647 678 5701 vis
707 5647 859 5702 tertia
877 5662 999 5717 qua
1020 5661 1204 5704 secum
1235 5649 1443 5718 priores
1465 5649 1645 5706 alendi
1671 5665 1732 5704 ac
1751 5649 2024 5705 sentiendi
2050 5650 2189 5706 vires

598 5738 780 5806 trahit,
799 5739 987 5812 hisque
1015 5742 1160 5796 velut
1181 5741 1393 5796 famulis
1417 5750 1578 5812 atque
1600 5742 1978 5799 obedientibus
2000 5741 2186 5809 utitur,

596 5833 784 5888 eadem
819 5841 926 5888 tota
954 5833 1007 5887 in
1039 5835 1247 5891 ratione
1301 5838 1596 5891 constituta
1649 5844 1748 5901 est,
1802 5852 1971 5910 eaque
2023 5837 2107 5894 vel
2136 5838 2189 5894 in

601 5942 778 5984 rerum
808 5926 1152 5988 nrasentium
1187 5928 1492 6003 firmissima
1516 5932 1993 6004 contemplatione,
2029 5933 2111 5992 vel
2135 5935 2190 5992 in

2293 4628 2398 4682 est,
2429 4635 2549 4688 qua
2589 4619 2942 4689 vestigantem
2991 4619 3229 4674 animum
3261 4635 3290 4673 a
3337 4620 3468 4674 recti
3522 4616 3731 4672 itineris
3777 4632 3893 4673 non

2298 4712 2577 4766 minimum
2607 4713 2983 4782 progressione
3007 4712 3296 4775 deducant,
3329 4722 3384 4766 ut
3409 4712 3462 4766 in
3495 4711 3676 4765 multis
3707 4713 3896 4768 evenit

2300 4806 2529 4874 Epicuro
2549 4845 2564 4872 ,
2597 4806 2685 4874 qui
2718 4805 2911 4862 atomis
2938 4807 3194 4861 mundum
3222 4815 3467 4861 constare
3501 4815 3679 4876 putat,
3708 4814 3763 4860 et
3791 4805 3895 4861 ho-

2297 4907 2507 4952 nestum
2551 4899 2802 4968 corporis
2849 4899 3119 4968 voluptate
3161 4900 3400 4953 metitur.
3437 4897 3562 4952 Hac
3587 4907 3766 4953 autem
3805 4898 3894 4953 id-

2294 4992 2441 5047 circo
2463 4992 2587 5047 huic
2615 5004 2778 5063 atque
2805 4993 2923 5047 aliis
2949 4992 3211 5048 accidisse
3239 4990 3579 5046 manifestum
3605 5000 3717 5057 est,
3751 5005 3892 5061 quo-

2296 5086 2439 5140 niam
2482 5102 2577 5155 per
2605 5087 2926 5155 imperitiam
2971 5085 3279 5156 disputandi
3307 5085 3561 5156 quidquid
3593 5086 3892 5141 ratiocina-

2296 5177 2440 5232 tione
2489 5179 3014 5248 comprehenderant
3067 5179 3182 5234 hac
3237 5179 3290 5234 in
3342 5194 3429 5234 res
3480 5193 3694 5248 quoque
3741 5178 3890 5250 ipsas

2295 5276 2512 5331 evenire
2558 5277 2972 5350 arbitrabantur.
3005 5275 3102 5330 Hic
3134 5289 3263 5329 vero
3303 5282 3526 5344 magnus
3557 5284 3640 5329 est
3678 5289 3835 5329 error
3873 5293 3887 5328 :

2294 5384 2469 5439 neque
2491 5369 2632 5424 enim
2659 5384 2778 5424 sese
2806 5385 2893 5425 res
2915 5378 2972 5424 ut
2994 5369 3045 5424 in
3077 5368 3338 5432 numeris,
3367 5369 3438 5422 ita
3459 5367 3620 5424 etiam
3650 5369 3699 5421 in
3730 5369 3888 5424 ratio-

2294 5464 2652 5520 cinationibus
2681 5465 2884 5521 "habet.
2936 5463 2990 5514 ln
3040 5466 3280 5522 numeris
3334 5465 3475 5520 enim
3517 5461 3778 5535 quidquid
3825 5464 3885 5519 in

2296 5559 2476 5630 digitis
2506 5569 2648 5616 recte
2679 5563 3040 5633 computantis
3061 5562 3263 5627 evenit,
3298 5560 3350 5617 id
3373 5560 3492 5617 sine
3517 5557 3682 5615 dubio
3711 5559 3765 5614 in
3794 5572 3885 5613 res

2295 5667 2505 5724 quoque
2537 5653 2678 5724 ipsas
2730 5671 2951 5710 necesse
2982 5663 3063 5709 est
3111 5653 3368 5710 evenire:
3400 5661 3454 5707 ut
3483 5653 3528 5707 si
3578 5667 3643 5707 ex
3673 5650 3882 5708 calculo

2295 5758 2510 5803 centum
2556 5763 2677 5803 esse
2706 5748 3011 5817 contigerit,
3041 5755 3253 5809 centum
3277 5761 3489 5818 quoque
3534 5762 3618 5801 res
3665 5746 3741 5800 illi
3774 5762 3880 5802 nu-

2297 5857 2446 5896 mero
2493 5841 2760 5912 subjectas
2814 5855 2933 5897 esse
2984 5855 3204 5896 necesse
3260 5850 3340 5903 est
3379 5859 3391 5895 :
3437 5842 3536 5896 hoc
3581 5856 3712 5897 vero
3769 5857 3877 5896 non

2296 5952 2446 6007 aque
2476 5937 2528 5992 in
2559 5935 2917 6006 disputatione
2965 5946 3173 6003 servat;
3219 5951 3394 6007 neque
3441 5938 3585 5993 enim
3616 5935 3877 6009 quidquid
