4106 6336
323 342 395 398 ’15
946 310 951 318 ’
1264 336 1332 393 IN
1368 334 1812 395 PORPHYRIUM
1850 332 2501 392 COMMENTARIORUM
2545 335 2670 393 LIB.
2718 337 2756 390 t.
3557 340 3629 396 vt

325 469 640 514 sermonum
710 454 973 512 decursus
1021 450 1291 509 invenerit
1316 496 1331 522 ,
1383 450 1436 506 id
1479 460 1668 506 natura
1716 463 1930 520 quoque
1953 452 2008 509 Α
2035 456 2216 516 partes
2247 457 2392 514 sunt,
2425 449 2546 518 quia
2577 450 2643 504 de
2673 450 2758 506 his
2787 450 3140 524 philosophiae
3166 455 3277 510 sola
3309 463 3635 526 pertractat,

327 553 492 607 ﬁxum
524 559 757 606 tenetur.
785 549 963 616 Quare
987 560 1212 602 necesse
1232 555 1348 600 erat
1363 559 1458 600 eos
1485 542 1620 606 falli,
1652 542 1744 612 qui
1769 541 1920 609 abje-

324 653 409 699 cta
439 642 665 699 scientia
685 640 992 712 disputandi
1018 638 1087 695 de
1107 653 1288 694 rerum
1308 648 1499 692 natura
1522 636 1922 706 perquirerent.

326 738 445 794 Nisi
471 737 616 794 enim
646 736 795 807 prius
823 735 888 788 ad
920 733 1199 790 scientiam
1225 732 1456 794 venerit,
1482 745 1604 800 quae
1633 728 1928 784 ratiocina-

329 831 409 886 tio
434 844 613 884 veram
643 836 822 882 teneat
849 825 1160 896 disputandi
1187 825 1458 891 semitam,
1496 839 1617 893 quae
1657 820 1926 898 verisimi-

331 924 473 979 lem?
510 931 563 977 et
591 921 692 975 nisi
727 920 1006 989 agnoverit
1032 934 1152 988 qua:
1193 917 1294 970 ﬁda
1324 917 1496 986 possit
1542 930 1688 979 esse,
1735 926 1924 983 quasve

332 1025 600 1085 suspecta,
647 1029 826 1067 rerum
860 1013 1169 1080 incorrupta
1199 1011 1396 1064 veritas
1427 1025 1490 1062 ex
1516 1007 1927 1062 ratiocinatione

333 1125 436 1163 non
475 1115 652 1177 potest
679 1104 936 1161 inveniri.
958 1103 1091 1158 Cum
1135 1104 1296 1172 igitur
1324 1111 1535 1157 veteres
1565 1115 1710 1170 saepe
1740 1100 1926 1154 multis

289 1199 462 1268 ,lapsi
508 1197 804 1263 erroribus,
838 1196 968 1250 falsa
1027 1194 1271 1266 quaedam
1322 1205 1376 1249 et
1413 1193 1517 1248 sibi
1545 1193 1812 1247 contraria
1869 1194 1924 1247 in

328 1289 697 1360 disputatione
724 1288 1079 1359 colligerent,
1133 1297 1293 1356 atque
1325 1285 1376 1339 id
1424 1284 1537 1340 ﬁeri
1591 1282 1942 1352 impossibile

323 1386 620 1450 videretur,
670 1395 728 1440 ut
757 1385 824 1440 de
854 1384 1042 1440 eadem
1075 1399 1134 1438 re
1163 1381 1435 1438 contraria
1467 1380 1816 1437 conclusmne
1847 1380 1926 1432 fa-

323 1489 433 1549 cta,
468 1490 691 1551 utraque
720 1487 904 1535 essent
930 1491 1060 1533 vera
1106 1492 1224 1546 qua:
1255 1476 1358 1531 sibi
1403 1474 1731 1529 dissentiens
1763 1472 1924 1526 ratioo

322 1575 526 1628 cinatio
555 1572 932 1632 conclusisset,
974 1571 1130 1627 cuive
1158 1569 1557 1625 ratiocinationi
1585 1566 1731 1622 credi
1764 1581 1927 1637 opor-

286 1711 290 1724 ..
325 1678 468 1724 teret
497 1681 642 1723 esset
670 1667 998 1738 ambiguum,
1035 1665 1207 1721 visum
1239 1673 1323 1718 est
1363 1662 1512 1732 prius
1540 1659 1925 1732 disputationis

331 1764 505 1832 ipsius
534 1776 823 1830 veramque
853 1760 1114 1829 integram
1147 1757 1496 1814 considerare
1524 1768 1795 1820 naturam,
1819 1769 1922 1825 qua

321 1830 538 1924 cognita
572 1863 680 1908 tum
714 1852 842 1907 illud
873 1867 1085 1923 quoque
1105 1851 1247 1922 quod
1279 1866 1374 1919 per
1398 1851 1819 1920 disputationem
1844 1851 1924 1903 in-
1953 1830 2004 1891 Β

285 1993 292 1998 .
322 1947 620 2008 veniretur,
655 1962 720 1999 an
753 1961 937 1999 verum
964 1944 1415 2013 comprehensum
1438 1953 1602 2008 esset,
1635 1951 1819 2011 posset
1841 1943 1924 1995 in-

323 2039 511 2106 telligi.
553 2037 686 2092 Hinc
729 2036 969 2104 profecta
1003 2047 1083 2090 est
1113 2037 1272 2105 igitur
1305 2035 1493 2105 logica:
1523 2035 1714 2104 peritia
1755 2035 1923 2089 disci-

332 2132 493 2199 plina:
522 2146 641 2200 qua:
667 2130 976 2199 disputandi
1018 2129 1207 2183 modos
1232 2139 1394 2199 atque
1435 2129 1580 2197 ipsas
1631 2127 1924 2182 ratiocina-

323 2226 495 2277 tiones
519 2231 573 2277 et
604 2222 1006 2276 internoscendi
1036 2221 1150 2275 vias
1178 2230 1358 2290 parat,
1396 2230 1450 2274 ut
1481 2237 1601 2290 qua:
1630 2220 1923 2274 ratiOt-ina-

293 2368 296 2376 ,
321 2317 397 2370 tio
423 2329 566 2369 nunc
589 2314 804 2382 quidem
834 2314 990 2379 falsa,
1025 2328 1168 2368 nunc
1188 2322 1365 2368 autem
1388 2328 1513 2368 vera
1548 2313 1625 2379 ﬁt,
1655 2329 1773 2382 quae
1795 2328 1925 2368 vero

320 2423 535 2477 semper
568 2408 725 2472 falsa,
777 2422 897 2476 qua!
946 2421 1217 2475 nunquam
1272 2406 1428 2468 falsa.
1461 2407 1630 2475 possit
1682 2405 1920 2475 agnosci.

297 2501 496 2568 .Huius
517 2510 698 2554 autem
718 2506 796 2554 vis
818 2499 1013 2569 duplex
1036 2514 1158 2554 esse
1186 2499 1553 2570 perpenditur,
1577 2514 1682 2554 una
1705 2500 1922 2570 quidem

323 2594 384 2649 in
443 2593 785 2657 inveniendo,
843 2594 1010 2647 altera
1047 2593 1099 2646 in
1150 2592 1460 2662 iudicando,
1512 2594 1656 2662 quod
1713 2594 1924 2649 Marcus

323 2691 487 2744 etiam
515 2690 718 2745 Tullius
749 2690 798 2742 in
829 2705 894 2744 eo
925 2690 1066 2744 libro
1098 2690 1184 2744 cui
1209 2689 1410 2759 Topica
1443 2690 1630 2743 titulus
1672 2700 1776 2753 est,
1811 2690 1926 2744 evi-

295 2796 512 2839 -aenter
547 2783 836 2855 expressit,
871 2784 1061 2839 dicens
1092 2801 1107 2838 :
1133 2783 1268 2838 Cum
1301 2782 1479 2837 omnis
1525 2785 1664 2837 ratio
1692 2783 1924 2855 diligens

319 2877 622 2931 disserendi
655 2878 790 2932 duas
817 2877 1014 2932 habeat
1043 2887 1248 2945 partes,
1285 2891 1443 2930 unam
1475 2876 1806 2945 inveniendi,
1846 2877 1926 2931 al-

319 2980 491 3024 teram
513 2971 812 3040 ]udicandi,
839 2971 1118 3040 utriusque
1151 2974 1404 3039 princeps
1436 2971 1515 3041 (ut
1543 2970 1675 3025 mihi
1702 2970 1924 3040 quidem

293 3061 555 3132 -videtur)
597 3063 920 3118 Aristoteles
950 3061 1063 3116 fuit.
1100 3060 1273 3116 Stoici
1305 3071 1485 3115 autem
1511 3062 1562 3115 in
1607 3061 1775 3117 altera
1816 3063 1927 3116 ela-

319 3152 682 3219 boraverunl,
720 3153 994 3223 judicandi
1033 3153 1177 3208 enim
1228 3154 1367 3208 viam
1400 3153 1688 3224 diligenter
1733 3171 1922 3224 perse-

299 3245 429 3299 cuti
461 3255 608 3312 sunt,
639 3261 758 3300 eam
782 3246 1062 3300 scientiam
1085 3260 1244 3314 quam
1263 3244 1585 3301 dialecticen
1613 3249 1921 3317 appellant:
1952 3216 1998 3279 Ο

321 3339 624 3392 inveniendi
650 3354 776 3393 vero
800 3347 972 3393 artem
999 3353 1119 3406 quae
1150 3339 1327 3408 topice
1357 3339 1574 3408 dicitur,
1601 3356 1830 3412 qumque
1855 3342 1922 3396 ad

322 3447 474 3484 usum
499 3436 675 3501 potior
696 3442 828 3494 erat,
861 3442 916 3486 et
943 3433 1135 3486 ordine
1164 3442 1368 3488 naturae
1395 3444 1548 3489 certe
1580 3436 1728 3504 prior
1755 3446 1922 3491 totam

322 3523 675 3593 reliquerunt.
706 3526 814 3580 Nos
838 3536 1015 3580 autem
1059 3526 1314 3597 quoniam
1343 3527 1396 3581 in
1443 3538 1669 3597 utraque
1713 3545 1925 3585 summa

322 3617 523 3673 utilitas
551 3627 665 3683 est,
697 3627 749 3672 et
777 3627 1058 3688 utramque
1085 3619 1130 3673 si
1153 3620 1257 3673 erit
1284 3617 1453 3673 otium
1489 3619 1741 3689 persequi
1773 3619 1924 3689 cogi~

323 3718 512 3774 tamus,
546 3711 617 3764 ab
663 3725 726 3764 ea
760 3726 878 3778 qua:
927 3712 1074 3780 prior
1102 3720 1205 3777 est,
1240 3711 1538 3765 ordiemur.
1573 3711 1706 3765 Cum
1760 3712 1924 3781 igitur

323 3812 497 3859 tantus
530 3805 688 3874 hujus
718 3804 1170 3859 considerationis
1225 3803 1436 3860 fructus
1481 3803 1575 3870 sit,
1619 3804 1797 3860 danda
1838 3816 1923 3862 est

316 3895 442 3950 huic
473 3907 578 3951 tam
615 3898 990 3952 solertissime:
1019 3897 1320 3967 disciplina:
1377 3907 1482 3952 tota
1515 3898 1715 3953 mentis
1746 3899 1924 3954 inten-

317 3989 418 4049 tio.
444 3997 504 4042 ut
523 3989 705 4055 primis
732 3989 958 4043 ﬁrmatis
985 3991 1036 4042 in
1067 3988 1377 4055 disputandi
1401 3990 1627 4044 veritate
1654 3990 1917 4060 vestigiis,

314 4078 477 4133 facile
509 4081 573 4132 ad
629 4096 808 4134 rerum
845 4080 1081 4150 ipsarum
1139 4090 1342 4135 certam
1375 4081 1922 4150 comprehensionem

317 4169 508 4224 venire
548 4173 832 4238 possimus.
890 4174 951 4225 Et
992 4171 1245 4242 quoniam
1293 4174 1381 4242 qui
1421 4173 1494 4228 sit
1533 4184 1688 4228 ortus
1733 4174 1922 4245 logica:

317 4261 620 4331 disciplinae
652 4265 1016 4332 praediximus,
1051 4279 1174 4319 esse
1204 4266 1472 4334 reliquum
1496 4265 1710 4320 videtur
1730 4269 1923 4337 adjun-

312 4370 466 4422 gere,
521 4373 586 4408 an
616 4357 834 4411 omnino
876 4357 1120 4428 quasdam
1152 4359 1223 4412 sit
1268 4373 1392 4427 pars
1437 4358 1816 4428 philosophiae,
1851 4378 1920 4418 an

313 4449 734 4518 (utqnihnsdatn
760 4451 958 4521 placet)
996 4451 1239 4520 supellex
1283 4461 1446 4522 atque
1466 4451 1914 4520 instrumentum,

311 4555 413 4609 per
433 4541 572 4610 quod
600 4543 937 4613 pliilOSOphia
965 4545 1326 4615 cognitionem
1349 4562 1532 4601 rerum
1558 4557 1916 4620 naturamque

311 4635 706 4704 deprehendat.
740 4637 906 4706 Cujus
934 4639 1148 4709 quidem
1177 4641 1255 4696 rei
1285 4645 1380 4696 has
1419 4644 1728 4700 econtrario
1757 4645 1917 4702 video

310 4743 433 4783 esse
465 4731 785 4785 sententias.
820 4732 879 4784 lli
909 4733 1052 4786 enim
1077 4735 1165 4802 qui
1195 4743 1406 4803 partem
1433 4735 1797 4804 philosOphia:
1826 4754 1916 4808 pu-

311 4830 426 4876 tant
481 4823 706 4892 logieam
756 4824 1248 4880 consideratiOnem
1298 4827 1384 4881 his
1429 4827 1540 4882 fere
1585 4831 1917 4899 argumentis

310 4913 814 4979 utuntur,dicentes
870 4915 1264 4985 philosophiam
1312 4918 1680 4976 indubitanter
1715 4921 1916 4979 habere

311 5017 512 5072 partes,
569 5006 962 5075 speculativam
1005 5018 1168 5080 atque
1199 5009 1450 5064 activam.
1487 5013 1562 5067 De
1613 5013 1713 5069 hac
1756 5015 1914 5071 tertia

308 5100 581 5168 rationali,
615 5100 668 5157 id
699 5111 782 5156 est
809 5102 1006 5174 logica,
1037 5104 1294 5172 qumritur
1321 5121 1388 5159 an
1432 5107 1500 5160 sit
1544 5108 1594 5161 in
1630 5119 1783 5176 parte
1814 5125 1912 5178 po-

306 5193 509 5258 nenda,
535 5193 628 5250 sed
657 5209 777 5249 eam
799 5210 1013 5266 quoque
1044 5209 1249 5267 partem
1281 5213 1402 5253 esse
1422 5199 1781 5270 philosophiae
1804 5218 1912 5259 non

304 5295 487 5354 potest
515 5289 770 5343 dubitari.
805 5289 938 5344 Nam
994 5292 1136 5346 sicut
1166 5293 1234 5346 de
1288 5295 1627 5350 naturalibus
1671 5297 1913 5353 caeteris-

301 5395 411 5446 que
441 5380 543 5434 sub
569 5382 900 5449 specnlativa
935 5382 1129 5451 positis
1159 5384 1329 5440 solius
1364 5385 1718 5456 philosophia:
1748 5388 1911 5442 vesti-

300 5473 449 5540 gatio
478 5481 586 5540 est,
627 5473 864 5543 itemque
891 5473 958 5528 de
989 5475 1286 5530 moralibus
1330 5493 1391 5531 ac
1423 5477 1492 5532 de
1533 5479 1752 5548 reliquis
1790 5495 1909 5550 qua:

303 5565 408 5618 sub
429 5567 661 5621 activam
694 5577 899 5637 partem
934 5567 1133 5621 cadunt
1164 5567 1278 5622 sola
1305 5567 1642 5640 phiIOSOphia
1673 5587 1909 5642 perpen-

302 5655 408 5723 dit,
453 5661 526 5714 ita
557 5677 773 5733 quoque
801 5663 869 5719 de
899 5664 1002 5721 hac
1026 5672 1180 5734 parte
1213 5673 1428 5733 tractat,
1485 5667 1537 5721 id
1578 5677 1661 5722 est
1712 5668 1779 5723 de
1826 5669 1912 5725 bis

298 5767 425 5822 qua:
452 5755 641 5827 logica;
689 5757 935 5827 subjecta
980 5769 1107 5814 sunt
1146 5759 1259 5815 sola
1291 5761 1632 5833 philosophia
1679 5762 1905 5832 judicat.

298 5846 455 5915 Quod
479 5851 524 5907 si
545 5852 875 5923 speculativa
908 5862 1069 5923 atque
1099 5856 1270 5909 activa
1314 5857 1516 5914 idcirco
1552 5858 1908 5930 philosophia:

763 5969 1032 6032 ΡΑτιοι..
1069 5973 1295 6035 LXIV.

2030 552 2250 612 propter
2269 544 2515 599 eamdem
2535 560 2750 601 causam
2775 549 2874 602 erit
2905 548 3077 619 logica
3099 550 3458 617 philosOphite
3483 565 3631 618 pars,

2027 637 2284 704 quoniam
2331 638 2686 707 philosophia:
2731 641 2833 695 soli
2887 641 3005 696 haec
3048 643 3357 712 disputandi
3406 645 3633 696 materia

2027 728 2271 796 subjecta
2319 738 2422 784 est.
2460 730 2533 784 Ita
2562 723 3168 802 veroinquiuntzcmn
3218 735 3271 788 in
3328 734 3410 788 his
3461 732 3633 787 tribus

2029 819 2370 890 philosophia
2398 836 2649 878 versetur
2681 841 2694 877 :
2736 840 2965 895 cumque
2993 827 3222 881 activam
3252 838 3306 881 et
3334 826 3626 895 speculati-

2029 927 2151 966 vam
2183 912 2673 969 considerationem
2725 916 2968 985 subjecta
3003 918 3331 980 discernant,
3367 918 3508 989 quod
3543 917 3633 971 illa

2028 1005 2099 1060 de
2147 1022 2326 1063 rerum
2360 1007 2588 1076 naturis,
2621 1008 2738 1063 haec
2777 1011 2844 1062 de
2893 1009 3134 1064 moribus
3164 1010 3378 1079 qnmrit,
3410 1010 3632 1064 dubium

2031 1113 2137 1152 non
2165 1108 2249 1154 est
2273 1101 2400 1170 quin
2431 1100 2602 1170 logica
2634 1100 2924 1169 disciplina
2947 1117 2974 1153 a
3008 1103 3231 1155 naturali
3257 1111 3418 1171 atque
3442 1102 3634 1154 morali

1991 1209 1994 1216 θ
2029 1207 2142 1246 suae
2165 1194 2404 1247 materia:
2437 1193 2767 1262 proprietate
2809 1194 3060 1248 distincta
3089 1197 3178 1250 sit.
3207 1195 3419 1248 Etenim
3448 1193 3636 1261 logica:

2029 1292 2290 1339 tractatus
2346 1295 2428 1340 est
2473 1286 2540 1341 de
2596 1287 3058 1356 propositionibus
3100 1299 3261 1356 atque
3307 1286 3638 1358 syllogismis

2028 1389 2085 1433 et
2129 1379 2342 1434 caeteris
2374 1379 2704 1449 huiusmodi,
2738 1380 2881 1449 quod
2929 1395 3106 1449 neque
3137 1395 3199 1434 ea
3230 1395 3348 1448 quae
3403 1393 3509 1432 non
3566 1377 3638 1434 de

1993 1472 2312 1530 'oratione.
2367 1471 2462 1525 sed
2516 1471 2582 1524 de
2637 1471 2799 1526 rebus
2845 1472 3177 1541 specnlatur,
3235 1485 3412 1539 neque
3462 1469 3635 1524 activa

1997 1609 2006 1616 ,
2030 1579 2175 1634 pars,
2200 1579 2320 1634 qua:
2338 1564 2402 1618 de
2427 1565 2670 1619 moribus
2698 1565 2958 1634 invigilat,
2983 1580 3139 1636 teque
3160 1574 3414 1634 praestare
3436 1573 3635 1633 potest.

2029 1659 2182 1726 Quod
2211 1659 2255 1712 si
2285 1659 2336 1712 in
2362 1659 2446 1713 his
2470 1659 2665 1725 tribus,
2690 1658 2740 1714 id
2769 1669 2851 1714 est
2896 1660 3250 1729 speculativa.
3273 1659 3445 1713 activa
3477 1668 3640 1729 atque

2033 1751 2286 1806 rationali
2318 1751 2656 1822 philosophia
2683 1752 2959 1820 consistit,
3011 1768 3132 1824 quae
3163 1755 3385 1824 proprio
3417 1754 3640 1822 triplici-

2031 1861 2139 1916 que
2166 1861 2194 1898 a
2230 1861 2290 1901 se
2322 1847 2427 1902 ﬁne
2455 1845 2726 1916 dis-juncta
2775 1856 2935 1913 sunt,
2967 1863 3198 1918 cumque
3227 1849 3558 1915 speculativa
3585 1858 3641 1903 et

2031 1941 2202 1992 activa
2237 1939 2592 2009 pltilOSophize
2621 1948 2801 2011 partes
2827 1955 2950 1996 esse
2981 1941 3252 2012 videntur,
3281 1957 3387 1994 non
3417 1940 3642 1994 dubium

2029 2040 2113 2086 est
2154 2032 2284 2102 quin
2333 2033 2618 2088 rationalis
2663 2049 2881 2104 quoque
2930 2034 3289 2104 philosophia:
3345 2048 3470 2101 pars
3517 2048 3642 2088 esse

2029 2126 2404 2181 convincatur.
2433 2128 2535 2195 Qui
2568 2142 2697 2182 vero
2728 2144 2836 2182 non
2881 2137 3090 2198 partem
3110 2171 3125 2195 ,
3154 2128 3248 2181 sed
3283 2127 3642 2198 philosophias

2028 2217 2450 2275 instrumentum
2480 2229 2692 2290 putant,
2726 2221 2842 2275 hate
2870 2221 2984 2276 fere
3016 2219 3252 2274 alferunt
3296 2231 3639 2290 argumenta.

2028 2312 2145 2366 Non
2178 2329 2300 2368 esse
2347 2314 2592 2384 inquiunt
2622 2315 2856 2370 similem
2882 2315 3070 2385 logica
3100 2313 3260 2368 ﬁnem
3293 2315 3640 2381 speculativai

2030 2417 2192 2476 atque
2219 2408 2410 2462 activae
2463 2410 2631 2478 partis
2658 2419 2904 2464 extremo
2931 2426 2945 2464 :
2976 2421 3203 2480 utraque
3247 2409 3392 2464 enim
3425 2410 3640 2466 illarum

2031 2499 2096 2553 ad
2128 2516 2283 2555 suum
2314 2502 2589 2572 proprium
2623 2485 2914 2558 terminum
2939 2512 3170 2574 spectat,
3203 2503 3272 2557 ita
3315 2512 3369 2557 ut
3394 2503 3640 2574 specula-

2005 2593 2134 2648 ’tiva
2173 2595 2392 2663 quidem
2423 2612 2605 2651 rerum
2651 2597 3040 2668 cognitionem,
3073 2600 3248 2651 activa
3279 2613 3412 2652 vero
3458 2611 3640 2654 mores

2027 2695 2189 2755 atque
2219 2689 2461 2742 instituta
2490 2688 2752 2758 perﬁciat,
2793 2675 3165 2759 neque'altera
3192 2679 3425 2744 refertur
3465 2691 3530 2744 ad
3556 2690 3638 2746 al-

2004 2788 2228 2866 teram;
2261 2783 2451 2853 logica:
2490 2799 2620 2838 vero
2653 2783 2778 2839 ﬁnis
2810 2799 2932 2839 esse
2963 2799 3072 2838 non
3120 2794 3299 2853 potest
3325 2785 3639 2852 absolutus,

2026 2874 2122 2929 sed
2145 2876 2550 2946 quodammodo
2575 2892 2696 2931 cum
2732 2877 2954 2946 reliquis
2970 2877 3182 2932 duabus
3219 2879 3457 2948 partibus
3486 2879 3640 2934 cnlli-

2027 2975 2183 3035 gatus
2210 2980 2371 3037 atque
2413 2968 2738 3023 constrictus
2770 2977 2872 3024 est.
2901 2969 3037 3037 Quid
3066 2969 3211 3024 enim
3255 2979 3337 3024 cst
3378 2971 3430 3024 in
3466 2973 3638 3041 logica

2027 3058 2309 3127 disciplina
2358 3060 2498 3131 quod
2547 3076 2646 3115 suo
2678 3061 2872 3116 merito
2901 3060 3098 3116 debeat
3128 3063 3325 3131 optari,
3360 3061 3461 3116 nisi
3493 3063 3638 3132 quod

2033 3163 2255 3221 propter
2301 3155 2768 3225 investigationem
2820 3171 3000 3210 rerum
3054 3155 3232 3232 hujus
3261 3155 3474 3212 effectio
3503 3159 3639 3215 artis

2033 3244 2251 3299 inventa
2274 3248 2392 3301 est?
2421 3248 2573 3303 Scire
2594 3250 2737 3304 enim
2763 3250 3218 3320 quemadmodum
3240 3254 3639 3321 argumentatio

2031 3339 2406 3402 concludatur,
2430 3343 2512 3394 vel
2536 3358 2657 3411 qua:
2682 3357 2804 3396 vera
2824 3342 2912 3408 sit,
2937 3358 3060 3413 quae
3079 3342 3412 3410 verisimilis,
3441 3337 3505 3399 ad
3537 3345 3638 3400 hoc

2033 3434 2236 3488 scilicet
2262 3436 2454 3503 tendit,
2482 3448 2539 3488 ut
2563 3437 2648 3490 vel
2671 3436 2736 3491 ad
2756 3436 3122 3507 cognitionem
3155 3452 3336 3493 rerum
3369 3437 3638 3496 referatur

2035 3527 2150 3579 haec
2183 3527 2450 3582 rationum
2482 3528 2728 3596 scientia,
2763 3531 2847 3584 vel
2875 3529 2943 3584 ad
2977 3530 3300 3585 invenienda
3338 3546 3398 3585 ea
3431 3547 3551 3602 qua:
3579 3533 3637 3589 in

2032 3621 2349 3676 exercitium
2371 3623 2712 3678 mortalitatis
2728 3623 2958 3678 adducta
2978 3624 3364 3680 beatitudinem
3394 3629 3636 3700 pariunt.

2007 3703 2205 3780 ‘Atque
2234 3713 2354 3767 ideo
2394 3716 2648 3784 quoniam
2682 3716 3029 3786 speculativze
3055 3729 3217 3788 atque
3270 3718 3460 3773 activa:
3503 3735 3636 3777 suus

2031 3815 2317 3876 certusque
2370 3806 2492 3862 ﬁnis
2523 3817 2606 3864 est
2635 3827 2648 3862 :
2683 3810 2873 3881 logicae
2921 3824 3104 3866 autem
3131 3811 3200 3867 ad
3227 3813 3361 3866 duas
3390 3813 3635 3884 reliquas

2032 3907 2212 3965 partes
2243 3899 2474 3954 refertur
2504 3908 2834 3969 extremum,
2871 3903 3210 3960 manifestum
3243 3916 3326 3962 est
3364 3921 3470 3961 non
3510 3923 3634 3964 eam

2027 4005 2150 4046 esse
2184 3992 2538 4062 philosophia
2583 4003 2816 4067 partem,
2851 3999 2942 4052 sed
2973 3997 3154 4067 potius
3183 3999 3628 4057 instrumentum.

2029 4085 2167 4142 Sunt
2214 4103 2342 4142 vero
2382 4088 2536 4159 plura
2585 4104 2706 4160 qum
2753 4106 2819 4144 ex
2865 4091 3123 4146 alterutra
3172 4101 3321 4159 parte
3353 4092 3630 4162 dicantur,

2024 4194 2256 4248 quorum
2283 4197 2380 4236 nos
2401 4197 2463 4237 ea
2493 4197 2613 4252 qua:
2639 4185 2780 4238 dicta
2812 4193 2938 4239 sunt
2965 4187 3196 4240 strictim
3243 4199 3462 4244 notasse
3483 4187 3634 4245 sufll~

2024 4276 2154 4328 ciat.
2189 4276 2334 4330 llanc
2366 4276 2512 4332 litem
2555 4292 2680 4334 vero
2712 4279 2803 4333 tali
2832 4279 3042 4336 ratione
3067 4281 3452 4337 discernimus.
3483 4283 3633 4342 Nihil

2023 4367 2218 4436 quippe
2246 4369 2477 4426 dicimus
2506 4370 2770 4440 impedire
2797 4382 2855 4426 ttt
2885 4373 3074 4428 eadem
3110 4375 3278 4445 legica
3310 4377 3476 4445 partis
3505 4378 3628 4434 vice

2023 4459 2182 4512 simul
2210 4461 2663 4534 instrumenlique
2691 4465 2944 4534 fungatur
2969 4466 3171 4522 ofﬁcio.
3196 4468 3460 4535 Quoniam
3481 4471 3630 4530 enim

2024 4554 2138 4622 ipsa
2166 4570 2320 4610 suum
2348 4559 2540 4612 retinet
2559 4558 2743 4625 ﬁnem,
2768 4559 2921 4629 isque
2945 4561 3066 4616 ﬁnis
3088 4577 3116 4614 a
3146 4561 3258 4615 sola
3287 4562 3631 4634 philosOphia

2022 4651 2416 4716 consideratur,
2453 4667 2574 4720 pars
2597 4653 2813 4721 quidem
2847 4654 3206 4723 philosophiae
3233 4669 3356 4711 esse
3379 4660 3630 4726 ponenda

2023 4752 2138 4808 est;
2182 4743 2436 4813 quoniam
2489 4760 2618 4800 vero
2647 4746 2766 4801 ﬁnis
2809 4747 2899 4802 ille
2943 4748 3129 4817 logica;
3158 4765 3318 4820 quem
3357 4751 3468 4807 sola
3500 4768 3627 4822 spe-

2022 4834 2232 4890 culatur
2264 4835 2624 4904 philosophia,
2656 4839 2722 4892 ad
2753 4838 2886 4893 alias
2919 4839 3036 4910 rjus
3065 4851 3245 4909 partes
3294 4858 3447 4898 suam
3491 4861 3628 4917 ope-

2022 4946 2136 4984 ram
2171 4932 2476 5001 pollicetur,
2512 4934 2933 4990 iustrumentum
2980 4953 3103 4992 esse
3128 4939 3484 5010 philosOphim
3513 4956 3626 4998 non

2023 5042 2282 5095 negamus
2311 5045 2325 5082 :
2356 5039 2440 5084 est
2470 5040 2650 5085 autem
2679 5030 2800 5086 ﬁnis
2831 5031 3018 5102 logica:
3049 5031 3289 5089 inventio
3327 5035 3626 5104 judicium-

2019 5137 2123 5189 que
2152 5123 2451 5190 rationum;
2483 5125 2628 5196 quod
2652 5127 2871 5195 quidem
2904 5143 3010 5182 non
3033 5145 3155 5184 esse
3185 5132 3377 5185 mirum
3411 5130 3625 5187 videbi-

2021 5222 2128 5281 tur,
2168 5217 2314 5285 quod
2365 5216 2554 5272 eadem
2599 5233 2723 5288 pars
2763 5218 2954 5275 eadem
2984 5222 3253 5291 quoddam
3280 5223 3499 5292 ponitur
3539 5221 3626 5277 in-

2017 5317 2410 5371 strumentum,
2444 5311 2490 5364 si
2535 5310 2602 5365 ad
2632 5320 2814 5382 partes
2843 5314 3089 5383 corporis
3123 5316 3360 5370 animum
3393 5314 3620 5369 reduca-

2019 5415 2160 5464 mus,
2210 5401 2404 5470 quibus
2430 5412 2484 5456 et
2539 5402 2598 5456 ﬁt
2649 5404 2853 5475 aliquid
2893 5415 2950 5458 ut
2981 5405 3065 5461 his
3093 5407 3248 5476 quasi
3293 5406 3620 5476 quibusdam

2015 5492 2390 5549 instrumentis
2419 5503 2653 5561 utamur,
2697 5506 2753 5551 et
2783 5497 2836 5551 in
2868 5508 2982 5554 toto
3024 5511 3200 5554 tamen
3232 5514 3460 5569 corpore
3490 5515 3619 5570 par-

2018 5584 2148 5638 tium
2180 5586 2426 5640 obtinent
2458 5586 2656 5643 locum.
2709 5589 2898 5645 Manus
2943 5589 3088 5646 enim
3133 5593 3198 5645 ad
3254 5594 3615 5662 tractandum,

2014 5678 2154 5731 oculi
2189 5678 2251 5730 ad
2291 5678 2600 5746 videndum,
2655 5691 2974 5752 craterasque
3003 5685 3245 5754 corporis
3277 5696 3458 5756 partes
3486 5701 3614 5756 pro-

2015 5769 2186 5836 prium
2229 5769 2499 5838 quoddam
2527 5772 2779 5828 videntur
2805 5774 3038 5830 ofﬁcium
3072 5777 3295 5834 habere.
3339 5777 3492 5846 Quod
3533 5786 3614 5832 ta-

2015 5875 2135 5915 men
2193 5861 2236 5914 si
2288 5861 2352 5913 ad
2389 5863 2549 5917 totius
2579 5863 2863 5921 utilitatem
2913 5869 3157 5939 corporis
3188 5870 3470 5936 referatur,
3525 5867 3612 5954 in:

3085 5982 3125 6042 3
