4106 6336
561 286 657 340 ’75

1809 295 1919 352 AN.
1962 294 2169 353 MANL.
2212 295 2363 353 SEV.
2405 297 2636 356 BOE'I‘II

3768 308 3775 313 ’
3802 310 3881 377 ⁷76

588 408 881 457 strumenta
906 417 915 425 -
938 401 1179 473 quaedam
1226 402 1467 471 corporis
1513 416 1632 457 esse
1690 403 2170 474 deprehenduntur
2196 411 2251 471 Α
2276 417 2462 464 natura
2493 411 2691 479 speciei
2722 420 2848 469 ante
2867 414 3203 472 noscendum
3232 427 3334 475 est.
3365 418 3476 477 Nec
3505 436 3637 481 vero
3680 428 3733 483 in
3768 431 3881 490 hoc

585 506 707 563 qua;
750 494 910 549 etiam
943 506 1120 563 partes
1163 508 1283 549 esse
1314 494 1489 548 nullus
1519 496 1787 551 abnuerit.
1827 498 1900 552 lta
1951 515 2167 569 quoque

583 581 754 652 logica
785 582 1063 652 disciplina
1093 598 1215 652 pars
1244 583 1490 652 quaedam
1519 585 2001 658 phil030phi:eest,
2028 606 2165 658 quo-

584 672 727 726 niam
767 673 883 742 ejus
931 672 1268 742 philosophia
1307 675 1421 729 sola
1455 676 1708 747 magistra
1750 688 1854 734 est.
1909 681 2164 751 Supellex

583 777 711 817 vero
728 772 831 829 est,
859 764 1000 833 quod
1031 780 1125 832 per
1152 780 1269 820 eam
1293 766 1545 836 inquisita
1575 772 1773 825 veritas
1806 772 2165 843 philosophia:

581 854 887 921 vestigatur.
914 854 1020 910 Sed
1050 856 1321 924 quoniam,
1340 868 1593 927 quantum
1622 862 1752 916 mihi
1782 864 1997 932 quidem
2028 868 2165 922 bre—

577 943 713 999 vitas
735 944 999 999 succincta
1033 946 1217 1017 largita
1246 959 1349 1016 est,
1381 960 1557 1006 ortum
1582 953 1768 1022 logica:
1797 964 1851 1010 et
1880 957 2005 1027 quid
2049 959 2163 1028 ipsa

545 1020 549 1025 θ
576 1038 742 1104 logica
773 1045 918 1092 esset
945 1039 1239 1106 explicavi,
1281 1057 1423 1096 nunc
1452 1043 1519 1097 de
1559 1059 1625 1097 eo
1642 1020 1806 1100 nobis
1836 1020 1973 1102 libro
1993 1020 2159 1119 pauca

580 1131 805 1185 dicenda
827 1140 955 1185 sunt
983 1147 1142 1200 quem
1172 1133 1224 1187 in
1268 1149 1507 1202 prmsens
1532 1138 1859 1205 sumpsimus
1882 1155 2162 1209 exponen-

512 1286 515 1287 ν
571 1222 720 1275 dum.
753 1220 932 1274 Titqu
972 1222 1113 1274 enim
1159 1224 1402 1292 proponit
1432 1225 1763 1297 Porphyrius
1804 1229 2161 1285 introductio-

571 1327 694 1366 nem
712 1326 770 1366 se
792 1311 843 1365 in
869 1312 1610 1381 Aristutelisjprmdicamenta
1634 1320 1998 1376 conscribere.
2022 1322 2161 1387 Quid

567 1417 701 1459 vero
723 1405 901 1459 valeat
928 1404 1043 1459 haec
1066 1404 1412 1472 introduCtio,
1444 1409 1528 1461 vel
1553 1408 1619 1462 ad
1646 1410 1769 1477 quid
1803 1410 2015 1465 lectoris
2048 1412 2165 1465 ani-

567 1504 895 1563 tnum'paret
939 1495 1173 1559 breviter
1200 1497 1503 1564 explicabo.
1548 1499 1866 1554 Aristoteles
1896 1502 2041 1555 enim
2067 1504 2160 1572 qui

567 1588 638 1642 de
675 1586 865 1643 decem
896 1587 1327 1653 prmdicamentis
1374 1588 1685 1645 inscribitur
1715 1592 1906 1646 librum
1949 1594 2050 1647 hac
2078 1595 2160 1648 in-

568 1678 811 1732 tentione
860 1678 1185 1747 composuit,
1221 1688 1280 1739 ut
1334 1679 1568 1735 infinitas
1598 1697 1777 1736 rerum
1818 1684 2158 1741 diversitates

2270 511 2474 557 tantum
2504 507 2727 573 prodest
2753 511 2949 576 speciei
2979 515 3354 582 cognoscenda
3382 527 3589 585 natura,
3628 538 3695 578 ne
3720 524 3877 593 prio-

2268 608 2387 647 rum
2416 610 2672 663 generum
2699 604 2911 668 species
2940 604 3171 659 invicem
3223 619 3616 681 permutemus,
3652 629 3878 672 verum-

2266 684 2428 739 etiam
2460 696 2516 740 ut
2545 688 2599 741 in
2625 689 2814 745 eodem
2843 695 3084 761 quolibet
3107 711 3309 765 genere
3353 704 3626 768 proximas
3656 710 3875 775 species

2266 777 2489 833 cuilibet
2517 783 2701 847 generi
2730 787 3038 841 noverimus
3075 788 3298 859 eligere,
3338 803 3393 846 ut
3439 811 3505 850 ne
3551 799 3873 860 substantiae

2266 885 2392 925 mox
2417 874 2612 929 animal
2644 875 2883 934 dicamus
2911 895 3033 936 esse
3073 886 3308 953 speciem
3349 890 3526 956 potius
3553 907 3713 961 quam
3744 908 3872 949 eor-

2268 984 2387 1037 pus,
2421 980 2515 1025 aut
2562 976 2807 1043 corporis
2836 977 3108 1036 hominem
3151 983 3330 1053 potius
3359 1003 3516 1056 quam
3566 994 3865 1049 animatum

2264 1077 2479 1131 corpus.
2511 1065 2582 1120 At
2612 1082 2741 1123 vero
2771 1070 3190 1129 differentiarum
3223 1077 3447 1133 scientia
3494 1084 3543 1136 in
3574 1084 3657 1138 his
3687 1090 3871 1141 maxi-

2266 1171 2410 1211 mum
2454 1158 2651 1214 retinet
2699 1162 2895 1219 locum.
2927 1166 3027 1234 Qui
3060 1170 3203 1223 enim
3235 1175 3456 1227 omnino
3487 1178 3804 1244 qualitatem
3838 1197 3871 1237 a

2264 1247 2560 1303 substantia
2596 1252 2678 1307 vel
2706 1265 2899 1309 caetera
2942 1273 2969 1311 a
3002 1273 3060 1313 se
3105 1276 3303 1329 genera
3344 1265 3547 1321 distare
3577 1273 3871 1339 cognosci-

2264 1355 2404 1405 mus,
2436 1341 2538 1397 nisi
2588 1358 2773 1400 eorum
2823 1348 3156 1405 differentias
3185 1358 3533 1413 noverimus?
3582 1361 3871 1426 Quomodo

2228 1441 2443 1486 autem
2489 1433 2803 1491 discernere
2855 1454 3040 1496 eorum
3092 1442 3427 1501 differentias
3470 1460 3778 1517 posSnmns,
3824 1453 3871 1511 si

2264 1524 2390 1591 quid
2425 1526 2536 1591 ipsa
2569 1527 2643 1581 sit
2674 1528 2981 1585 differentia
3003 1536 3346 1591 nesciamus?
3374 1539 3481 1595 Nec
3514 1543 3657 1598 hunc
3685 1547 3867 1599 solum

2264 1617 2418 1671 nobis
2442 1618 2718 1674 inscientia
2749 1620 3075 1677 differentias
3096 1626 3326 1680 infundit
3377 1645 3638 1697 errorem,
3673 1649 3868 1691 verum

2263 1709 2425 1763 etiam
2466 1712 2765 1780 specierum
2806 1730 3019 1783 quoque
3049 1717 3189 1774 tollit
3212 1735 3374 1776 omne
3414 1723 3699 1791 judicium.
3726 1727 3868 1783 Nam

565 1783 687 1838 qua:
711 1768 813 1823 sub
842 1769 1118 1824 scientiam
1141 1771 1336 1827 cadere
1367 1788 1472 1827 non
1501 1787 1744 1843 possent,
1777 1778 2043 1846 paucitate
2063 1794 2152 1848 ge-

566 1874 748 1882 ______
785 1862 1083 1882 u___‘.w
1114 1862 1255 1882 λη-.
1446 1864 1525 1882 ᾗ..
1594 1865 1643 1882 -.
1802 1868 1813 1882 .
1954 1870 1964 1879 .

2260 1814 2449 1856 omnes
2479 1804 2684 1870 species
2715 1802 3007 1861 informant
3036 1808 3378 1867 differentim.
3414 1768 3660 1882 ignorata
3705 1816 3868 1872 diffe-

564 1874 751 1914 nerum
779 1862 1282 1929 comprehenderet,
1308 1873 1465 1934 atque
1493 1864 1565 1933 ita
1594 1865 1647 1921 id
1674 1868 1814 1936 quod
1838 1884 1934 1938 per
1953 1870 2157 1924 incom-

566 1951 983 2021 prehensibilem
1017 1955 1411 2009 multitudinem
1457 1957 1556 2011 sub
1607 1958 1943 2029 disciplinam
1969 1963 2156 2017 venire

564 2059 670 2096 non
691 2052 918 2111 poterat,
946 2059 1037 2111 per
1062 2060 1318 2115 generum
1346 2047 1425 2117 (ut
1448 2046 1647 2102 dictum
1672 2056 1775 2119 est)
1806 2054 2150 2120 paucitatem,

562 2137 745 2191 animo
775 2137 929 2192 fieret
953 2138 1299 2207 scientiaeque
1322 2142 1646 2210 subjectum.
1668 2143 1863 2199 Decem
1887 2147 2042 2215 igitur
2064 2162 2154 2216 ge-

562 2244 689 2282 nera
722 2244 900 2282 rerum
932 2244 1054 2285 esse
1083 2231 1320 2283 omnium
1345 2230 1710 2286 consideravit
1738 2237 2075 2297 Aristoteles.
2100 2236 2151 2290 id

560 2329 637 2375 est
662 2333 821 2374 unam
854 2321 1208 2374 substantiam
1231 2330 1283 2373 et
1313 2321 1610 2376 accidentia
1642 2340 1856 2391 novem,
1884 2342 2003 2395 qua)
2028 2336 2154 2381 sunt

518 2414 519 2417 “
561 2412 810 2482 qualitas,
844 2414 1137 2481 quantitas,
1169 2413 1381 2479 relatio,
1413 2412 1526 2481 ubi,
1573 2415 1809 2485 quando,
1845 2419 2004 2483 situs,
2054 2419 2152 2473 ha-

560 2501 707 2569 bere,
750 2501 956 2570 facere,
990 2514 1043 2559 et
1075 2505 1180 2573 pati
1213 2520 1225 2557 :
1262 2520 1381 2573 qua:
1428 2507 1681 2575 quoniam
1726 2523 1921 2576 genera
1969 2519 2152 2566 essent

557 2608 835 2663 suprema,
883 2603 939 2648 et
980 2594 1173 2663 quibus
1216 2594 1419 2648 nullum
1451 2595 1595 2650 aliud
1641 2599 1930 2668 superponi
1982 2616 2150 2669 genus

516 2684 519 2687 ’
558 2695 761 2756 posset,
793 2701 1008 2742 onmem
1041 2703 1263 2743 necesse
1292 2696 1376 2743 est
1418 2688 1818 2745 multitudinem
1849 2707 2028 2745 rerum
2056 2708 2150 2761 per

557 2778 748 2834 horum
772 2780 955 2834 decem
988 2796 1244 2850 generum
1278 2784 1485 2850 Species
1518 2784 1767 2838 inveniri.
1788 2785 1916 2851 Qua:
1934 2784 2145 2855 quidem

556 2887 752 2942 genera
780 2872 1030 2927 omnibus
1061 2888 1093 2926 a
1121 2888 1180 2928 se
1202 2874 1518 2929 differentiis
1544 2876 1828 2930 distributa
1869 2884 2013 2930 sunt.
2042 2878 2149 2931 Nec

556 2970 845 3039 quidquam
874 2970 1124 3024 videntur
1154 2971 1349 3025 habere
1374 2986 1662 3027 commune
1693 2976 1792 3028 nisi
1828 2984 2029 3029 tantum
2054 2991 2149 3029 no-

557 3076 704 3124 men,
737 3061 989 3129 quoniam
1018 3060 1198 3114 omnia
1229 3076 1347 3115 esse
1376 3062 1755 3129 prmdicantur.
1787 3064 1995 3136 Quippe
2023 3068 2148 3120 sub-

562 3150 759 3204 stantia
781 3160 883 3215 Cal,
912 3150 1141 3220 qualitas
1163 3162 1265 3215 est,
1296 3154 1566 3219 quantitas
1588 3162 1703 3220 est,
1730 3166 1783 3209 et
1812 3158 1875 3209 de
1892 3157 2012 3209 aliis
2035 3172 2147 3210 om-
2174 3170 2221 3234 ρ

558 3243 735 3295 nibus.
773 3240 863 3295 Est
885 3241 1109 3295 verbum
1143 3245 1499 3299 communiter
1526 3248 1871 3315 prsedieatur,
1903 3251 1997 3305 sed
2045 3265 2149 3306 non

558 3352 641 3395 est
666 3356 850 3396 eorum
885 3342 1187 3397 communis
1218 3360 1322 3400 una
1350 3346 1645 3402 substantia
1677 3348 1761 3403 vel
1809 3358 2019 3417 natura,
2055 3354 2148 3406 sed

558 3442 762 3488 tantum
794 3448 988 3489 nomen
1022 3450 1036 3487 :
1070 3435 1251 3505 itaque
1296 3437 1481 3491 decem
1522 3454 1717 3509 genera
1750 3440 1817 3494 ab
1862 3441 2150 3498 Aristotele

558 3536 765 3593 reperta
797 3527 1044 3581 omnibus
1070 3542 1098 3579 a
1131 3543 1191 3582 se
1216 3526 1531 3584 differentiis
1558 3530 1840 3585 distributa
1876 3545 2019 3585 sunt.
2044 3536 2149 3588 Sed

558 3632 675 3687 quae
720 3619 987 3688 aliquibus
1016 3621 1330 3675 differentiis
1360 3622 1763 3693 disjunguntur,
1822 3640 2043 3681 necesse
2068 3636 2153 3683 est

516 3722 523 3729 '
556 3720 613 3763 ut
634 3709 866 3766 habeant
893 3714 1164 3779 proprium
1191 3713 1463 3781 quiddam,
1494 3718 1633 3784 quod
1658 3732 1720 3771 ea
1747 3717 1798 3771 in
1823 3718 2148 3788 singularem

522 3816 525 3819 '
558 3803 957 3873 solitariamqne
988 3805 1222 3859 vindicet
1254 3805 1503 3859 fortnam.
1538 3808 1653 3860 Non
1683 3822 1763 3861 est
1796 3820 1972 3865 autem
2006 3812 2149 3868 idem

558 3898 829 3966 proprium
866 3898 1005 3967 quod
1038 3900 1312 3954 accidens.
1348 3899 1657 3953 Accidentia
1689 3902 1831 3956 enim
1863 3914 1918 3959 et
1964 3907 2150 3960 venire

559 4000 611 4042 et
657 3991 847 4045 abesse
878 4001 1119 4057 possunt,
1151 3990 1365 4061 propria
1403 4005 1535 4045 vero
1564 3993 1635 4045 ita
1688 4005 1808 4047 sunt
1857 3996 2035 4061 insita,
2092 4008 2151 4069 ut

526 4106 527 4111 η
560 4085 763 4153 absque
795 4084 877 4137 his
924 4099 1149 4153 quorum
1195 4086 1408 4155 propria
1457 4096 1583 4139 sunt
1630 4101 1751 4141 esse
1782 4104 1887 4142 non
1919 4091 2144 4159 possint.
2180 4082 2183 4085 ¹

520 4182 527 4187 “
560 4177 689 4242 Quae
728 4190 847 4229 cum
892 4177 963 4229 ita
994 4177 1120 4243 sint,
1148 4192 1380 4247 cumque
1409 4178 1727 4234 Aristoteles
1753 4181 1938 4235 decem
1970 4200 2147 4239 rerum

559 4281 754 4334 genera
786 4270 1090 4332 reperisset,
1110 4284 1231 4337 qua:
1250 4270 1330 4323 vel
1362 4270 1709 4340 intelligendo
1733 4288 1884 4327 mens
1907 4286 2144 4344 caperet,

561 4360 649 4412 vel
691 4359 957 4428 loquendo
994 4359 1297 4427 disputator
1325 4361 1543 4416 efferret
1578 4362 1858 4433 (quidquid
1888 4367 2031 4421 enim
2064 4368 2146 4421 in-

558 4450 779 4505 tellectu
804 4451 1068 4518 capimus,
1100 4452 1149 4504 id
1181 4452 1247 4505 ad
1276 4453 1500 4506 alterum
1533 4469 1785 4510 sermone
1816 4458 2140 4530 vulgamus),

2259 1900 2432 1955 rentia
2458 1902 2665 1970 species
2688 1919 2901 1975 quoque
2929 1921 3151 1962 necesse
3176 1919 3256 1963 est
3286 1912 3543 1980 ignorari.
3576 1912 3869 1980 Quomodo

2258 2008 2387 2063 ergo
2415 1994 2532 2050 fieri
2558 2005 2734 2065 potest
2773 2007 2831 2051 ut
2880 2000 3175 2068 quamlibet
3203 2001 3560 2058 differentiam
3587 2007 3862 2073 possimus

2257 2102 2570 2155 agnoscere,
2597 2091 2641 2143 si
2669 2093 2891 2147 omnino
2913 2107 3033 2162 quae
3058 2095 3131 2148 sit
3157 2096 3391 2150 nominis
3416 2097 3571 2166 hujus
3597 2100 3866 2169 significa.

2258 2180 2333 2234 tio
2361 2180 2708 2236 nesciamus?
2736 2182 2856 2237 Jam
2903 2199 3031 2239 vero
3056 2187 3257 2255 proprii
3289 2197 3468 2242 tantus
3500 2205 3629 2245 usus
3658 2199 3765 2257 est,
3804 2200 3865 2248 ut

2258 2272 2576 2327 Aristoteles
2642 2288 2859 2344 quoque
2912 2276 3244 2345 singulorum
3314 2279 3861 2347 prmdicamentorum

2257 2363 2470 2432 propria
2518 2364 2883 2433 perquisierit,
2916 2381 3038 2435 quae
3092 2370 3305 2437 propria
3352 2385 3475 2426 esse
3500 2374 3624 2442 quis
3665 2374 3863 2445 depre-

2263 2454 2514 2510 henderit
2540 2465 2826 2525 antequam
2852 2458 2975 2526 quid
3000 2459 3221 2513 omnino
3247 2461 3319 2514 sit
3344 2464 3620 2530 proprium
3662 2465 3859 2524 discat.

2254 2548 2364 2603 Nec
2394 2548 2447 2603 in
2496 2549 2582 2603 his
2612 2558 2820 2611 tantum
2863 2552 3062 2619 proprii
3112 2552 3226 2607 haec
3256 2554 3511 2624 cognitio
3540 2557 3686 2611 valet
3728 2574 3855 2629 qua

2228 2641 2477 2710 singulis
2529 2642 2833 2697 nominibus
2883 2642 3202 2712 efferuntur,
3236 2655 3294 2700 ut
3346 2646 3578 2703 hominis
3626 2651 3857 2721 risihile,

2226 2748 2440 2793 verum
2465 2733 2628 2789 etiam
2661 2733 2715 2788 itt
2764 2735 2848 2790 bis
2895 2752 3016 2805 qua:
3051 2738 3103 2792 in
3133 2738 3309 2794 locum
3332 2740 3671 2799 diffinitiOuis
3701 2746 3860 2803 adhi-

2226 2823 2469 2879 bentur.
2492 2826 2679 2879 Omnia
2707 2827 2850 2881 enim
2877 2829 3088 2895 propria
3120 2845 3234 2884 rem
3284 2833 3580 2898 subiectam
3615 2836 3856 2905 quodam

2256 2914 2487 2967 termino
2520 2914 2898 2987 descriptionis
2928 2916 3231 2985 includunt,
3262 2922 3407 2991 quod
3439 2937 3538 2977 suo
3563 2925 3684 2979 IOCu
3711 2942 3852 2996 quo-

2252 3022 2358 3075 que
2410 3009 2769 3077 opportunius
2793 3014 3251 3071 commemorabo.
3285 3015 3592 3071 Accidentis
3641 3002 3858 3089 quoque

2252 3100 2484 3166 cognitio
2512 3111 2770 3169 quantum
2804 3100 3012 3168 afferat,
3061 3106 3179 3172 quis
3209 3106 3456 3162 dubitare
3494 3119 3675 3177 queat,
3730 3126 3856 3165 cum

2256 3194 2428 3249 videat
2455 3197 2593 3251 inter
2618 3196 2806 3251 decem
2839 3197 3249 3266 praedicamenta
3277 3215 3470 3254 novem
3508 3210 3693 3256 tenere
3720 3204 3858 3259 accia

2255 3287 2432 3341 dentis
2460 3289 2722 3359 naturas?
2751 3289 2885 3356 Quae
2914 3289 3184 3360 quomodo
3219 3291 3514 3347 accidentia
3544 3307 3665 3347 esse
3690 3303 3851 3360 puta-

2256 3379 2448 3441 bimus.
2482 3382 2526 3435 si
2556 3383 2779 3435 omnino
2808 3382 2935 3449 quid
2966 3382 3039 3436 sit
3079 3382 3328 3438 accidens
3352 3385 3663 3454 ignoremus
3692 3386 3857 3441 ?cum

2260 3472 2558 3541 prazsertim
2592 3487 2694 3528 nec
2733 3471 3191 3541 differentiarum,
3235 3490 3333 3529 nec
3377 3476 3581 3546 proprii
3624 3478 3857 3536 scienti.

2252 3563 2466 3632 cognita
2506 3562 2606 3631 sit,
2633 3564 2734 3618 nisi
2774 3564 3071 3629 accidentis
3104 3576 3349 3621 naturam
3386 3568 3694 3622 firmissima
3722 3583 3856 3623 con-

2252 3653 2577 3709 sideratione
2610 3665 2891 3711 teneamus
2924 3672 2941 3722 ;
2975 3657 3089 3710 fieri
3121 3658 3262 3711 enim
3294 3667 3469 3726 potest
3514 3667 3573 3712 ut
3595 3658 3855 3714 differen-

2252 3744 2340 3798 tia:
2373 3745 2490 3799 loco
2520 3746 2605 3798 vel
2635 3748 2839 3816 proprii
2888 3763 2981 3815 per
3011 3748 3346 3801 inscientiam
3389 3750 3643 3804 accidens
3685 3765 3852 3818 appo-

2254 3846 2431 3901 natur,
2456 3838 2599 3908 quod
2627 3854 2749 3895 esse
2762 3840 3013 3894 vitiosum
3043 3840 3203 3895 etiam
3228 3840 3577 3896 diffinitioncs
3596 3843 3852 3912 probant,

2232 3942 2375 4005 qua?
2403 3945 2523 3984 cum
2558 3931 2687 3999 ipsm
2704 3946 2767 3984 ex
2798 3931 3119 3986 differentiis
3145 3934 3632 4001 conStent,etfiant
3656 3937 3850 3990 unius-

2251 4020 2512 4090 cujusque
2539 4021 2887 4076 difiinitiones
2918 4025 3148 4090 propriae
3170 4064 3185 4089 ,
3232 4026 3485 4079 accidens
3520 4036 3699 4081 tamen
3735 4042 3848 4083 non

2251 4112 2500 4165 videntur
2527 4113 2832 4169 admittere.
2868 4114 3001 4168 Cum
3033 4116 3193 4183 igitur
3216 4115 3532 4171 Aristoteles
3558 4117 3743 4172 decem
3761 4134 3852 4173 re-

2252 4219 2369 4257 rum
2398 4219 2592 4275 genera
2622 4208 2964 4277 collegisset,
3007 4223 3125 4276 qum
3157 4224 3440 4279 numerum
3473 4209 3712 4264 diversas
3740 4212 3848 4264 sub

2250 4308 2311 4348 se
2332 4296 2541 4363 species
2562 4298 2926 4361 continerent,
2970 4314 3089 4365 ane
3124 4299 3333 4367 Species
3362 4315 3632 4368 nunquam
3662 4302 3848 4357 direr-

2250 4400 2325 4439 sae
2374 4386 2549 4441 forent
2593 4388 2695 4451 nisi
2747 4389 3069 4444 differentiis
3114 4401 3565 4459 segregarentnr;
3615 4408 3846 4464 cumque

2254 4480 2438 4533 omnia
2468 4481 2519 4534 in
2549 4481 2904 4537 substantiam
2948 4492 3109 4551 atqwe
3136 4483 3410 4547 accidens,
3436 4484 3683 4538 accidens
3716 4504 3844 4537 κει-ει

556 4545 736 4599 evenit
758 4555 817 4598 ut
835 4544 901 4598 ad
925 4544 1116 4598 horum
1144 4545 1331 4601 decem
1377 4547 1916 4615 prmdicamcntorum
1943 4552 2140 4607 intelli-

2252 4568 2307 4622 in
2336 4570 2439 4623 alia
2480 4571 2895 4637 praedicamenta
2950 4573 3239 4636 solvisset;
3274 4590 3503 4642 cumque
3538 4576 3840 4644 aliquorum

556 4637 791 4706 gentiam
818 4638 1055 4706 quinque
1087 4636 1278 4692 harum
1324 4654 1500 4693 rerum
1532 4649 1789 4696 tractatus
1821 4645 2137 4713 incurreret,

555 4727 762 4781 scilicet
785 4728 1020 4798 generis,
1062 4729 1284 4797 speciei.
1316 4728 1655 4796 differentiae,
1687 4734 1887 4802 proprii
1917 4745 1971 4789 et
1995 4738 2137 4791 acci-

555 4819 751 4874 dentis.
787 4820 1013 4875 Generis
1041 4819 1279 4890 quidem,
1311 4822 1560 4891 quoniam
1594 4833 1808 4894 oportet
1835 4838 1959 4879 ante
2001 4840 2165 4896 ρτωο·

551 4914 763 4968 discere
782 4912 908 4981 quid
936 4915 1007 4966 sit
1032 4928 1225 4982 genus,
1258 4924 1314 4967 ut
1340 4914 1523 4969 decem
1556 4915 1642 4970 illa
1674 4932 1792 4985 qua:
1819 4918 2136 4975 Aristoteles

554 5006 768 5063 caeteris
794 5008 1099 5073 anteposuit
1129 5006 1290 5060 rebus
1323 5022 1519 5075 genera
1544 5024 1665 5063 esse
1685 5011 1953 5080 possimus
1973 5026 2141 5082 agno—

553 5114 728 5155 scere.
762 5098 974 5168 Speciei
999 5113 1128 5152 vero
1162 5101 1397 5168 cognitio
1428 5102 1715 5169 plurimum
1742 5104 1912 5168 valet,
1942 5115 1999 5158 ut
2020 5121 2139 5175 qua:

553 5195 817 5263 cujusque
841 5192 1056 5262 generis
1100 5192 1172 5246 sit
1196 5196 1406 5262 species
1439 5197 1609 5263 possit
1636 5200 1874 5267 agnosci.
1906 5199 1963 5254 Si
1994 5202 2135 5255 enim

554 5292 683 5362 quid
710 5293 779 5347 sit
800 5291 1008 5361 species
1038 5293 1363 5362 ignoramus,
1394 5294 1525 5350 nihil
1569 5297 1792 5365 impedit
1815 5312 2002 5354 errore
2026 5309 2136 5354 tur-

548 5387 704 5454 bari;
738 5387 854 5443 fieri
898 5387 1042 5443 enim
1091 5397 1266 5458 potest
1309 5397 1368 5444 ut
1416 5406 1511 5459 per
1562 5393 1758 5460 speciei
1800 5394 2136 5449 inscientiam

552 5499 695 5550 saepe
724 5481 1035 5551 quantitatis
1080 5483 1287 5551 species
1348 5486 1400 5537 in
1443 5485 1701 5540 relatione
1751 5501 2041 5555 ponamus,
2084 5498 2140 5542 et

550 5573 842 5644 cujuslibet
868 5574 1025 5643 primi
1068 5577 1280 5646 generis
1335 5578 1577 5647 species,
1646 5578 1799 5633 alteri
1846 5579 2136 5651 cujuslibet

545 5668 731 5737 generi
790 5668 1114 5736 subdamus,
1161 5676 1321 5738 atque
1384 5672 1454 5723 ita
1507 5670 1598 5723 fiat
1651 5674 1901 5740 permista
1956 5686 2132 5726 rerum

543 5772 708 5830 atque
738 5758 1023 5815 indiscreta
1050 5759 1296 5815 confusio
1326 5779 1341 5814 ε
1373 5762 1513 5829 quod
1555 5778 1622 5816 ne
1660 5763 1885 5831 accidat,
1915 5779 2034 5835 quae
2068 5765 2139 5821 sit

2236 4660 2797 4737 rprardicamentornm
2840 4666 2910 4719 sit
2944 4668 3156 4733 propria
3193 4679 3524 4732 persecutus.
3558 4668 3624 4720 de
3656 4668 3737 4720 his
3762 4669 3844 4737 ip-

2248 4753 2327 4806 sis
2368 4754 2584 4825 quidem
2614 4758 3048 4825 prtedicamentis
3092 4760 3320 4812 docuit:
3355 4761 3481 4829 quid
3526 4776 3653 4815 vero
3692 4772 3841 4819 esset

2245 4861 2436 4916 genus,
2460 4849 2587 4917 quid
2616 4852 2848 4919 species,
2896 4853 3021 4921 quid
3046 4852 3368 4917 differentia,
3406 4854 3532 4924 quid
3565 4855 3693 4927 illpd
3742 4871 3839 4910 ac-

2248 4941 2453 5007 cidens,
2471 4943 2539 4996 de
2567 4960 2672 5013 quo
2699 4946 3142 5021 nunedicendum
3165 4954 3268 5013 est,
3287 4947 3368 5002 vel
3387 4948 3514 5017 quid
3535 4948 3836 5018 proprium,

2244 5022 2395 5088 velut
2422 5044 2545 5089 nota
2580 5038 2855 5103 praeteriit.
2887 5038 2963 5093 Ne
2995 5040 3157 5109 igitur
3184 5040 3251 5095 ad
3274 5040 3687 5110 przedicamenta
3704 5040 3837 5109 Ari-p

2248 5126 2459 5180 stotelis
2504 5129 2821 5195 venientes,
2870 5130 2997 5199 quid
3034 5131 3362 5202 signiﬁcaret
3411 5131 3837 5207 unumquodque

2246 5232 2433 5271 eorum
2482 5233 2601 5287 qua:
2638 5224 2886 5287 superius
2921 5221 3061 5276 dicta
3110 5235 3238 5279 sunt
3288 5226 3627 5299 ignorarent,
3687 5224 3837 5281 hunc

2246 5308 2442 5363 librum
2481 5309 2809 5391 Porphyrius
2836 5313 2905 5367 de
2938 5328 3120 5391 earum
3152 5317 3390 5389 quinque
3432 5331 3611 5373 rerum
3649 5318 3834 5386 mgni-

2248 5402 2397 5454 tione
2419 5388 2748 5470 perscripsit,
2785 5420 2889 5473 quo
2914 5388 3219 5477 perspettto,
3245 5388 3309 5466 et
3324 5409 3668 5481 considerato
3699 5409 3826 5481 quid

2248 5492 2668 5561 unumquodque
2723 5511 2903 5547 eorum
2943 5513 3060 5566 qua:
3104 5502 3451 5570 supraposuit
3491 5500 3835 5570 designaret,

2246 5582 2457 5637 facilior
2487 5586 2785 5640 intellectus
2807 5602 2865 5639 ea
2894 5604 3012 5656 quae.
3038 5591 3105 5643 ab
3124 5590 3413 5645 Aristotele
3445 5605 3833 5663 praeponerena

2242 5670 2332 5728 tur
2360 5674 2683 5730 addisceret.
2736 5678 2857 5731 Haec.
2900 5681 3112 5749 quidem
3150 5683 3373 5751 intentio
3393 5696 3476 5739 est
3513 5685 3669 5753 hujus
3700 5682 3839 5751 libri,

2243 5772 2401 5835 quem
2426 5766 2756 5838 Porphyrius
2793 5772 2856 5825 ad
2889 5773 3335 5832 introductionem
3378 5777 3835 5847 praedicamentw
