4106 6336
198 394 271 447 77
596 452 599 455 _
640 330 653 349 Ι
1114 390 1182 447 IN
1216 388 1663 447 PORPHYRIUM
1702 386 2354 448 COMHENTARIORUM
2394 389 2521 445 LIB.
2564 389 2606 447 ῐ.

3429 389 3523 446 78w

197 524 320 563 rum
364 507 829 592 seconscripsisse
873 506 984 575 ipsa
1023 505 1117 575 (ut
1147 503 1345 556 dictum
1374 503 1500 574 est)
1545 504 1683 558 tituli
1713 504 1794 558 in-
1820 508 1870 564 Α
1899 501 2129 569 dicimus
2156 501 2220 553 ad
2261 500 2431 555 forum
2463 502 2819 567 descendere,
2864 518 2966 573 qua
3000 503 3051 558 itt
3084 517 3213 559 voce
3251 503 3499 575 quredam
3564 564 3571 573 ,

200 603 503 671 scriptione
543 600 793 671 signavit.
822 598 926 654 Sed
967 597 1094 652 licet
1112 595 1178 649 ad
1202 595 1304 650 hoc
1336 611 1497 651 unum
1545 595 1703 664 hujus
1730 596 1796 650 li-

200 696 286 752 bri
322 694 593 750 referatur
622 695 884 757 illlt‘nlio,
929 707 1033 744 non
1083 700 1260 745 tamen
1301 689 1527 758 simplex
1569 701 1653 743 est
1683 691 1803 756 ejus

199 788 425 856 utilitas,
454 791 547 840 sed
567 786 873 851 multiplex,
906 793 960 839 et
991 783 1045 837 in
1077 783 1309 836 maxima
1325 796 1557 852 quaeque
1577 781 1797 847 ditl‘usa,

197 897 366 949 quam
400 881 536 935 idem
570 878 902 950 Porphyrius
926 878 977 931 in
1008 876 1274 946 principio
1297 875 1456 945 hujus
1489 876 1606 939 libri
1649 889 1804 931 come-

204 982 475 1027 memorat
504 970 708 1026 dicens.

277 1062 403 1116 Cum
428 1064 493 1117 sit
520 1062 882 1125 necessarium,
925 1058 1226 1130 Chrysaori,
1264 1066 1311 1112 et
1338 1056 1409 1112 ad
1435 1072 1548 1112 eam
1582 1072 1699 1127 qua!
1728 1064 1804 1109 est

204 1157 346 1221 apud
394 1153 715 1209 Aristotelem
758 1153 1270 1223 pradicamentorum
1316 1149 1604 1203 doctrinam
1653 1162 1803 1214 nasse

201 1248 326 1316 quid
353 1248 419 1301 sit
444 1263 625 1316 genus,
647 1244 771 1314 quid
800 1242 1114 1310 diﬂ’erentia,
1133 1241 1259 1311 quid
1283 1240 1498 1308 species,
1530 1238 1653 1309 quid
1685 1253 1805 1303 pra-

198 1339 394 1407 prium,
427 1347 473 1391 et
511 1337 637 1407 quid
674 1336 935 1403 accidens,
965 1342 1009 1385 et
1053 1332 1122 1384 ad
1170 1331 1533 1399 diﬂinitionum
1574 1327 1807 1397 assigna-

198 1432 412 1495 lioueut,
437 1442 484 1483 et
513 1432 719 1482 omnino
744 1428 813 1481 ad
842 1443 902 1480 ea
928 1442 1043 1496 qua:
1069 1427 1125 1479 in
1162 1425 1409 1479 divisione
1435 1433 1482 1478 et
1512 1424 1564 1476 in
1595 1424 1807 1477 demon-

196 1521 449 1576 stratione
488 1532 603 1574 sunt
625 1563 638 1582 ,
667 1520 783 1575 utili
816 1521 1029 1573 istarum
1073 1533 1243 1569 rerum
1289 1516 1636 1584 speculatione
1664 1530 1806 1567 com-

195 1614 509 1683 pendiosam
546 1614 632 1667 tibi
680 1612 1008 1664 traditionem
1054 1609 1271 1679 faciens,
1319 1607 1520 1660 tentabo
1571 1606 1805 1673 breviter,

195 1707 341 1765 velut
374 1706 767 1759 introductionis
806 1706 989 1765 modo,
1030 1719 1090 1755 ea
1131 1716 1246 1771 qua:
1292 1701 1355 1753 ab
1396 1699 1623 1769 antiquis
1669 1700 1808 1753 dicta

196 1806 348 1858 sunt.
370 1799 579 1868 aggredi
598 1837 616 1860 ,
647 1798 709 1850 att
735 1794 1004 1849 altioribus
1030 1795 1235 1866 quidem
1256 1791 1619 1861 qtttcstionibus
1644 1791 1805 1845 abui-

198 1902 359 1951 θυμω,⁸
380 1887 719 1955 simpliciores
749 1902 865 1939 vero
895 1884 1219 1938 mediocriter
1248 1886 1562 1953 canjectans.

240 2018 247 2051 ς
274 1976 486 2032 Utilitas
513 1976 672 2045 hujus
695 1976 819 2031 libri
846 1975 1227 2045 quidrit‘ariam
1252 1974 1522 2046 spargitur
1544 1992 1554 2027 :
1576 1989 1807 2046 namque

202 2082 253 2142 et
289 2069 354 2123 ad
395 2069 522 2123 illud
563 2072 630 2123 ad
684 2070 826 2138 quod
869 2068 990 2137 ejus
1033 2068 1281 2138 dirigitur
1325 2066 1555 2121 intentio
1612 2080 1817 2143 magnq

205 2164 322 2218 usui
358 2164 654 2234 legentibus
677 2173 778 2225 est,
810 2172 869 2217 et
897 2163 962 2216 ad
994 2171 1188 2217 caetera
1222 2175 1341 2231 quze
1375 2175 1497 2213 cum
1529 2168 1678 2213 extra
1719 2160 1807 2213 in-

205 2259 492 2327 tentionem
522 2260 655 2320 sint,
689 2275 797 2313 non
848 2268 1028 2312 tamen
1066 2256 1244 2312 minor
1280 2273 1342 2311 ex
1382 2256 1466 2310 bis
1509 2256 1808 2327 legentibus

203 2351 407 2406 utilitas
432 2362 795 2421 comparatur.
848 2352 942 2405 Est
971 2350 1114 2405 enim
1141 2365 1237 2417 per
1270 2349 1373 2404 hoc
1400 2350 1719 2417 opusculum
1750 2358 1808 2405 et

201 2443 741 2513 praedicamentorum
794 2443 962 2499 facilis
1012 2442 1271 2512 cognitio,
1315 2452 1369 2496 et
1417 2442 1802 2498 diftiuitionum

202 2538 414 2607 integra
441 2537 750 2606 assiguatio,
776 2547 829 2592 et
858 2536 1185 2590 divisionum
1217 2544 1360 2589 recta
1391 2534 1719 2602 perspectio,
1753 2542 1810 2589 et

201 2628 730 2683 demonstratiuuunt
786 2626 1130 2682 veracissima
1185 2625 1485 2679 conclusio.
1543 2627 1673 2692 Quae
1719 2639 1808 2678 res

204 2700 410 2793 quanto
453 2722 700 2776 difficiles
746 2730 905 2790 atque
951 2718 1132 2773 ardua!
1172 2725 1319 2785 sunt,
1356 2727 1504 2771 tanto
1532 2716 1806 2786 perspica-

198 2812 409 2865 ciorem
438 2812 927 2881 studiosioremque
955 2806 1194 2864 a’nimum
1226 2808 1444 2862 lectoris
1469 2816 1805 2876 exspectant.

201 2903 495 2959 Dicendum
517 2921 647 2958 vero
669 2915 751 2963 est
773 2904 911 2971 quod
936 2903 987 2957 in
1013 2902 1264 2956 omnibus
1287 2900 1439 2953 libris
1457 2899 1655 2955 evenit.
1674 2898 1807 2953 Nam

203 2997 432 3064 primum
464 2999 509 3052 si
537 3013 654 3063 qua:
681 2998 745 3050 sit
782 2997 1011 3051 intentio
1038 3005 1420 3064 cognoscatur,
1445 3004 1643 3062 quanta
1674 3007 1811 3063 quo-

202 3107 308 3159 que
356 3092 559 3146 utilitas
604 3093 729 3146 inde
781 3090 1065 3161 provenire
1118 3089 1287 3159 pOSsit
1337 3088 1712 3157 perpenditur,
1753 3094 1809 3140 et

203 3186 331 3239 licet
350 3195 502 3239 extra
530 3186 698 3239 multa
719 3186 804 3253 (ut
830 3185 907 3253 ﬁt)
935 3182 1239 3253 ltnjusmodi
1268 3181 1460 3234 librum
1487 3187 1804 3247 sequantur,

1904 593 2107 648 utilitas
2132 594 2486 662 significatur.
2542 596 2660 650 Alia
2689 613 2903 666 quoque
2933 598 3252 666 signiﬁcatio
3282 607 3366 653 est
3393 613 3502 668 qua
3560 666 3565 669 ‘

1904 686 2134 741 dicimus
2173 687 2343 741 solent
2387 692 2748 741 necessarium
2789 704 2907 742 esse
2952 690 3256 759 moveri,id
3288 700 3371 745 est
3408 707 3503 747 tte-

1902 792 2055 832 cesse
2082 792 2226 845 esse,
2257 786 2311 834 et
2350 778 2438 832 illa
2469 779 2683 849 quidem
2718 782 2885 849 prima
2931 780 3252 850 signiﬁcatio
3282 790 3506 850 praeter—

1902 870 2161 926 mittenda
2206 881 2310 940 est,
2356 872 2580 926 omnino
2625 874 2770 926 enim
2807 874 2875 927 ab
2903 887 2971 928 eo
3009 874 3316 929 necessario
3358 872 3503 942 quod

1848 1028 1851 1031 Α
1904 962 1993 1017 hic
2031 961 2366 1033 Porphyrius
2408 966 2560 1034 ponit
2603 964 2778 1019 aliena
2810 974 2914 1020 est.
2962 966 3052 1019 Ha:
3093 982 3220 1022 vero
3251 941 3506 1020 duaeltu-
3554 941 3568 1037 ξ

1821 1093 1849 1129 ,η
1902 1052 2136 1123 jusmodi
2160 1063 2307 1122 sunt,
2324 1064 2383 1110 ut
2408 1056 2551 1112 inter
2571 1071 2633 1113 se
2651 1065 2864 1115 certare
2883 1056 3167 1113 videantur
3204 1050 3325 1146 qitte
3349 1057 3508 1131 hujus

1903 1146 2007 1201 loci
2056 1148 2294 1203 obtineat
2338 1148 2810 1218 signiﬁcationem,
2839 1149 2896 1204 in
2942 1128 3508 1223 quodicit'Porplty-
3557 1127 3566 1225 ί

1906 1240 2019 1293 rius
2045 1258 2059 1292 :
2085 1239 2220 1295 Cum
2269 1240 2347 1295 sit
2386 1242 2776 1319 necessarium,
2808 1239 3387 1319 Chrysaori,_namque
3417 1245 3509 1312 (ut

1906 1331 2109 1387 dictum
2157 1330 2275 1402 est)
2325 1334 2690 1388 necessarium
2731 1344 2784 1388 et
2812 1334 3095 1389 utilitatem
3147 1333 3413 1402 signiﬁcat
3455 1344 3511 1387 et

1846 1484 1851 1491 ,
1909 1425 2310 1484 necessitatem.
2334 1424 2600 1483 Videntur
2628 1435 2808 1482 autem
2836 1427 2961 1481 huic
2985 1428 3103 1481 loco
3133 1436 3357 1495 utraque
3381 1440 3511 1479 con—

1908 1533 2122 1587 gruere.
2150 1518 2281 1571 Nam
2315 1528 2370 1574 et
2398 1534 2610 1574 summe
2638 1519 2767 1574 utile
2803 1530 2888 1574 est
2918 1520 2983 1573 ad
3013 1534 3079 1573 ea
3109 1534 3229 1588 qua:
3262 1506 3510 1586 superius

1911 1608 2051 1663 dicta
2076 1618 2204 1663 sunt
2233 1610 2300 1664 de
2335 1625 2534 1680 genere
2566 1620 2620 1665 et
2654 1612 2835 1680 specie
2871 1620 2928 1665 et
2966 1611 3177 1665 caeteris
3211 1610 3510 1678 disputare,
3554 1668 3557 1675 ,

1912 1713 1965 1757 et
2000 1720 2208 1759 summa
2255 1714 2340 1760 est
2386 1705 2708 1773 necessitas,
2755 1707 2877 1774 quia
2926 1706 3027 1760 nisi
3074 1707 3182 1761 sint
3231 1705 3348 1760 lucc
3385 1713 3512 1758 ante

1913 1800 2235 1868 praecognita
2257 1840 2272 1865 ,
2305 1797 2392 1854 illa
2423 1798 2490 1853 ad
2518 1813 2639 1869 quas
2669 1799 2769 1853 ista
2801 1808 3203 1869 praeparantur,
3238 1812 3344 1851 non
3384 1812 3513 1867 pos‘
3556 1874 3559 1879 Α

1835 1882 1887 1946 Β
1911 1901 2036 1945 Sunt
2051 1892 2300 1961 cognosci
2322 1906 2441 1962 quae
2459 1891 2711 1946 dicuntur
2728 1890 3165 1961 prtedicamenta.
3188 1889 3319 1944 Nam
3338 1904 3513 1959 neque

1914 1991 2107 2053 praeter
2129 1984 2489 2055 cognitionem
2521 1985 2736 2055 generis
2764 1994 2820 2039 et
2863 1984 3063 2053 speciei
3094 1982 3514 2052 prtedicamenta

1911 2076 2208 2135 discuntur.
2240 2077 2349 2133 Nec
2385 2076 2634 2132 difﬁnitio
2682 2092 2853 2147 genus
2897 2075 3153 2146 relinquit
3179 2086 3232 2130 et
3263 2075 3514 2130 differen-

1912 2150 2062 2234 tiam,
2090 2177 2146 2223 et
2176 2167 2231 2222 iit
2260 2169 2470 2224 caeteris
2501 2183 2660 2239 quam
2694 2168 2765 2222 sit
2789 2167 2934 2225 utilis
2975 2167 3076 2220 iste
3106 2174 3362 2221 tractatus
3388 2180 3512 2222 cum
3550 2160 3553 2161 ⁷

1910 2260 1979 2327 de
2003 2260 2268 2315 divisione
2294 2270 2348 2315 et
2377 2261 2842 2315 demonstratione
2893 2258 3252 2328 disputabitur
3285 2270 3514 2327 apparo.

1913 2353 2008 2408 bit.
2055 2354 2162 2408 Sed
2209 2368 2512 2424 quanquam
2557 2368 2781 2409 necesse
2832 2353 2936 2407 erit
2990 2355 3104 2406 haec
3160 2354 3396 2421 quinque
3443 2351 3513 2406 de

1911 2446 2106 2517 quibus
2157 2447 2245 2502 hic
2292 2447 2674 2516 disputandum
2724 2456 2805 2501 est
2855 2446 3003 2515 prius
3042 2445 3107 2499 ad
3149 2438 3514 2514 cognitionem

1912 2539 2095 2593 venire
2136 2554 2296 2607 quant
2325 2553 2387 2592 ea
2418 2539 2610 2608 quibus
2641 2538 2726 2590 illa
2761 2543 3159 2606 praeparantur,
3194 2550 3300 2589 non
3330 2543 3513 2590 tamen

1911 2647 1973 2686 ea
2020 2631 2414 2701 signiﬁcatione
2457 2631 2547 2686 hic
2582 2647 2611 2685 a
2653 2629 2953 2701 Porpliyrio
3002 2630 3233 2696 positum
3277 2636 3380 2693 est,
3407 2643 3514 2698 qua

1912 2725 2289 2779 necessitatem
2321 2722 2628 2792 signiﬁcare
2657 2723 2841 2784 vellet,
2878 2737 2939 2774 ac
2971 2737 3077 2774 non
3109 2721 3285 2789 potius
3314 2720 3515 2773 utilita-
3579 2722 3582 2727 ‘

1914 2823 2046 2880 tem,
2091 2817 2201 2884 ipsa
2252 2814 2395 2868 enim
2442 2814 2613 2867 oratio
2668 2822 3059 2881 contextusque
3104 2825 3412 2864 sermonum
3457 2808 3513 2866 id

1912 2905 2209 2959 clarissima
2249 2904 2619 2974 intelligentite
2646 2905 2858 2958 ratione
2891 2902 3175 2972 signiﬁcat.
3220 2902 3329 2956 Nec
3365 2905 3512 2957 enim

1912 3000 2192 3067 quisquam
2222 3000 2290 3051 ita
2325 2998 2494 3051 utitur
2522 2998 2757 3063 ratione,
2788 3005 2846 3050 ttt
2874 2996 3104 3063 aliquam
3134 2997 3513 3052 necessitatem

1914 3074 2103 3143 referri
2136 3090 2275 3143 dicat
2301 3089 2366 3142 ad
2395 3089 2559 3143 aliud.
2592 3089 2895 3143 Necessitas
2924 3087 3066 3142 enim
3097 3104 3189 3153 per
3215 3102 3273 3142 se
3293 3088 3511 3157 quidem

1916 3191 2032 3245 est;
2059 3182 2263 3237 utilitas
2288 3199 2417 3238 vero
2444 3198 2660 3251 semper
2704 3183 2769 3236 ad
2813 3183 2862 3235 id
2907 3181 3047 3252 quod
3078 3182 3208 3236 utile
3237 3192 3319 3237 est
3346 3183 3515 3239 refer—

204 3288 384 3331 tamen
432 3279 573 3331 illam
621 3279 865 3347 proxime
904 3276 1187 3330 utilitatem
1239 3274 1453 3327 videtur
1484 3271 1702 3337 habere,
1737 3270 1806 3325 ad
1832 3262 1879 3325 C
1915 3284 2022 3341 tur,
2053 3287 2110 3331 ut
2151 3277 2236 3331 ltic
2267 3292 2502 3347 quoque.
2539 3278 2622 3330 Ait
2652 3276 2795 3330 enim
2821 3293 2835 3327 ε
2861 3274 2992 3328 Cum
3024 3276 3098 3328 sit
3125 3277 3509 3341 necessarium,

205 3368 351 3438 quod
383 3370 501 3437 ejus
528 3368 762 3423 refertur
783 3368 1034 3431 intentio,
1071 3369 1187 3435 ipso
1208 3366 1345 3421 libro
1376 3379 1532 3434 quem
1565 3362 1804 3431 sumpsi-

210 3477 331 3515 mus
360 3470 697 3529 expouente;
732 3476 853 3514 cum
896 3456 1014 3527 ejus
1045 3459 1268 3511 intentio
1318 3457 1381 3508 sit
1434 3454 1497 3507 ad
1546 3454 1806 3523 przedica-

206 3565 384 3610 menta
420 3556 752 3610 intellectum
799 3554 1004 3607 facilem
1045 3549 1415 3621 comparandi,
1444 3564 1547 3601 non
1585 3546 1807 3601 dubium

208 3655 295 3699 est
322 3647 445 3717 quin
476 3649 594 3701 iure
640 3647 756 3710 ejus
807 3644 1114 3713 principalis
1147 3643 1402 3711 probetur
1433 3641 1653 3699 uli'itas.
1685 3638 1811 3691 licet

215 3754 321 3792 non
370 3740 606 3793 minores
654 3739 763 3791 sint
804 3737 1029 3790 comites
1077 3735 1347 3797 diffinitio,
1380 3732 1573 3787 divisio
1612 3747 1676 3784 ac
1717 3730 1811 3784 de-

214 3831 549 3884 monstratio.
625 3829 868 3897 Quorum
920 3827 1073 3881 nobis
1117 3826 1361 3894 quaedam
1416 3825 1501 3876 ltic
1552 3822 1810 3890 principia

205 3931 587 3990 suggeruntur,
622 3936 816 3976 sensus
867 3936 995 3973 vero
1041 3919 1347 3988 hujusmodi
1397 3927 1475 3970 est
1506 3915 1674 3972 :Cum
1704 3915 1806 3981 sit,

206 4012 403 4081 inquit,
453 4014 597 4066 utilis
640 4012 886 4082 generis,
921 4011 1143 4078 speciei,
1193 4008 1529 4074 diﬂ'erentize,
1578 4007 1806 4077 proprii,

201 4104 610 4172 accidentlsquc
644 4104 878 4171 cognitio
914 4101 978 4155 ad
1038 4100 1451 4171 prrediramenta
1506 4097 1811 4153 Aristotelis

202 4196 439 4265 ejusque
462 4194 776 4259 doctrinam,
798 4194 861 4249 ad
894 4193 1277 4247 diiﬁnit‘onum
1308 4191 1468 4245 etiam
1493 4188 1813 4258 assignatio-

202 4301 359 4349 nem,
393 4284 460 4339 ad
488 4284 807 4338 divisionem
841 4296 895 4338 et
926 4284 990 4336 ad
1017 4280 1554 4341 demonstrationem,
1588 4280 1709 4349 quia
1741 4279 1814 4333 sit

204 4379 401 4433 harum
444 4392 624 4433 rerum
665 4377 809 4432 utilis
853 4375 1234 4443 uberrimaque
1272 4370 1528 4437 cognitio,
1556 4384 1814 4438 compen-

204 4473 442 4538 diosam,
475 4472 667 4541 inquit,
704 4471 1045 4524 traditionem
1081 4469 1303 4531 faciens,
1335 4480 1398 4520 ea
1430 4479 1549 4534 quae
1578 4464 1645 4517 ab
1673 4463 1814 4517 anti-

205 4566 329 4635 quis
377 4564 523 4631 large
574 4579 638 4618 ac
682 4561 878 4617 diﬁ‘use
936 4562 1077 4615 dicta
1132 4567 1258 4613 sunt
1307 4559 1525 4611 tentabo
1580 4555 1814 4611 breviter

1912 3359 2228 3438 Clirysaori,
2247 3377 2301 3422 et
2328 3367 2393 3421 ad
2419 3383 2534 3421 eam
2564 3384 2682 3439 qua:
2710 3376 2795 3422 est
2824 3366 2963 3435 apud
3000 3367 3343 3422 Aristotelem
3378 3384 3514 3435 pra:-

1914 3462 2339 3531 dicamentorum
2386 3460 2708 3514 doctrinam.
2743 3460 2798 3513 Si
2833 3458 2919 3512 hic
2959 3459 3122 3527 igitur
3148 3461 3515 3517 necessarium

1915 3554 2275 3623 intelligamus
2303 3552 2456 3619 utile,
2488 3562 2541 3607 et
2584 3554 2634 3606 id
2685 3553 2901 3607 nomine
2959 3557 3075 3625 ipso
3125 3562 3391 3606 vertamus
3432 3553 3516 3608 di-

1913 3655 2100 3701 centes
2126 3663 2138 3698 :
2165 3642 2299 3699 Cum
2331 3647 2401 3699 sit
2432 3646 2587 3708 utile,
2609 3644 2919 3717 Chrysaori,
2952 3661 2999 3698 et
3032 3647 3097 3700 ad
3123 3662 3241 3700 eam
3286 3661 3404 3715 qua:
3432 3653 3516 3702 e92

1915 3738 2054 3809 apud
2077 3738 2423 3793 Aristotelem
2447 3739 2984 3809 prtedicamentorum
3009 3740 3330 3805 doctrinam,
3352 3755 3515 3795 nosse

1918 3832 2043 3901 quid
2075 3832 2144 3885 sit
2170 3846 2339 3901 genus
2368 3840 2423 3884 et
2450 3840 2667 3896 caetera,
2698 3841 2858 3885 tectae
2905 3831 3271 3901 intelligentia:
3309 3846 3516 3886 sermo~

1920 3939 2046 3978 num
2086 3925 2220 3978 ordo
2262 3923 2549 3988 convenit;
2578 3924 2661 3976 sin
2698 3937 2827 3977 vero
2856 3923 2907 3977 id
2937 3926 3001 3977 ad
3036 3938 3256 3977 necesse
3296 3939 3514 3993 permit-

1919 4026 2085 4086 tetur,
2117 4026 2174 4071 ut
2217 4015 2485 4080 dicamus,
2516 4014 2648 4070 Cum
2676 4015 2746 4069 sit
2775 4016 3137 4069 necessarium
3157 4058 3171 4080 ,
3200 4012 3515 4086 Chrysaori,

1921 4118 1974 4164 et
1998 4108 2065 4162 ad
2092 4123 2208 4162 eam
2237 4121 2357 4176 qua:
2382 4116 2467 4162 est
2496 4106 2636 4177 apud
2682 4107 3024 4162 Aristotelem
3071 4106 3517 4174 przedicameuto-

1916 4215 2035 4255 rum
2057 4199 2357 4256 doctrinam
2388 4214 2548 4255 nosse
2571 4199 2695 4269 quid
2717 4215 2887 4270 genus
2908 4200 2999 4266 sit,
3026 4210 3077 4255 et
3103 4211 3320 4261 cietera.
3346 4209 3511 4255 rectas

1919 4290 2287 4360 intelligentiae
2315 4303 2626 4344 sermonum
2652 4289 2787 4345 ordo
2814 4305 2919 4344 non
2947 4291 3216 4346 convenit.
3251 4290 3515 4358 Quocirca

1920 4382 2007 4437 hic
2045 4381 2245 4437 diutius
2278 4380 2685 4437 immorandum
2727 4397 2836 4436 non
2875 4389 2977 4436 eSt.
3021 4382 3333 4452 Quanquam
3368 4382 3512 4435 enim

1923 4474 1991 4529 sit
2018 4487 2225 4529 summa
2271 4473 2567 4529 necessitas
2609 4472 2694 4527 his
2737 4472 2995 4543 ignoratis
3039 4489 3146 4531 non
3178 4488 3336 4545 posse
3362 4474 3516 4528 adea

1919 4564 2139 4637 adqute
2179 4564 2266 4619 hic
2296 4573 2556 4639 tractatus
2600 4564 2831 4619 intendit
2877 4567 3170 4635 perveniri,
3200 4581 3305 4621 non
3335 4577 3519 4628 tamen

208 4659 441 4727 aperire.
477 4657 659 4725 Neque
691 4655 835 4710 enim
882 4662 1028 4708 esset
1056 4651 1461 4720 compendiosa,
1506 4649 1605 4703 nisi
1640 4658 1809 4703 totum
1834 4643 1890 4706 D
1916 4657 2003 4712 hic
2031 4656 2099 4711 de
2126 4658 2447 4714 necessitate
2490 4659 2691 4713 dictum
2734 4668 2838 4725 est,
2871 4662 3266 4726 necessarium,
3294 4662 3386 4715 sed
3417 4678 3514 4729 po-

211 4763 346 4820 opus
378 4747 637 4803 brevitate
682 4748 1095 4815 constringeret.
1151 4745 1218 4798 Et
1260 4742 1517 4829 quoniam
1558 4742 1807 4796 introdu-

208 4844 441 4895 ctionem
467 4839 760 4907 scribebat,
785 4838 1029 4900 altiores,
1055 4837 1248 4905 inquit,
1268 4835 1596 4904 quaestiones
1619 4842 1812 4900 sponte

207 4939 493 5005 refugiam,
526 4936 887 5004 simpliciores
928 4949 1059 4988 vero
1090 4931 1434 4988 mediocriter
1472 4928 1807 4998 conjectabo,

213 5032 268 5085 id
298 5043 369 5086 est
404 5033 796 5101 sitnpliciorum
824 5029 1182 5098 quaestionum
1212 5024 1592 5080 obscuritatem
1629 5021 1812 5078 habita

208 5122 265 5177 in
307 5122 385 5177 eis
426 5124 657 5192 quadam
719 5124 1050 5191 conjectura:
1094 5116 1502 5173 ratiocinatione
1548 5115 1811 5169 tractabo.

203 5223 344 5278 Tota
392 5224 608 5294 quidem
661 5223 929 5277 sententia
984 5218 1359 5290 hujuscemodi
1414 5216 1660 5286 prooemii
1693 5216 1815 5271 talis

202 5324 314 5380 est,
340 5330 458 5385 qua:
484 5326 536 5368 et
570 5314 804 5368 utilitate
829 5311 1100 5369 uberrima
1132 5319 1188 5367 et
1218 5310 1473 5364 facilitate
1507 5306 1815 5375 incipientis

204 5406 394 5475 animo
438 5404 763 5461 blandiatur.
799 5404 906 5462 Sed
939 5401 1228 5458 dicendum
1272 5411 1352 5457 est
1387 5402 1642 5471 quidnam
1676 5401 1819 5456 celet

207 5499 446 5569 amplius
475 5498 703 5552 altitudo
746 5512 1080 5552 sermonum.
1134 5493 1504 5549 Necessarium
1539 5492 1590 5545 in
1625 5491 1815 5546 Latino

206 5603 488 5656 sermone,
518 5591 658 5643 sicut
688 5589 747 5643 in
776 5588 966 5644 Grieco
996 5590 1286 5659 ἀναγκαῖον,
1337 5586 1486 5652 plura
1531 5583 1815 5651 signiﬁcat.

216 5682 437 5736 Diversa
470 5683 613 5739 enim
642 5683 1036 5754 signiﬁcatione
1082 5680 1291 5735 Marcus
1321 5677 1527 5731 Tullius
1569 5677 1694 5730 dicit
1726 5693 1821 5731 ne-

209 5775 510 5829 cessarium
554 5789 708 5829 suum
755 5789 875 5834 esse
917 5774 1148 5843 aliquem
1190 5780 1348 5840 atque
1391 5778 1651 5822 nostrum.
1687 5767 1817 5822 Item

206 5868 583 5921 mcessarium
609 5866 860 5935 dicimus,
892 5874 952 5921 ut
970 5880 1091 5923 cum
1120 5861 1483 5920 necessarium
1510 5876 1633 5916 esse
1665 5860 1821 5916 nobis

1919 4750 2025 4804 tius
2056 4749 2124 4804 de
2152 4749 2400 4804 utilitate.
2446 4748 2598 4804 Nunc
2625 4766 2756 4805 vero
2795 4752 2919 4806 licet
2952 4752 3093 4805 idem
3140 4754 3387 4822 superius
3429 4754 3515 4809 di-

1918 4851 2063 4898 ctum
2092 4844 2182 4908 sit,
2207 4853 2385 4897 tamen
2408 4843 2646 4899 breviter
2668 4845 2793 4915 quid
2816 4843 2880 4899 ad
2915 4844 3325 4913 przedicamenta
3354 4862 3520 4915 gene-

1919 4935 2023 5004 ris,
2074 4935 2305 5005 speciei,
2358 4935 2710 5001 diﬁ‘erentiae,
2755 4937 2954 5007 proprii
3006 4947 3168 5006 atque
3223 4938 3519 4994 accidentis

1921 5028 2090 5097 prosit
2118 5029 2352 5098 cognitio
2377 5028 2731 5099 disputemus.
2767 5030 3087 5085 Aristoteles
3129 5031 3270 5085 enim
3300 5033 3351 5084 in
3382 5047 3519 5099 pra:-

1920 5119 2241 5177 dicamentis
2270 5120 2457 5177 decem
2505 5136 2702 5192 genera
2748 5123 3025 5176 constituit
3064 5139 3243 5179 rerum
3288 5139 3408 5192 quae
3447 5124 3519 5178 de

1919 5213 2128 5267 cunctis
2156 5212 2273 5268 aliis
2301 5214 2747 5282 prtedicarentur,
2778 5225 2834 5269 ttt
2861 5216 3116 5285 quidquid
3148 5218 3212 5270 ad
3247 5215 3515 5286 significa-

1920 5305 2120 5361 tionem
2148 5306 2337 5361 venire
2367 5317 2571 5374 posset,
2602 5306 2656 5361 id
2684 5308 2728 5362 si
2763 5308 3025 5378 integram
3068 5310 3513 5379 signiﬁcationem

1920 5405 2152 5465 teneret,
2184 5397 2405 5453 cuilibet
2445 5414 2630 5453 eorum
2678 5400 3038 5467 subjiceretur
3068 5401 3247 5469 generi
3288 5401 3356 5455 de
3395 5400 3518 5467 qni-

1921 5490 2022 5546 bus
2068 5492 2389 5546 Aristoteles
2436 5500 2630 5545 tractat
2684 5493 2735 5544 in
2786 5507 2851 5545 eo
2894 5492 3030 5543 libro
3086 5493 3173 5561 qui
3216 5491 3283 5543 de
3327 5491 3515 5546 decem

1924 5582 2360 5650 prmdicamentis
2388 5582 2715 5637 inscribitur.
2767 5583 2875 5636 Hoc
2910 5584 3079 5648 ipsum
3114 5584 3299 5636 referri
3328 5583 3392 5637 ad
3421 5583 3519 5638 ali-

1924 5674 2050 5741 quid
2084 5672 2228 5727 velut
2266 5672 2330 5725 ad
2373 5686 2542 5741 genus
2577 5674 2681 5726 tale
2728 5683 2806 5726 est
2846 5672 3003 5740 quale
3043 5674 3085 5724 si
3138 5673 3255 5739 quis
3284 5674 3518 5739 speciem

1926 5779 2188 5839 supponat
2217 5768 2423 5838 generi.
2451 5767 2561 5821 Hoc
2585 5784 2712 5821 vero
2742 5782 2912 5836 neque
2945 5777 3137 5834 pneter
3157 5769 3521 5834 cognitionem

1928 5861 2126 5930 speciei
2157 5862 2267 5914 ullo
2295 5860 2456 5913 modo
2492 5860 2604 5912 ﬁeri
2636 5868 2832 5927 potest,
2863 5874 2962 5911 nec
2991 5875 3118 5914 vero
3159 5862 3288 5929 ipsa;
3316 5862 3523 5931 species
