4106 6336
40 198 53 423 1

545 364 617 426 79
1118 334 1134 355 ³
1519 354 1549 405 ς’
1794 363 1903 421 AN.
1948 358 2160 422 MANL.

2268 362 2363 419 ιν.
2408 360 2631 418 ΒΟΕΤΙΙ

3794 358 3876 421 80

542 483 674 555 quid
698 481 829 550 sint,
854 440 939 541 vel
978 482 1132 555 cujus
1159 481 1332 553 magis
1359 480 1468 537 sint
1498 493 1786 552 possumus
1813 496 2146 552 agnoscere,
2178 483 2234 544 Α
2261 480 2463 535 dictum
2488 480 2595 549 est)
2623 477 2765 533 hanc
2793 477 3189 549 expositionem
3220 481 3409 533 nostro
3436 489 3746 561 reservasse
3771 480 3869 550 ju-

545 575 650 634 uisi
697 591 886 634 eorum
931 576 1248 633 differentiae
1286 583 1701 646 cognoscantur.
1734 574 1842 631 Sed
1890 574 2149 631 differen-

546 671 745 728 tiarum
788 678 977 726 natura
1011 671 1305 741 incognita,
1327 686 1449 741 qua:
1487 670 1911 740 uniuscujusque
1945 668 2146 737 speciei

544 763 657 819 sint
685 761 1026 828 differentia,
1060 765 1237 820 modis
1286 763 1537 819 omnibus
1564 763 1919 834 ignorabitur.
1968 760 2148 829 Quare

544 857 825 913 sciendum
873 868 957 913 est
1001 858 1257 929 quoniam
1300 858 1345 913 si
1384 856 1453 913 de
1491 857 1781 927 generibus
1822 856 2149 912 Aristoteles
2208 868 2211 869 '

547 956 744 1004 tractat
771 951 825 1004 in
854 949 1307 1019 prmdicamentis,
1340 962 1396 1006 et
1422 964 1683 1018 generum
1728 958 1920 1004 natura
1946 962 2151 1019 eogno-
2204 952 2207 953 ⁷

543 1041 746 1099 scenda
774 1055 876 1109 est,
905 1043 1059 1114 cujus
1090 1044 1446 1115 cogniﬁonem
1487 1043 1689 1115 speciei
1718 1056 1934 1114 quoque
1974 1042 2149 1097 comi-

544 1141 690 1190 tatur
720 1136 943 1205 agnitio.
987 1135 1097 1192 Sed
1126 1135 1231 1192 hoc
1265 1137 1505 1207 cognito,
1559 1136 1686 1207 quid
1726 1134 1797 1190 sit
1844 1132 2150 1189 differentia

544 1241 657 1284 non
684 1237 862 1298 potest
889 1230 1149 1300 ignorari,
1175 1246 1484 1302 quanquam
1515 1230 1571 1287 in
1599 1229 1794 1287 eodem
1823 1229 1963 1284 libro
1995 1228 2149 1297 plura

544 1330 675 1377 sunt
716 1321 783 1377 ad
831 1338 953 1393 qua:
998 1323 1102 1378 nisi
1144 1322 1432 1379 maximam
1466 1323 1712 1392 peritiam
1744 1330 1800 1377 et
1829 1322 2063 1392 generis,
2097 1328 2156 1376 et

545 1416 770 1487 speciei,
799 1426 854 1471 et
881 1416 1196 1473 differentiae
1225 1418 1399 1473 lector
1423 1416 1685 1482 attulerit,
1720 1415 1901 1471 nullus
1931 1414 2155 1469 omnino

547 1510 852 1567 intellectus
878 1520 1077 1581 pateat,
1100 1520 1158 1565 ut
1186 1525 1308 1565 cum
1352 1510 1468 1579 ipse
1499 1509 1824 1565 Aristoteles
1853 1507 1998 1562 dicat
2023 1526 2037 1562 :
2063 1507 2154 1561 Dio

546 1619 826 1660 versorum
856 1619 1115 1676 generum
1144 1612 1198 1659 et
1244 1618 1350 1658 non
1390 1602 1801 1658 subalternatim
1850 1599 2152 1671 positorum

547 1697 776 1753 diversa:
823 1699 1118 1753 secundum
1164 1712 1225 1753 se
1279 1697 1489 1767 species
1531 1705 1585 1751 et
1634 1695 1953 1750 differentia:
2003 1701 2153 1759 sunt,

547 1791 688 1862 quod
715 1790 799 1845 his
826 1790 1088 1859 ignoratis
1118 1788 1343 1857 intelligi
1375 1788 1703 1859 impossibile
1733 1794 1815 1841 est
1841 1802 1856 1852 ;
1886 1784 1979 1839 sed
2011 1783 2157 1839 idem

2260 575 2433 642 dicio,
2477 583 2537 628 ut
2586 573 2654 628 ad
2703 572 3117 643 intelligentiam
3174 573 3478 645 simplicem
3530 573 3690 645 bujus
3742 575 3872 631 libri

2261 669 2432 726 editio
2476 668 2647 738 prima
2695 666 2961 734 sufficiat;
2991 666 3060 723 ad
3104 668 3418 723 interiorem
3463 683 3595 724 vero
3622 670 3845 739 specula

2212 817 2216 822 .
2262 763 2486 832 tionem,
2512 762 2848 818 confirmatis
2871 763 2981 832 jam
3012 777 3152 832 pene
3171 762 3420 826 scientia,
3441 776 3542 818 nec
3565 763 3617 819 in
3646 764 3875 834 singulis

2259 859 2537 914 vocabulis
2585 874 2770 915 rerum
2821 858 3186 923 haerentibus,
3233 857 3350 914 hac
3397 859 3665 929 posterior
3705 858 3876 915 editio

2260 954 2576 1011 collocatur.
2625 952 2706 1009 Ad
2758 953 3080 1008 divisionem
3130 967 3260 1009 vero
3309 952 3609 1008 faciendam
3642 962 3750 1007 tam
3784 953 3876 1009 hic

2259 1048 2400 1105 liber
2420 1058 2501 1104 est
2530 1047 2697 1115 utilis,
2733 1056 2790 1102 ut
2819 1055 3017 1117 praeter
3046 1061 3232 1101 earum
3259 1046 3541 1102 scientiam
3572 1060 3777 1111 rerum,
3800 1044 3874 1102 de

2260 1141 2456 1211 quibus
2483 1140 2534 1197 in
2569 1140 2668 1194 hac
2703 1138 2828 1194 libri
2862 1139 3007 1195 serie
3036 1138 3368 1209 disputatur,
3402 1151 3531 1192 casu
3563 1135 3657 1191 fiat
3690 1137 3877 1208 potius

2260 1249 2421 1305 quant
2452 1234 2661 1289 ratione
2708 1232 2949 1303 partitio.
3000 1231 3117 1287 Hoc
3161 1240 3343 1287 autem
3390 1230 3735 1285 manifestum
3766 1230 3878 1286 erit

2260 1327 2307 1382 si
2329 1327 2648 1381 divisionem
2678 1327 2847 1397 ipsam
2873 1325 3199 1391 dividamus,
3225 1323 3276 1380 id
3298 1331 3382 1379 est
3403 1324 3448 1379 si
3474 1339 3669 1379 nomen
3695 1322 3875 1393 ipsum

2262 1419 2543 1474 divisionis
2575 1420 2627 1475 in
2668 1435 2731 1476 ea
2761 1435 2883 1491 qua:
2913 1418 3186 1489 signillcat
3219 1417 3541 1489 partiamur.
3594 1415 3689 1471 Est
3716 1430 3878 1470 nam-

2262 1528 2370 1583 que
2411 1512 2606 1567 divisio
2650 1519 2865 1582 generis
2900 1512 2952 1567 in
2985 1512 3220 1580 species,
3250 1519 3311 1566 ut
3342 1524 3465 1566 cum
3503 1509 3755 1578 dicimus,
3781 1525 3877 1566 co-

2261 1604 2393 1659 loris
2423 1606 2567 1659 aliud
2609 1615 2693 1661 est
2736 1606 2943 1673 album,
2971 1603 3119 1660 aliud
3159 1606 3394 1675 nigrum,
3424 1601 3569 1659 aliud
3600 1618 3731 1659 vero
3760 1618 3877 1659 me-

2263 1698 2434 1753 dium.
2462 1700 2664 1753 Rursus
2689 1698 2883 1754 divisio
2909 1710 2994 1754 est
3015 1699 3229 1768 quoties
3256 1712 3364 1753 vox
3388 1697 3542 1768 plura
3566 1696 3880 1769 significans

2264 1794 2597 1859 aperitur,et
2630 1809 2789 1862 quam
2824 1792 2994 1847 multa
3028 1792 3137 1847 sint
3158 1807 3278 1862 qua:
3308 1790 3375 1846 ab
3403 1806 3468 1847 ea
3499 1806 3631 1847 voce
3657 1792 3878 1863 signan-

548 1882 867 1942 Aristoteles
921 1883 1200 1955 proprium
1259 1881 1683 1953 uniuscujusque
1741 1878 2153 1951 prmdicamenli
2185 1880 2236 1942 B
2262 1893 2351 1940 tur
2380 1886 2703 1952 ostenditur,
2730 1896 2789 1941 ut
2817 1886 2862 1941 si
2907 1886 3029 1956 quis
3069 1885 3253 1941 dicat:
3295 1900 3493 1940 nomen
3533 1885 3683 1939 canis
3723 1885 3878 1955 plura

549 1978 960 2049 diligentissima
994 1976 1343 2048 inquisitione
1376 1976 1626 2047 vestigat,
1655 1986 1711 2029 ut
1747 1990 1870 2028 cum
1902 1973 2158 2030 substan-
2190 1994 2191 1997 η

549 2071 639 2124 tia:
668 2070 944 2140 prOprium
992 2079 1114 2141 post
1161 2071 1328 2124 multa
1372 2067 1505 2123 dicit
1560 2082 1681 2123 esse
1710 2067 1855 2138 quod
1887 2067 2028 2122 idem
2059 2082 2160 2129 nu-
2191 2074 2199 2087 ’

549 2164 702 2219 ru'ero
730 2164 1122 2220 contrariorum
1153 2160 1502 2228 susceptibile
1529 2160 1623 2227 sit,
1653 2160 1740 2215 vel
1773 2174 1963 2215 rursus
1990 2174 2162 2230 quan-
2190 2162 2217 2178 "

551 2248 719 2310 titatis
778 2254 921 2326 quod
990 2254 1046 2311 in
1097 2270 1160 2311 ca
1219 2254 1335 2311 sola
1398 2268 1612 2320 equum
1673 2262 1835 2322 atque
1894 2250 2195 2319 inaequale

550 2348 782 2415 dicatur,
824 2347 1099 2418 qualitatis
1128 2346 1290 2402 etiam
1329 2346 1474 2418 quod
1515 2360 1613 2417 per
1652 2359 1771 2400 eam
1804 2344 1979 2399 simile
2009 2341 2160 2397 aliud

552 2439 673 2495 aliis
707 2452 797 2495 aut
829 2439 1091 2495 dissimile
1121 2438 1510 2510 proponimus;
1539 2447 1596 2492 et
1622 2437 1673 2492 in
1704 2440 1917 2495 eazteris
1965 2436 2159 2492 eodem

553 2518 738 2599 modo,
760 2542 817 2588 ut
847 2550 965 2602 qua:
986 2534 1052 2590 sit
1075 2534 1336 2589 contrarii
1366 2533 1689 2604 proprietas,
1708 2548 1829 2603 qua:
1861 2531 2156 2587 secundum

556 2626 873 2682 relationem
904 2627 1285 2698 Oppositionis,
1317 2642 1439 2698 qua:
1483 2626 1802 2697 privationis
1831 2636 1885 2681 et
1916 2624 2156 2693 habitus,

553 2732 673 2786 autc
697 2720 1075 2776 affirmationis
1106 2729 1161 2776 et
1190 2718 1515 2793 negationis,
1543 2719 1598 2774 in
1627 2719 1823 2789 quibus
1856 2719 1929 2773 ita
1962 2728 2162 2775 tractat

554 2819 809 2881 tanquam
837 2813 947 2883 jam
983 2814 1168 2884 peritis
1214 2813 1619 2884 scientibusque
1663 2829 1783 2884 qua:
1810 2813 1882 2867 sit
1910 2815 2158 2884 preprie-

554 2909 682 2961 tatis
712 2918 924 2976 natura,
949 2926 1110 2979 quam
1137 2910 1181 2963 si
1211 2910 1335 2979 quis
1364 2910 1598 2980 ignorat,
1624 2909 1820 2964 frustra
1849 2924 1911 2963 ea
1943 2925 2062 2979 qum
2091 2908 2161 2968 de
2188 2912 2191 2915 ⁷

555 2990 643 3055 liis
672 3002 1019 3073 disputantur
1060 3004 1388 3076 aggreditur.
1419 3006 1539 3061 Jam
1589 3020 1717 3061 vero
1763 3004 1896 3059 illud
1928 3006 2160 3062 manife-

556 3102 699 3149 stum
723 3105 824 3161 est,
849 3096 992 3165 quod
1016 3096 1267 3153 accidens
1289 3099 1589 3152 maximum
1616 3096 2161 3165 prmdieamentorum

558 3191 799 3265 obtineat
825 3193 1024 3257 locum,
1060 3194 1203 3264 quod
1234 3196 1453 3266 proprio
1485 3195 1705 3251 nomine
1736 3210 1929 3250 novem
1964 3188 2183 3265 prtedi?

558 3297 805 3337 cantenta
858 3287 1189 3354 circumdat,
1241 3298 1296 3343 et
1342 3288 1410 3343 ad
1458 3289 1879 3360 praedicamenla
1937 3256 2235 3359 quidemc

558 3389 757 3445 quanta
786 3376 859 3431 sit
885 3377 1042 3447 hujus
1073 3378 1193 3433 libri
1224 3380 1426 3436 utilitas
1454 3396 1523 3437 ex
1552 3380 1637 3437 his
1677 3382 2025 3439 manifestum
2052 3393 2158 3442 est.

558 3460 709 3539 Quod
747 3489 872 3528 vero
902 3476 998 3539 ait,
1031 3484 1087 3531 et
1115 3476 1183 3531 ad
1212 3475 1634 3548 assignationem
1665 3478 2047 3534 diffinitionum
2078 3479 2161 3534 fa-

556 3564 664 3618 cile
704 3567 956 3635 cognosci
1005 3578 1200 3637 potest,
1244 3568 1289 3624 si
1337 3571 1487 3639 prius
1540 3572 1858 3626 substantia:
1890 3574 2162 3631 rationum

558 3660 755 3713 divi~io
788 3663 875 3713 liat
902 3680 912 3710 :
939 3662 1256 3716 substantia:
1290 3665 1449 3725 ratio,
1481 3664 1586 3719 alia
1614 3665 1833 3737 quidem
1866 3666 1920 3720 in
1951 3648 2185 3723 descri-v

562 3754 743 3822 ptiono
775 3755 1009 3824 ponitur,
1044 3755 1145 3809 alia
1178 3771 1308 3811 vero
1335 3757 1387 3811 in
1428 3757 1782 3825 diiiinitione;
1812 3760 1907 3815 sed
1951 3775 2015 3817 ea
2045 3776 2166 3832 quas

560 3848 725 3899 estin
780 3846 1144 3915 descriptione
1186 3832 1573 3918 proprietatem
1618 3853 1907 3917 quamdam
1958 3854 2168 3925 colligit

561 3941 684 4007 ejus
721 3940 800 3995 rei
835 3940 988 4011 cujus
1033 3942 1351 3997 substantiae
1396 3944 1663 4000 rationem
1705 3946 1913 4015 prodit,
1951 3962 2016 4002 ac
2044 3927 2166 4002 'non

565 4031 726 4087 modo
755 4033 1081 4102 praprictate
1108 4034 1157 4088 id
1189 4035 1332 4103 quod
1362 4044 1628 4091 monstrat
1665 4037 1943 4103 informat,
1978 4054 2175 4095 verum

564 4131 727 4180 etiam
756 4127 868 4196 ipsa
896 4126 952 4180 fit
980 4129 1279 4197 proprium,
1307 4130 1449 4199 quod
1477 4133 1526 4183 in
1550 4129 1926 4186 difiinitionem
1953 4147 2168 4204 quoque

566 4218 755 4273 venire
785 4232 1007 4273 necesse
1034 4228 1136 4274 est.
1164 4220 1221 4275 Si
1249 4223 1372 4291 quis
1396 4222 1541 4275 enim
1564 4224 1880 4292 quantitatis
1904 4226 2167 4280 rationem

568 4311 799 4369 reddere
813 4313 964 4383 velit,
979 4322 1037 4367 ut
1066 4313 1408 4369 dicatlicebit
1433 4332 1449 4370 :
1479 4316 1751 4385 quantitas
1767 4326 1851 4370 est
1871 4317 2169 4373 secundum

569 4421 729 4478 quam
752 4406 960 4477 aequale
981 4416 1141 4476 atque
1163 4407 1426 4479 inaequale
1448 4408 1667 4465 dicitur.
1688 4410 1837 4463 Sicut
1860 4410 2024 4481 igitur
2045 4427 2171 4490 pro;

571 4500 854 4569 prietatem
885 4502 1272 4570 quantitatisin
1296 4502 1505 4556 ratione
1539 4504 1718 4569 posuit
1740 4503 2090 4571 quantitatis,
2118 4512 2173 4559 et

571 4594 686 4663 ipsa
703 4601 811 4648 tota
828 4594 965 4649 ratio
981 4594 1146 4663 ipsius
1168 4593 1489 4663 quantitatis
1516 4596 1735 4662 propria
1750 4604 1854 4657 est.
1875 4596 1946 4649 ita
1962 4595 2170 4651 deseri-

572 4658 686 4751 ptio
713 4696 768 4740 et
797 4658 1491 4755 proprietatem-colligit,et
1510 4658 1723 4755 propria
1747 4688 1807 4739 lit
1830 4688 1942 4756 ipsa
1969 4688 2173 4745 descri-
2200 4658 2253 4720 Β

574 4776 704 4846 ptio.
750 4776 997 4831 Definitio
1023 4791 1154 4830 vero
1182 4777 1295 4847 ipsa
1329 4777 1543 4846 quidem
1574 4780 1788 4846 propria
1813 4796 1918 4833 non
1944 4782 2169 4851 colligit,

576 4867 669 4922 sed
692 4883 805 4937 ipsa
826 4882 1040 4937 quoque
1058 4868 1112 4920 fit
1131 4868 1364 4935 propria.
1382 4866 1515 4922 Nam
1539 4870 1628 4937 qui
1652 4870 2006 4927 substantiam
2022 4889 2174 4928 mon-

574 4969 729 5021 strat,
753 4974 921 5028 genus
951 4958 1270 5013 differentiis
1294 4958 1489 5028 jungit,
1522 4968 1577 5014 et
1606 4975 1667 5016 ea
1697 4977 1819 5031 quae
1848 4979 1944 5032 per
1969 4980 2029 5019 se
2052 4976 2177 5019 sunt

576 5052 881 5105 communia
909 5062 1069 5120 atque
1114 5050 1405 5104 multorum
1458 5052 1709 5118 redigens
1752 5055 1802 5108 in
1846 5071 2032 5123 unum,
2087 5060 2173 5114 uni

576 5141 779 5211 speciei
826 5157 983 5210 quam
1023 5140 1220 5195 diffinit
1263 5142 1442 5196 reddit
1481 5145 1728 5212 requalia.
1782 5147 1855 5201 Ita
1905 5151 2062 5219 igitur
2106 5151 2174 5206 ad

578 5235 995 5302 descriptionem
1048 5234 1192 5286 utilis
1240 5243 1324 5288 est
1366 5238 1571 5304 proprii
1618 5240 1875 5309 cognitio,
1917 5245 2171 5313 quoniam

579 5327 695 5380 sola
728 5327 1030 5396 proprietas
1060 5325 1112 5378 in
1143 5325 1507 5396 descriptione
1552 5330 1843 5401 colligitur,
1874 5344 1928 5388 et
1972 5334 2085 5404 ipsa
2119 5337 2176 5389 fit

581 5423 797 5492 propria
830 5423 968 5475 sicut
997 5418 1246 5475 dil‘finitio
1274 5436 1484 5492 quoque
1509 5441 1521 5476 :
1548 5424 1615 5479 ad
1639 5424 2011 5482 dilfinitionem
2044 5443 2175 5482 vero

579 5535 751 5590 genus
796 5518 1011 5588 quidem
1060 5516 1288 5584 primum
1321 5522 1553 5587 ponitur,
1583 5532 1638 5576 et
1666 5524 1875 5591 species
1913 5523 1979 5577 ad
2012 5538 2173 5592 quam

580 5628 752 5686 genus
802 5612 933 5668 illud
978 5622 1212 5680 aptatur,
1260 5622 1314 5667 et
1357 5613 1692 5679 diﬂerenlim,
1736 5616 1931 5682 quibus
1974 5614 2178 5683 junctis

581 5724 705 5763 eum
731 5721 950 5778 genere,
977 5708 1184 5774 Species
1221 5705 1504 5765 diffinitur.
1537 5710 1644 5766 Sed
1672 5711 1716 5765 si
1748 5712 1830 5763 cui
1878 5708 1995 5763 haec
2021 5723 2176 5778 pres-

580 5800 731 5855 siora
758 5814 917 5870 quam
947 5798 1300 5868 expositionis
1344 5802 1535 5857 modus
1572 5802 1878 5872 expostulat
1918 5801 2179 5857 videbun»

584 5902 694 5962 tur,
715 5891 815 5949 hoc
840 5906 962 5947 eum
986 5890 1126 5948 scire
1147 5892 1420 5962 convenit,
1440 5907 1535 5949 nos
1559 5891 1642 5965 (ut
1661 5892 1717 5949 in
1747 5893 1915 5963 prima
1941 5891 2179 5948 editione

2269 1974 2557 2049 significat,
2607 1988 2662 2034 et
2706 1979 2847 2033 hunc
2893 1978 3199 2033 latrabilcm
3247 1976 3781 2048 quadrupedemque,
3821 1985 3880 2033 et

2269 2072 2499 2128 cccleSIc
2539 2072 2708 2139 sidus,
2738 2082 2792 2127 et
2821 2071 3085 2127 marinam
3119 2070 3367 2135 bestiam,
3398 2085 3518 2135 qum
3547 2072 3726 2125 omnia
3755 2084 3782 2123 a
3814 2082 3879 2127 se

2266 2166 2587 2222 diffiuitione
2618 2165 2886 2236 disjuncta
2935 2174 3087 2221 sunt.
3132 2164 3309 2219 Dividi
3355 2174 3534 2219 autem
3582 2162 3777 2217 dicitur
3819 2170 3880 2219 el

2264 2259 2477 2329 quoties
2505 2268 2674 2313 totum
2707 2262 2759 2313 in
2806 2269 2988 2331 partes
3036 2257 3289 2328 proprias
3328 2265 3636 2327 separatur,
3667 2266 3723 2308 ut
3749 2269 3876 2311 cum

2263 2354 2494 2410 dicimus
2520 2373 2533 2407 :
2562 2353 2753 2408 domus
2783 2354 2928 2408 aliud
2961 2362 3087 2407 sunt
3116 2350 3495 2418 fundamenta,
3527 2348 3674 2405 aliud
3700 2350 3877 2418 parie-

2266 2453 2370 2513 tes,
2405 2446 2547 2500 aliud
2579 2455 2798 2501 tectum.
2836 2447 2901 2500 Et
2930 2444 3048 2501 hate
3090 2444 3310 2515 quidem
3342 2442 3539 2515 triplex
3566 2442 3762 2497 divisio
3789 2457 3877 2498 se-

2264 2537 2499 2593 cundum
2532 2552 2591 2593 se
2620 2538 2836 2605 partitio
2869 2545 3235 2607 nuncupatur.
3272 2535 3368 2590 Est
3397 2545 3577 2590 autem
3608 2534 3711 2589 alia
3753 2550 3875 2605 qua

2264 2631 2563 2688 secundum
2593 2631 2844 2687 accidens
2872 2632 3094 2688 dicitur.
3124 2631 3198 2686 Ea
3230 2645 3450 2702 quoque
3482 2629 3539 2684 fit
3565 2630 3872 2700 tripliciter,

2264 2736 2359 2781 aut
2407 2740 2528 2779 cum
2574 2726 2824 2781 accidens
2874 2724 2929 2780 in
2982 2724 3228 2799 subjecta
3280 2722 3594 2790 dividimus,
3626 2706 3703 2777 ἰιι
3743 2737 3873 2794 cum

2266 2821 2411 2886 dico,
2441 2820 2706 2875 bonorum
2752 2819 2857 2873 alia
2887 2829 3015 2873 sunt
3060 2818 3114 2872 in
3143 2817 3345 2884 anima,
3372 2816 3475 2872 alia
3519 2816 3574 2872 in
3619 2831 3872 2887 corpore,

2266 2914 2367 2969 alia
2416 2913 2780 2979 extrinsecus,
2819 2923 2912 2966 aut
2955 2926 3075 2967 cum
3128 2910 3432 2981 subjectum
3479 2910 3533 2965 in
3571 2909 3872 2965 accidentia

2265 3008 2763 3077 distinguimus,ut:
2782 3022 3069 3076 corporum
3098 3006 3202 3060 alia
3225 3013 3351 3061 sunt
3380 3004 3524 3073 alba,
3556 3005 3659 3060 alia
3688 3006 3865 3076 nigra,

2268 3102 2371 3157 alia
2415 3102 2576 3156 medii
2624 3101 2981 3166 coloris;aut
3025 3114 3147 3154 eum
3189 3098 3441 3155 accidens
3480 3099 3533 3153 in
3572 3099 3873 3155 accidentia

2267 3210 2605 3266 separamus.
2640 3204 2699 3250 ut
2726 3210 2845 3249 cum
2877 3194 3110 3248 dicimus
3136 3192 3426 3262 :liquentia
3456 3192 3559 3247 alia
3586 3191 3732 3257 alba,
3764 3191 3873 3247 alia

2267 3287 2442 3357 nigra,
2467 3286 2567 3340 alia
2598 3286 2759 3340 medii
2787 3285 3005 3340 coloris.
3038 3285 3106 3339 Et
3138 3300 3328 3340 rursus
3352 3285 3598 3339 alborum
3621 3283 3726 3339 alia
3747 3291 3874 3339 sunt

2267 3379 2424 3443 dura,
2455 3378 2561 3433 alia
2595 3378 2877 3444 liquentia,
2907 3376 3157 3447 quaedam
3204 3376 3409 3432 mollia.
3446 3374 3577 3430 Cum
3609 3375 3771 3445 igitur
3798 3375 3872 3432 ita

2268 3471 2445 3525 omnis
2478 3472 2567 3524 nat
2591 3469 2785 3525 divisio
2808 3479 2900 3523 aut
2927 3468 3222 3524 secundum
3251 3483 3329 3533 se,
3355 3478 3446 3522 aut
3474 3484 3570 3538 per
3596 3467 3873 3534 accidens,

2267 3575 2322 3620 et
2355 3573 2579 3630 utraque
2623 3563 2841 3634 partitio
2883 3561 3207 3631 tripliciter,
3237 3575 3467 3631 euntque
3504 3561 3557 3615 in
3595 3560 3877 3630 superiore

2269 3638 2564 3712 secundum
2613 3671 2675 3711 se
2724 3654 2922 3725 triplici
2976 3654 3267 3723 partitione
3315 3653 3387 3707 sit
3444 3668 3548 3706 una
3592 3652 3878 3708 divisionis

2270 3749 2439 3804 forma
2480 3762 2651 3819 genus
2703 3748 2755 3801 in
2808 3747 3017 3817 species
3062 3760 3349 3816 separare,
3380 3744 3430 3800 id
3475 3760 3649 3813 neque
3681 3754 3879 3815 prreter

2269 3844 2484 3913 generis
2514 3842 2793 3897 scientiam
2826 3843 2941 3897 lieni
2974 3844 3081 3897 ullo
3113 3843 3271 3897 modo
3301 3852 3508 3912 potest.
3542 3857 3717 3917 neque
3746 3857 3880 3896 vero

2271 3944 2467 4006 prmler
2507 3934 2783 3989 scientiam
2814 3935 3238 3991 differentiarum
3271 3950 3402 4005 quas
3449 3949 3673 3990 necesse
3709 3945 3793 3990 est
3824 3937 3878 3990 in

2271 4029 2576 4097 specierum
2640 4026 2905 4081 divisione
2971 4029 3129 4083 sumi.
3198 4028 3531 4082 Manifestum
3582 4037 3666 4083 est
3720 4028 3882 4098 igitur

2271 4128 2469 4188 quanta
2494 4116 2696 4172 utilitas
2720 4117 2876 4186 hujus
2901 4117 3019 4174 libri
3043 4118 3110 4173 ad
3136 4121 3272 4172 hanc
3299 4118 3617 4175 divisionem
3648 4119 3736 4180 sit,
3758 4133 3881 4187 qua:

2274 4211 2449 4280 primo
2491 4209 2638 4264 aditu
2668 4224 2838 4279 genus
2864 4225 2926 4264 ac
2960 4212 3172 4280 species
3201 4220 3256 4266 et
3284 4209 3614 4266 dili'erentias
3664 4218 3881 4264 tractat.

2276 4302 2526 4358 Secunda
2576 4317 2703 4357 vero
2754 4319 2815 4357 ea
2864 4303 3079 4369 divisio,
3115 4319 3234 4373 quae
3279 4312 3366 4359 est
3406 4303 3700 4357 secundum
3732 4303 3885 4355 vocis

2276 4396 2689 4466 significantias,
2716 4412 2814 4451 nec
2842 4396 2954 4464 ipsa
2984 4396 3197 4466 quidem
3224 4395 3293 4450 ab
3319 4395 3476 4465 hujus
3504 4395 3620 4449 libri
3651 4394 3886 4449 utilitate

2276 4492 2510 4547 discreta
2539 4500 2640 4545 est.
2676 4490 2794 4547 Uno
2824 4491 2967 4546 enim
2995 4489 3156 4544 modo
3176 4489 3427 4559 cognosci
3457 4487 3671 4558 poterit.
3698 4496 3884 4541 utrum

2276 4599 2379 4641 vox
2406 4584 2559 4655 cujus
2588 4583 2905 4640 divisionem
2930 4583 3105 4639 facere
3125 4584 3417 4653 qua-rimus
3448 4581 3722 4653 azquivoca
3757 4594 3887 4635 esse

2280 4683 2542 4747 videatur,
2578 4698 2644 4735 an
2675 4695 2866 4752 genus,
2896 4682 2938 4734 si
2967 4695 3029 4734 ea
3070 4694 3189 4747 qua:
3220 4677 3487 4753 significat
3515 4675 3885 4738 difiniantur;

2279 4782 2334 4829 ct
2364 4773 2408 4826 si
2443 4790 2504 4827 ea
2532 4789 2650 4843 qua:
2680 4774 2780 4827 sub
2811 4772 3191 4827 communione
3236 4778 3362 4825 sunt
3401 4781 3504 4824 una
3561 4766 3887 4824 dilfinitiono

2282 4867 2618 4931 claudantur,
2650 4868 2857 4937 species
2897 4881 3017 4922 esse
3062 4879 3286 4920 necesse
3332 4873 3437 4931 est,
3470 4872 3525 4919 et
3562 4861 3690 4917 illud
3733 4876 3886 4915 com~

2284 4978 2445 5016 mune
2474 4977 2644 5029 genus
2674 4974 2879 5015 earum.
2918 4956 3076 5026 Quod
3103 4957 3147 5011 si
3180 4958 3268 5011 illa
3310 4972 3429 5026 qua:
3465 4954 3738 5027 proposita
3776 4967 3887 5009 vox

2284 5055 2531 5122 designat
2576 5070 2680 5108 non
2715 5063 2933 5119 possunt
2958 5066 3060 5104 una
3083 5049 3403 5107 dilfinitione
3431 5046 3698 5112 concludi,
3722 5060 3889 5100 nemo

2285 5146 2494 5202 dubitat
2529 5148 2654 5215 quin
2701 5145 2791 5198 illa
2835 5159 2937 5197 vox
2986 5143 3060 5197 sit
3103 5142 3398 5211 :eqnivoea,
3433 5154 3532 5193 nec
3578 5136 3888 5192 communis

2280 5226 2366 5293 his
2407 5240 2473 5294 de
2509 5239 2702 5309 quibus
2750 5236 3092 5305 przedieatur,
3127 5242 3182 5287 ut
3218 5247 3411 5304 genus,
3443 5228 3883 5300 quandoquidem

2281 5348 2342 5387 ea
2371 5348 2491 5402 quae
2521 5333 2619 5386 sul)
2654 5346 2712 5384 se
2739 5312 2909 5400 posita
2956 5328 3243 5398 significat,
3267 5323 3559 5380 secundum
3591 5335 3887 5376 commune

2284 5442 2480 5480 nomen
2533 5442 2637 5479 non
2683 5431 2907 5493 possunt
2953 5435 3058 5476 una
3103 5418 3424 5477 diffinitione
3469 5412 3879 5483 comprehendi.

2281 5519 2340 5577 Si
2382 5520 2540 5590 igitur
2577 5536 2645 5573 ex
2688 5517 3010 5572 dif'finitione
3048 5514 3388 5570 manifestum
3430 5522 3509 5565 est
3546 5507 3671 5579 quid
3707 5520 3881 5576 genus

2283 5613 2371 5677 sit,
2404 5612 2636 5681 quidque
2679 5627 2870 5665 nomen
2919 5608 3273 5677 mqnivocum,
3301 5602 3555 5660 diffinitio
3604 5614 3735 5654 vero
3780 5612 3881 5668 per

2268 5722 2480 5777 [genera
2524 5704 2957 5771 dilfercntiasque
2997 5698 3275 5762 discurrit,
3316 5696 3668 5767 quisquamne
3724 5687 3882 5744 dubi~

2285 5809 2398 5855 tare
2450 5808 2623 5868 potest
2673 5807 2729 5853 et
2777 5798 2829 5852 in
2875 5796 2975 5852 hac
3040 5792 3319 5853 divisionis
3368 5790 3536 5846 forma
3588 5784 3881 5857 plurimum

2284 5891 2441 5960 hujus
2473 5890 2594 5945 libri
2642 5888 3011 5945 auctoritatem
3057 5885 3275 5941 valere?
3305 5883 3392 5941 illa
3427 5895 3555 5936 vero
3585 5875 3882 5933 secundum
