  <div class='ocr_page' id='page_1' title='image "/cluster/home/n/w/nwhite01/storage/ocr_20150623/64/hvd.32044024222309/048.png"; bbox 0 0 4066 6328; ppageno 0'>
   <div class='ocr_carea' id='block_1_1' title="bbox 228 345 3514 424">
    <p class='ocr_par' dir='ltr' id='par_1_1' title="bbox 228 345 3514 424">
     <span class='ocr_line' id='line_1_1' title="bbox 228 345 3514 424; baseline -0.002 -7"><span class='ocrx_word' id='word_1_1' title='bbox 228 360 281 417; x_wconf 78' lang='lat' dir='ltr'><strong>Bl</strong></span> <span class='ocrx_word' id='word_1_2' title='bbox 1143 358 1215 415; x_wconf 74' lang='lat' dir='ltr'><strong>IN</strong></span> <span class='ocrx_word' id='word_1_3' title='bbox 1247 357 1687 415; x_wconf 76' lang='lat' dir='ltr'><strong>PURPHYRIUM</strong></span> <span class='ocrx_word' id='word_1_4' title='bbox 1729 345 2375 424; x_wconf 71' lang='lat' dir='ltr'><strong>COMMENTARIQRUM</strong></span> <span class='ocrx_word' id='word_1_5' title='bbox 2416 353 2540 412; x_wconf 81' lang='lat' dir='ltr'><strong>LIB.</strong></span> <span class='ocrx_word' id='word_1_6' title='bbox 2582 357 2621 410; x_wconf 89' lang='lat' dir='ltr'><strong>l.</strong></span> <span class='ocrx_word' id='word_1_7' title='bbox 3449 352 3514 411; x_wconf 70' lang='lat'><strong>82</strong></span> 
     </span>
    </p>
   </div>
   <div class='ocr_carea' id='block_1_2' title="bbox 226 467 3515 547">
    <p class='ocr_par' dir='ltr' id='par_1_2' title="bbox 226 467 3515 547">
     <span class='ocr_line' id='line_1_2' title="bbox 226 467 3515 547; baseline -0.001 -14"><span class='ocrx_word' id='word_1_8' title='bbox 226 493 281 533; x_wconf 87' lang='lat' dir='ltr'><strong>se</strong></span> <span class='ocrx_word' id='word_1_9' title='bbox 318 474 517 532; x_wconf 86' lang='lat' dir='ltr'><strong>divisio</strong></span> <span class='ocrx_word' id='word_1_10' title='bbox 557 488 679 547; x_wconf 65' lang='lat' dir='ltr'><strong>quae</strong></span> <span class='ocrx_word' id='word_1_11' title='bbox 717 485 800 531; x_wconf 87' lang='lat' dir='ltr'><strong>est</strong></span> <span class='ocrx_word' id='word_1_12' title='bbox 839 473 1003 530; x_wconf 86' lang='lat' dir='ltr'><strong>totius</strong></span> <span class='ocrx_word' id='word_1_13' title='bbox 1054 472 1108 529; x_wconf 91' lang='lat' dir='ltr'><strong>in</strong></span> <span class='ocrx_word' id='word_1_14' title='bbox 1156 484 1336 545; x_wconf 86' lang='lat' dir='ltr'><strong>partes</strong></span> <span class='ocrx_word' id='word_1_15' title='bbox 1378 475 1826 545; x_wconf 73' lang='lat' dir='ltr'><strong>quemadmodum</strong></span> <span class='ocrx_word' id='word_1_16' title='bbox 1856 476 1987 541; x_wconf 70' lang='lat' dir='ltr'><strong>Ain</strong></span> <span class='ocrx_word' id='word_1_17' title='bbox 2046 478 2147 531; x_wconf 89' lang='lat' dir='ltr'><strong>hoc</strong></span> <span class='ocrx_word' id='word_1_18' title='bbox 2204 477 2339 531; x_wconf 90' lang='lat' dir='ltr'><strong>libro</strong></span> <span class='ocrx_word' id='word_1_19' title='bbox 2389 475 2766 545; x_wconf 66' lang='lat' dir='ltr'><strong>disputabitur,</strong></span> <span class='ocrx_word' id='word_1_20' title='bbox 2818 490 2990 544; x_wconf 87' lang='lat' dir='ltr'><strong>neque</strong></span> <span class='ocrx_word' id='word_1_21' title='bbox 3045 467 3289 547; x_wconf 84' lang='lat' dir='ltr'><strong>intelligi,</strong></span> <span class='ocrx_word' id='word_1_22' title='bbox 3341 487 3515 545; x_wconf 84' lang='lat' dir='ltr'><strong>neque</strong></span> 
     </span>
    </p>
   </div>
   <div class='ocr_carea' id='block_1_3' title="bbox 225 567 1821 637">
    <p class='ocr_par' dir='ltr' id='par_1_3' title="bbox 225 567 1821 637">
     <span class='ocr_line' id='line_1_3' title="bbox 225 567 1821 637; baseline 0.001 -14"><span class='ocrx_word' id='word_1_23' title='bbox 225 567 577 633; x_wconf 76' lang='lat' dir='ltr'><strong>discernitur,</strong></span> <span class='ocrx_word' id='word_1_24' title='bbox 608 580 671 623; x_wconf 88' lang='lat' dir='ltr'><strong>ac</strong></span> <span class='ocrx_word' id='word_1_25' title='bbox 701 582 808 622; x_wconf 92' lang='lat' dir='ltr'><strong>non</strong></span> <span class='ocrx_word' id='word_1_26' title='bbox 842 569 1017 637; x_wconf 89' lang='lat' dir='ltr'><strong>potius</strong></span> <span class='ocrx_word' id='word_1_27' title='bbox 1062 569 1276 637; x_wconf 81' lang='lat' dir='ltr'><strong>generis</strong></span> <span class='ocrx_word' id='word_1_28' title='bbox 1309 570 1361 622; x_wconf 92' lang='lat' dir='ltr'><strong>in</strong></span> <span class='ocrx_word' id='word_1_29' title='bbox 1390 570 1599 636; x_wconf 83' lang='lat' dir='ltr'><strong>species</strong></span> <span class='ocrx_word' id='word_1_30' title='bbox 1627 569 1821 625; x_wconf 78' lang='lat' dir='ltr'><strong>divisio</strong></span> 
     </span>
    </p>
   </div>
   <div class='ocr_carea' id='block_1_4' title="bbox 223 658 1820 730">
    <p class='ocr_par' dir='ltr' id='par_1_4' title="bbox 223 658 1820 730">
     <span class='ocr_line' id='line_1_4' title="bbox 223 658 1820 730; baseline 0.003 -15"><span class='ocrx_word' id='word_1_31' title='bbox 223 675 336 716; x_wconf 87' lang='lat' dir='ltr'><strong>esse</strong></span> <span class='ocrx_word' id='word_1_32' title='bbox 380 658 683 729; x_wconf 87' lang='lat' dir='ltr'><strong>putabitur,</strong></span> <span class='ocrx_word' id='word_1_33' title='bbox 714 659 815 714; x_wconf 90' lang='lat' dir='ltr'><strong>nisi</strong></span> <span class='ocrx_word' id='word_1_34' title='bbox 860 661 969 714; x_wconf 88' lang='lat' dir='ltr'><strong>sint</strong></span> <span class='ocrx_word' id='word_1_35' title='bbox 1005 674 1193 730; x_wconf 88' lang='lat' dir='ltr'><strong>genus,</strong></span> <span class='ocrx_word' id='word_1_36' title='bbox 1226 668 1280 714; x_wconf 86' lang='lat' dir='ltr'><strong>et</strong></span> <span class='ocrx_word' id='word_1_37' title='bbox 1307 661 1536 730; x_wconf 87' lang='lat' dir='ltr'><strong>species,</strong></span> <span class='ocrx_word' id='word_1_38' title='bbox 1571 670 1625 717; x_wconf 89' lang='lat' dir='ltr'><strong>et</strong></span> <span class='ocrx_word' id='word_1_39' title='bbox 1670 661 1820 719; x_wconf 77' lang='lat' dir='ltr'><strong>diﬁ‘e-</strong></span> 
     </span>
    </p>
   </div>
   <div class='ocr_carea' id='block_1_5' title="bbox 222 751 1819 823">
    <p class='ocr_par' dir='ltr' id='par_1_5' title="bbox 222 751 1819 823">
     <span class='ocr_line' id='line_1_5' title="bbox 222 751 1819 823; baseline 0 -15"><span class='ocrx_word' id='word_1_40' title='bbox 222 752 398 808; x_wconf 71' lang='lat' dir='ltr'><strong>rentize</strong></span> <span class='ocrx_word' id='word_1_41' title='bbox 436 766 658 816; x_wconf 86' lang='lat' dir='ltr'><strong>earum,</strong></span> <span class='ocrx_word' id='word_1_42' title='bbox 687 752 876 823; x_wconf 89' lang='lat' dir='ltr'><strong>quavis</strong></span> <span class='ocrx_word' id='word_1_43' title='bbox 932 761 1057 806; x_wconf 85' lang='lat' dir='ltr'><strong>ante</strong></span> <span class='ocrx_word' id='word_1_44' title='bbox 1107 751 1314 805; x_wconf 80' lang='lat' dir='ltr'><strong>ratione</strong></span> <span class='ocrx_word' id='word_1_45' title='bbox 1362 751 1659 821; x_wconf 70' lang='lat' dir='ltr'><strong>disciplina:</strong></span> <span class='ocrx_word' id='word_1_46' title='bbox 1712 763 1819 809; x_wconf 80' lang='lat' dir='ltr'><strong>tra-</strong></span> 
     </span>
    </p>
   </div>
   <div class='ocr_carea' id='block_1_6' title="bbox 222 846 1820 921">
    <p class='ocr_par' dir='ltr' id='par_1_6' title="bbox 222 846 1820 921">
     <span class='ocr_line' id='line_1_6' title="bbox 222 846 1820 921; baseline 0 -16"><span class='ocrx_word' id='word_1_47' title='bbox 222 850 395 905; x_wconf 84' lang='lat' dir='ltr'><strong>ctata?</strong></span> <span class='ocrx_word' id='word_1_48' title='bbox 419 848 541 906; x_wconf 90' lang='lat' dir='ltr'><strong>Cur</strong></span> <span class='ocrx_word' id='word_1_49' title='bbox 569 850 715 906; x_wconf 88' lang='lat' dir='ltr'><strong>enim</strong></span> <span class='ocrx_word' id='word_1_50' title='bbox 744 863 853 904; x_wconf 91' lang='lat' dir='ltr'><strong>non</strong></span> <span class='ocrx_word' id='word_1_51' title='bbox 893 848 1175 921; x_wconf 84' lang='lat' dir='ltr'><strong>quisquam</strong></span> <span class='ocrx_word' id='word_1_52' title='bbox 1205 846 1349 902; x_wconf 86' lang='lat' dir='ltr'><strong>dicat</strong></span> <span class='ocrx_word' id='word_1_53' title='bbox 1391 846 1583 903; x_wconf 89' lang='lat' dir='ltr'><strong>domus</strong></span> <span class='ocrx_word' id='word_1_54' title='bbox 1611 851 1820 918; x_wconf 85' lang='lat' dir='ltr'><strong>species</strong></span> 
     </span>
    </p>
   </div>
   <div class='ocr_carea' id='block_1_7' title="bbox 228 938 1823 1013">
    <p class='ocr_par' dir='ltr' id='par_1_7' title="bbox 228 938 1823 1013">
     <span class='ocr_line' id='line_1_7' title="bbox 228 938 1823 1013; baseline -0.001 -16"><span class='ocrx_word' id='word_1_55' title='bbox 228 944 389 1013; x_wconf 85' lang='lat' dir='ltr'><strong>potius</strong></span> <span class='ocrx_word' id='word_1_56' title='bbox 428 957 561 997; x_wconf 87' lang='lat' dir='ltr'><strong>esse</strong></span> <span class='ocrx_word' id='word_1_57' title='bbox 624 957 784 1013; x_wconf 86' lang='lat' dir='ltr'><strong>quam</strong></span> <span class='ocrx_word' id='word_1_58' title='bbox 833 948 1015 1011; x_wconf 88' lang='lat' dir='ltr'><strong>partes</strong></span> <span class='ocrx_word' id='word_1_59' title='bbox 1056 938 1432 1007; x_wconf 87' lang='lat' dir='ltr'><strong>fundamenta,</strong></span> <span class='ocrx_word' id='word_1_60' title='bbox 1484 942 1717 1012; x_wconf 78' lang='lat' dir='ltr'><strong>parietes</strong></span> <span class='ocrx_word' id='word_1_61' title='bbox 1766 949 1823 995; x_wconf 91' lang='lat' dir='ltr'><strong>et</strong></span> 
     </span>
    </p>
   </div>
   <div class='ocr_carea' id='block_1_8' title="bbox 236 1033 1819 1102">
    <p class='ocr_par' dir='ltr' id='par_1_8' title="bbox 236 1033 1819 1102">
     <span class='ocr_line' id='line_1_8' title="bbox 236 1033 1819 1102; baseline -0.002 -12"><span class='ocrx_word' id='word_1_62' title='bbox 236 1036 451 1092; x_wconf 80' lang='lat' dir='ltr'><strong>tectum?</strong></span> <span class='ocrx_word' id='word_1_63' title='bbox 484 1034 598 1093; x_wconf 88' lang='lat' dir='ltr'><strong>Sed</strong></span> <span class='ocrx_word' id='word_1_64' title='bbox 628 1051 749 1091; x_wconf 90' lang='lat' dir='ltr'><strong>cum</strong></span> <span class='ocrx_word' id='word_1_65' title='bbox 780 1034 1081 1091; x_wconf 89' lang='lat' dir='ltr'><strong>occurrerit</strong></span> <span class='ocrx_word' id='word_1_66' title='bbox 1119 1033 1333 1102; x_wconf 79' lang='lat' dir='ltr'><strong>generis</strong></span> <span class='ocrx_word' id='word_1_67' title='bbox 1363 1048 1557 1089; x_wconf 86' lang='lat' dir='ltr'><strong>nomen</strong></span> <span class='ocrx_word' id='word_1_68' title='bbox 1590 1036 1642 1089; x_wconf 92' lang='lat' dir='ltr'><strong>in</strong></span> <span class='ocrx_word' id='word_1_69' title='bbox 1691 1052 1819 1089; x_wconf 88' lang='lat' dir='ltr'><strong>una-</strong></span> 
     </span>
    </p>
   </div>
   <div class='ocr_carea' id='block_1_9' title="bbox 238 1128 1818 1199">
    <p class='ocr_par' dir='ltr' id='par_1_9' title="bbox 238 1128 1818 1199">
     <span class='ocr_line' id='line_1_9' title="bbox 238 1128 1818 1199; baseline 0.001 -18"><span class='ocrx_word' id='word_1_70' title='bbox 238 1144 418 1199; x_wconf 78' lang='lat' dir='ltr'><strong>quaque</strong></span> <span class='ocrx_word' id='word_1_71' title='bbox 440 1128 636 1199; x_wconf 85' lang='lat' dir='ltr'><strong>specie</strong></span> <span class='ocrx_word' id='word_1_72' title='bbox 666 1138 836 1187; x_wconf 85' lang='lat' dir='ltr'><strong>totum</strong></span> <span class='ocrx_word' id='word_1_73' title='bbox 879 1141 1039 1196; x_wconf 87' lang='lat' dir='ltr'><strong>posse</strong></span> <span class='ocrx_word' id='word_1_74' title='bbox 1066 1141 1391 1199; x_wconf 88' lang='lat' dir='ltr'><strong>congruere,</strong></span> <span class='ocrx_word' id='word_1_75' title='bbox 1422 1129 1587 1185; x_wconf 85' lang='lat' dir='ltr'><strong>totius</strong></span> <span class='ocrx_word' id='word_1_76' title='bbox 1613 1142 1739 1182; x_wconf 86' lang='lat' dir='ltr'><strong>vero</strong></span> <span class='ocrx_word' id='word_1_77' title='bbox 1766 1128 1818 1183; x_wconf 91' lang='lat' dir='ltr'><strong>in</strong></span> 
     </span>
    </p>
   </div>
   <div class='ocr_carea' id='block_1_10' title="bbox 238 1219 1817 1291">
    <p class='ocr_par' dir='ltr' id='par_1_10' title="bbox 238 1219 1817 1291">
     <span class='ocr_line' id='line_1_10' title="bbox 238 1219 1817 1291; baseline 0.001 -18"><span class='ocrx_word' id='word_1_78' title='bbox 238 1235 535 1291; x_wconf 82' lang='lat' dir='ltr'><strong>unaquaque</strong></span> <span class='ocrx_word' id='word_1_79' title='bbox 576 1231 728 1289; x_wconf 88' lang='lat' dir='ltr'><strong>parte</strong></span> <span class='ocrx_word' id='word_1_80' title='bbox 772 1234 871 1274; x_wconf 85' lang='lat' dir='ltr'><strong>sua</strong></span> <span class='ocrx_word' id='word_1_81' title='bbox 913 1234 1111 1275; x_wconf 87' lang='lat' dir='ltr'><strong>nomen</strong></span> <span class='ocrx_word' id='word_1_82' title='bbox 1150 1219 1442 1275; x_wconf 87' lang='lat' dir='ltr'><strong>convenire</strong></span> <span class='ocrx_word' id='word_1_83' title='bbox 1480 1236 1586 1277; x_wconf 89' lang='lat' dir='ltr'><strong>non</strong></span> <span class='ocrx_word' id='word_1_84' title='bbox 1629 1236 1817 1291; x_wconf 89' lang='lat' dir='ltr'><strong>posse,</strong></span> 
     </span>
    </p>
   </div>
   <div class='ocr_carea' id='block_1_11' title="bbox 230 1312 1819 1383">
    <p class='ocr_par' dir='ltr' id='par_1_11' title="bbox 230 1312 1819 1383">
     <span class='ocr_line' id='line_1_11' title="bbox 230 1312 1819 1383; baseline 0.002 -18"><span class='ocrx_word' id='word_1_85' title='bbox 230 1312 557 1368; x_wconf 85' lang='lat' dir='ltr'><strong>manifestum</strong></span> <span class='ocrx_word' id='word_1_86' title='bbox 611 1312 705 1368; x_wconf 88' lang='lat' dir='ltr'><strong>ﬁet</strong></span> <span class='ocrx_word' id='word_1_87' title='bbox 747 1312 905 1367; x_wconf 87' lang='lat' dir='ltr'><strong>aliam</strong></span> <span class='ocrx_word' id='word_1_88' title='bbox 957 1312 1274 1368; x_wconf 84' lang='lat' dir='ltr'><strong>divisionem</strong></span> <span class='ocrx_word' id='word_1_89' title='bbox 1332 1327 1454 1368; x_wconf 88' lang='lat' dir='ltr'><strong>esse</strong></span> <span class='ocrx_word' id='word_1_90' title='bbox 1502 1314 1718 1383; x_wconf 81' lang='lat' dir='ltr'><strong>generis</strong></span> <span class='ocrx_word' id='word_1_91' title='bbox 1764 1313 1819 1368; x_wconf 94' lang='lat' dir='ltr'><strong>in</strong></span> 
     </span>
    </p>
   </div>
   <div class='ocr_carea' id='block_1_12' title="bbox 230 1403 1819 1474">
    <p class='ocr_par' dir='ltr' id='par_1_12' title="bbox 230 1403 1819 1474">
     <span class='ocr_line' id='line_1_12' title="bbox 230 1403 1819 1474; baseline 0.002 -17"><span class='ocrx_word' id='word_1_92' title='bbox 230 1403 442 1472; x_wconf 85' lang='lat' dir='ltr'><strong>species,</strong></span> <span class='ocrx_word' id='word_1_93' title='bbox 478 1403 637 1458; x_wconf 89' lang='lat' dir='ltr'><strong>aliam</strong></span> <span class='ocrx_word' id='word_1_94' title='bbox 669 1404 834 1458; x_wconf 83' lang='lat' dir='ltr'><strong>tctius</strong></span> <span class='ocrx_word' id='word_1_95' title='bbox 861 1404 913 1458; x_wconf 94' lang='lat' dir='ltr'><strong>in</strong></span> <span class='ocrx_word' id='word_1_96' title='bbox 945 1412 1147 1474; x_wconf 89' lang='lat' dir='ltr'><strong>partes.</strong></span> <span class='ocrx_word' id='word_1_97' title='bbox 1180 1404 1481 1460; x_wconf 89' lang='lat' dir='ltr'><strong>Convenire</strong></span> <span class='ocrx_word' id='word_1_98' title='bbox 1505 1414 1688 1460; x_wconf 89' lang='lat' dir='ltr'><strong>autem</strong></span> <span class='ocrx_word' id='word_1_99' title='bbox 1719 1419 1819 1460; x_wconf 85' lang='lat' dir='ltr'><strong>no-</strong></span> 
     </span>
    </p>
   </div>
   <div class='ocr_carea' id='block_1_13' title="bbox 230 1482 1909 1567">
    <p class='ocr_par' dir='ltr' id='par_1_13' title="bbox 230 1482 1909 1567">
     <span class='ocr_line' id='line_1_13' title="bbox 230 1482 1909 1567; baseline 0 -18"><span class='ocrx_word' id='word_1_100' title='bbox 230 1511 340 1549; x_wconf 85' lang='lat' dir='ltr'><strong>men</strong></span> <span class='ocrx_word' id='word_1_101' title='bbox 385 1498 601 1565; x_wconf 82' lang='lat' dir='ltr'><strong>generis</strong></span> <span class='ocrx_word' id='word_1_102' title='bbox 650 1495 875 1566; x_wconf 77' lang='lat' dir='ltr'><strong>singulis</strong></span> <span class='ocrx_word' id='word_1_103' title='bbox 922 1495 1209 1565; x_wconf 85' lang='lat' dir='ltr'><strong>speciebus</strong></span> <span class='ocrx_word' id='word_1_104' title='bbox 1269 1497 1573 1551; x_wconf 91' lang='lat' dir='ltr'><strong>ostenditur</strong></span> <span class='ocrx_word' id='word_1_105' title='bbox 1624 1512 1717 1565; x_wconf 90' lang='lat' dir='ltr'><strong>per</strong></span> <span class='ocrx_word' id='word_1_106' title='bbox 1766 1496 1818 1549; x_wconf 91' lang='lat' dir='ltr'><strong>id</strong></span> 
     </span>
    </p>
   </div>
   <div class='ocr_carea' id='block_1_14' title="bbox 230 1587 1818 1657">
    <p class='ocr_par' dir='ltr' id='par_1_14' title="bbox 230 1587 1818 1657">
     <span class='ocr_line' id='line_1_14' title="bbox 230 1587 1818 1657; baseline 0.002 -19"><span class='ocrx_word' id='word_1_107' title='bbox 230 1587 356 1654; x_wconf 87' lang='lat' dir='ltr'><strong>quod</strong></span> <span class='ocrx_word' id='word_1_108' title='bbox 383 1597 436 1642; x_wconf 89' lang='lat' dir='ltr'><strong>et</strong></span> <span class='ocrx_word' id='word_1_109' title='bbox 464 1588 628 1642; x_wconf 85' lang='lat' dir='ltr'><strong>homo</strong></span> <span class='ocrx_word' id='word_1_110' title='bbox 656 1596 712 1642; x_wconf 91' lang='lat' dir='ltr'><strong>et</strong></span> <span class='ocrx_word' id='word_1_111' title='bbox 742 1603 915 1657; x_wconf 88' lang='lat' dir='ltr'><strong>equus</strong></span> <span class='ocrx_word' id='word_1_112' title='bbox 953 1587 1160 1656; x_wconf 84' lang='lat' dir='ltr'><strong>singula</strong></span> <span class='ocrx_word' id='word_1_113' title='bbox 1205 1587 1454 1642; x_wconf 78' lang='lat' dir='ltr'><strong>animalia</strong></span> <span class='ocrx_word' id='word_1_114' title='bbox 1500 1602 1818 1657; x_wconf 84' lang='lat' dir='ltr'><strong>nuncupan-</strong></span> 
     </span>
    </p>
   </div>
   <div class='ocr_carea' id='block_1_15' title="bbox 233 1678 1816 1751">
    <p class='ocr_par' dir='ltr' id='par_1_15' title="bbox 233 1678 1816 1751">
     <span class='ocr_line' id='line_1_15' title="bbox 233 1678 1816 1751; baseline 0.004 -22"><span class='ocrx_word' id='word_1_115' title='bbox 233 1680 331 1732; x_wconf 82' lang='lat' dir='ltr'><strong>lor.</strong></span> <span class='ocrx_word' id='word_1_116' title='bbox 358 1679 533 1750; x_wconf 67' lang='lat' dir='ltr'><strong>Neque</strong></span> <span class='ocrx_word' id='word_1_117' title='bbox 575 1690 778 1736; x_wconf 88' lang='lat' dir='ltr'><strong>tectum</strong></span> <span class='ocrx_word' id='word_1_118' title='bbox 816 1696 968 1748; x_wconf 91' lang='lat' dir='ltr'><strong>vero,</strong></span> <span class='ocrx_word' id='word_1_119' title='bbox 1000 1696 1175 1751; x_wconf 90' lang='lat' dir='ltr'><strong>neque</strong></span> <span class='ocrx_word' id='word_1_120' title='bbox 1221 1678 1576 1751; x_wconf 82' lang='lat' dir='ltr'><strong>parietes&#39;aut</strong></span> <span class='ocrx_word' id='word_1_121' title='bbox 1620 1682 1816 1736; x_wconf 82' lang='lat' dir='ltr'><strong>funda-</strong></span> 
     </span>
    </p>
   </div>
   <div class='ocr_carea' id='block_1_16' title="bbox 240 1772 1814 1843">
    <p class='ocr_par' dir='ltr' id='par_1_16' title="bbox 240 1772 1814 1843">
     <span class='ocr_line' id='line_1_16' title="bbox 240 1772 1814 1843; baseline 0.003 -20"><span class='ocrx_word' id='word_1_122' title='bbox 240 1780 399 1824; x_wconf 87' lang='lat' dir='ltr'><strong>menta</strong></span> <span class='ocrx_word' id='word_1_123' title='bbox 430 1772 692 1837; x_wconf 75' lang='lat' dir='ltr'><strong>sigillatim</strong></span> <span class='ocrx_word' id='word_1_124' title='bbox 722 1772 915 1827; x_wconf 89' lang='lat' dir='ltr'><strong>domus</strong></span> <span class='ocrx_word' id='word_1_125' title='bbox 943 1774 1162 1828; x_wconf 89' lang='lat' dir='ltr'><strong>nomine</strong></span> <span class='ocrx_word' id='word_1_126' title='bbox 1192 1773 1453 1843; x_wconf 71' lang='lat' dir='ltr'><strong>appellati</strong></span> <span class='ocrx_word' id='word_1_127' title='bbox 1478 1774 1675 1831; x_wconf 87' lang='lat' dir='ltr'><strong>solent.</strong></span> <span class='ocrx_word' id='word_1_128' title='bbox 1710 1774 1814 1830; x_wconf 90' lang='lat' dir='ltr'><strong>Sed</strong></span> 
     </span>
    </p>
   </div>
   <div class='ocr_carea' id='block_1_17' title="bbox 1925 570 3516 645">
    <p class='ocr_par' dir='ltr' id='par_1_17' title="bbox 1925 570 3516 645">
     <span class='ocr_line' id='line_1_17' title="bbox 1925 570 3516 645; baseline -0.001 -19"><span class='ocrx_word' id='word_1_129' title='bbox 1925 571 2162 626; x_wconf 79' lang='lat' dir='ltr'><strong>exerceri</strong></span> <span class='ocrx_word' id='word_1_130' title='bbox 2193 572 2425 633; x_wconf 83' lang='lat' dir='ltr'><strong>valeant,</strong></span> <span class='ocrx_word' id='word_1_131' title='bbox 2479 570 2600 639; x_wconf 85' lang='lat' dir='ltr'><strong>quis</strong></span> <span class='ocrx_word' id='word_1_132' title='bbox 2629 585 2860 639; x_wconf 85' lang='lat' dir='ltr'><strong>unquam</strong></span> <span class='ocrx_word' id='word_1_133' title='bbox 2892 570 3089 638; x_wconf 87' lang='lat' dir='ltr'><strong>poterit</strong></span> <span class='ocrx_word' id='word_1_134' title='bbox 3114 570 3359 645; x_wconf 85' lang='lat' dir='ltr'><strong>dubitare</strong></span> <span class='ocrx_word' id='word_1_135' title='bbox 3386 571 3516 640; x_wconf 88' lang='lat' dir='ltr'><strong>quin</strong></span> 
     </span>
    </p>
   </div>
   <div class='ocr_carea' id='block_1_18' title="bbox 1924 661 3514 732">
    <p class='ocr_par' dir='ltr' id='par_1_18' title="bbox 1924 661 3514 732">
     <span class='ocr_line' id='line_1_18' title="bbox 1924 661 3514 732; baseline -0.001 -14"><span class='ocrx_word' id='word_1_136' title='bbox 1924 663 2011 718; x_wconf 89' lang='lat' dir='ltr'><strong>bic</strong></span> <span class='ocrx_word' id='word_1_137' title='bbox 2055 663 2191 719; x_wconf 89' lang='lat' dir='ltr'><strong>liber</strong></span> <span class='ocrx_word' id='word_1_138' title='bbox 2219 661 2509 717; x_wconf 78' lang='lat' dir='ltr'><strong>maximum</strong></span> <span class='ocrx_word' id='word_1_139' title='bbox 2556 663 2717 717; x_wconf 86' lang='lat' dir='ltr'><strong>totius</strong></span> <span class='ocrx_word' id='word_1_140' title='bbox 2762 662 2948 732; x_wconf 72' lang='lat' dir='ltr'><strong>logica:</strong></span> <span class='ocrx_word' id='word_1_141' title='bbox 2992 663 3363 731; x_wconf 88' lang='lat' dir='ltr'><strong>adjumentum</strong></span> <span class='ocrx_word' id='word_1_142' title='bbox 3409 661 3514 728; x_wconf 89' lang='lat' dir='ltr'><strong>sit,</strong></span> 
     </span>
    </p>
   </div>
   <div class='ocr_carea' id='block_1_19' title="bbox 1923 754 3518 826">
    <p class='ocr_par' dir='ltr' id='par_1_19' title="bbox 1923 754 3518 826">
     <span class='ocr_line' id='line_1_19' title="bbox 1923 754 3518 826; baseline -0.002 -16"><span class='ocrx_word' id='word_1_143' title='bbox 1923 764 2120 825; x_wconf 65' lang='lat' dir='ltr'><strong>praeter</strong></span> <span class='ocrx_word' id='word_1_144' title='bbox 2150 770 2309 826; x_wconf 87' lang='lat' dir='ltr'><strong>quem</strong></span> <span class='ocrx_word' id='word_1_145' title='bbox 2340 765 2537 809; x_wconf 59' lang='lat' dir='ltr'><strong>caetera</strong></span> <span class='ocrx_word' id='word_1_146' title='bbox 2565 770 2689 823; x_wconf 71' lang='lat' dir='ltr'><strong>qua:</strong></span> <span class='ocrx_word' id='word_1_147' title='bbox 2716 754 2769 808; x_wconf 91' lang='lat' dir='ltr'><strong>in</strong></span> <span class='ocrx_word' id='word_1_148' title='bbox 2802 768 2865 809; x_wconf 89' lang='lat' dir='ltr'><strong>ea</strong></span> <span class='ocrx_word' id='word_1_149' title='bbox 2894 768 3140 824; x_wconf 89' lang='lat' dir='ltr'><strong>magnam</strong></span> <span class='ocrx_word' id='word_1_150' title='bbox 3168 754 3276 808; x_wconf 87' lang='lat' dir='ltr'><strong>vim</strong></span> <span class='ocrx_word' id='word_1_151' title='bbox 3331 764 3518 808; x_wconf 89' lang='lat' dir='ltr'><strong>tenent</strong></span> 
     </span>
    </p>
   </div>
   <div class='ocr_carea' id='block_1_20' title="bbox 1923 848 3518 919">
    <p class='ocr_par' dir='ltr' id='par_1_20' title="bbox 1923 848 3518 919">
     <span class='ocr_line' id='line_1_20' title="bbox 1923 848 3518 919; baseline -0.002 -13"><span class='ocrx_word' id='word_1_152' title='bbox 1923 851 2127 906; x_wconf 88' lang='lat' dir='ltr'><strong>nullum</strong></span> <span class='ocrx_word' id='word_1_153' title='bbox 2158 850 2418 907; x_wconf 70' lang='lat' dir='ltr'><strong>doctrinm</strong></span> <span class='ocrx_word' id='word_1_154' title='bbox 2444 849 2645 905; x_wconf 88' lang='lat' dir='ltr'><strong>aditum</strong></span> <span class='ocrx_word' id='word_1_155' title='bbox 2674 848 2950 919; x_wconf 72' lang='lat' dir='ltr'><strong>praebent?</strong></span> <span class='ocrx_word' id='word_1_156' title='bbox 2979 849 3087 907; x_wconf 87' lang='lat' dir='ltr'><strong>Sed</strong></span> <span class='ocrx_word' id='word_1_157' title='bbox 3110 848 3358 904; x_wconf 87' lang='lat' dir='ltr'><strong>meminit</strong></span> <span class='ocrx_word' id='word_1_158' title='bbox 3387 848 3518 903; x_wconf 86' lang='lat' dir='ltr'><strong>Por-</strong></span> 
     </span>
    </p>
   </div>
   <div class='ocr_carea' id='block_1_21' title="bbox 1923 941 3519 1013">
    <p class='ocr_par' dir='ltr' id='par_1_21' title="bbox 1923 941 3519 1013">
     <span class='ocr_line' id='line_1_21' title="bbox 1923 941 3519 1013; baseline -0.001 -18"><span class='ocrx_word' id='word_1_159' title='bbox 1923 942 2149 1013; x_wconf 87' lang='lat' dir='ltr'><strong>phyrins</strong></span> <span class='ocrx_word' id='word_1_160' title='bbox 2214 941 2666 996; x_wconf 89' lang='lat' dir='ltr'><strong>introductionem</strong></span> <span class='ocrx_word' id='word_1_161' title='bbox 2731 954 2855 996; x_wconf 90' lang='lat' dir='ltr'><strong>sese</strong></span> <span class='ocrx_word' id='word_1_162' title='bbox 2916 941 3292 1007; x_wconf 88' lang='lat' dir='ltr'><strong>conscribere,</strong></span> <span class='ocrx_word' id='word_1_163' title='bbox 3343 954 3519 1010; x_wconf 88' lang='lat' dir='ltr'><strong>neque</strong></span> 
     </span>
    </p>
   </div>
   <div class='ocr_carea' id='block_1_22' title="bbox 1925 1030 3520 1103">
    <p class='ocr_par' dir='ltr' id='par_1_22' title="bbox 1925 1030 3520 1103">
     <span class='ocr_line' id='line_1_22' title="bbox 1925 1030 3520 1103; baseline -0.001 -16"><span class='ocrx_word' id='word_1_164' title='bbox 1925 1033 2066 1087; x_wconf 88' lang='lat' dir='ltr'><strong>ultra</strong></span> <span class='ocrx_word' id='word_1_165' title='bbox 2096 1048 2253 1103; x_wconf 89' lang='lat' dir='ltr'><strong>quam</strong></span> <span class='ocrx_word' id='word_1_166' title='bbox 2286 1032 2639 1087; x_wconf 89' lang='lat' dir='ltr'><strong>institutionis</strong></span> <span class='ocrx_word' id='word_1_167' title='bbox 2669 1031 2862 1087; x_wconf 90' lang='lat' dir='ltr'><strong>modus</strong></span> <span class='ocrx_word' id='word_1_168' title='bbox 2890 1042 2976 1086; x_wconf 87' lang='lat' dir='ltr'><strong>est</strong></span> <span class='ocrx_word' id='word_1_169' title='bbox 3004 1030 3231 1088; x_wconf 88' lang='lat' dir='ltr'><strong>formam</strong></span> <span class='ocrx_word' id='word_1_170' title='bbox 3259 1039 3520 1085; x_wconf 86' lang='lat' dir='ltr'><strong>tractatus</strong></span> 
     </span>
    </p>
   </div>
   <div class='ocr_carea' id='block_1_23' title="bbox 1906 1106 3519 1205">
    <p class='ocr_par' dir='ltr' id='par_1_23' title="bbox 1906 1106 3519 1205">
     <span class='ocr_line' id='line_1_23' title="bbox 1906 1106 3519 1205; baseline 0 -26"><span class='ocrx_word' id='word_1_171' title='bbox 1906 1106 2128 1205; x_wconf 28' lang='lat' dir='ltr'><strong>gegredi.</strong></span> <span class='ocrx_word' id='word_1_172' title='bbox 2188 1124 2275 1178; x_wconf 86' lang='lat' dir='ltr'><strong>Ait</strong></span> <span class='ocrx_word' id='word_1_173' title='bbox 2327 1129 2469 1178; x_wconf 91' lang='lat' dir='ltr'><strong>enim</strong></span> <span class='ocrx_word' id='word_1_174' title='bbox 2522 1139 2583 1180; x_wconf 90' lang='lat' dir='ltr'><strong>se</strong></span> <span class='ocrx_word' id='word_1_175' title='bbox 2632 1123 2882 1179; x_wconf 86' lang='lat' dir='ltr'><strong>altiorum</strong></span> <span class='ocrx_word' id='word_1_176' title='bbox 2935 1123 3287 1194; x_wconf 59' lang='lat' dir='ltr'><strong>quaestionum</strong></span> <span class='ocrx_word' id='word_1_177' title='bbox 3342 1122 3519 1179; x_wconf 85' lang='lat' dir='ltr'><strong>modis</strong></span> 
     </span>
    </p>
   </div>
   <div class='ocr_carea' id='block_1_24' title="bbox 1924 1213 3518 1285">
    <p class='ocr_par' dir='ltr' id='par_1_24' title="bbox 1924 1213 3518 1285">
     <span class='ocr_line' id='line_1_24' title="bbox 1924 1213 3518 1285; baseline 0.001 -16"><span class='ocrx_word' id='word_1_178' title='bbox 1924 1217 2229 1281; x_wconf 89' lang='lat' dir='ltr'><strong>abstinere,</strong></span> <span class='ocrx_word' id='word_1_179' title='bbox 2278 1216 2822 1285; x_wconf 78' lang='lat' dir='ltr'><strong>simplicioresvero</strong></span> <span class='ocrx_word' id='word_1_180' title='bbox 2887 1214 3145 1272; x_wconf 81' lang='lat' dir='ltr'><strong>mediocri</strong></span> <span class='ocrx_word' id='word_1_181' title='bbox 3204 1213 3518 1285; x_wconf 80' lang='lat' dir='ltr'><strong>conjectura</strong></span> 
     </span>
    </p>
   </div>
   <div class='ocr_carea' id='block_1_25' title="bbox 1902 1304 3515 1385">
    <p class='ocr_par' dir='ltr' id='par_1_25' title="bbox 1902 1304 3515 1385">
     <span class='ocr_line' id='line_1_25' title="bbox 1902 1304 3515 1385; baseline 0.001 -23"><span class='ocrx_word' id='word_1_182' title='bbox 1902 1304 2306 1385; x_wconf 32' lang='lat' dir='ltr'><strong>o&#39;perstringere.</strong></span> <span class='ocrx_word' id='word_1_183' title='bbox 2338 1309 2467 1375; x_wconf 66' lang='lat' dir='ltr'><strong>Quae</strong></span> <span class='ocrx_word' id='word_1_184' title='bbox 2493 1323 2623 1363; x_wconf 84' lang='lat' dir='ltr'><strong>vero</strong></span> <span class='ocrx_word' id='word_1_185' title='bbox 2652 1308 2760 1363; x_wconf 88' lang='lat' dir='ltr'><strong>sint</strong></span> <span class='ocrx_word' id='word_1_186' title='bbox 2786 1307 3005 1364; x_wconf 83' lang='lat' dir='ltr'><strong>altiores</strong></span> <span class='ocrx_word' id='word_1_187' title='bbox 3029 1308 3355 1380; x_wconf 59' lang='lat' dir='ltr'><strong>questiones</strong></span> <span class='ocrx_word' id='word_1_188' title='bbox 3380 1321 3515 1379; x_wconf 85' lang='lat' dir='ltr'><strong>quas</strong></span> 
     </span>
    </p>
   </div>
   <div class='ocr_carea' id='block_1_26' title="bbox 1925 1399 2942 1469">
    <p class='ocr_par' dir='ltr' id='par_1_26' title="bbox 1925 1399 2942 1469">
     <span class='ocr_line' id='line_1_26' title="bbox 1925 1399 2942 1469; baseline 0 -16"><span class='ocrx_word' id='word_1_189' title='bbox 1925 1414 1985 1453; x_wconf 91' lang='lat' dir='ltr'><strong>se</strong></span> <span class='ocrx_word' id='word_1_190' title='bbox 2014 1399 2230 1453; x_wconf 83' lang='lat' dir='ltr'><strong>diﬂerre</strong></span> <span class='ocrx_word' id='word_1_191' title='bbox 2262 1400 2523 1466; x_wconf 79' lang='lat' dir='ltr'><strong>promittit</strong></span> <span class='ocrx_word' id='word_1_192' title='bbox 2555 1400 2629 1453; x_wconf 88' lang='lat' dir='ltr'><strong>ita</strong></span> <span class='ocrx_word' id='word_1_193' title='bbox 2661 1400 2942 1469; x_wconf 88' lang='lat' dir='ltr'><strong>proponit:</strong></span> 
     </span>
    </p>
   </div>
   <div class='ocr_carea' id='block_1_27' title="bbox 2000 1490 3515 1565">
    <p class='ocr_par' dir='ltr' id='par_1_27' title="bbox 2000 1490 3515 1565">
     <span class='ocr_line' id='line_1_27' title="bbox 2000 1490 3515 1565; baseline 0.001 -21"><span class='ocrx_word' id='word_1_194' title='bbox 2000 1490 2123 1544; x_wconf 70' lang='lat' dir='ltr'><strong>Hos:</strong></span> <span class='ocrx_word' id='word_1_195' title='bbox 2147 1492 2210 1544; x_wconf 88' lang='lat' dir='ltr'><strong>de</strong></span> <span class='ocrx_word' id='word_1_196' title='bbox 2227 1493 2488 1561; x_wconf 77' lang='lat' dir='ltr'><strong>generibus</strong></span> <span class='ocrx_word' id='word_1_197' title='bbox 2504 1503 2551 1545; x_wconf 86' lang='lat' dir='ltr'><strong>et</strong></span> <span class='ocrx_word' id='word_1_198' title='bbox 2572 1493 2831 1563; x_wconf 78' lang='lat' dir='ltr'><strong>speciebus</strong></span> <span class='ocrx_word' id='word_1_199' title='bbox 2864 1492 2997 1546; x_wconf 86' lang='lat' dir='ltr'><strong>illud</strong></span> <span class='ocrx_word' id='word_1_200' title='bbox 3013 1493 3241 1565; x_wconf 80' lang='lat' dir='ltr'><strong>quidem,</strong></span> <span class='ocrx_word' id='word_1_201' title='bbox 3270 1492 3373 1548; x_wconf 81' lang='lat' dir='ltr'><strong>sive</strong></span> <span class='ocrx_word' id='word_1_202' title='bbox 3391 1492 3515 1546; x_wconf 80' lang='lat' dir='ltr'><strong>sub-</strong></span> 
     </span>
    </p>
   </div>
   <div class='ocr_carea' id='block_1_28' title="bbox 1923 1584 3520 1657">
    <p class='ocr_par' dir='ltr' id='par_1_28' title="bbox 1923 1584 3520 1657">
     <span class='ocr_line' id='line_1_28' title="bbox 1923 1584 3520 1657; baseline 0.001 -19"><span class='ocrx_word' id='word_1_203' title='bbox 1923 1586 2128 1651; x_wconf 82' lang='lat' dir='ltr'><strong>sistant,</strong></span> <span class='ocrx_word' id='word_1_204' title='bbox 2159 1588 2264 1638; x_wconf 83' lang='lat' dir='ltr'><strong>sive</strong></span> <span class='ocrx_word' id='word_1_205' title='bbox 2290 1587 2343 1638; x_wconf 85' lang='lat' dir='ltr'><strong>in</strong></span> <span class='ocrx_word' id='word_1_206' title='bbox 2366 1584 2491 1640; x_wconf 85' lang='lat' dir='ltr'><strong>solis</strong></span> <span class='ocrx_word' id='word_1_207' title='bbox 2526 1587 2680 1640; x_wconf 85' lang='lat' dir='ltr'><strong>nudis</strong></span> <span class='ocrx_word' id='word_1_208' title='bbox 2705 1587 3046 1641; x_wconf 81' lang='lat' dir='ltr'><strong>intellectibus</strong></span> <span class='ocrx_word' id='word_1_209' title='bbox 3076 1590 3243 1657; x_wconf 82' lang='lat' dir='ltr'><strong>posita</strong></span> <span class='ocrx_word' id='word_1_210' title='bbox 3270 1588 3393 1652; x_wconf 86' lang='lat' dir='ltr'><strong>sint,</strong></span> <span class='ocrx_word' id='word_1_211' title='bbox 3417 1588 3520 1641; x_wconf 76' lang='lat' dir='ltr'><strong>sive</strong></span> 
     </span>
    </p>
   </div>
   <div class='ocr_carea' id='block_1_29' title="bbox 1900 1678 3520 1750">
    <p class='ocr_par' dir='ltr' id='par_1_29' title="bbox 1900 1678 3520 1750">
     <span class='ocr_line' id='line_1_29' title="bbox 1900 1678 3520 1750; baseline 0.001 -19"><span class='ocrx_word' id='word_1_212' title='bbox 1900 1678 2253 1743; x_wconf 73' lang='lat' dir='ltr'><strong>subsistentia</strong></span> <span class='ocrx_word' id='word_1_213' title='bbox 2278 1679 2568 1749; x_wconf 82' lang='lat' dir='ltr'><strong>corporalia</strong></span> <span class='ocrx_word' id='word_1_214' title='bbox 2609 1679 2709 1733; x_wconf 86' lang='lat' dir='ltr'><strong>sint</strong></span> <span class='ocrx_word' id='word_1_215' title='bbox 2750 1696 2818 1734; x_wconf 85' lang='lat' dir='ltr'><strong>an</strong></span> <span class='ocrx_word' id='word_1_216' title='bbox 2854 1679 3227 1750; x_wconf 84' lang='lat' dir='ltr'><strong>incorporalia,</strong></span> <span class='ocrx_word' id='word_1_217' title='bbox 3273 1688 3520 1734; x_wconf 79' lang='lat' dir='ltr'><strong>etutrunt</strong></span> 
     </span>
    </p>
   </div>
   <div class='ocr_carea' id='block_1_30' title="bbox 1921 1771 3520 1845">
    <p class='ocr_par' dir='ltr' id='par_1_30' title="bbox 1921 1771 3520 1845">
     <span class='ocr_line' id='line_1_30' title="bbox 1921 1771 3520 1845; baseline 0.001 -19"><span class='ocrx_word' id='word_1_218' title='bbox 1921 1781 2161 1842; x_wconf 82' lang='lat' dir='ltr'><strong>separata</strong></span> <span class='ocrx_word' id='word_1_219' title='bbox 2179 1789 2210 1824; x_wconf 92' lang='lat' dir='ltr'><strong>a</strong></span> <span class='ocrx_word' id='word_1_220' title='bbox 2227 1771 2548 1827; x_wconf 86' lang='lat' dir='ltr'><strong>sensibilibus</strong></span> <span class='ocrx_word' id='word_1_221' title='bbox 2570 1789 2637 1826; x_wconf 86' lang='lat' dir='ltr'><strong>an</strong></span> <span class='ocrx_word' id='word_1_222' title='bbox 2666 1773 2720 1826; x_wconf 86' lang='lat' dir='ltr'><strong>in</strong></span> <span class='ocrx_word' id='word_1_223' title='bbox 2748 1771 3070 1827; x_wconf 86' lang='lat' dir='ltr'><strong>sensibilibus</strong></span> <span class='ocrx_word' id='word_1_224' title='bbox 3087 1776 3253 1845; x_wconf 84' lang='lat' dir='ltr'><strong>posita</strong></span> <span class='ocrx_word' id='word_1_225' title='bbox 3271 1788 3293 1829; x_wconf 91' lang='lat'><strong><em>:</em></strong></span> <span class='ocrx_word' id='word_1_226' title='bbox 3308 1784 3358 1828; x_wconf 84' lang='lat' dir='ltr'><strong>et</strong></span> <span class='ocrx_word' id='word_1_227' title='bbox 3379 1775 3520 1828; x_wconf 77' lang='lat' dir='ltr'><strong>circa</strong></span> 
     </span>
    </p>
   </div>
   <div class='ocr_carea' id='block_1_31' title="bbox 236 1861 3520 1934">
    <p class='ocr_par' dir='ltr' id='par_1_31' title="bbox 236 1861 3520 1934">
     <span class='ocr_line' id='line_1_31' title="bbox 236 1861 3520 1934; baseline 0.001 -21"><span class='ocrx_word' id='word_1_228' title='bbox 236 1877 344 1915; x_wconf 81' lang='lat' dir='ltr'><strong>cum</strong></span> <span class='ocrx_word' id='word_1_229' title='bbox 372 1861 562 1918; x_wconf 75' lang='lat' dir='ltr'><strong>fuerint</strong></span> <span class='ocrx_word' id='word_1_230' title='bbox 604 1865 806 1932; x_wconf 65' lang='lat' dir='ltr'><strong>junctae</strong></span> <span class='ocrx_word' id='word_1_231' title='bbox 836 1873 1018 1934; x_wconf 85' lang='lat' dir='ltr'><strong>partes</strong></span> <span class='ocrx_word' id='word_1_232' title='bbox 1038 1907 1054 1933; x_wconf 94' lang='lat'><strong>,</strong></span> <span class='ocrx_word' id='word_1_233' title='bbox 1086 1868 1214 1920; x_wconf 87' lang='lat' dir='ltr'><strong>tunc</strong></span> <span class='ocrx_word' id='word_1_234' title='bbox 1244 1874 1390 1920; x_wconf 87' lang='lat' dir='ltr'><strong>recte</strong></span> <span class='ocrx_word' id='word_1_235' title='bbox 1421 1863 1587 1919; x_wconf 87' lang='lat' dir='ltr'><strong>totius</strong></span> <span class='ocrx_word' id='word_1_236' title='bbox 1617 1880 1810 1920; x_wconf 89' lang='lat' dir='ltr'><strong>nomen</strong></span> <span class='ocrx_word' id='word_1_237' title='bbox 1845 1864 1895 1929; x_wconf 88' lang='lat' dir='ltr'><strong>B</strong></span> <span class='ocrx_word' id='word_1_238' title='bbox 1924 1861 2036 1917; x_wconf 68' lang='lat' dir='ltr'><strong>haec</strong></span> <span class='ocrx_word' id='word_1_239' title='bbox 2072 1863 2399 1917; x_wconf 79' lang='lat' dir='ltr'><strong>consistentia</strong></span> <span class='ocrx_word' id='word_1_240' title='bbox 2428 1864 2594 1919; x_wconf 82' lang='lat' dir='ltr'><strong>dicere</strong></span> <span class='ocrx_word' id='word_1_241' title='bbox 2622 1864 2888 1917; x_wconf 83' lang='lat' dir='ltr'><strong>recusabo.</strong></span> <span class='ocrx_word' id='word_1_242' title='bbox 2915 1863 3233 1918; x_wconf 82' lang='lat' dir='ltr'><strong>Altissimum</strong></span> <span class='ocrx_word' id='word_1_243' title='bbox 3262 1862 3399 1917; x_wconf 83' lang='lat' dir='ltr'><strong>enim</strong></span> <span class='ocrx_word' id='word_1_244' title='bbox 3429 1878 3520 1917; x_wconf 80' lang='lat' dir='ltr'><strong>nc-</strong></span> 
     </span>
    </p>
   </div>
   <div class='ocr_carea' id='block_1_32' title="bbox 231 1954 1815 2026">
    <p class='ocr_par' dir='ltr' id='par_1_32' title="bbox 231 1954 1815 2026">
     <span class='ocr_line' id='line_1_32' title="bbox 231 1954 1815 2026; baseline 0.003 -18"><span class='ocrx_word' id='word_1_245' title='bbox 231 1954 504 2025; x_wconf 76' lang='lat' dir='ltr'><strong>escipiunt.</strong></span> <span class='ocrx_word' id='word_1_246' title='bbox 540 1955 614 2012; x_wconf 92' lang='lat' dir='ltr'><strong>De</strong></span> <span class='ocrx_word' id='word_1_247' title='bbox 643 1973 707 2014; x_wconf 89' lang='lat' dir='ltr'><strong>ea</strong></span> <span class='ocrx_word' id='word_1_248' title='bbox 737 1972 868 2012; x_wconf 87' lang='lat' dir='ltr'><strong>vero</strong></span> <span class='ocrx_word' id='word_1_249' title='bbox 894 1956 1161 2013; x_wconf 78' lang='lat' dir='ltr'><strong>divisione</strong></span> <span class='ocrx_word' id='word_1_250' title='bbox 1188 1972 1307 2026; x_wconf 72' lang='lat' dir='ltr'><strong>quae</strong></span> <span class='ocrx_word' id='word_1_251' title='bbox 1337 1957 1627 2012; x_wconf 90' lang='lat' dir='ltr'><strong>secundum</strong></span> <span class='ocrx_word' id='word_1_252' title='bbox 1674 1958 1815 2013; x_wconf 87' lang='lat' dir='ltr'><strong>acci-</strong></span> 
     </span>
    </p>
   </div>
   <div class='ocr_carea' id='block_1_33' title="bbox 233 2045 1817 2119">
    <p class='ocr_par' dir='ltr' id='par_1_33' title="bbox 233 2045 1817 2119">
     <span class='ocr_line' id='line_1_33' title="bbox 233 2045 1817 2119; baseline 0.003 -18"><span class='ocrx_word' id='word_1_253' title='bbox 233 2045 347 2101; x_wconf 77' lang='lat' dir='ltr'><strong>dens</strong></span> <span class='ocrx_word' id='word_1_254' title='bbox 372 2050 446 2114; x_wconf 86' lang='lat' dir='ltr'><strong>lit,</strong></span> <span class='ocrx_word' id='word_1_255' title='bbox 473 2048 650 2103; x_wconf 90' lang='lat' dir='ltr'><strong>nullus</strong></span> <span class='ocrx_word' id='word_1_256' title='bbox 678 2050 910 2118; x_wconf 80' lang='lat' dir='ltr'><strong>ignorat,</strong></span> <span class='ocrx_word' id='word_1_257' title='bbox 942 2049 1070 2119; x_wconf 89' lang='lat' dir='ltr'><strong>quin</strong></span> <span class='ocrx_word' id='word_1_258' title='bbox 1100 2050 1372 2119; x_wconf 89' lang='lat' dir='ltr'><strong>incognito</strong></span> <span class='ocrx_word' id='word_1_259' title='bbox 1413 2048 1702 2117; x_wconf 90' lang='lat' dir='ltr'><strong>accidenti,</strong></span> <span class='ocrx_word' id='word_1_260' title='bbox 1734 2052 1817 2106; x_wconf 69' lang='lat' dir='ltr'><strong>in~</strong></span> 
     </span>
    </p>
   </div>
   <div class='ocr_carea' id='block_1_34' title="bbox 235 2140 1817 2211">
    <p class='ocr_par' dir='ltr' id='par_1_34' title="bbox 235 2140 1817 2211">
     <span class='ocr_line' id='line_1_34' title="bbox 235 2140 1817 2211; baseline 0.003 -18"><span class='ocrx_word' id='word_1_261' title='bbox 235 2143 530 2211; x_wconf 79' lang='lat' dir='ltr'><strong>cognitaque</strong></span> <span class='ocrx_word' id='word_1_262' title='bbox 556 2141 605 2195; x_wconf 89' lang='lat' dir='ltr'><strong>vi</strong></span> <span class='ocrx_word' id='word_1_263' title='bbox 626 2143 840 2211; x_wconf 76' lang='lat' dir='ltr'><strong>generis</strong></span> <span class='ocrx_word' id='word_1_264' title='bbox 864 2157 927 2197; x_wconf 86' lang='lat' dir='ltr'><strong>ac</strong></span> <span class='ocrx_word' id='word_1_265' title='bbox 946 2140 1393 2209; x_wconf 85' lang='lat' dir='ltr'><strong>differentiarum,</strong></span> <span class='ocrx_word' id='word_1_266' title='bbox 1421 2143 1575 2198; x_wconf 86' lang='lat' dir='ltr'><strong>facile</strong></span> <span class='ocrx_word' id='word_1_267' title='bbox 1598 2144 1817 2199; x_wconf 87' lang='lat' dir='ltr'><strong>evenire</strong></span> 
     </span>
    </p>
   </div>
   <div class='ocr_carea' id='block_1_35' title="bbox 232 2234 1817 2306">
    <p class='ocr_par' dir='ltr' id='par_1_35' title="bbox 232 2234 1817 2306">
     <span class='ocr_line' id='line_1_35' title="bbox 232 2234 1817 2306; baseline 0.004 -20"><span class='ocrx_word' id='word_1_268' title='bbox 232 2235 380 2301; x_wconf 85' lang='lat' dir='ltr'><strong>possit</strong></span> <span class='ocrx_word' id='word_1_269' title='bbox 430 2243 488 2289; x_wconf 89' lang='lat' dir='ltr'><strong>ut</strong></span> <span class='ocrx_word' id='word_1_270' title='bbox 541 2235 791 2290; x_wconf 89' lang='lat' dir='ltr'><strong>accidens</strong></span> <span class='ocrx_word' id='word_1_271' title='bbox 840 2236 913 2290; x_wconf 88' lang='lat' dir='ltr'><strong>ita</strong></span> <span class='ocrx_word' id='word_1_272' title='bbox 973 2236 1025 2289; x_wconf 93' lang='lat' dir='ltr'><strong>in</strong></span> <span class='ocrx_word' id='word_1_273' title='bbox 1077 2234 1326 2305; x_wconf 89' lang='lat' dir='ltr'><strong>subjecta</strong></span> <span class='ocrx_word' id='word_1_274' title='bbox 1374 2235 1616 2290; x_wconf 85' lang='lat' dir='ltr'><strong>solvatur</strong></span> <span class='ocrx_word' id='word_1_275' title='bbox 1663 2237 1817 2306; x_wconf 89' lang='lat' dir='ltr'><strong>quasi</strong></span> 
     </span>
    </p>
   </div>
   <div class='ocr_carea' id='block_1_36' title="bbox 227 2326 1813 2397">
    <p class='ocr_par' dir='ltr' id='par_1_36' title="bbox 227 2326 1813 2397">
     <span class='ocr_line' id='line_1_36' title="bbox 227 2326 1813 2397; baseline 0.001 -19"><span class='ocrx_word' id='word_1_276' title='bbox 227 2337 377 2395; x_wconf 78' lang='lat' dir='ltr'><strong>genus</strong></span> <span class='ocrx_word' id='word_1_277' title='bbox 404 2326 457 2381; x_wconf 92' lang='lat' dir='ltr'><strong>in</strong></span> <span class='ocrx_word' id='word_1_278' title='bbox 487 2327 719 2397; x_wconf 88' lang='lat' dir='ltr'><strong>species,</strong></span> <span class='ocrx_word' id='word_1_279' title='bbox 765 2337 820 2382; x_wconf 91' lang='lat' dir='ltr'><strong>et</strong></span> <span class='ocrx_word' id='word_1_280' title='bbox 849 2338 1123 2396; x_wconf 78' lang='lat' dir='ltr'><strong>posuemo</strong></span> <span class='ocrx_word' id='word_1_281' title='bbox 1152 2343 1366 2382; x_wconf 90' lang='lat' dir='ltr'><strong>omnem</strong></span> <span class='ocrx_word' id='word_1_282' title='bbox 1394 2327 1535 2383; x_wconf 86' lang='lat' dir='ltr'><strong>hunc</strong></span> <span class='ocrx_word' id='word_1_283' title='bbox 1565 2327 1813 2384; x_wconf 88' lang='lat' dir='ltr'><strong>ordinem</strong></span> 
     </span>
    </p>
   </div>
   <div class='ocr_carea' id='block_1_37' title="bbox 223 2419 1819 2490">
    <p class='ocr_par' dir='ltr' id='par_1_37' title="bbox 223 2419 1819 2490">
     <span class='ocr_line' id='line_1_37' title="bbox 223 2419 1819 2490; baseline 0.003 -19"><span class='ocrx_word' id='word_1_284' title='bbox 223 2420 514 2487; x_wconf 76' lang='lat' dir='ltr'><strong>partitionis</strong></span> <span class='ocrx_word' id='word_1_285' title='bbox 583 2420 879 2477; x_wconf 69' lang='lat' dir='ltr'><strong>fmdissime</strong></span> <span class='ocrx_word' id='word_1_286' title='bbox 958 2420 1300 2490; x_wconf 82' lang='lat' dir='ltr'><strong>permiscebit</strong></span> <span class='ocrx_word' id='word_1_287' title='bbox 1374 2419 1691 2477; x_wconf 77' lang='lat' dir='ltr'><strong>inscientia.‘</strong></span> <span class='ocrx_word' id='word_1_288' title='bbox 1752 2421 1819 2475; x_wconf 79' lang='lat' dir='ltr'><strong>Et</strong></span> 
     </span>
    </p>
   </div>
   <div class='ocr_carea' id='block_1_38' title="bbox 222 2513 1817 2587">
    <p class='ocr_par' dir='ltr' id='par_1_38' title="bbox 222 2513 1817 2587">
     <span class='ocr_line' id='line_1_38' title="bbox 222 2513 1817 2587; baseline 0.002 -21"><span class='ocrx_word' id='word_1_289' title='bbox 222 2516 471 2583; x_wconf 87' lang='lat' dir='ltr'><strong>quoniam</strong></span> <span class='ocrx_word' id='word_1_290' title='bbox 498 2514 626 2584; x_wconf 90' lang='lat' dir='ltr'><strong>quid</strong></span> <span class='ocrx_word' id='word_1_291' title='bbox 654 2514 717 2569; x_wconf 83' lang='lat' dir='ltr'><strong>ad</strong></span> <span class='ocrx_word' id='word_1_292' title='bbox 742 2514 1058 2585; x_wconf 86' lang='lat' dir='ltr'><strong>divisionem</strong></span> <span class='ocrx_word' id='word_1_293' title='bbox 1092 2514 1177 2569; x_wconf 89' lang='lat' dir='ltr'><strong>bic</strong></span> <span class='ocrx_word' id='word_1_294' title='bbox 1204 2513 1339 2570; x_wconf 89' lang='lat' dir='ltr'><strong>liber</strong></span> <span class='ocrx_word' id='word_1_295' title='bbox 1362 2516 1549 2587; x_wconf 91' lang='lat' dir='ltr'><strong>prosit&#39;</strong></span> <span class='ocrx_word' id='word_1_296' title='bbox 1573 2513 1817 2571; x_wconf 88' lang='lat' dir='ltr'><strong>ostendi-</strong></span> 
     </span>
    </p>
   </div>
   <div class='ocr_carea' id='block_1_39' title="bbox 224 2602 1816 2679">
    <p class='ocr_par' dir='ltr' id='par_1_39' title="bbox 224 2602 1816 2679">
     <span class='ocr_line' id='line_1_39' title="bbox 224 2602 1816 2679; baseline 0.001 -20"><span class='ocrx_word' id='word_1_297' title='bbox 224 2621 371 2669; x_wconf 83' lang='lat' dir='ltr'><strong>mus,</strong></span> <span class='ocrx_word' id='word_1_298' title='bbox 402 2622 543 2662; x_wconf 85' lang='lat' dir='ltr'><strong>nunc</strong></span> <span class='ocrx_word' id='word_1_299' title='bbox 568 2608 633 2661; x_wconf 92' lang='lat' dir='ltr'><strong>de</strong></span> <span class='ocrx_word' id='word_1_300' title='bbox 658 2606 1111 2663; x_wconf 88' lang='lat' dir='ltr'><strong>demonstratione</strong></span> <span class='ocrx_word' id='word_1_301' title='bbox 1139 2602 1402 2673; x_wconf 89' lang='lat' dir='ltr'><strong>dicemus,</strong></span> <span class='ocrx_word' id='word_1_302' title='bbox 1430 2626 1496 2663; x_wconf 93' lang='lat' dir='ltr'><strong>ne</strong></span> <span class='ocrx_word' id='word_1_303' title='bbox 1526 2624 1621 2679; x_wconf 92' lang='lat' dir='ltr'><strong>per</strong></span> <span class='ocrx_word' id='word_1_304' title='bbox 1650 2608 1816 2662; x_wconf 88' lang='lat' dir='ltr'><strong>ardua</strong></span> 
     </span>
    </p>
   </div>
   <div class='ocr_carea' id='block_1_40' title="bbox 223 2699 1819 2773">
    <p class='ocr_par' dir='ltr' id='par_1_40' title="bbox 223 2699 1819 2773">
     <span class='ocr_line' id='line_1_40' title="bbox 223 2699 1819 2773; baseline 0.002 -21"><span class='ocrx_word' id='word_1_305' title='bbox 223 2711 384 2770; x_wconf 82' lang='lat' dir='ltr'><strong>atque</strong></span> <span class='ocrx_word' id='word_1_306' title='bbox 428 2699 665 2755; x_wconf 73' lang='lat' dir='ltr'><strong>difﬁcilia</strong></span> <span class='ocrx_word' id='word_1_307' title='bbox 713 2702 926 2771; x_wconf 76' lang='lat' dir='ltr'><strong>luerent,</strong></span> <span class='ocrx_word' id='word_1_308' title='bbox 962 2702 1056 2773; x_wconf 92' lang='lat' dir='ltr'><strong>qui</strong></span> <span class='ocrx_word' id='word_1_309' title='bbox 1094 2699 1150 2755; x_wconf 91' lang='lat' dir='ltr'><strong>in</strong></span> <span class='ocrx_word' id='word_1_310' title='bbox 1196 2710 1343 2757; x_wconf 87' lang='lat' dir='ltr'><strong>tanta</strong></span> <span class='ocrx_word' id='word_1_311' title='bbox 1390 2702 1491 2756; x_wconf 87' lang='lat' dir='ltr'><strong>hac</strong></span> <span class='ocrx_word' id='word_1_312' title='bbox 1538 2701 1819 2771; x_wconf 87' lang='lat' dir='ltr'><strong>disciplina</strong></span> 
     </span>
    </p>
   </div>
   <div class='ocr_carea' id='block_1_41' title="bbox 223 2794 1822 2865">
    <p class='ocr_par' dir='ltr' id='par_1_41' title="bbox 223 2794 1822 2865">
     <span class='ocr_line' id='line_1_41' title="bbox 223 2794 1822 2865; baseline 0.001 -18"><span class='ocrx_word' id='word_1_313' title='bbox 223 2794 626 2861; x_wconf 82' lang='lat' dir='ltr'><strong>vigilantissimo</strong></span> <span class='ocrx_word' id='word_1_314' title='bbox 675 2796 884 2865; x_wconf 87' lang='lat' dir='ltr'><strong>ingenio</strong></span> <span class='ocrx_word' id='word_1_315' title='bbox 940 2807 995 2852; x_wconf 93' lang='lat' dir='ltr'><strong>et</strong></span> <span class='ocrx_word' id='word_1_316' title='bbox 1027 2796 1385 2852; x_wconf 85' lang='lat' dir='ltr'><strong>solertissime</strong></span> <span class='ocrx_word' id='word_1_317' title='bbox 1433 2794 1620 2849; x_wconf 91' lang='lat' dir='ltr'><strong>labore</strong></span> <span class='ocrx_word' id='word_1_318' title='bbox 1662 2795 1822 2849; x_wconf 89' lang='lat' dir='ltr'><strong>suda-</strong></span> 
     </span>
    </p>
   </div>
   <div class='ocr_carea' id='block_1_42' title="bbox 228 2884 1819 2955">
    <p class='ocr_par' dir='ltr' id='par_1_42' title="bbox 228 2884 1819 2955">
     <span class='ocr_line' id='line_1_42' title="bbox 228 2884 1819 2955; baseline 0.003 -20"><span class='ocrx_word' id='word_1_319' title='bbox 228 2885 353 2939; x_wconf 88' lang='lat' dir='ltr'><strong>verit</strong></span> <span class='ocrx_word' id='word_1_320' title='bbox 378 2901 393 2939; x_wconf 88' lang='lat'><strong>:</strong></span> <span class='ocrx_word' id='word_1_321' title='bbox 422 2887 479 2939; x_wconf 88' lang='lat' dir='ltr'><strong>lit</strong></span> <span class='ocrx_word' id='word_1_322' title='bbox 507 2887 654 2942; x_wconf 89' lang='lat' dir='ltr'><strong>enim</strong></span> <span class='ocrx_word' id='word_1_323' title='bbox 683 2887 1094 2953; x_wconf 88' lang='lat' dir='ltr'><strong>demonstratio,</strong></span> <span class='ocrx_word' id='word_1_324' title='bbox 1126 2887 1179 2943; x_wconf 91' lang='lat' dir='ltr'><strong>id</strong></span> <span class='ocrx_word' id='word_1_325' title='bbox 1207 2897 1291 2943; x_wconf 89' lang='lat' dir='ltr'><strong>est</strong></span> <span class='ocrx_word' id='word_1_326' title='bbox 1317 2886 1545 2953; x_wconf 86' lang='lat' dir='ltr'><strong>alicujus</strong></span> <span class='ocrx_word' id='word_1_327' title='bbox 1575 2884 1819 2955; x_wconf 62' lang='lat' dir='ltr'><strong>quaesitae</strong></span> 
     </span>
    </p>
   </div>
   <div class='ocr_carea' id='block_1_43' title="bbox 229 2976 1820 3050">
    <p class='ocr_par' dir='ltr' id='par_1_43' title="bbox 229 2976 1820 3050">
     <span class='ocr_line' id='line_1_43' title="bbox 229 2976 1820 3050; baseline -0.001 -19"><span class='ocrx_word' id='word_1_328' title='bbox 229 2976 303 3031; x_wconf 88' lang='lat' dir='ltr'><strong>rei</strong></span> <span class='ocrx_word' id='word_1_329' title='bbox 327 2988 462 3031; x_wconf 65' lang='lat' dir='ltr'><strong>certa</strong></span> <span class='ocrx_word' id='word_1_330' title='bbox 494 2978 720 3032; x_wconf 83' lang='lat' dir='ltr'><strong>rationis</strong></span> <span class='ocrx_word' id='word_1_331' title='bbox 750 2979 1021 3046; x_wconf 89' lang='lat' dir='ltr'><strong>collectio,</strong></span> <span class='ocrx_word' id='word_1_332' title='bbox 1055 2996 1121 3036; x_wconf 77' lang='lat' dir='ltr'><strong>ex</strong></span> <span class='ocrx_word' id='word_1_333' title='bbox 1146 2990 1271 3035; x_wconf 84' lang='lat' dir='ltr'><strong>ante</strong></span> <span class='ocrx_word' id='word_1_334' title='bbox 1298 2978 1529 3050; x_wconf 86' lang='lat' dir='ltr'><strong>cognitis</strong></span> <span class='ocrx_word' id='word_1_335' title='bbox 1560 2977 1820 3032; x_wconf 84' lang='lat' dir='ltr'><strong>naturali-</strong></span> 
     </span>
    </p>
   </div>
   <div class='ocr_carea' id='block_1_44' title="bbox 235 3064 1823 3139">
    <p class='ocr_par' dir='ltr' id='par_1_44' title="bbox 235 3064 1823 3139">
     <span class='ocr_line' id='line_1_44' title="bbox 235 3064 1823 3139; baseline 0.004 -21"><span class='ocrx_word' id='word_1_336' title='bbox 235 3077 331 3125; x_wconf 89' lang='lat' dir='ltr'><strong>ter.</strong></span> <span class='ocrx_word' id='word_1_337' title='bbox 356 3086 415 3123; x_wconf 74' lang='lat' dir='ltr'><strong>es</strong></span> <span class='ocrx_word' id='word_1_338' title='bbox 450 3070 916 3137; x_wconf 86' lang='lat' dir='ltr'><strong>convenientibus,</strong></span> <span class='ocrx_word' id='word_1_339' title='bbox 949 3088 1016 3126; x_wconf 78' lang='lat' dir='ltr'><strong>ex</strong></span> <span class='ocrx_word' id='word_1_340' title='bbox 1054 3064 1358 3139; x_wconf 46' lang='lat' dir='ltr'><strong>primis,&#39;ex</strong></span> <span class='ocrx_word' id='word_1_341' title='bbox 1405 3085 1590 3136; x_wconf 89' lang='lat' dir='ltr'><strong>causa,</strong></span> <span class='ocrx_word' id='word_1_342' title='bbox 1617 3084 1684 3124; x_wconf 83' lang='lat' dir='ltr'><strong>ex</strong></span> <span class='ocrx_word' id='word_1_343' title='bbox 1728 3084 1823 3124; x_wconf 87' lang='lat' dir='ltr'><strong>ne-</strong></span> 
     </span>
    </p>
   </div>
   <div class='ocr_carea' id='block_1_45' title="bbox 231 3161 1876 3234">
    <p class='ocr_par' dir='ltr' id='par_1_45' title="bbox 231 3161 1876 3234">
     <span class='ocr_line' id='line_1_45' title="bbox 231 3161 1876 3234; baseline 0.002 -23"><span class='ocrx_word' id='word_1_344' title='bbox 231 3161 486 3226; x_wconf 79' lang='lat' dir='ltr'><strong>cessariis,</strong></span> <span class='ocrx_word' id='word_1_345' title='bbox 521 3176 587 3217; x_wconf 81' lang='lat' dir='ltr'><strong>ex</strong></span> <span class='ocrx_word' id='word_1_346' title='bbox 637 3178 735 3232; x_wconf 85' lang='lat' dir='ltr'><strong>per</strong></span> <span class='ocrx_word' id='word_1_347' title='bbox 775 3179 836 3219; x_wconf 91' lang='lat' dir='ltr'><strong>se</strong></span> <span class='ocrx_word' id='word_1_348' title='bbox 883 3163 1294 3219; x_wconf 69' lang='lat' dir='ltr'><strong>inhmrentibus.</strong></span> <span class='ocrx_word' id='word_1_349' title='bbox 1334 3162 1441 3219; x_wconf 91' lang='lat' dir='ltr'><strong>Sed</strong></span> <span class='ocrx_word' id='word_1_350' title='bbox 1472 3179 1666 3234; x_wconf 87' lang='lat' dir='ltr'><strong>genera</strong></span> <span class='ocrx_word' id='word_1_351' title='bbox 1700 3176 1876 3232; x_wconf 41' lang='lat' dir='ltr'><strong>spe-v.</strong></span> 
     </span>
    </p>
   </div>
   <div class='ocr_carea' id='block_1_46' title="bbox 1921 1955 3445 2028">
    <p class='ocr_par' dir='ltr' id='par_1_46' title="bbox 1921 1955 3445 2028">
     <span class='ocr_line' id='line_1_46' title="bbox 1921 1955 3445 2028; baseline 0.001 -19"><span class='ocrx_word' id='word_1_352' title='bbox 1921 1956 2118 2026; x_wconf 83' lang='lat' dir='ltr'><strong>gotium</strong></span> <span class='ocrx_word' id='word_1_353' title='bbox 2143 1966 2215 2010; x_wconf 88' lang='lat' dir='ltr'><strong>est</strong></span> <span class='ocrx_word' id='word_1_354' title='bbox 2246 1955 2567 2027; x_wconf 82' lang='lat' dir='ltr'><strong>hujusmodi,</strong></span> <span class='ocrx_word' id='word_1_355' title='bbox 2586 1966 2634 2009; x_wconf 87' lang='lat' dir='ltr'><strong>et</strong></span> <span class='ocrx_word' id='word_1_356' title='bbox 2663 1957 2878 2028; x_wconf 84' lang='lat' dir='ltr'><strong>majoris</strong></span> <span class='ocrx_word' id='word_1_357' title='bbox 2908 1972 3057 2027; x_wconf 84' lang='lat' dir='ltr'><strong>egens</strong></span> <span class='ocrx_word' id='word_1_358' title='bbox 3075 1956 3445 2025; x_wconf 79' lang='lat' dir='ltr'><strong>inquisitionis.</strong></span> 
     </span>
    </p>
   </div>
   <div class='ocr_carea' id='block_1_47' title="bbox 1904 2046 3519 2123">
    <p class='ocr_par' dir='ltr' id='par_1_47' title="bbox 1904 2046 3519 2123">
     <span class='ocr_line' id='line_1_47' title="bbox 1904 2046 3519 2123; baseline 0 -22"><span class='ocrx_word' id='word_1_359' title='bbox 1904 2112 1909 2123; x_wconf 34' lang='grc' dir='ltr'>ι</span> <span class='ocrx_word' id='word_1_360' title='bbox 1995 2046 2250 2109; x_wconf 85' lang='lat' dir='ltr'><strong>Altiores,</strong></span> <span class='ocrx_word' id='word_1_361' title='bbox 2276 2046 2471 2117; x_wconf 88' lang='lat' dir='ltr'><strong>inquit,</strong></span> <span class='ocrx_word' id='word_1_362' title='bbox 2498 2047 2825 2117; x_wconf 73' lang='lat' dir='ltr'><strong>quaestiones</strong></span> <span class='ocrx_word' id='word_1_363' title='bbox 2847 2057 3107 2117; x_wconf 82' lang='lat' dir='ltr'><strong>praetereo</strong></span> <span class='ocrx_word' id='word_1_364' title='bbox 3127 2063 3196 2102; x_wconf 90' lang='lat' dir='ltr'><strong>ne</strong></span> <span class='ocrx_word' id='word_1_365' title='bbox 3222 2047 3301 2103; x_wconf 89' lang='lat' dir='ltr'><strong>eis</strong></span> <span class='ocrx_word' id='word_1_366' title='bbox 3324 2048 3519 2103; x_wconf 87' lang='lat' dir='ltr'><strong>intem-</strong></span> 
     </span>
    </p>
   </div>
   <div class='ocr_carea' id='block_1_48' title="bbox 1924 2126 3520 2210">
    <p class='ocr_par' dir='ltr' id='par_1_48' title="bbox 1924 2126 3520 2210">
     <span class='ocr_line' id='line_1_48' title="bbox 1924 2126 3520 2210; baseline -0.001 -16"><span class='ocrx_word' id='word_1_367' title='bbox 1924 2139 2136 2207; x_wconf 89' lang='lat' dir='ltr'><strong>pestive</strong></span> <span class='ocrx_word' id='word_1_368' title='bbox 2178 2126 2395 2203; x_wconf 81' lang='lat' dir='ltr'><strong>lectoris</strong></span> <span class='ocrx_word' id='word_1_369' title='bbox 2436 2140 2617 2195; x_wconf 91' lang='lat' dir='ltr'><strong>animo</strong></span> <span class='ocrx_word' id='word_1_370' title='bbox 2648 2140 2875 2209; x_wconf 82' lang='lat' dir='ltr'><strong>ingestis</strong></span> <span class='ocrx_word' id='word_1_371' title='bbox 2907 2140 3057 2195; x_wconf 91' lang='lat' dir='ltr'><strong>initia</strong></span> <span class='ocrx_word' id='word_1_372' title='bbox 3083 2139 3200 2209; x_wconf 87' lang='lat' dir='ltr'><strong>ejus</strong></span> <span class='ocrx_word' id='word_1_373' title='bbox 3230 2138 3520 2210; x_wconf 84' lang='lat' dir='ltr'><strong>primitias-</strong></span> 
     </span>
    </p>
   </div>
   <div class='ocr_carea' id='block_1_49' title="bbox 1924 2231 3519 2304">
    <p class='ocr_par' dir='ltr' id='par_1_49' title="bbox 1924 2231 3519 2304">
     <span class='ocr_line' id='line_1_49' title="bbox 1924 2231 3519 2304; baseline 0.001 -19"><span class='ocrx_word' id='word_1_374' title='bbox 1924 2248 2032 2304; x_wconf 87' lang='lat' dir='ltr'><strong>que</strong></span> <span class='ocrx_word' id='word_1_375' title='bbox 2059 2234 2391 2303; x_wconf 86' lang='lat' dir='ltr'><strong>perturbem.</strong></span> <span class='ocrx_word' id='word_1_376' title='bbox 2417 2233 2523 2288; x_wconf 78' lang='lat' dir='ltr'><strong>Sed</strong></span> <span class='ocrx_word' id='word_1_377' title='bbox 2555 2248 2623 2288; x_wconf 91' lang='lat' dir='ltr'><strong>ne</strong></span> <span class='ocrx_word' id='word_1_378' title='bbox 2651 2234 2873 2289; x_wconf 90' lang='lat' dir='ltr'><strong>omnino</strong></span> <span class='ocrx_word' id='word_1_379' title='bbox 2905 2231 3108 2289; x_wconf 88' lang='lat' dir='ltr'><strong>faceret</strong></span> <span class='ocrx_word' id='word_1_380' title='bbox 3136 2232 3519 2302; x_wconf 83' lang='lat' dir='ltr'><strong>negligentem,</strong></span> 
     </span>
    </p>
   </div>
   <div class='ocr_carea' id='block_1_50' title="bbox 1923 2324 3514 2397">
    <p class='ocr_par' dir='ltr' id='par_1_50' title="bbox 1923 2324 3514 2397">
     <span class='ocr_line' id='line_1_50' title="bbox 1923 2324 3514 2397; baseline 0 -18"><span class='ocrx_word' id='word_1_381' title='bbox 1923 2335 1986 2379; x_wconf 90' lang='lat' dir='ltr'><strong>ut</strong></span> <span class='ocrx_word' id='word_1_382' title='bbox 2029 2325 2160 2380; x_wconf 91' lang='lat' dir='ltr'><strong>nihil</strong></span> <span class='ocrx_word' id='word_1_383' title='bbox 2192 2332 2551 2397; x_wconf 67' lang='lat' dir='ltr'><strong>praeterquam</strong></span> <span class='ocrx_word' id='word_1_384' title='bbox 2592 2324 2735 2395; x_wconf 87' lang='lat' dir='ltr'><strong>quod</strong></span> <span class='ocrx_word' id='word_1_385' title='bbox 2778 2330 2892 2395; x_wconf 85' lang='lat' dir='ltr'><strong>ipse</strong></span> <span class='ocrx_word' id='word_1_386' title='bbox 2920 2324 3146 2381; x_wconf 82' lang='lat' dir='ltr'><strong>dixisset</strong></span> <span class='ocrx_word' id='word_1_387' title='bbox 3190 2326 3361 2381; x_wconf 85' lang='lat' dir='ltr'><strong>lector</strong></span> <span class='ocrx_word' id='word_1_388' title='bbox 3397 2339 3514 2380; x_wconf 89' lang='lat' dir='ltr'><strong>am-</strong></span> 
     </span>
    </p>
   </div>
   <div class='ocr_carea' id='block_1_51' title="bbox 1924 2418 3522 2489">
    <p class='ocr_par' dir='ltr' id='par_1_51' title="bbox 1924 2418 3522 2489">
     <span class='ocr_line' id='line_1_51' title="bbox 1924 2418 3522 2489; baseline 0.001 -17"><span class='ocrx_word' id='word_1_389' title='bbox 1924 2419 2066 2488; x_wconf 90' lang='lat' dir='ltr'><strong>plius</strong></span> <span class='ocrx_word' id='word_1_390' title='bbox 2102 2429 2315 2489; x_wconf 86' lang='lat' dir='ltr'><strong>putaret</strong></span> <span class='ocrx_word' id='word_1_391' title='bbox 2340 2420 2632 2489; x_wconf 90' lang='lat' dir='ltr'><strong>occultum,</strong></span> <span class='ocrx_word' id='word_1_392' title='bbox 2658 2418 2893 2489; x_wconf 91' lang='lat' dir='ltr'><strong>idipsum</strong></span> <span class='ocrx_word' id='word_1_393' title='bbox 2927 2419 3082 2488; x_wconf 90' lang='lat' dir='ltr'><strong>cujus</strong></span> <span class='ocrx_word' id='word_1_394' title='bbox 3116 2418 3522 2474; x_wconf 74' lang='lat' dir='ltr'><strong>exsecutionem</strong></span> 
     </span>
    </p>
   </div>
   <div class='ocr_carea' id='block_1_52' title="bbox 1902 2510 3521 2595">
    <p class='ocr_par' dir='ltr' id='par_1_52' title="bbox 1902 2510 3521 2595">
     <span class='ocr_line' id='line_1_52' title="bbox 1902 2510 3521 2595; baseline 0.001 -30"><span class='ocrx_word' id='word_1_395' title='bbox 1902 2525 2047 2595; x_wconf 71' lang='lat' dir='ltr'><strong>sese</strong></span> <span class='ocrx_word' id='word_1_396' title='bbox 2089 2510 2308 2568; x_wconf 81' lang='lat' dir='ltr'><strong>diﬁ‘erre</strong></span> <span class='ocrx_word' id='word_1_397' title='bbox 2346 2512 2627 2582; x_wconf 89' lang='lat' dir='ltr'><strong>promisit,</strong></span> <span class='ocrx_word' id='word_1_398' title='bbox 2681 2511 2909 2583; x_wconf 87' lang='lat' dir='ltr'><strong>addidit,</strong></span> <span class='ocrx_word' id='word_1_399' title='bbox 2959 2527 3031 2568; x_wconf 88' lang='lat' dir='ltr'><strong>ne</strong></span> <span class='ocrx_word' id='word_1_400' title='bbox 3074 2511 3144 2569; x_wconf 89' lang='lat' dir='ltr'><strong>de</strong></span> <span class='ocrx_word' id='word_1_401' title='bbox 3175 2512 3258 2568; x_wconf 87' lang='lat' dir='ltr'><strong>bis</strong></span> <span class='ocrx_word' id='word_1_402' title='bbox 3296 2512 3521 2567; x_wconf 88' lang='lat' dir='ltr'><strong>minime</strong></span> 
     </span>
    </p>
   </div>
   <div class='ocr_carea' id='block_1_53' title="bbox 1904 2604 3523 2679">
    <p class='ocr_par' dir='ltr' id='par_1_53' title="bbox 1904 2604 3523 2679">
     <span class='ocr_line' id='line_1_53' title="bbox 1904 2604 3523 2679; baseline 0.001 -21"><span class='ocrx_word' id='word_1_403' title='bbox 1904 2604 2156 2679; x_wconf 75' lang='lat' dir='ltr'><strong>obscure</strong></span> <span class='ocrx_word' id='word_1_404' title='bbox 2186 2606 2504 2677; x_wconf 88' lang='lat' dir='ltr'><strong>penitusque</strong></span> <span class='ocrx_word' id='word_1_405' title='bbox 2549 2606 2833 2662; x_wconf 88' lang='lat' dir='ltr'><strong>tractando</strong></span> <span class='ocrx_word' id='word_1_406' title='bbox 2858 2606 3051 2663; x_wconf 90' lang='lat' dir='ltr'><strong>lectori</strong></span> <span class='ocrx_word' id='word_1_407' title='bbox 3090 2606 3379 2679; x_wconf 88' lang='lat' dir='ltr'><strong>quidquam</strong></span> <span class='ocrx_word' id='word_1_408' title='bbox 3420 2606 3523 2660; x_wconf 86' lang='lat' dir='ltr'><strong>ob-</strong></span> 
     </span>
    </p>
   </div>
   <div class='ocr_carea' id='block_1_54' title="bbox 1925 2696 3523 2765">
    <p class='ocr_par' dir='ltr' id='par_1_54' title="bbox 1925 2696 3523 2765">
     <span class='ocr_line' id='line_1_54' title="bbox 1925 2696 3523 2765; baseline 0.002 -15"><span class='ocrx_word' id='word_1_409' title='bbox 1925 2698 2203 2751; x_wconf 81' lang='lat' dir='ltr'><strong>scuritatis</strong></span> <span class='ocrx_word' id='word_1_410' title='bbox 2249 2696 2582 2765; x_wconf 77' lang='lat' dir='ltr'><strong>effunderet,</strong></span> <span class='ocrx_word' id='word_1_411' title='bbox 2626 2706 2683 2754; x_wconf 90' lang='lat' dir='ltr'><strong>et</strong></span> <span class='ocrx_word' id='word_1_412' title='bbox 2727 2708 2906 2754; x_wconf 89' lang='lat' dir='ltr'><strong>tamen</strong></span> <span class='ocrx_word' id='word_1_413' title='bbox 2958 2698 3183 2755; x_wconf 86' lang='lat' dir='ltr'><strong>scientia</strong></span> <span class='ocrx_word' id='word_1_414' title='bbox 3237 2699 3523 2754; x_wconf 87' lang='lat' dir='ltr'><strong>roboratus</strong></span> 
     </span>
    </p>
   </div>
   <div class='ocr_carea' id='block_1_55' title="bbox 1910 2789 3523 2869">
    <p class='ocr_par' dir='ltr' id='par_1_55' title="bbox 1910 2789 3523 2869">
     <span class='ocr_line' id='line_1_55' title="bbox 1910 2789 3523 2869; baseline 0.001 -26"><span class='ocrx_word' id='word_1_415' title='bbox 1910 2789 2054 2869; x_wconf 87' lang='lat' dir='ltr'><strong>quid</strong></span> <span class='ocrx_word' id='word_1_416' title='bbox 2104 2792 2273 2859; x_wconf 64' lang='lat' dir='ltr'><strong>quaeri</strong></span> <span class='ocrx_word' id='word_1_417' title='bbox 2332 2789 2453 2860; x_wconf 83' lang='lat' dir='ltr'><strong>jure</strong></span> <span class='ocrx_word' id='word_1_418' title='bbox 2512 2792 2679 2860; x_wconf 87' lang='lat' dir='ltr'><strong>possit</strong></span> <span class='ocrx_word' id='word_1_419' title='bbox 2733 2800 3074 2861; x_wconf 86' lang='lat' dir='ltr'><strong>agnosceret.</strong></span> <span class='ocrx_word' id='word_1_420' title='bbox 3143 2791 3280 2849; x_wconf 90' lang='lat' dir='ltr'><strong>Sunt</strong></span> <span class='ocrx_word' id='word_1_421' title='bbox 3340 2798 3523 2845; x_wconf 86' lang='lat' dir='ltr'><strong>autem</strong></span> 
     </span>
    </p>
   </div>
   <div class='ocr_carea' id='block_1_56' title="bbox 1924 2878 3515 2955">
    <p class='ocr_par' dir='ltr' id='par_1_56' title="bbox 1924 2878 3515 2955">
     <span class='ocr_line' id='line_1_56' title="bbox 1924 2878 3515 2955; baseline 0.002 -19"><span class='ocrx_word' id='word_1_422' title='bbox 1924 2883 2256 2953; x_wconf 64' lang='lat' dir='ltr'><strong>qumstiones</strong></span> <span class='ocrx_word' id='word_1_423' title='bbox 2286 2898 2420 2954; x_wconf 89' lang='lat' dir='ltr'><strong>quas</strong></span> <span class='ocrx_word' id='word_1_424' title='bbox 2455 2897 2578 2939; x_wconf 88' lang='lat' dir='ltr'><strong>sese</strong></span> <span class='ocrx_word' id='word_1_425' title='bbox 2606 2883 2838 2940; x_wconf 90' lang='lat' dir='ltr'><strong>reticere</strong></span> <span class='ocrx_word' id='word_1_426' title='bbox 2863 2878 3125 2954; x_wconf 91' lang='lat' dir='ltr'><strong>promittit</strong></span> <span class='ocrx_word' id='word_1_427' title='bbox 3151 2893 3207 2939; x_wconf 93' lang='lat' dir='ltr'><strong>et</strong></span> <span class='ocrx_word' id='word_1_428' title='bbox 3234 2882 3515 2955; x_wconf 72' lang='lat' dir='ltr'><strong>perutiles,</strong></span> 
     </span>
    </p>
   </div>
   <div class='ocr_carea' id='block_1_57' title="bbox 1925 2974 3523 3046">
    <p class='ocr_par' dir='ltr' id='par_1_57' title="bbox 1925 2974 3523 3046">
     <span class='ocr_line' id='line_1_57' title="bbox 1925 2974 3523 3046; baseline 0.001 -18"><span class='ocrx_word' id='word_1_429' title='bbox 1925 2981 1983 3028; x_wconf 91' lang='lat' dir='ltr'><strong>et</strong></span> <span class='ocrx_word' id='word_1_430' title='bbox 2024 2985 2277 3041; x_wconf 69' lang='lat' dir='ltr'><strong>secretae,</strong></span> <span class='ocrx_word' id='word_1_431' title='bbox 2337 2984 2392 3031; x_wconf 89' lang='lat' dir='ltr'><strong>et</strong></span> <span class='ocrx_word' id='word_1_432' title='bbox 2434 2982 2653 3031; x_wconf 65' lang='lat' dir='ltr'><strong>tentata</strong></span> <span class='ocrx_word' id='word_1_433' title='bbox 2688 2974 2905 3046; x_wconf 90' lang='lat' dir='ltr'><strong>quidem</strong></span> <span class='ocrx_word' id='word_1_434' title='bbox 2943 2991 2974 3031; x_wconf 88' lang='lat' dir='ltr'><strong>a</strong></span> <span class='ocrx_word' id='word_1_435' title='bbox 3012 2975 3187 3032; x_wconf 87' lang='lat' dir='ltr'><strong>doctis</strong></span> <span class='ocrx_word' id='word_1_436' title='bbox 3233 2975 3391 3044; x_wconf 80' lang='lat' dir='ltr'><strong>viris,</strong></span> <span class='ocrx_word' id='word_1_437' title='bbox 3422 2989 3523 3031; x_wconf 87' lang='lat' dir='ltr'><strong>nec</strong></span> 
     </span>
    </p>
   </div>
   <div class='ocr_carea' id='block_1_58' title="bbox 1927 3066 3523 3140">
    <p class='ocr_par' dir='ltr' id='par_1_58' title="bbox 1927 3066 3523 3140">
     <span class='ocr_line' id='line_1_58' title="bbox 1927 3066 3523 3140; baseline 0.001 -19"><span class='ocrx_word' id='word_1_438' title='bbox 1927 3083 1958 3121; x_wconf 85' lang='lat' dir='ltr'><strong>a</strong></span> <span class='ocrx_word' id='word_1_439' title='bbox 1983 3067 2225 3137; x_wconf 76' lang='lat' dir='ltr'><strong>pluribus</strong></span> <span class='ocrx_word' id='word_1_440' title='bbox 2245 3067 2544 3134; x_wconf 67' lang='lat' dir='ltr'><strong>dissolutae,</strong></span> <span class='ocrx_word' id='word_1_441' title='bbox 2574 3083 2803 3140; x_wconf 87' lang='lat' dir='ltr'><strong>quarum</strong></span> <span class='ocrx_word' id='word_1_442' title='bbox 2835 3069 3005 3140; x_wconf 88' lang='lat' dir='ltr'><strong>prima</strong></span> <span class='ocrx_word' id='word_1_443' title='bbox 3046 3077 3131 3125; x_wconf 90' lang='lat' dir='ltr'><strong>est</strong></span> <span class='ocrx_word' id='word_1_444' title='bbox 3165 3066 3473 3139; x_wconf 90' lang='lat' dir='ltr'><strong>hujusmodi</strong></span> <span class='ocrx_word' id='word_1_445' title='bbox 3506 3083 3523 3123; x_wconf 89' lang='lat'><strong>:</strong></span> 
     </span>
    </p>
   </div>
   <div class='ocr_carea' id='block_1_59' title="bbox 1928 3159 3524 3233">
    <p class='ocr_par' dir='ltr' id='par_1_59' title="bbox 1928 3159 3524 3233">
     <span class='ocr_line' id='line_1_59' title="bbox 1928 3159 3524 3233; baseline 0.002 -19"><span class='ocrx_word' id='word_1_446' title='bbox 1928 3161 2103 3215; x_wconf 83' lang='lat' dir='ltr'><strong>Omne</strong></span> <span class='ocrx_word' id='word_1_447' title='bbox 2130 3159 2276 3232; x_wconf 89' lang='lat' dir='ltr'><strong>quod</strong></span> <span class='ocrx_word' id='word_1_448' title='bbox 2306 3160 2557 3232; x_wconf 86' lang='lat' dir='ltr'><strong>intelligit</strong></span> <span class='ocrx_word' id='word_1_449' title='bbox 2589 3163 2826 3228; x_wconf 89' lang='lat' dir='ltr'><strong>animus,</strong></span> <span class='ocrx_word' id='word_1_450' title='bbox 2854 3171 2946 3216; x_wconf 89' lang='lat' dir='ltr'><strong>aut</strong></span> <span class='ocrx_word' id='word_1_451' title='bbox 2987 3160 3042 3218; x_wconf 91' lang='lat' dir='ltr'><strong>id</strong></span> <span class='ocrx_word' id='word_1_452' title='bbox 3072 3160 3219 3233; x_wconf 88' lang='lat' dir='ltr'><strong>quod</strong></span> <span class='ocrx_word' id='word_1_453' title='bbox 3242 3170 3327 3217; x_wconf 89' lang='lat' dir='ltr'><strong>est</strong></span> <span class='ocrx_word' id='word_1_454' title='bbox 3354 3160 3408 3215; x_wconf 93' lang='lat' dir='ltr'><strong>in</strong></span> <span class='ocrx_word' id='word_1_455' title='bbox 3438 3174 3524 3217; x_wconf 73' lang='lat' dir='ltr'><strong>re-</strong></span> 
     </span>
    </p>
   </div>
   <div class='ocr_carea' id='block_1_60' title="bbox 229 3251 3525 3325">
    <p class='ocr_par' dir='ltr' id='par_1_60' title="bbox 229 3251 3525 3325">
     <span class='ocr_line' id='line_1_60' title="bbox 229 3251 3525 3325; baseline 0.002 -21"><span class='ocrx_word' id='word_1_456' title='bbox 229 3251 417 3310; x_wconf 77' lang='lat' dir='ltr'><strong>t-iebus.</strong></span> <span class='ocrx_word' id='word_1_457' title='bbox 450 3255 663 3322; x_wconf 85' lang='lat' dir='ltr'><strong>species</strong></span> <span class='ocrx_word' id='word_1_458' title='bbox 709 3254 944 3325; x_wconf 86' lang='lat' dir='ltr'><strong>propriis</strong></span> <span class='ocrx_word' id='word_1_459' title='bbox 976 3257 1155 3325; x_wconf 87' lang='lat' dir='ltr'><strong>priora</strong></span> <span class='ocrx_word' id='word_1_460' title='bbox 1196 3265 1321 3310; x_wconf 85' lang='lat' dir='ltr'><strong>sunt</strong></span> <span class='ocrx_word' id='word_1_461' title='bbox 1366 3254 1703 3309; x_wconf 82' lang='lat' dir='ltr'><strong>naturaliter.</strong></span> <span class='ocrx_word' id='word_1_462' title='bbox 1738 3253 1815 3309; x_wconf 83' lang='lat' dir='ltr'><strong>Ex</strong></span> <span class='ocrx_word' id='word_1_463' title='bbox 1843 3254 1894 3320; x_wconf 86' lang='lat' dir='ltr'><strong><em>C</em></strong></span> <span class='ocrx_word' id='word_1_464' title='bbox 1927 3268 2049 3308; x_wconf 89' lang='lat' dir='ltr'><strong>rum</strong></span> <span class='ocrx_word' id='word_1_465' title='bbox 2082 3263 2271 3307; x_wconf 88' lang='lat' dir='ltr'><strong>natura</strong></span> <span class='ocrx_word' id='word_1_466' title='bbox 2303 3253 2679 3323; x_wconf 89' lang='lat' dir='ltr'><strong>constitutum,</strong></span> <span class='ocrx_word' id='word_1_467' title='bbox 2708 3253 2989 3311; x_wconf 89' lang='lat' dir='ltr'><strong>intellectu</strong></span> <span class='ocrx_word' id='word_1_468' title='bbox 3024 3255 3283 3325; x_wconf 91' lang='lat' dir='ltr'><strong>concipit,</strong></span> <span class='ocrx_word' id='word_1_469' title='bbox 3310 3264 3364 3310; x_wconf 91' lang='lat' dir='ltr'><strong>et</strong></span> <span class='ocrx_word' id='word_1_470' title='bbox 3398 3252 3525 3309; x_wconf 83' lang='lat' dir='ltr'><strong>sibi-</strong></span> 
     </span>
    </p>
   </div>
   <div class='ocr_carea' id='block_1_61' title="bbox 232 3332 1815 3423">
    <p class='ocr_par' dir='ltr' id='par_1_61' title="bbox 232 3332 1815 3423">
     <span class='ocr_line' id='line_1_61' title="bbox 232 3332 1815 3423; baseline 0.004 -29"><span class='ocrx_word' id='word_1_471' title='bbox 232 3344 496 3409; x_wconf 79' lang='lat' dir='ltr'><strong>generibus</strong></span> <span class='ocrx_word' id='word_1_472' title='bbox 530 3346 674 3400; x_wconf 88' lang='lat' dir='ltr'><strong>enim</strong></span> <span class='ocrx_word' id='word_1_473' title='bbox 714 3346 1161 3423; x_wconf 76' lang='lat' dir='ltr'><strong>speciesﬂunnt.</strong></span> <span class='ocrx_word' id='word_1_474' title='bbox 1186 3332 1189 3335; x_wconf 16' lang='grc' dir='ltr'><strong><em>γ</em></strong></span> <span class='ocrx_word' id='word_1_475' title='bbox 1215 3346 1345 3402; x_wconf 89' lang='lat' dir='ltr'><strong>Item</strong></span> <span class='ocrx_word' id='word_1_476' title='bbox 1378 3346 1586 3416; x_wconf 90' lang='lat' dir='ltr'><strong>species</strong></span> <span class='ocrx_word' id='word_1_477' title='bbox 1627 3346 1728 3401; x_wconf 90' lang='lat' dir='ltr'><strong>sub</strong></span> <span class='ocrx_word' id='word_1_478' title='bbox 1753 3360 1815 3402; x_wconf 89' lang='lat' dir='ltr'><strong>se</strong></span> 
     </span>
    </p>
   </div>
   <div class='ocr_carea' id='block_1_62' title="bbox 237 3426 1813 3507">
    <p class='ocr_par' dir='ltr' id='par_1_62' title="bbox 237 3426 1813 3507">
     <span class='ocr_line' id='line_1_62' title="bbox 237 3426 1813 3507; baseline 0.003 -18"><span class='ocrx_word' id='word_1_479' title='bbox 237 3436 400 3499; x_wconf 78' lang='lat' dir='ltr'><strong>positis</strong></span> <span class='ocrx_word' id='word_1_480' title='bbox 424 3436 714 3494; x_wconf 83' lang='lat' dir='ltr'><strong>individuis</strong></span> <span class='ocrx_word' id='word_1_481' title='bbox 736 3441 948 3507; x_wconf 89' lang='lat' dir='ltr'><strong>priores</strong></span> <span class='ocrx_word' id='word_1_482' title='bbox 974 3426 1293 3495; x_wconf 85' lang='lat' dir='ltr'><strong>naturaliter</strong></span> <span class='ocrx_word' id='word_1_483' title='bbox 1320 3454 1443 3495; x_wconf 88' lang='lat' dir='ltr'><strong>esse</strong></span> <span class='ocrx_word' id='word_1_484' title='bbox 1468 3438 1813 3494; x_wconf 69' lang='lat' dir='ltr'><strong>manifestmn</strong></span> 
     </span>
    </p>
   </div>
   <div class='ocr_carea' id='block_1_63' title="bbox 230 3528 1819 3601">
    <p class='ocr_par' dir='ltr' id='par_1_63' title="bbox 230 3528 1819 3601">
     <span class='ocr_line' id='line_1_63' title="bbox 230 3528 1819 3601; baseline 0.005 -22"><span class='ocrx_word' id='word_1_485' title='bbox 230 3537 319 3582; x_wconf 86' lang='lat' dir='ltr'><strong>est.</strong></span> <span class='ocrx_word' id='word_1_486' title='bbox 366 3528 497 3597; x_wconf 70' lang='lat' dir='ltr'><strong>Quae</strong></span> <span class='ocrx_word' id='word_1_487' title='bbox 536 3545 668 3585; x_wconf 90' lang='lat' dir='ltr'><strong>vero</strong></span> <span class='ocrx_word' id='word_1_488' title='bbox 705 3532 883 3600; x_wconf 91' lang='lat' dir='ltr'><strong>priora</strong></span> <span class='ocrx_word' id='word_1_489' title='bbox 925 3542 1070 3599; x_wconf 87' lang='lat' dir='ltr'><strong>sunt,</strong></span> <span class='ocrx_word' id='word_1_490' title='bbox 1101 3546 1165 3587; x_wconf 89' lang='lat' dir='ltr'><strong>ea</strong></span> <span class='ocrx_word' id='word_1_491' title='bbox 1210 3540 1266 3586; x_wconf 84' lang='lat' dir='ltr'><strong>et</strong></span> <span class='ocrx_word' id='word_1_492' title='bbox 1312 3541 1725 3601; x_wconf 70' lang='lat' dir='ltr'><strong>prtenoscuntur</strong></span> <span class='ocrx_word' id='word_1_493' title='bbox 1761 3538 1819 3587; x_wconf 92' lang='lat' dir='ltr'><strong>et</strong></span> 
     </span>
    </p>
   </div>
   <div class='ocr_carea' id='block_1_64' title="bbox 231 3617 1815 3693">
    <p class='ocr_par' dir='ltr' id='par_1_64' title="bbox 231 3617 1815 3693">
     <span class='ocr_line' id='line_1_64' title="bbox 231 3617 1815 3693; baseline 0.005 -25"><span class='ocrx_word' id='word_1_494' title='bbox 231 3617 428 3673; x_wconf 84' lang='lat' dir='ltr'><strong>notiora</strong></span> <span class='ocrx_word' id='word_1_495' title='bbox 448 3628 571 3675; x_wconf 90' lang='lat' dir='ltr'><strong>sunt</strong></span> <span class='ocrx_word' id='word_1_496' title='bbox 590 3620 1042 3693; x_wconf 88' lang='lat' dir='ltr'><strong>subsequentibus</strong></span> <span class='ocrx_word' id='word_1_497' title='bbox 1066 3623 1644 3680; x_wconf 81' lang='lat' dir='ltr'><strong>naturaliter..Duobus</strong></span> <span class='ocrx_word' id='word_1_498' title='bbox 1669 3624 1815 3677; x_wconf 81' lang='lat' dir='ltr'><strong>enim</strong></span> 
     </span>
    </p>
   </div>
   <div class='ocr_carea' id='block_1_65' title="bbox 242 3702 1816 3783">
    <p class='ocr_par' dir='ltr' id='par_1_65' title="bbox 242 3702 1816 3783">
     <span class='ocr_line' id='line_1_65' title="bbox 242 3702 1816 3783; baseline 0.006 -25"><span class='ocrx_word' id='word_1_499' title='bbox 242 3707 405 3764; x_wconf 87' lang='lat' dir='ltr'><strong>modis</strong></span> <span class='ocrx_word' id='word_1_500' title='bbox 449 3710 671 3776; x_wconf 88' lang='lat' dir='ltr'><strong>primum</strong></span> <span class='ocrx_word' id='word_1_501' title='bbox 719 3712 921 3783; x_wconf 89' lang='lat' dir='ltr'><strong>aliquid</strong></span> <span class='ocrx_word' id='word_1_502' title='bbox 950 3723 1004 3769; x_wconf 90' lang='lat' dir='ltr'><strong>et</strong></span> <span class='ocrx_word' id='word_1_503' title='bbox 1030 3723 1217 3770; x_wconf 90' lang='lat' dir='ltr'><strong>notum</strong></span> <span class='ocrx_word' id='word_1_504' title='bbox 1267 3702 1487 3780; x_wconf 84' lang='lat' dir='ltr'><strong>dicitur,</strong></span> <span class='ocrx_word' id='word_1_505' title='bbox 1520 3713 1816 3769; x_wconf 91' lang='lat' dir='ltr'><strong>secundum</strong></span> 
     </span>
    </p>
   </div>
   <div class='ocr_carea' id='block_1_66' title="bbox 236 3802 1817 3869">
    <p class='ocr_par' dir='ltr' id='par_1_66' title="bbox 236 3802 1817 3869">
     <span class='ocr_line' id='line_1_66' title="bbox 236 3802 1817 3869; baseline 0.005 -17"><span class='ocrx_word' id='word_1_506' title='bbox 236 3812 331 3854; x_wconf 88' lang='lat' dir='ltr'><strong>nos</strong></span> <span class='ocrx_word' id='word_1_507' title='bbox 370 3802 593 3869; x_wconf 86' lang='lat' dir='ltr'><strong>scilicet,</strong></span> <span class='ocrx_word' id='word_1_508' title='bbox 617 3813 675 3860; x_wconf 89' lang='lat' dir='ltr'><strong>et</strong></span> <span class='ocrx_word' id='word_1_509' title='bbox 715 3805 1009 3861; x_wconf 87' lang='lat' dir='ltr'><strong>secundum</strong></span> <span class='ocrx_word' id='word_1_510' title='bbox 1042 3815 1307 3860; x_wconf 86' lang='lat' dir='ltr'><strong>naturam.</strong></span> <span class='ocrx_word' id='word_1_511' title='bbox 1360 3807 1525 3861; x_wconf 83' lang='lat' dir='ltr'><strong>Nobis</strong></span> <span class='ocrx_word' id='word_1_512' title='bbox 1554 3806 1696 3862; x_wconf 89' lang='lat' dir='ltr'><strong>enim</strong></span> <span class='ocrx_word' id='word_1_513' title='bbox 1729 3805 1817 3860; x_wconf 85' lang='lat' dir='ltr'><strong>illa</strong></span> 
     </span>
    </p>
   </div>
   <div class='ocr_carea' id='block_1_67' title="bbox 224 3882 1819 3968">
    <p class='ocr_par' dir='ltr' id='par_1_67' title="bbox 224 3882 1819 3968">
     <span class='ocr_line' id='line_1_67' title="bbox 224 3882 1819 3968; baseline 0.005 -25"><span class='ocrx_word' id='word_1_514' title='bbox 224 3892 383 3963; x_wconf 85' lang='lat' dir='ltr'><strong>magis</strong></span> <span class='ocrx_word' id='word_1_515' title='bbox 415 3897 628 3966; x_wconf 86' lang='lat' dir='ltr'><strong>cognita</strong></span> <span class='ocrx_word' id='word_1_516' title='bbox 654 3906 804 3962; x_wconf 90' lang='lat' dir='ltr'><strong>sunt,</strong></span> <span class='ocrx_word' id='word_1_517' title='bbox 835 3913 956 3968; x_wconf 73' lang='lat' dir='ltr'><strong>qua:</strong></span> <span class='ocrx_word' id='word_1_518' title='bbox 983 3908 1111 3954; x_wconf 90' lang='lat' dir='ltr'><strong>sunt</strong></span> <span class='ocrx_word' id='word_1_519' title='bbox 1136 3882 1495 3968; x_wconf 82' lang='lat' dir='ltr'><strong>proxima,ut</strong></span> <span class='ocrx_word' id='word_1_520' title='bbox 1524 3897 1819 3963; x_wconf 91' lang='lat' dir='ltr'><strong>individua,</strong></span> 
     </span>
    </p>
   </div>
   <div class='ocr_carea' id='block_1_68' title="bbox 222 3983 1820 4063">
    <p class='ocr_par' dir='ltr' id='par_1_68' title="bbox 222 3983 1820 4063">
     <span class='ocr_line' id='line_1_68' title="bbox 222 3983 1820 4063; baseline 0.004 -26"><span class='ocrx_word' id='word_1_521' title='bbox 222 3983 413 4042; x_wconf 84' lang='lat' dir='ltr'><strong>dehinc</strong></span> <span class='ocrx_word' id='word_1_522' title='bbox 463 3990 711 4056; x_wconf 87' lang='lat' dir='ltr'><strong>species,</strong></span> <span class='ocrx_word' id='word_1_523' title='bbox 761 4000 1039 4059; x_wconf 90' lang='lat' dir='ltr'><strong>postremo</strong></span> <span class='ocrx_word' id='word_1_524' title='bbox 1087 4001 1409 4063; x_wconf 86' lang='lat' dir='ltr'><strong>genera:at</strong></span> <span class='ocrx_word' id='word_1_525' title='bbox 1452 4006 1582 4045; x_wconf 85' lang='lat' dir='ltr'><strong>vero</strong></span> <span class='ocrx_word' id='word_1_526' title='bbox 1632 3999 1820 4044; x_wconf 86' lang='lat' dir='ltr'><strong>natura</strong></span> 
     </span>
    </p>
   </div>
   <div class='ocr_carea' id='block_1_69' title="bbox 221 4082 1823 4157">
    <p class='ocr_par' dir='ltr' id='par_1_69' title="bbox 221 4082 1823 4157">
     <span class='ocr_line' id='line_1_69' title="bbox 221 4082 1823 4157; baseline 0.005 -26"><span class='ocrx_word' id='word_1_527' title='bbox 221 4092 479 4136; x_wconf 87' lang='lat' dir='ltr'><strong>converso</strong></span> <span class='ocrx_word' id='word_1_528' title='bbox 522 4082 685 4137; x_wconf 90' lang='lat' dir='ltr'><strong>modo</strong></span> <span class='ocrx_word' id='word_1_529' title='bbox 728 4097 791 4138; x_wconf 87' lang='lat' dir='ltr'><strong>ea</strong></span> <span class='ocrx_word' id='word_1_530' title='bbox 838 4094 964 4139; x_wconf 89' lang='lat' dir='ltr'><strong>sunt</strong></span> <span class='ocrx_word' id='word_1_531' title='bbox 1015 4087 1186 4156; x_wconf 89' lang='lat' dir='ltr'><strong>magis</strong></span> <span class='ocrx_word' id='word_1_532' title='bbox 1233 4088 1467 4157; x_wconf 88' lang='lat' dir='ltr'><strong>cognita,</strong></span> <span class='ocrx_word' id='word_1_533' title='bbox 1502 4100 1619 4155; x_wconf 69' lang='lat' dir='ltr'><strong>quae</strong></span> <span class='ocrx_word' id='word_1_534' title='bbox 1665 4083 1823 4140; x_wconf 89' lang='lat' dir='ltr'><strong>nobis</strong></span> 
     </span>
    </p>
   </div>
   <div class='ocr_carea' id='block_1_70' title="bbox 220 4170 1821 4248">
    <p class='ocr_par' dir='ltr' id='par_1_70' title="bbox 220 4170 1821 4248">
     <span class='ocr_line' id='line_1_70' title="bbox 220 4170 1821 4248; baseline 0.005 -25"><span class='ocrx_word' id='word_1_535' title='bbox 220 4170 434 4227; x_wconf 85' lang='lat' dir='ltr'><strong>minime</strong></span> <span class='ocrx_word' id='word_1_536' title='bbox 480 4173 727 4240; x_wconf 82' lang='lat' dir='ltr'><strong>proxima</strong></span> <span class='ocrx_word' id='word_1_537' title='bbox 775 4187 921 4231; x_wconf 87' lang='lat' dir='ltr'><strong>sunt.</strong></span> <span class='ocrx_word' id='word_1_538' title='bbox 964 4178 1139 4248; x_wconf 82' lang='lat' dir='ltr'><strong>Atque</strong></span> <span class='ocrx_word' id='word_1_539' title='bbox 1170 4178 1293 4234; x_wconf 92' lang='lat' dir='ltr'><strong>ideo</strong></span> <span class='ocrx_word' id='word_1_540' title='bbox 1330 4177 1730 4248; x_wconf 90' lang='lat' dir='ltr'><strong>quantumlibet</strong></span> <span class='ocrx_word' id='word_1_541' title='bbox 1758 4191 1821 4231; x_wconf 88' lang='lat' dir='ltr'><strong>se</strong></span> 
     </span>
    </p>
   </div>
   <div class='ocr_carea' id='block_1_71' title="bbox 220 4259 1827 4345">
    <p class='ocr_par' dir='ltr' id='par_1_71' title="bbox 220 4259 1827 4345">
     <span class='ocr_line' id='line_1_71' title="bbox 220 4259 1827 4345; baseline 0.007 -30"><span class='ocrx_word' id='word_1_542' title='bbox 220 4259 424 4335; x_wconf 86' lang='lat' dir='ltr'><strong>longius</strong></span> <span class='ocrx_word' id='word_1_543' title='bbox 448 4280 479 4319; x_wconf 89' lang='lat' dir='ltr'><strong>a</strong></span> <span class='ocrx_word' id='word_1_544' title='bbox 504 4266 660 4322; x_wconf 92' lang='lat' dir='ltr'><strong>nobis</strong></span> <span class='ocrx_word' id='word_1_545' title='bbox 686 4283 881 4336; x_wconf 85' lang='lat' dir='ltr'><strong>genera</strong></span> <span class='ocrx_word' id='word_1_546' title='bbox 904 4271 1270 4345; x_wconf 84' lang='lat' dir='ltr'><strong>protulerunt,</strong></span> <span class='ocrx_word' id='word_1_547' title='bbox 1301 4281 1451 4327; x_wconf 90' lang='lat' dir='ltr'><strong>tanto</strong></span> <span class='ocrx_word' id='word_1_548' title='bbox 1466 4273 1645 4340; x_wconf 86' lang='lat' dir='ltr'><strong>magis</strong></span> <span class='ocrx_word' id='word_1_549' title='bbox 1665 4279 1827 4326; x_wconf 89' lang='lat' dir='ltr'><strong>erunt</strong></span> 
     </span>
    </p>
   </div>
   <div class='ocr_carea' id='block_1_72' title="bbox 219 4348 1826 4420">
    <p class='ocr_par' dir='ltr' id='par_1_72' title="bbox 219 4348 1826 4420">
     <span class='ocr_line' id='line_1_72' title="bbox 219 4348 1826 4420; baseline 0.005 -11"><span class='ocrx_word' id='word_1_550' title='bbox 219 4353 381 4413; x_wconf 84' lang='lat' dir='ltr'><strong>lucida</strong></span> <span class='ocrx_word' id='word_1_551' title='bbox 412 4348 479 4413; x_wconf 17' lang='lat' dir='ltr'><strong>et.</strong></span> <span class='ocrx_word' id='word_1_552' title='bbox 501 4359 819 4417; x_wconf 88' lang='lat' dir='ltr'><strong>naturaliter</strong></span> <span class='ocrx_word' id='word_1_553' title='bbox 849 4371 995 4418; x_wconf 85' lang='lat' dir='ltr'><strong>nota.</strong></span> <span class='ocrx_word' id='word_1_554' title='bbox 1038 4363 1363 4420; x_wconf 70' lang='lat' dir='ltr'><strong>Diﬁ‘erentize</strong></span> <span class='ocrx_word' id='word_1_555' title='bbox 1400 4378 1531 4419; x_wconf 88' lang='lat' dir='ltr'><strong>vero</strong></span> <span class='ocrx_word' id='word_1_556' title='bbox 1576 4364 1826 4418; x_wconf 82' lang='lat' dir='ltr'><strong>substan-</strong></span> 
     </span>
    </p>
   </div>
   <div class='ocr_carea' id='block_1_73' title="bbox 219 4446 1826 4526">
    <p class='ocr_par' dir='ltr' id='par_1_73' title="bbox 219 4446 1826 4526">
     <span class='ocr_line' id='line_1_73' title="bbox 219 4446 1826 4526; baseline 0.009 -28"><span class='ocrx_word' id='word_1_557' title='bbox 219 4448 362 4505; x_wconf 85' lang='lat' dir='ltr'><strong>tiales</strong></span> <span class='ocrx_word' id='word_1_558' title='bbox 412 4449 524 4506; x_wconf 70' lang='lat' dir='ltr'><strong>illa:</strong></span> <span class='ocrx_word' id='word_1_559' title='bbox 564 4446 699 4508; x_wconf 89' lang='lat' dir='ltr'><strong>sunt</strong></span> <span class='ocrx_word' id='word_1_560' title='bbox 735 4468 871 4524; x_wconf 90' lang='lat' dir='ltr'><strong>quas</strong></span> <span class='ocrx_word' id='word_1_561' title='bbox 909 4470 1005 4526; x_wconf 88' lang='lat' dir='ltr'><strong>per</strong></span> <span class='ocrx_word' id='word_1_562' title='bbox 1047 4471 1106 4511; x_wconf 90' lang='lat' dir='ltr'><strong>se</strong></span> <span class='ocrx_word' id='word_1_563' title='bbox 1148 4455 1232 4512; x_wconf 92' lang='lat' dir='ltr'><strong>bis</strong></span> <span class='ocrx_word' id='word_1_564' title='bbox 1279 4457 1438 4512; x_wconf 89' lang='lat' dir='ltr'><strong>rebus</strong></span> <span class='ocrx_word' id='word_1_565' title='bbox 1484 4456 1666 4512; x_wconf 88' lang='lat' dir='ltr'><strong>inesse</strong></span> <span class='ocrx_word' id='word_1_566' title='bbox 1707 4472 1826 4526; x_wconf 78' lang='lat' dir='ltr'><strong>qua:</strong></span> 
     </span>
    </p>
   </div>
   <div class='ocr_carea' id='block_1_74' title="bbox 220 4539 1877 4616">
    <p class='ocr_par' dir='ltr' id='par_1_74' title="bbox 220 4539 1877 4616">
     <span class='ocr_line' id='line_1_74' title="bbox 220 4539 1877 4616; baseline 0.008 -23"><span class='ocrx_word' id='word_1_567' title='bbox 220 4539 660 4599; x_wconf 87' lang='lat' dir='ltr'><strong>demonstrantur</strong></span> <span class='ocrx_word' id='word_1_568' title='bbox 697 4548 1060 4616; x_wconf 86' lang='lat' dir='ltr'><strong>agnoscimus.</strong></span> <span class='ocrx_word' id='word_1_569' title='bbox 1109 4547 1425 4606; x_wconf 78' lang='lat' dir='ltr'><strong>Przecedere</strong></span> <span class='ocrx_word' id='word_1_570' title='bbox 1451 4562 1632 4606; x_wconf 89' lang='lat' dir='ltr'><strong>autem</strong></span> <span class='ocrx_word' id='word_1_571' title='bbox 1661 4550 1825 4605; x_wconf 87' lang='lat' dir='ltr'><strong>debet</strong></span> <span class='ocrx_word' id='word_1_572' title='bbox 1864 4574 1877 4585; x_wconf 78' lang='grc' dir='ltr'><strong><em>ο</em></strong></span> 
     </span>
    </p>
   </div>
   <div class='ocr_carea' id='block_1_75' title="bbox 1920 3344 3524 3417">
    <p class='ocr_par' dir='ltr' id='par_1_75' title="bbox 1920 3344 3524 3417">
     <span class='ocr_line' id='line_1_75' title="bbox 1920 3344 3524 3417; baseline 0.001 -18"><span class='ocrx_word' id='word_1_573' title='bbox 1920 3354 2036 3399; x_wconf 75' lang='lat' dir='ltr'><strong>inet</strong></span> <span class='ocrx_word' id='word_1_574' title='bbox 2078 3344 2287 3399; x_wconf 88' lang='lat' dir='ltr'><strong>ratione</strong></span> <span class='ocrx_word' id='word_1_575' title='bbox 2324 3344 2613 3411; x_wconf 86' lang='lat' dir='ltr'><strong>describit,</strong></span> <span class='ocrx_word' id='word_1_576' title='bbox 2659 3356 2754 3400; x_wconf 89' lang='lat' dir='ltr'><strong>aut</strong></span> <span class='ocrx_word' id='word_1_577' title='bbox 2797 3345 2850 3400; x_wconf 93' lang='lat' dir='ltr'><strong>id</strong></span> <span class='ocrx_word' id='word_1_578' title='bbox 2894 3345 3035 3417; x_wconf 91' lang='lat' dir='ltr'><strong>quod</strong></span> <span class='ocrx_word' id='word_1_579' title='bbox 3084 3361 3194 3402; x_wconf 88' lang='lat' dir='ltr'><strong>non</strong></span> <span class='ocrx_word' id='word_1_580' title='bbox 3232 3355 3316 3402; x_wconf 88' lang='lat' dir='ltr'><strong>est</strong></span> <span class='ocrx_word' id='word_1_581' title='bbox 3352 3360 3524 3401; x_wconf 89' lang='lat' dir='ltr'><strong>vacua</strong></span> 
     </span>
    </p>
   </div>
   <div class='ocr_carea' id='block_1_76' title="bbox 1921 3436 3525 3509">
    <p class='ocr_par' dir='ltr' id='par_1_76' title="bbox 1921 3436 3525 3509">
     <span class='ocr_line' id='line_1_76' title="bbox 1921 3436 3525 3509; baseline 0.002 -19"><span class='ocrx_word' id='word_1_582' title='bbox 1921 3436 2025 3491; x_wconf 84' lang='lat' dir='ltr'><strong>sibi</strong></span> <span class='ocrx_word' id='word_1_583' title='bbox 2061 3436 2441 3505; x_wconf 87' lang='lat' dir='ltr'><strong>imaginatione</strong></span> <span class='ocrx_word' id='word_1_584' title='bbox 2473 3437 2737 3508; x_wconf 89' lang='lat' dir='ltr'><strong>depingit.</strong></span> <span class='ocrx_word' id='word_1_585' title='bbox 2771 3437 2915 3508; x_wconf 85' lang='lat' dir='ltr'><strong>Ergo</strong></span> <span class='ocrx_word' id='word_1_586' title='bbox 2963 3438 3267 3495; x_wconf 88' lang='lat' dir='ltr'><strong>intellectus</strong></span> <span class='ocrx_word' id='word_1_587' title='bbox 3311 3439 3525 3509; x_wconf 83' lang='lat' dir='ltr'><strong>generis</strong></span> 
     </span>
    </p>
   </div>
   <div class='ocr_carea' id='block_1_77' title="bbox 1922 3530 3523 3600">
    <p class='ocr_par' dir='ltr' id='par_1_77' title="bbox 1922 3530 3523 3600">
     <span class='ocr_line' id='line_1_77' title="bbox 1922 3530 3523 3600; baseline 0.002 -17"><span class='ocrx_word' id='word_1_588' title='bbox 1922 3539 1974 3583; x_wconf 91' lang='lat' dir='ltr'><strong>et</strong></span> <span class='ocrx_word' id='word_1_589' title='bbox 2020 3537 2341 3584; x_wconf 69' lang='lat' dir='ltr'><strong>caaterorum</strong></span> <span class='ocrx_word' id='word_1_590' title='bbox 2388 3530 2696 3598; x_wconf 90' lang='lat' dir='ltr'><strong>cujusmodi</strong></span> <span class='ocrx_word' id='word_1_591' title='bbox 2734 3530 2807 3584; x_wconf 89' lang='lat' dir='ltr'><strong>sit</strong></span> <span class='ocrx_word' id='word_1_592' title='bbox 2836 3530 3133 3600; x_wconf 66' lang='lat' dir='ltr'><strong>quaeritur,</strong></span> <span class='ocrx_word' id='word_1_593' title='bbox 3164 3541 3420 3586; x_wconf 89' lang='lat' dir='ltr'><strong>utrumne</strong></span> <span class='ocrx_word' id='word_1_594' title='bbox 3448 3530 3523 3586; x_wconf 89' lang='lat' dir='ltr'><strong>ita</strong></span> 
     </span>
    </p>
   </div>
   <div class='ocr_carea' id='block_1_78' title="bbox 1912 3620 3523 3701">
    <p class='ocr_par' dir='ltr' id='par_1_78' title="bbox 1912 3620 3523 3701">
     <span class='ocr_line' id='line_1_78' title="bbox 1912 3620 3523 3701; baseline 0.001 -27"><span class='ocrx_word' id='word_1_595' title='bbox 1912 3620 2287 3701; x_wconf 75' lang='lat' dir='ltr'><strong>intelligamus</strong></span> <span class='ocrx_word' id='word_1_596' title='bbox 2316 3621 2527 3691; x_wconf 90' lang='lat' dir='ltr'><strong>species</strong></span> <span class='ocrx_word' id='word_1_597' title='bbox 2567 3632 2622 3677; x_wconf 91' lang='lat' dir='ltr'><strong>et</strong></span> <span class='ocrx_word' id='word_1_598' title='bbox 2650 3637 2843 3692; x_wconf 83' lang='lat' dir='ltr'><strong>genera</strong></span> <span class='ocrx_word' id='word_1_599' title='bbox 2870 3630 2929 3675; x_wconf 91' lang='lat' dir='ltr'><strong>ut</strong></span> <span class='ocrx_word' id='word_1_600' title='bbox 2954 3635 3019 3677; x_wconf 89' lang='lat' dir='ltr'><strong>ea</strong></span> <span class='ocrx_word' id='word_1_601' title='bbox 3052 3638 3171 3696; x_wconf 67' lang='lat' dir='ltr'><strong>qua:</strong></span> <span class='ocrx_word' id='word_1_602' title='bbox 3207 3632 3333 3677; x_wconf 90' lang='lat' dir='ltr'><strong>sunt</strong></span> <span class='ocrx_word' id='word_1_603' title='bbox 3372 3632 3426 3677; x_wconf 90' lang='lat' dir='ltr'><strong>et</strong></span> <span class='ocrx_word' id='word_1_604' title='bbox 3454 3636 3523 3677; x_wconf 78' lang='lat' dir='ltr'><strong>ex</strong></span> 
     </span>
    </p>
   </div>
   <div class='ocr_carea' id='block_1_79' title="bbox 1925 3712 3527 3784">
    <p class='ocr_par' dir='ltr' id='par_1_79' title="bbox 1925 3712 3527 3784">
     <span class='ocr_line' id='line_1_79' title="bbox 1925 3712 3527 3784; baseline 0 -17"><span class='ocrx_word' id='word_1_605' title='bbox 1925 3713 2124 3784; x_wconf 87' lang='lat' dir='ltr'><strong>quibus</strong></span> <span class='ocrx_word' id='word_1_606' title='bbox 2149 3727 2336 3768; x_wconf 90' lang='lat' dir='ltr'><strong>verum</strong></span> <span class='ocrx_word' id='word_1_607' title='bbox 2367 3713 2610 3784; x_wconf 90' lang='lat' dir='ltr'><strong>capimus</strong></span> <span class='ocrx_word' id='word_1_608' title='bbox 2650 3712 3017 3781; x_wconf 81' lang='lat' dir='ltr'><strong>intellectum,</strong></span> <span class='ocrx_word' id='word_1_609' title='bbox 3056 3730 3123 3769; x_wconf 92' lang='lat' dir='ltr'><strong>an</strong></span> <span class='ocrx_word' id='word_1_610' title='bbox 3164 3712 3527 3783; x_wconf 85' lang='lat' dir='ltr'><strong>nosmetipsos</strong></span> 
     </span>
    </p>
   </div>
   <div class='ocr_carea' id='block_1_80' title="bbox 1922 3803 3523 3877">
    <p class='ocr_par' dir='ltr' id='par_1_80' title="bbox 1922 3803 3523 3877">
     <span class='ocr_line' id='line_1_80' title="bbox 1922 3803 3523 3877; baseline -0.002 -16"><span class='ocrx_word' id='word_1_611' title='bbox 1922 3805 2194 3861; x_wconf 90' lang='lat' dir='ltr'><strong>eludimus</strong></span> <span class='ocrx_word' id='word_1_612' title='bbox 2230 3821 2354 3861; x_wconf 92' lang='lat' dir='ltr'><strong>cum</strong></span> <span class='ocrx_word' id='word_1_613' title='bbox 2395 3821 2459 3861; x_wconf 86' lang='lat' dir='ltr'><strong>ea</strong></span> <span class='ocrx_word' id='word_1_614' title='bbox 2498 3821 2620 3877; x_wconf 75' lang='lat' dir='ltr'><strong>qua:</strong></span> <span class='ocrx_word' id='word_1_615' title='bbox 2651 3821 2757 3861; x_wconf 93' lang='lat' dir='ltr'><strong>non</strong></span> <span class='ocrx_word' id='word_1_616' title='bbox 2788 3815 2915 3861; x_wconf 90' lang='lat' dir='ltr'><strong>sunt</strong></span> <span class='ocrx_word' id='word_1_617' title='bbox 2952 3806 3109 3861; x_wconf 91' lang='lat' dir='ltr'><strong>nobis</strong></span> <span class='ocrx_word' id='word_1_618' title='bbox 3144 3820 3293 3861; x_wconf 87' lang='lat' dir='ltr'><strong>cassa</strong></span> <span class='ocrx_word' id='word_1_619' title='bbox 3326 3803 3523 3875; x_wconf 84' lang='lat' dir='ltr'><strong>imagi-</strong></span> 
     </span>
    </p>
   </div>
   <div class='ocr_carea' id='block_1_81' title="bbox 1925 3896 3527 3966">
    <p class='ocr_par' dir='ltr' id='par_1_81' title="bbox 1925 3896 3527 3966">
     <span class='ocr_line' id='line_1_81' title="bbox 1925 3896 3527 3966; baseline -0.001 -14"><span class='ocrx_word' id='word_1_620' title='bbox 1925 3896 2496 3953; x_wconf 71' lang='lat' dir='ltr'><strong>nationeformamus.</strong></span> <span class='ocrx_word' id='word_1_621' title='bbox 2522 3898 2674 3965; x_wconf 88' lang='lat' dir='ltr'><strong>Quod</strong></span> <span class='ocrx_word' id='word_1_622' title='bbox 2709 3898 2755 3952; x_wconf 91' lang='lat' dir='ltr'><strong>si</strong></span> <span class='ocrx_word' id='word_1_623' title='bbox 2785 3911 2909 3953; x_wconf 90' lang='lat' dir='ltr'><strong>esse</strong></span> <span class='ocrx_word' id='word_1_624' title='bbox 2936 3896 3155 3966; x_wconf 89' lang='lat' dir='ltr'><strong>quidem</strong></span> <span class='ocrx_word' id='word_1_625' title='bbox 3197 3897 3527 3962; x_wconf 88' lang='lat' dir='ltr'><strong>constiterit,</strong></span> 
     </span>
    </p>
   </div>
   <div class='ocr_carea' id='block_1_82' title="bbox 1914 3988 3525 4071">
    <p class='ocr_par' dir='ltr' id='par_1_82' title="bbox 1914 3988 3525 4071">
     <span class='ocr_line' id='line_1_82' title="bbox 1914 3988 3525 4071; baseline -0.002 -24"><span class='ocrx_word' id='word_1_626' title='bbox 1914 3999 1985 4071; x_wconf 40' lang='lat' dir='ltr'><strong>‘et</strong></span> <span class='ocrx_word' id='word_1_627' title='bbox 2011 3988 2081 4044; x_wconf 84' lang='lat' dir='ltr'><strong>ab</strong></span> <span class='ocrx_word' id='word_1_628' title='bbox 2111 3990 2195 4045; x_wconf 88' lang='lat' dir='ltr'><strong>bis</strong></span> <span class='ocrx_word' id='word_1_629' title='bbox 2240 4005 2360 4060; x_wconf 78' lang='lat' dir='ltr'><strong>qua:</strong></span> <span class='ocrx_word' id='word_1_630' title='bbox 2403 3999 2529 4046; x_wconf 91' lang='lat' dir='ltr'><strong>sunt</strong></span> <span class='ocrx_word' id='word_1_631' title='bbox 2569 3990 2898 4045; x_wconf 84' lang='lat' dir='ltr'><strong>intellectum</strong></span> <span class='ocrx_word' id='word_1_632' title='bbox 2947 3988 3158 4060; x_wconf 90' lang='lat' dir='ltr'><strong>concipi</strong></span> <span class='ocrx_word' id='word_1_633' title='bbox 3206 3989 3525 4054; x_wconf 75' lang='lat' dir='ltr'><strong>dixerimus,</strong></span> 
     </span>
    </p>
   </div>
   <div class='ocr_carea' id='block_1_83' title="bbox 1931 4082 3528 4152">
    <p class='ocr_par' dir='ltr' id='par_1_83' title="bbox 1931 4082 3528 4152">
     <span class='ocr_line' id='line_1_83' title="bbox 1931 4082 3528 4152; baseline 0.001 -16"><span class='ocrx_word' id='word_1_634' title='bbox 1931 4090 2060 4136; x_wconf 89' lang='lat' dir='ltr'><strong>tunc</strong></span> <span class='ocrx_word' id='word_1_635' title='bbox 2091 4083 2189 4137; x_wconf 86' lang='lat' dir='ltr'><strong>alia</strong></span> <span class='ocrx_word' id='word_1_636' title='bbox 2240 4083 2413 4151; x_wconf 82' lang='lat' dir='ltr'><strong>major</strong></span> <span class='ocrx_word' id='word_1_637' title='bbox 2442 4098 2506 4137; x_wconf 89' lang='lat' dir='ltr'><strong>ac</strong></span> <span class='ocrx_word' id='word_1_638' title='bbox 2550 4082 2825 4137; x_wconf 89' lang='lat' dir='ltr'><strong>difﬁcilior</strong></span> <span class='ocrx_word' id='word_1_639' title='bbox 2869 4085 3097 4152; x_wconf 71' lang='lat' dir='ltr'><strong>quasstio</strong></span> <span class='ocrx_word' id='word_1_640' title='bbox 3139 4083 3528 4139; x_wconf 85' lang='lat' dir='ltr'><strong>dubitationem</strong></span> 
     </span>
    </p>
   </div>
   <div class='ocr_carea' id='block_1_84' title="bbox 1927 4174 3527 4251">
    <p class='ocr_par' dir='ltr' id='par_1_84' title="bbox 1927 4174 3527 4251">
     <span class='ocr_line' id='line_1_84' title="bbox 1927 4174 3527 4251; baseline 0.001 -21"><span class='ocrx_word' id='word_1_641' title='bbox 1927 4184 2279 4251; x_wconf 34' lang='lat' dir='ltr'><strong>parat,,cum</strong></span> <span class='ocrx_word' id='word_1_642' title='bbox 2327 4174 2667 4231; x_wconf 88' lang='lat' dir='ltr'><strong>discernendi</strong></span> <span class='ocrx_word' id='word_1_643' title='bbox 2722 4186 2888 4245; x_wconf 85' lang='lat' dir='ltr'><strong>atque</strong></span> <span class='ocrx_word' id='word_1_644' title='bbox 2938 4176 3267 4246; x_wconf 89' lang='lat' dir='ltr'><strong>intelligendi</strong></span> <span class='ocrx_word' id='word_1_645' title='bbox 3313 4176 3527 4247; x_wconf 86' lang='lat' dir='ltr'><strong>generis</strong></span> 
     </span>
    </p>
   </div>
   <div class='ocr_carea' id='block_1_85' title="bbox 1929 4265 3525 4335">
    <p class='ocr_par' dir='ltr' id='par_1_85' title="bbox 1929 4265 3525 4335">
     <span class='ocr_line' id='line_1_85' title="bbox 1929 4265 3525 4335; baseline 0.001 -15"><span class='ocrx_word' id='word_1_646' title='bbox 1929 4265 2099 4335; x_wconf 88' lang='lat' dir='ltr'><strong>ipsius</strong></span> <span class='ocrx_word' id='word_1_647' title='bbox 2148 4277 2395 4321; x_wconf 88' lang='lat' dir='ltr'><strong>naturam</strong></span> <span class='ocrx_word' id='word_1_648' title='bbox 2437 4278 2647 4321; x_wconf 89' lang='lat' dir='ltr'><strong>summa</strong></span> <span class='ocrx_word' id='word_1_649' title='bbox 2687 4266 2979 4321; x_wconf 86' lang='lat' dir='ltr'><strong>difﬁcultas</strong></span> <span class='ocrx_word' id='word_1_650' title='bbox 3024 4268 3347 4323; x_wconf 89' lang='lat' dir='ltr'><strong>ostenditur.</strong></span> <span class='ocrx_word' id='word_1_651' title='bbox 3391 4266 3525 4322; x_wconf 77' lang='lat' dir='ltr'><strong>Nam</strong></span> 
     </span>
    </p>
   </div>
   <div class='ocr_carea' id='block_1_86' title="bbox 1930 4357 3527 4429">
    <p class='ocr_par' dir='ltr' id='par_1_86' title="bbox 1930 4357 3527 4429">
     <span class='ocr_line' id='line_1_86' title="bbox 1930 4357 3527 4429; baseline 0.002 -17"><span class='ocrx_word' id='word_1_652' title='bbox 1930 4357 2184 4429; x_wconf 88' lang='lat' dir='ltr'><strong>quoniam</strong></span> <span class='ocrx_word' id='word_1_653' title='bbox 2213 4373 2374 4413; x_wconf 91' lang='lat' dir='ltr'><strong>omne</strong></span> <span class='ocrx_word' id='word_1_654' title='bbox 2398 4358 2541 4429; x_wconf 91' lang='lat' dir='ltr'><strong>quod</strong></span> <span class='ocrx_word' id='word_1_655' title='bbox 2562 4368 2665 4425; x_wconf 90' lang='lat' dir='ltr'><strong>est,</strong></span> <span class='ocrx_word' id='word_1_656' title='bbox 2694 4369 2784 4413; x_wconf 92' lang='lat' dir='ltr'><strong>aut</strong></span> <span class='ocrx_word' id='word_1_657' title='bbox 2809 4373 3129 4429; x_wconf 88' lang='lat' dir='ltr'><strong>corporeum</strong></span> <span class='ocrx_word' id='word_1_658' title='bbox 3158 4370 3252 4414; x_wconf 87' lang='lat' dir='ltr'><strong>aut</strong></span> <span class='ocrx_word' id='word_1_659' title='bbox 3277 4361 3527 4429; x_wconf 82' lang='lat' dir='ltr'><strong>incorpo-</strong></span> 
     </span>
    </p>
   </div>
   <div class='ocr_carea' id='block_1_87' title="bbox 1931 4451 3529 4523">
    <p class='ocr_par' dir='ltr' id='par_1_87' title="bbox 1931 4451 3529 4523">
     <span class='ocr_line' id='line_1_87' title="bbox 1931 4451 3529 4523; baseline 0.001 -17"><span class='ocrx_word' id='word_1_660' title='bbox 1931 4468 2082 4506; x_wconf 73' lang='lat' dir='ltr'><strong>reum</strong></span> <span class='ocrx_word' id='word_1_661' title='bbox 2122 4466 2243 4508; x_wconf 89' lang='lat' dir='ltr'><strong>esse</strong></span> <span class='ocrx_word' id='word_1_662' title='bbox 2281 4466 2507 4507; x_wconf 90' lang='lat' dir='ltr'><strong>necesse</strong></span> <span class='ocrx_word' id='word_1_663' title='bbox 2539 4460 2646 4519; x_wconf 84' lang='lat' dir='ltr'><strong>est,</strong></span> <span class='ocrx_word' id='word_1_664' title='bbox 2682 4466 2855 4523; x_wconf 89' lang='lat' dir='ltr'><strong>genus</strong></span> <span class='ocrx_word' id='word_1_665' title='bbox 2895 4460 2952 4508; x_wconf 92' lang='lat' dir='ltr'><strong>et</strong></span> <span class='ocrx_word' id='word_1_666' title='bbox 2998 4451 3210 4522; x_wconf 85' lang='lat' dir='ltr'><strong>species</strong></span> <span class='ocrx_word' id='word_1_667' title='bbox 3260 4451 3313 4508; x_wconf 92' lang='lat' dir='ltr'><strong>in</strong></span> <span class='ocrx_word' id='word_1_668' title='bbox 3344 4452 3529 4520; x_wconf 80' lang='lat' dir='ltr'><strong>aliquo</strong></span> 
     </span>
    </p>
   </div>
   <div class='ocr_carea' id='block_1_88' title="bbox 1932 4542 3528 4615">
    <p class='ocr_par' dir='ltr' id='par_1_88' title="bbox 1932 4542 3528 4615">
     <span class='ocr_line' id='line_1_88' title="bbox 1932 4542 3528 4615; baseline 0.001 -18"><span class='ocrx_word' id='word_1_669' title='bbox 1932 4542 2126 4599; x_wconf 89' lang='lat' dir='ltr'><strong>borum</strong></span> <span class='ocrx_word' id='word_1_670' title='bbox 2186 4560 2308 4599; x_wconf 80' lang='lat' dir='ltr'><strong>esse</strong></span> <span class='ocrx_word' id='word_1_671' title='bbox 2350 4544 2643 4615; x_wconf 87' lang='lat' dir='ltr'><strong>oportebit.</strong></span> <span class='ocrx_word' id='word_1_672' title='bbox 2688 4544 2863 4613; x_wconf 84' lang='lat' dir='ltr'><strong>Quale</strong></span> <span class='ocrx_word' id='word_1_673' title='bbox 2913 4545 3019 4601; x_wconf 91' lang='lat' dir='ltr'><strong>erit</strong></span> <span class='ocrx_word' id='word_1_674' title='bbox 3066 4544 3230 4615; x_wconf 88' lang='lat' dir='ltr'><strong>igitur</strong></span> <span class='ocrx_word' id='word_1_675' title='bbox 3277 4544 3329 4599; x_wconf 93' lang='lat' dir='ltr'><strong>id</strong></span> <span class='ocrx_word' id='word_1_676' title='bbox 3381 4543 3528 4615; x_wconf 88' lang='lat' dir='ltr'><strong>quod</strong></span> 
     </span>
    </p>
   </div>
   <div class='ocr_carea' id='block_1_89' title="bbox 216 4635 3523 4714">
    <p class='ocr_par' dir='ltr' id='par_1_89' title="bbox 216 4635 3523 4714">
     <span class='ocr_line' id='line_1_89' title="bbox 216 4635 3523 4714; baseline 0.005 -28"><span class='ocrx_word' id='word_1_677' title='bbox 216 4645 474 4700; x_wconf 79' lang='lat' dir='ltr'><strong>generum</strong></span> <span class='ocrx_word' id='word_1_678' title='bbox 504 4651 568 4690; x_wconf 87' lang='lat' dir='ltr'><strong>ac</strong></span> <span class='ocrx_word' id='word_1_679' title='bbox 597 4635 1019 4696; x_wconf 77' lang='lat' dir='ltr'><strong>differentiarum</strong></span> <span class='ocrx_word' id='word_1_680' title='bbox 1048 4643 1302 4713; x_wconf 77' lang='lat' dir='ltr'><strong>cognitio,</strong></span> <span class='ocrx_word' id='word_1_681' title='bbox 1325 4653 1385 4698; x_wconf 92' lang='lat' dir='ltr'><strong>ut</strong></span> <span class='ocrx_word' id='word_1_682' title='bbox 1416 4645 1466 4697; x_wconf 93' lang='lat' dir='ltr'><strong>in</strong></span> <span class='ocrx_word' id='word_1_683' title='bbox 1494 4659 1815 4714; x_wconf 89' lang='lat' dir='ltr'><strong>unaquaque</strong></span> <span class='ocrx_word' id='word_1_684' title='bbox 1842 4638 1898 4700; x_wconf 90' lang='lat' dir='ltr'><strong>D</strong></span> <span class='ocrx_word' id='word_1_685' title='bbox 1921 4651 2093 4707; x_wconf 76' lang='lat' dir='ltr'><strong>genus</strong></span> <span class='ocrx_word' id='word_1_686' title='bbox 2122 4636 2350 4704; x_wconf 80' lang='lat' dir='ltr'><strong>dicitur;</strong></span> <span class='ocrx_word' id='word_1_687' title='bbox 2384 4648 2633 4693; x_wconf 80' lang='lat' dir='ltr'><strong>utrumne</strong></span> <span class='ocrx_word' id='word_1_688' title='bbox 2661 4652 2980 4707; x_wconf 88' lang='lat' dir='ltr'><strong>corporeum</strong></span> <span class='ocrx_word' id='word_1_689' title='bbox 3002 4653 3068 4693; x_wconf 82' lang='lat' dir='ltr'><strong>an</strong></span> <span class='ocrx_word' id='word_1_690' title='bbox 3098 4638 3523 4709; x_wconf 76' lang='lat' dir='ltr'><strong>incorporeum?</strong></span> 
     </span>
    </p>
   </div>
   <div class='ocr_carea' id='block_1_90' title="bbox 217 4723 1820 4809">
    <p class='ocr_par' dir='ltr' id='par_1_90' title="bbox 217 4723 1820 4809">
     <span class='ocr_line' id='line_1_90' title="bbox 217 4723 1820 4809; baseline 0.011 -34"><span class='ocrx_word' id='word_1_691' title='bbox 217 4723 502 4796; x_wconf 84' lang='lat' dir='ltr'><strong>disciplina</strong></span> <span class='ocrx_word' id='word_1_692' title='bbox 533 4743 655 4797; x_wconf 63' lang='lat' dir='ltr'><strong>qua:</strong></span> <span class='ocrx_word' id='word_1_693' title='bbox 684 4732 792 4785; x_wconf 91' lang='lat' dir='ltr'><strong>sint</strong></span> <span class='ocrx_word' id='word_1_694' title='bbox 818 4731 937 4802; x_wconf 89' lang='lat' dir='ltr'><strong>ejus</strong></span> <span class='ocrx_word' id='word_1_695' title='bbox 980 4734 1059 4788; x_wconf 90' lang='lat' dir='ltr'><strong>rei</strong></span> <span class='ocrx_word' id='word_1_696' title='bbox 1084 4796 1087 4801; x_wconf 33' lang='grc' dir='ltr'>ι</span> <span class='ocrx_word' id='word_1_697' title='bbox 1108 4749 1226 4805; x_wconf 71' lang='lat' dir='ltr'><strong>qua:</strong></span> <span class='ocrx_word' id='word_1_698' title='bbox 1256 4734 1661 4809; x_wconf 87' lang='lat' dir='ltr'><strong>demonstratur</strong></span> <span class='ocrx_word' id='word_1_699' title='bbox 1685 4750 1820 4791; x_wconf 89' lang='lat' dir='ltr'><strong>con-</strong></span> 
     </span>
    </p>
   </div>
   <div class='ocr_carea' id='block_1_91' title="bbox 219 4818 1822 4895">
    <p class='ocr_par' dir='ltr' id='par_1_91' title="bbox 219 4818 1822 4895">
     <span class='ocr_line' id='line_1_91' title="bbox 219 4818 1822 4895; baseline 0.011 -29"><span class='ocrx_word' id='word_1_700' title='bbox 219 4818 486 4873; x_wconf 83' lang='lat' dir='ltr'><strong>venientia</strong></span> <span class='ocrx_word' id='word_1_701' title='bbox 530 4820 791 4890; x_wconf 90' lang='lat' dir='ltr'><strong>principia</strong></span> <span class='ocrx_word' id='word_1_702' title='bbox 836 4830 1006 4892; x_wconf 83' lang='lat' dir='ltr'><strong>possit</strong></span> <span class='ocrx_word' id='word_1_703' title='bbox 1049 4822 1297 4895; x_wconf 87' lang='lat' dir='ltr'><strong>intelligi.</strong></span> <span class='ocrx_word' id='word_1_704' title='bbox 1347 4826 1659 4883; x_wconf 81' lang='lat' dir='ltr'><strong>Necessaria</strong></span> <span class='ocrx_word' id='word_1_705' title='bbox 1692 4843 1822 4884; x_wconf 91' lang='lat' dir='ltr'><strong>vero</strong></span> 
     </span>
    </p>
   </div>
   <div class='ocr_carea' id='block_1_92' title="bbox 218 4912 1821 4989">
    <p class='ocr_par' dir='ltr' id='par_1_92' title="bbox 218 4912 1821 4989">
     <span class='ocr_line' id='line_1_92' title="bbox 218 4912 1821 4989; baseline 0.009 -27"><span class='ocrx_word' id='word_1_706' title='bbox 218 4924 331 4966; x_wconf 78' lang='lat' dir='ltr'><strong>esse</strong></span> <span class='ocrx_word' id='word_1_707' title='bbox 377 4927 447 4966; x_wconf 89' lang='lat' dir='ltr'><strong>ea</strong></span> <span class='ocrx_word' id='word_1_708' title='bbox 498 4912 635 4981; x_wconf 90' lang='lat' dir='ltr'><strong>ipsa,</strong></span> <span class='ocrx_word' id='word_1_709' title='bbox 677 4929 803 4985; x_wconf 60' lang='lat' dir='ltr'><strong>qua</strong></span> <span class='ocrx_word' id='word_1_710' title='bbox 846 4931 1046 4985; x_wconf 88' lang='lat' dir='ltr'><strong>genera</strong></span> <span class='ocrx_word' id='word_1_711' title='bbox 1091 4929 1147 4975; x_wconf 88' lang='lat' dir='ltr'><strong>et</strong></span> <span class='ocrx_word' id='word_1_712' title='bbox 1188 4917 1523 4976; x_wconf 83' lang='lat' dir='ltr'><strong>diﬁ‘erentias</strong></span> <span class='ocrx_word' id='word_1_713' title='bbox 1567 4920 1821 4989; x_wconf 88' lang='lat' dir='ltr'><strong>dicimus,</strong></span> 
     </span>
    </p>
   </div>
   <div class='ocr_carea' id='block_1_93' title="bbox 220 5001 1818 5082">
    <p class='ocr_par' dir='ltr' id='par_1_93' title="bbox 220 5001 1818 5082">
     <span class='ocr_line' id='line_1_93' title="bbox 220 5001 1818 5082; baseline 0.006 -26"><span class='ocrx_word' id='word_1_714' title='bbox 220 5003 392 5059; x_wconf 68' lang='lat' dir='ltr'><strong>nullus</strong></span> <span class='ocrx_word' id='word_1_715' title='bbox 423 5001 636 5059; x_wconf 88' lang='lat' dir='ltr'><strong>dubitat</strong></span> <span class='ocrx_word' id='word_1_716' title='bbox 665 5006 757 5076; x_wconf 93' lang='lat' dir='ltr'><strong>qui</strong></span> <span class='ocrx_word' id='word_1_717' title='bbox 786 5010 1023 5076; x_wconf 88' lang='lat' dir='ltr'><strong>speciem</strong></span> <span class='ocrx_word' id='word_1_718' title='bbox 1051 5010 1167 5066; x_wconf 89' lang='lat' dir='ltr'><strong>sine</strong></span> <span class='ocrx_word' id='word_1_719' title='bbox 1194 5026 1394 5082; x_wconf 90' lang='lat' dir='ltr'><strong>genere</strong></span> <span class='ocrx_word' id='word_1_720' title='bbox 1422 5023 1478 5067; x_wconf 88' lang='lat' dir='ltr'><strong>et</strong></span> <span class='ocrx_word' id='word_1_721' title='bbox 1515 5013 1818 5068; x_wconf 87' lang='lat' dir='ltr'><strong>differentia</strong></span> 
     </span>
    </p>
   </div>
   <div class='ocr_carea' id='block_1_94' title="bbox 218 5094 1823 5167">
    <p class='ocr_par' dir='ltr' id='par_1_94' title="bbox 218 5094 1823 5167">
     <span class='ocr_line' id='line_1_94' title="bbox 218 5094 1823 5167; baseline 0.006 -20"><span class='ocrx_word' id='word_1_722' title='bbox 218 5094 472 5166; x_wconf 88' lang='lat' dir='ltr'><strong>intelligit</strong></span> <span class='ocrx_word' id='word_1_723' title='bbox 500 5112 623 5153; x_wconf 84' lang='lat' dir='ltr'><strong>esse</strong></span> <span class='ocrx_word' id='word_1_724' title='bbox 653 5113 758 5153; x_wconf 91' lang='lat' dir='ltr'><strong>non</strong></span> <span class='ocrx_word' id='word_1_725' title='bbox 792 5115 971 5167; x_wconf 88' lang='lat' dir='ltr'><strong>posse.</strong></span> <span class='ocrx_word' id='word_1_726' title='bbox 1024 5097 1232 5158; x_wconf 82' lang='lat' dir='ltr'><strong>Genera</strong></span> <span class='ocrx_word' id='word_1_727' title='bbox 1260 5119 1392 5160; x_wconf 88' lang='lat' dir='ltr'><strong>vero</strong></span> <span class='ocrx_word' id='word_1_728' title='bbox 1420 5114 1474 5160; x_wconf 88' lang='lat' dir='ltr'><strong>et</strong></span> <span class='ocrx_word' id='word_1_729' title='bbox 1502 5103 1823 5159; x_wconf 62' lang='lat' dir='ltr'><strong>differentim</strong></span> 
     </span>
    </p>
   </div>
   <div class='ocr_carea' id='block_1_95' title="bbox 218 5190 1827 5265">
    <p class='ocr_par' dir='ltr' id='par_1_95' title="bbox 218 5190 1827 5265">
     <span class='ocr_line' id='line_1_95' title="bbox 218 5190 1827 5265; baseline 0.009 -28"><span class='ocrx_word' id='word_1_730' title='bbox 218 5197 340 5243; x_wconf 86' lang='lat' dir='ltr'><strong>sunt</strong></span> <span class='ocrx_word' id='word_1_731' title='bbox 386 5200 572 5244; x_wconf 60' lang='lat' dir='ltr'><strong>causa:</strong></span> <span class='ocrx_word' id='word_1_732' title='bbox 620 5190 945 5259; x_wconf 89' lang='lat' dir='ltr'><strong>specierum.</strong></span> <span class='ocrx_word' id='word_1_733' title='bbox 997 5191 1206 5250; x_wconf 90' lang='lat' dir='ltr'><strong>Idcirco</strong></span> <span class='ocrx_word' id='word_1_734' title='bbox 1248 5196 1392 5250; x_wconf 90' lang='lat' dir='ltr'><strong>enim</strong></span> <span class='ocrx_word' id='word_1_735' title='bbox 1439 5196 1648 5265; x_wconf 88' lang='lat' dir='ltr'><strong>species</strong></span> <span class='ocrx_word' id='word_1_736' title='bbox 1700 5207 1827 5252; x_wconf 89' lang='lat' dir='ltr'><strong>sunt</strong></span> 
     </span>
    </p>
   </div>
   <div class='ocr_carea' id='block_1_96' title="bbox 218 5280 1827 5358">
    <p class='ocr_par' dir='ltr' id='par_1_96' title="bbox 218 5280 1827 5358">
     <span class='ocr_line' id='line_1_96' title="bbox 218 5280 1827 5358; baseline 0.007 -26"><span class='ocrx_word' id='word_1_737' title='bbox 218 5280 337 5345; x_wconf 84' lang='lat' dir='ltr'><strong>quia</strong></span> <span class='ocrx_word' id='word_1_738' title='bbox 369 5295 577 5349; x_wconf 88' lang='lat' dir='ltr'><strong>genera</strong></span> <span class='ocrx_word' id='word_1_739' title='bbox 610 5296 795 5338; x_wconf 90' lang='lat' dir='ltr'><strong>earum</strong></span> <span class='ocrx_word' id='word_1_740' title='bbox 823 5292 880 5339; x_wconf 93' lang='lat' dir='ltr'><strong>et</strong></span> <span class='ocrx_word' id='word_1_741' title='bbox 905 5284 1225 5343; x_wconf 69' lang='lat' dir='ltr'><strong>diﬁ&#39;erentite</strong></span> <span class='ocrx_word' id='word_1_742' title='bbox 1267 5299 1393 5342; x_wconf 91' lang='lat' dir='ltr'><strong>sunt</strong></span> <span class='ocrx_word' id='word_1_743' title='bbox 1422 5304 1541 5358; x_wconf 72' lang='lat' dir='ltr'><strong>qua:</strong></span> <span class='ocrx_word' id='word_1_744' title='bbox 1576 5288 1630 5343; x_wconf 91' lang='lat' dir='ltr'><strong>in</strong></span> <span class='ocrx_word' id='word_1_745' title='bbox 1662 5288 1827 5358; x_wconf 67' lang='lat' dir='ltr'><strong>sylloo</strong></span> 
     </span>
    </p>
   </div>
   <div class='ocr_carea' id='block_1_97' title="bbox 217 5369 1826 5453">
    <p class='ocr_par' dir='ltr' id='par_1_97' title="bbox 217 5369 1826 5453">
     <span class='ocr_line' id='line_1_97' title="bbox 217 5369 1826 5453; baseline 0.005 -28"><span class='ocrx_word' id='word_1_746' title='bbox 217 5369 406 5437; x_wconf 82' lang='lat' dir='ltr'><strong>gismis</strong></span> <span class='ocrx_word' id='word_1_747' title='bbox 430 5372 1134 5453; x_wconf 85' lang='lat' dir='ltr'><strong>positademonstrantibus</strong></span> <span class='ocrx_word' id='word_1_748' title='bbox 1164 5392 1269 5432; x_wconf 92' lang='lat' dir='ltr'><strong>non</strong></span> <span class='ocrx_word' id='word_1_749' title='bbox 1302 5377 1381 5433; x_wconf 89' lang='lat' dir='ltr'><strong>rei</strong></span> <span class='ocrx_word' id='word_1_750' title='bbox 1409 5379 1607 5442; x_wconf 92' lang='lat' dir='ltr'><strong>solum,</strong></span> <span class='ocrx_word' id='word_1_751' title='bbox 1638 5393 1826 5434; x_wconf 87' lang='lat' dir='ltr'><strong>verum</strong></span> 
     </span>
    </p>
   </div>
   <div class='ocr_carea' id='block_1_98' title="bbox 219 5454 1827 5539">
    <p class='ocr_par' dir='ltr' id='par_1_98' title="bbox 219 5454 1827 5539">
     <span class='ocr_line' id='line_1_98' title="bbox 219 5454 1827 5539; baseline 0.006 -24"><span class='ocrx_word' id='word_1_752' title='bbox 219 5468 384 5516; x_wconf 80' lang='lat' dir='ltr'><strong>etiam</strong></span> <span class='ocrx_word' id='word_1_753' title='bbox 429 5454 797 5520; x_wconf 77' lang='lat' dir='ltr'><strong>conclusiunis</strong></span> <span class='ocrx_word' id='word_1_754' title='bbox 826 5482 1005 5522; x_wconf 72' lang='lat' dir='ltr'><strong>causa:</strong></span> <span class='ocrx_word' id='word_1_755' title='bbox 1033 5477 1185 5534; x_wconf 89' lang='lat' dir='ltr'><strong>sunt,</strong></span> <span class='ocrx_word' id='word_1_756' title='bbox 1215 5470 1356 5538; x_wconf 92' lang='lat' dir='ltr'><strong>quod</strong></span> <span class='ocrx_word' id='word_1_757' title='bbox 1388 5469 1653 5539; x_wconf 88' lang='lat' dir='ltr'><strong>postremi</strong></span> <span class='ocrx_word' id='word_1_758' title='bbox 1678 5485 1827 5524; x_wconf 87' lang='lat' dir='ltr'><strong>reso-</strong></span> 
     </span>
    </p>
   </div>
   <div class='ocr_carea' id='block_1_99' title="bbox 222 5553 1826 5629">
    <p class='ocr_par' dir='ltr' id='par_1_99' title="bbox 222 5553 1826 5629">
     <span class='ocr_line' id='line_1_99' title="bbox 222 5553 1826 5629; baseline 0.007 -27"><span class='ocrx_word' id='word_1_759' title='bbox 222 5553 404 5608; x_wconf 89' lang='lat' dir='ltr'><strong>lutorii</strong></span> <span class='ocrx_word' id='word_1_760' title='bbox 432 5553 757 5625; x_wconf 83' lang='lat' dir='ltr'><strong>locupletius</strong></span> <span class='ocrx_word' id='word_1_761' title='bbox 786 5558 985 5614; x_wconf 89' lang='lat' dir='ltr'><strong>dicent.</strong></span> <span class='ocrx_word' id='word_1_762' title='bbox 1019 5557 1153 5613; x_wconf 89' lang='lat' dir='ltr'><strong>Cum</strong></span> <span class='ocrx_word' id='word_1_763' title='bbox 1197 5560 1360 5629; x_wconf 87' lang='lat' dir='ltr'><strong>igitur</strong></span> <span class='ocrx_word' id='word_1_764' title='bbox 1388 5560 1619 5629; x_wconf 90' lang='lat' dir='ltr'><strong>perutile</strong></span> <span class='ocrx_word' id='word_1_765' title='bbox 1650 5561 1738 5624; x_wconf 90' lang='lat' dir='ltr'><strong>sit,</strong></span> <span class='ocrx_word' id='word_1_766' title='bbox 1771 5570 1826 5614; x_wconf 77' lang='lat' dir='ltr'><strong>et</strong></span> 
     </span>
    </p>
   </div>
   <div class='ocr_carea' id='block_1_100' title="bbox 221 5642 1824 5719">
    <p class='ocr_par' dir='ltr' id='par_1_100' title="bbox 221 5642 1824 5719">
     <span class='ocr_line' id='line_1_100' title="bbox 221 5642 1824 5719; baseline 0.006 -23"><span class='ocrx_word' id='word_1_767' title='bbox 221 5642 537 5701; x_wconf 81' lang='lat' dir='ltr'><strong>difﬁnitione</strong></span> <span class='ocrx_word' id='word_1_768' title='bbox 576 5649 852 5717; x_wconf 88' lang='lat' dir='ltr'><strong>quodlibet</strong></span> <span class='ocrx_word' id='word_1_769' title='bbox 903 5649 1034 5705; x_wconf 87' lang='lat' dir='ltr'><strong>illud</strong></span> <span class='ocrx_word' id='word_1_770' title='bbox 1085 5652 1550 5719; x_wconf 88' lang='lat' dir='ltr'><strong>circumscribere,</strong></span> <span class='ocrx_word' id='word_1_771' title='bbox 1587 5665 1642 5709; x_wconf 91' lang='lat' dir='ltr'><strong>et</strong></span> <span class='ocrx_word' id='word_1_772' title='bbox 1689 5654 1824 5708; x_wconf 84' lang='lat' dir='ltr'><strong>divi-</strong></span> 
     </span>
    </p>
   </div>
   <div class='ocr_carea' id='block_1_101' title="bbox 222 5737 1819 5814">
    <p class='ocr_par' dir='ltr' id='par_1_101' title="bbox 222 5737 1819 5814">
     <span class='ocr_line' id='line_1_101' title="bbox 222 5737 1819 5814; baseline 0.008 -26"><span class='ocrx_word' id='word_1_773' title='bbox 222 5737 377 5813; x_wconf 84' lang='lat' dir='ltr'><strong>sione</strong></span> <span class='ocrx_word' id='word_1_774' title='bbox 418 5737 745 5808; x_wconf 85' lang='lat' dir='ltr'><strong>dissolvere,</strong></span> <span class='ocrx_word' id='word_1_775' title='bbox 789 5752 843 5796; x_wconf 88' lang='lat' dir='ltr'><strong>et</strong></span> <span class='ocrx_word' id='word_1_776' title='bbox 890 5742 1385 5801; x_wconf 85' lang='lat' dir='ltr'><strong>demonstrantibus</strong></span> <span class='ocrx_word' id='word_1_777' title='bbox 1434 5748 1819 5814; x_wconf 82' lang='lat' dir='ltr'><strong>comprobare,</strong></span> 
     </span>
    </p>
   </div>
   <div class='ocr_carea' id='block_1_102' title="bbox 224 5828 1820 5909">
    <p class='ocr_par' dir='ltr' id='par_1_102' title="bbox 224 5828 1820 5909">
     <span class='ocr_line' id='line_1_102' title="bbox 224 5828 1820 5909; baseline 0.003 -22"><span class='ocrx_word' id='word_1_778' title='bbox 224 5830 343 5888; x_wconf 59' lang='lat' dir='ltr'><strong>hac</strong></span> <span class='ocrx_word' id='word_1_779' title='bbox 369 5828 547 5890; x_wconf 86' lang='lat' dir='ltr'><strong>autem</strong></span> <span class='ocrx_word' id='word_1_780' title='bbox 578 5828 774 5907; x_wconf 57' lang='lat' dir='ltr'><strong>prater</strong></span> <span class='ocrx_word' id='word_1_781' title='bbox 793 5850 979 5899; x_wconf 87' lang='lat' dir='ltr'><strong>earum</strong></span> <span class='ocrx_word' id='word_1_782' title='bbox 1012 5852 1189 5896; x_wconf 85' lang='lat' dir='ltr'><strong>rerum</strong></span> <span class='ocrx_word' id='word_1_783' title='bbox 1217 5837 1497 5896; x_wconf 84' lang='lat' dir='ltr'><strong>scientiam</strong></span> <span class='ocrx_word' id='word_1_784' title='bbox 1527 5839 1595 5895; x_wconf 86' lang='lat' dir='ltr'><strong>de</strong></span> <span class='ocrx_word' id='word_1_785' title='bbox 1622 5837 1820 5909; x_wconf 84' lang='lat' dir='ltr'><strong>quibus</strong></span> 
     </span>
    </p>
   </div>
   <div class='ocr_carea' id='block_1_103' title="bbox 1922 4729 3529 4807">
    <p class='ocr_par' dir='ltr' id='par_1_103' title="bbox 1922 4729 3529 4807">
     <span class='ocr_line' id='line_1_103' title="bbox 1922 4729 3529 4807; baseline -0.001 -22"><span class='ocrx_word' id='word_1_786' title='bbox 1922 4745 2109 4807; x_wconf 81' lang='lat' dir='ltr'><strong>neque</strong></span> <span class='ocrx_word' id='word_1_787' title='bbox 2140 4731 2291 4784; x_wconf 88' lang='lat' dir='ltr'><strong>enim-</strong></span> <span class='ocrx_word' id='word_1_788' title='bbox 2310 4730 2434 4799; x_wconf 89' lang='lat' dir='ltr'><strong>quid</strong></span> <span class='ocrx_word' id='word_1_789' title='bbox 2462 4731 2533 4784; x_wconf 92' lang='lat' dir='ltr'><strong>sit</strong></span> <span class='ocrx_word' id='word_1_790' title='bbox 2558 4730 2843 4801; x_wconf 90' lang='lat' dir='ltr'><strong>diligenter</strong></span> <span class='ocrx_word' id='word_1_791' title='bbox 2868 4730 3188 4798; x_wconf 91' lang='lat' dir='ltr'><strong>intenditur,</strong></span> <span class='ocrx_word' id='word_1_792' title='bbox 3213 4729 3315 4786; x_wconf 90' lang='lat' dir='ltr'><strong>nisi</strong></span> <span class='ocrx_word' id='word_1_793' title='bbox 3336 4730 3389 4786; x_wconf 92' lang='lat' dir='ltr'><strong>in</strong></span> <span class='ocrx_word' id='word_1_794' title='bbox 3416 4745 3529 4801; x_wconf 91' lang='lat' dir='ltr'><strong>quo</strong></span> 
     </span>
    </p>
   </div>
   <div class='ocr_carea' id='block_1_104' title="bbox 1922 4826 3529 4907">
    <p class='ocr_par' dir='ltr' id='par_1_104' title="bbox 1922 4826 3529 4907">
     <span class='ocr_line' id='line_1_104' title="bbox 1922 4826 3529 4907; baseline 0 -27"><span class='ocrx_word' id='word_1_795' title='bbox 1922 4827 2125 4897; x_wconf 21' lang='lat' dir='ltr'><strong>‘horum</strong></span> <span class='ocrx_word' id='word_1_796' title='bbox 2152 4826 2277 4907; x_wconf 82' lang='lat' dir='ltr'><strong>poni</strong></span> <span class='ocrx_word' id='word_1_797' title='bbox 2303 4826 2500 4881; x_wconf 90' lang='lat' dir='ltr'><strong>debeat</strong></span> <span class='ocrx_word' id='word_1_798' title='bbox 2529 4839 2873 4898; x_wconf 86' lang='lat' dir='ltr'><strong>agnoscatur.</strong></span> <span class='ocrx_word' id='word_1_799' title='bbox 2904 4826 3012 4883; x_wconf 89' lang='lat' dir='ltr'><strong>Sed</strong></span> <span class='ocrx_word' id='word_1_800' title='bbox 3055 4842 3230 4898; x_wconf 89' lang='lat' dir='ltr'><strong>neque</strong></span> <span class='ocrx_word' id='word_1_801' title='bbox 3259 4842 3380 4881; x_wconf 91' lang='lat' dir='ltr'><strong>cum</strong></span> <span class='ocrx_word' id='word_1_802' title='bbox 3414 4827 3529 4881; x_wconf 69' lang='lat' dir='ltr'><strong>bace</strong></span> 
     </span>
    </p>
   </div>
   <div class='ocr_carea' id='block_1_105' title="bbox 1930 4919 3517 4990">
    <p class='ocr_par' dir='ltr' id='par_1_105' title="bbox 1930 4919 3517 4990">
     <span class='ocr_line' id='line_1_105' title="bbox 1930 4919 3517 4990; baseline -0.001 -15"><span class='ocrx_word' id='word_1_803' title='bbox 1930 4920 2107 4976; x_wconf 84' lang='lat' dir='ltr'><strong>soluta</strong></span> <span class='ocrx_word' id='word_1_804' title='bbox 2143 4919 2304 4975; x_wconf 85' lang='lat' dir='ltr'><strong>fuerit</strong></span> <span class='ocrx_word' id='word_1_805' title='bbox 2341 4920 2589 4989; x_wconf 64' lang='lat' dir='ltr'><strong>quaestio,</strong></span> <span class='ocrx_word' id='word_1_806' title='bbox 2626 4935 2790 4975; x_wconf 89' lang='lat' dir='ltr'><strong>omne</strong></span> <span class='ocrx_word' id='word_1_807' title='bbox 2832 4919 3139 4975; x_wconf 77' lang='lat' dir='ltr'><strong>excluditur</strong></span> <span class='ocrx_word' id='word_1_808' title='bbox 3164 4919 3517 4990; x_wconf 88' lang='lat' dir='ltr'><strong>ambiguum:</strong></span> 
     </span>
    </p>
   </div>
   <div class='ocr_carea' id='block_1_106' title="bbox 1929 5014 3526 5086">
    <p class='ocr_par' dir='ltr' id='par_1_106' title="bbox 1929 5014 3526 5086">
     <span class='ocr_line' id='line_1_106' title="bbox 1929 5014 3526 5086; baseline -0.001 -15"><span class='ocrx_word' id='word_1_809' title='bbox 1929 5015 2117 5071; x_wconf 90' lang='lat' dir='ltr'><strong>subest</strong></span> <span class='ocrx_word' id='word_1_810' title='bbox 2146 5016 2288 5071; x_wconf 89' lang='lat' dir='ltr'><strong>enim</strong></span> <span class='ocrx_word' id='word_1_811' title='bbox 2320 5015 2546 5085; x_wconf 90' lang='lat' dir='ltr'><strong>aliquid,</strong></span> <span class='ocrx_word' id='word_1_812' title='bbox 2576 5015 2717 5085; x_wconf 92' lang='lat' dir='ltr'><strong>quod</strong></span> <span class='ocrx_word' id='word_1_813' title='bbox 2745 5017 2789 5070; x_wconf 90' lang='lat' dir='ltr'><strong>si</strong></span> <span class='ocrx_word' id='word_1_814' title='bbox 2823 5014 3183 5085; x_wconf 89' lang='lat' dir='ltr'><strong>incorporalia</strong></span> <span class='ocrx_word' id='word_1_815' title='bbox 3212 5029 3334 5070; x_wconf 89' lang='lat' dir='ltr'><strong>esse</strong></span> <span class='ocrx_word' id='word_1_816' title='bbox 3354 5028 3526 5086; x_wconf 85' lang='lat' dir='ltr'><strong>genus</strong></span> 
     </span>
    </p>
   </div>
   <div class='ocr_carea' id='block_1_107' title="bbox 1930 5106 3529 5178">
    <p class='ocr_par' dir='ltr' id='par_1_107' title="bbox 1930 5106 3529 5178">
     <span class='ocr_line' id='line_1_107' title="bbox 1930 5106 3529 5178; baseline -0.001 -17"><span class='ocrx_word' id='word_1_817' title='bbox 1930 5123 1996 5163; x_wconf 88' lang='lat' dir='ltr'><strong>ac</strong></span> <span class='ocrx_word' id='word_1_818' title='bbox 2038 5108 2248 5176; x_wconf 84' lang='lat' dir='ltr'><strong>species</strong></span> <span class='ocrx_word' id='word_1_819' title='bbox 2298 5107 2567 5170; x_wconf 85' lang='lat' dir='ltr'><strong>dicantur,</strong></span> <span class='ocrx_word' id='word_1_820' title='bbox 2606 5106 2853 5161; x_wconf 88' lang='lat' dir='ltr'><strong>obsideat</strong></span> <span class='ocrx_word' id='word_1_821' title='bbox 2904 5106 3314 5178; x_wconf 84' lang='lat' dir='ltr'><strong>intelligentiam</strong></span> <span class='ocrx_word' id='word_1_822' title='bbox 3363 5116 3529 5175; x_wconf 87' lang='lat' dir='ltr'><strong>atque</strong></span> 
     </span>
    </p>
   </div>
   <div class='ocr_carea' id='block_1_108' title="bbox 1932 5198 3527 5267">
    <p class='ocr_par' dir='ltr' id='par_1_108' title="bbox 1932 5198 3527 5267">
     <span class='ocr_line' id='line_1_108' title="bbox 1932 5198 3527 5267; baseline -0.002 -14"><span class='ocrx_word' id='word_1_823' title='bbox 1932 5198 2206 5264; x_wconf 69' lang='lat' dir='ltr'><strong>detineat,</strong></span> <span class='ocrx_word' id='word_1_824' title='bbox 2268 5199 2475 5252; x_wconf 83' lang='lat' dir='ltr'><strong>cxsolvi</strong></span> <span class='ocrx_word' id='word_1_825' title='bbox 2532 5199 2809 5267; x_wconf 89' lang='lat' dir='ltr'><strong>postulans</strong></span> <span class='ocrx_word' id='word_1_826' title='bbox 2873 5206 3052 5252; x_wconf 91' lang='lat' dir='ltr'><strong>utrum</strong></span> <span class='ocrx_word' id='word_1_827' title='bbox 3102 5199 3247 5253; x_wconf 88' lang='lat' dir='ltr'><strong>circa</strong></span> <span class='ocrx_word' id='word_1_828' title='bbox 3298 5211 3527 5265; x_wconf 87' lang='lat' dir='ltr'><strong>corpora</strong></span> 
     </span>
    </p>
   </div>
   <div class='ocr_carea' id='block_1_109' title="bbox 1934 5287 3525 5359">
    <p class='ocr_par' dir='ltr' id='par_1_109' title="bbox 1934 5287 3525 5359">
     <span class='ocr_line' id='line_1_109' title="bbox 1934 5287 3525 5359; baseline -0.001 -16"><span class='ocrx_word' id='word_1_829' title='bbox 1934 5289 2052 5359; x_wconf 88' lang='lat' dir='ltr'><strong>ipsa</strong></span> <span class='ocrx_word' id='word_1_830' title='bbox 2100 5287 2416 5353; x_wconf 86' lang='lat' dir='ltr'><strong>subsistant,</strong></span> <span class='ocrx_word' id='word_1_831' title='bbox 2446 5305 2513 5343; x_wconf 90' lang='lat' dir='ltr'><strong>an</strong></span> <span class='ocrx_word' id='word_1_832' title='bbox 2541 5289 2699 5342; x_wconf 89' lang='lat' dir='ltr'><strong>etiam</strong></span> <span class='ocrx_word' id='word_1_833' title='bbox 2746 5297 2939 5357; x_wconf 57' lang='lat' dir='ltr'><strong>praeter</strong></span> <span class='ocrx_word' id='word_1_834' title='bbox 2966 5303 3195 5358; x_wconf 87' lang='lat' dir='ltr'><strong>corpora</strong></span> <span class='ocrx_word' id='word_1_835' title='bbox 3224 5288 3525 5341; x_wconf 52' lang='lat' dir='ltr'><strong>subsisten-</strong></span> 
     </span>
    </p>
   </div>
   <div class='ocr_carea' id='block_1_110' title="bbox 1933 5382 3522 5452">
    <p class='ocr_par' dir='ltr' id='par_1_110' title="bbox 1933 5382 3522 5452">
     <span class='ocr_line' id='line_1_110' title="bbox 1933 5382 3522 5452; baseline 0 -16"><span class='ocrx_word' id='word_1_836' title='bbox 1933 5383 2007 5436; x_wconf 89' lang='lat' dir='ltr'><strong>tia</strong></span> <span class='ocrx_word' id='word_1_837' title='bbox 2041 5382 2406 5451; x_wconf 84' lang='lat' dir='ltr'><strong>incorporales</strong></span> <span class='ocrx_word' id='word_1_838' title='bbox 2445 5396 2566 5437; x_wconf 89' lang='lat' dir='ltr'><strong>esse</strong></span> <span class='ocrx_word' id='word_1_839' title='bbox 2596 5382 2897 5437; x_wconf 85' lang='lat' dir='ltr'><strong>videantur.</strong></span> <span class='ocrx_word' id='word_1_840' title='bbox 2932 5382 3059 5437; x_wconf 82' lang='lat' dir='ltr'><strong>Duc</strong></span> <span class='ocrx_word' id='word_1_841' title='bbox 3095 5384 3294 5452; x_wconf 70' lang='lat' dir='ltr'><strong>quippe</strong></span> <span class='ocrx_word' id='word_1_842' title='bbox 3339 5383 3522 5436; x_wconf 88' lang='lat' dir='ltr'><strong>incor-</strong></span> 
     </span>
    </p>
   </div>
   <div class='ocr_carea' id='block_1_111' title="bbox 1936 5472 3530 5545">
    <p class='ocr_par' dir='ltr' id='par_1_111' title="bbox 1936 5472 3530 5545">
     <span class='ocr_line' id='line_1_111' title="bbox 1936 5472 3530 5545; baseline 0.001 -16"><span class='ocrx_word' id='word_1_843' title='bbox 1936 5490 2219 5545; x_wconf 87' lang='lat' dir='ltr'><strong>poreorum</strong></span> <span class='ocrx_word' id='word_1_844' title='bbox 2270 5472 2454 5529; x_wconf 77' lang='lat' dir='ltr'><strong>forma:</strong></span> <span class='ocrx_word' id='word_1_845' title='bbox 2488 5483 2631 5539; x_wconf 90' lang='lat' dir='ltr'><strong>sunt,</strong></span> <span class='ocrx_word' id='word_1_846' title='bbox 2668 5484 2724 5528; x_wconf 91' lang='lat' dir='ltr'><strong>ut</strong></span> <span class='ocrx_word' id='word_1_847' title='bbox 2752 5478 2854 5529; x_wconf 85' lang='lat' dir='ltr'><strong>alia</strong></span> <span class='ocrx_word' id='word_1_848' title='bbox 2887 5485 3081 5545; x_wconf 65' lang='lat' dir='ltr'><strong>praeter</strong></span> <span class='ocrx_word' id='word_1_849' title='bbox 3120 5489 3347 5544; x_wconf 85' lang='lat' dir='ltr'><strong>corpora</strong></span> <span class='ocrx_word' id='word_1_850' title='bbox 3407 5489 3530 5530; x_wconf 84' lang='lat' dir='ltr'><strong>esse</strong></span> 
     </span>
    </p>
   </div>
   <div class='ocr_carea' id='block_1_112' title="bbox 1942 5566 3529 5636">
    <p class='ocr_par' dir='ltr' id='par_1_112' title="bbox 1942 5566 3529 5636">
     <span class='ocr_line' id='line_1_112' title="bbox 1942 5566 3529 5636; baseline 0.005 -19"><span class='ocrx_word' id='word_1_851' title='bbox 1942 5566 2166 5634; x_wconf 83' lang='lat' dir='ltr'><strong>possint,</strong></span> <span class='ocrx_word' id='word_1_852' title='bbox 2198 5576 2252 5620; x_wconf 90' lang='lat' dir='ltr'><strong>et</strong></span> <span class='ocrx_word' id='word_1_853' title='bbox 2278 5576 2524 5635; x_wconf 86' lang='lat' dir='ltr'><strong>separata</strong></span> <span class='ocrx_word' id='word_1_854' title='bbox 2552 5583 2583 5621; x_wconf 87' lang='lat' dir='ltr'><strong>a</strong></span> <span class='ocrx_word' id='word_1_855' title='bbox 2611 5568 2929 5636; x_wconf 87' lang='lat' dir='ltr'><strong>corporibus</strong></span> <span class='ocrx_word' id='word_1_856' title='bbox 2953 5568 3004 5621; x_wconf 90' lang='lat' dir='ltr'><strong>in</strong></span> <span class='ocrx_word' id='word_1_857' title='bbox 3035 5582 3127 5622; x_wconf 87' lang='lat' dir='ltr'><strong>sua</strong></span> <span class='ocrx_word' id='word_1_858' title='bbox 3151 5566 3529 5635; x_wconf 80' lang='lat' dir='ltr'><strong>corporalitate</strong></span> 
     </span>
    </p>
   </div>
   <div class='ocr_carea' id='block_1_113' title="bbox 1933 5658 3529 5727">
    <p class='ocr_par' dir='ltr' id='par_1_113' title="bbox 1933 5658 3529 5727">
     <span class='ocr_line' id='line_1_113' title="bbox 1933 5658 3529 5727; baseline 0.003 -18"><span class='ocrx_word' id='word_1_859' title='bbox 1933 5659 2263 5727; x_wconf 83' lang='lat' dir='ltr'><strong>perdurent,</strong></span> <span class='ocrx_word' id='word_1_860' title='bbox 2298 5671 2357 5711; x_wconf 90' lang='lat' dir='ltr'><strong>ut</strong></span> <span class='ocrx_word' id='word_1_861' title='bbox 2398 5659 2563 5724; x_wconf 86' lang='lat' dir='ltr'><strong>Dens,</strong></span> <span class='ocrx_word' id='word_1_862' title='bbox 2608 5676 2788 5724; x_wconf 86' lang='lat' dir='ltr'><strong>tnens,</strong></span> <span class='ocrx_word' id='word_1_863' title='bbox 2830 5660 3027 5712; x_wconf 85' lang='lat' dir='ltr'><strong>anima.</strong></span> <span class='ocrx_word' id='word_1_864' title='bbox 3070 5658 3187 5713; x_wconf 82' lang='lat' dir='ltr'><strong>Alia</strong></span> <span class='ocrx_word' id='word_1_865' title='bbox 3230 5675 3357 5715; x_wconf 75' lang='lat' dir='ltr'><strong>vero</strong></span> <span class='ocrx_word' id='word_1_866' title='bbox 3404 5676 3529 5715; x_wconf 84' lang='lat' dir='ltr'><strong>cunt</strong></span> 
     </span>
    </p>
   </div>
   <div class='ocr_carea' id='block_1_114' title="bbox 1935 5750 3529 5821">
    <p class='ocr_par' dir='ltr' id='par_1_114' title="bbox 1935 5750 3529 5821">
     <span class='ocr_line' id='line_1_114' title="bbox 1935 5750 3529 5821; baseline 0 -18"><span class='ocrx_word' id='word_1_867' title='bbox 1935 5752 2039 5803; x_wconf 82' lang='lat' dir='ltr'><strong>sint</strong></span> <span class='ocrx_word' id='word_1_868' title='bbox 2066 5750 2599 5819; x_wconf 81' lang='lat' dir='ltr'><strong>incorporea,tatncn</strong></span> <span class='ocrx_word' id='word_1_869' title='bbox 2633 5760 2827 5820; x_wconf 74' lang='lat' dir='ltr'><strong>pra-ter</strong></span> <span class='ocrx_word' id='word_1_870' title='bbox 2856 5764 3081 5818; x_wconf 70' lang='lat' dir='ltr'><strong>corpora</strong></span> <span class='ocrx_word' id='word_1_871' title='bbox 3115 5766 3236 5806; x_wconf 87' lang='lat' dir='ltr'><strong>csse</strong></span> <span class='ocrx_word' id='word_1_872' title='bbox 3266 5767 3373 5805; x_wconf 79' lang='lat' dir='ltr'><strong>non</strong></span> <span class='ocrx_word' id='word_1_873' title='bbox 3404 5765 3529 5821; x_wconf 80' lang='lat' dir='ltr'><strong>pos-</strong></span> 
     </span>
    </p>
   </div>
   <div class='ocr_carea' id='block_1_115' title="bbox 1936 5842 3525 5917">
    <p class='ocr_par' dir='ltr' id='par_1_115' title="bbox 1936 5842 3525 5917">
     <span class='ocr_line' id='line_1_115' title="bbox 1936 5842 3525 5917; baseline -0.001 -18"><span class='ocrx_word' id='word_1_874' title='bbox 1936 5851 2082 5913; x_wconf 83' lang='lat' dir='ltr'><strong>sunt,</strong></span> <span class='ocrx_word' id='word_1_875' title='bbox 2112 5853 2168 5901; x_wconf 89' lang='lat' dir='ltr'><strong>ut</strong></span> <span class='ocrx_word' id='word_1_876' title='bbox 2191 5842 2351 5913; x_wconf 76' lang='lat' dir='ltr'><strong>linea,</strong></span> <span class='ocrx_word' id='word_1_877' title='bbox 2380 5842 2717 5917; x_wconf 83' lang='lat' dir='ltr'><strong>superﬁcies,</strong></span> <span class='ocrx_word' id='word_1_878' title='bbox 2741 5858 3000 5901; x_wconf 81' lang='lat' dir='ltr'><strong>numerus</strong></span> <span class='ocrx_word' id='word_1_879' title='bbox 3029 5854 3082 5902; x_wconf 86' lang='lat' dir='ltr'><strong>et</strong></span> <span class='ocrx_word' id='word_1_880' title='bbox 3130 5843 3356 5916; x_wconf 71' lang='lat' dir='ltr'><strong>singultu</strong></span> <span class='ocrx_word' id='word_1_881' title='bbox 3394 5861 3525 5915; x_wconf 68' lang='lat' dir='ltr'><strong>quato</strong></span> 
     </span>
    </p>
   </div>
  </div>
