  <div class='ocr_page' id='page_1' title='image "/cluster/home/n/w/nwhite01/storage/ocr_20150623/64/hvd.32044024222309/049.png"; bbox 0 0 4106 6336; ppageno 0'>
   <div class='ocr_carea' id='block_1_1' title="bbox 541 269 3825 337">
    <p class='ocr_par' dir='ltr' id='par_1_1' title="bbox 541 269 3825 337">
     <span class='ocr_line' id='line_1_1' title="bbox 541 269 3825 337; baseline -0.002 -1"><span class='ocrx_word' id='word_1_1' title='bbox 541 282 610 337; x_wconf 80' lang='lat'><strong>8&#39;5</strong></span> <span class='ocrx_word' id='word_1_2' title='bbox 1765 277 1878 332; x_wconf 79' lang='lat' dir='ltr'><strong>AN.</strong></span> <span class='ocrx_word' id='word_1_3' title='bbox 1920 273 2125 330; x_wconf 71' lang='lat' dir='ltr'><strong>MANL.</strong></span> <span class='ocrx_word' id='word_1_4' title='bbox 2168 272 2321 333; x_wconf 74' lang='lat' dir='ltr'><strong>SEV.</strong></span> <span class='ocrx_word' id='word_1_5' title='bbox 2366 272 2588 328; x_wconf 79' lang='lat' dir='ltr'><strong>BUETII</strong></span> <span class='ocrx_word' id='word_1_6' title='bbox 3744 269 3825 329; x_wconf 65' lang='grc'><strong>84</strong></span> 
     </span>
    </p>
   </div>
   <div class='ocr_carea' id='block_1_2' title="bbox 542 362 3823 461">
    <p class='ocr_par' dir='ltr' id='par_1_2' title="bbox 542 362 3823 461">
     <span class='ocr_line' id='line_1_2' title="bbox 542 362 3823 461; baseline -0.002 -18"><span class='ocrx_word' id='word_1_7' title='bbox 542 389 739 455; x_wconf 88' lang='lat' dir='ltr'><strong>litates,</strong></span> <span class='ocrx_word' id='word_1_8' title='bbox 762 406 895 461; x_wconf 87' lang='lat' dir='ltr'><strong>quas</strong></span> <span class='ocrx_word' id='word_1_9' title='bbox 916 392 1128 446; x_wconf 75' lang='lat' dir='ltr'><strong>tametsi</strong></span> <span class='ocrx_word' id='word_1_10' title='bbox 1170 392 1512 458; x_wconf 83' lang='lat' dir='ltr'><strong>incorporeas</strong></span> <span class='ocrx_word' id='word_1_11' title='bbox 1538 402 1658 442; x_wconf 87' lang='lat' dir='ltr'><strong>esse</strong></span> <span class='ocrx_word' id='word_1_12' title='bbox 1691 387 2118 454; x_wconf 87' lang='lat' dir='ltr'><strong>pronuntiamus,</strong></span> <span class='ocrx_word' id='word_1_13' title='bbox 2148 386 2201 443; x_wconf 75' lang='grc' dir='ltr'><strong>Δ</strong></span> <span class='ocrx_word' id='word_1_14' title='bbox 2224 395 2392 451; x_wconf 90' lang='lat' dir='ltr'><strong>genus</strong></span> <span class='ocrx_word' id='word_1_15' title='bbox 2434 386 2575 437; x_wconf 83' lang='lat' dir='ltr'><strong>aliud</strong></span> <span class='ocrx_word' id='word_1_16' title='bbox 2628 362 3002 453; x_wconf 82' lang='lat' dir='ltr'><strong>inquirendum</strong></span> <span class='ocrx_word' id='word_1_17' title='bbox 3047 396 3150 451; x_wconf 89' lang='lat' dir='ltr'><strong>est,</strong></span> <span class='ocrx_word' id='word_1_18' title='bbox 3183 384 3451 439; x_wconf 78' lang='lat' dir='ltr'><strong>videbitur</strong></span> <span class='ocrx_word' id='word_1_19' title='bbox 3489 398 3659 454; x_wconf 89' lang='lat' dir='ltr'><strong>genus</strong></span> <span class='ocrx_word' id='word_1_20' title='bbox 3690 398 3823 439; x_wconf 85' lang='lat' dir='ltr'><strong>om-</strong></span> 
     </span>
    </p>
   </div>
   <div class='ocr_carea' id='block_1_3' title="bbox 541 478 2122 550">
    <p class='ocr_par' dir='ltr' id='par_1_3' title="bbox 541 478 2122 550">
     <span class='ocr_line' id='line_1_3' title="bbox 541 478 2122 550; baseline -0.003 -16"><span class='ocrx_word' id='word_1_21' title='bbox 541 480 684 548; x_wconf 88' lang='lat' dir='ltr'><strong>quod</strong></span> <span class='ocrx_word' id='word_1_22' title='bbox 714 481 881 536; x_wconf 90' lang='lat' dir='ltr'><strong>tribus</strong></span> <span class='ocrx_word' id='word_1_23' title='bbox 909 483 1095 550; x_wconf 77' lang='lat' dir='ltr'><strong>Spatiis</strong></span> <span class='ocrx_word' id='word_1_24' title='bbox 1135 479 1355 534; x_wconf 88' lang='lat' dir='ltr'><strong>minime</strong></span> <span class='ocrx_word' id='word_1_25' title='bbox 1383 478 1795 543; x_wconf 78' lang='lat' dir='ltr'><strong>distendantur,</strong></span> <span class='ocrx_word' id='word_1_26' title='bbox 1825 478 1899 531; x_wconf 90' lang='lat' dir='ltr'><strong>ita</strong></span> <span class='ocrx_word' id='word_1_27' title='bbox 1945 490 2122 530; x_wconf 87' lang='lat' dir='ltr'><strong>tamen</strong></span> 
     </span>
    </p>
   </div>
   <div class='ocr_carea' id='block_1_4' title="bbox 544 571 2126 647">
    <p class='ocr_par' dir='ltr' id='par_1_4' title="bbox 544 571 2126 647">
     <span class='ocr_line' id='line_1_4' title="bbox 544 571 2126 647; baseline -0.003 -22"><span class='ocrx_word' id='word_1_28' title='bbox 544 571 597 625; x_wconf 93' lang='lat' dir='ltr'><strong>in</strong></span> <span class='ocrx_word' id='word_1_29' title='bbox 636 572 961 647; x_wconf 80' lang='lat' dir='ltr'><strong>corporibus</strong></span> <span class='ocrx_word' id='word_1_30' title='bbox 987 580 1131 636; x_wconf 91' lang='lat' dir='ltr'><strong>sunt,</strong></span> <span class='ocrx_word' id='word_1_31' title='bbox 1165 580 1222 625; x_wconf 92' lang='lat' dir='ltr'><strong>ut</strong></span> <span class='ocrx_word' id='word_1_32' title='bbox 1267 572 1335 625; x_wconf 89' lang='lat' dir='ltr'><strong>ab</strong></span> <span class='ocrx_word' id='word_1_33' title='bbox 1368 571 1450 625; x_wconf 90' lang='lat' dir='ltr'><strong>his</strong></span> <span class='ocrx_word' id='word_1_34' title='bbox 1491 571 1677 626; x_wconf 84' lang='lat' dir='ltr'><strong>divelli</strong></span> <span class='ocrx_word' id='word_1_35' title='bbox 1716 579 1989 639; x_wconf 85' lang='lat' dir='ltr'><strong>nequeant</strong></span> <span class='ocrx_word' id='word_1_36' title='bbox 2035 581 2126 623; x_wconf 91' lang='lat' dir='ltr'><strong>aut</strong></span> 
     </span>
    </p>
   </div>
   <div class='ocr_carea' id='block_1_5' title="bbox 542 663 2127 733">
    <p class='ocr_par' dir='ltr' id='par_1_5' title="bbox 542 663 2127 733">
     <span class='ocr_line' id='line_1_5' title="bbox 542 663 2127 733; baseline -0.003 -13"><span class='ocrx_word' id='word_1_37' title='bbox 542 667 816 733; x_wconf 85' lang='lat' dir='ltr'><strong>separari,</strong></span> <span class='ocrx_word' id='word_1_38' title='bbox 856 674 947 719; x_wconf 91' lang='lat' dir='ltr'><strong>aut</strong></span> <span class='ocrx_word' id='word_1_39' title='bbox 988 666 1031 718; x_wconf 91' lang='lat' dir='ltr'><strong>si</strong></span> <span class='ocrx_word' id='word_1_40' title='bbox 1072 678 1103 717; x_wconf 88' lang='lat' dir='ltr'><strong>a</strong></span> <span class='ocrx_word' id='word_1_41' title='bbox 1145 663 1462 733; x_wconf 88' lang='lat' dir='ltr'><strong>corporibus</strong></span> <span class='ocrx_word' id='word_1_42' title='bbox 1512 674 1757 733; x_wconf 88' lang='lat' dir='ltr'><strong>separata</strong></span> <span class='ocrx_word' id='word_1_43' title='bbox 1802 664 1932 730; x_wconf 87' lang='lat' dir='ltr'><strong>sint,</strong></span> <span class='ocrx_word' id='word_1_44' title='bbox 1984 663 2127 716; x_wconf 93' lang='lat' dir='ltr'><strong>nullo</strong></span> 
     </span>
    </p>
   </div>
   <div class='ocr_carea' id='block_1_6' title="bbox 545 751 2125 824">
    <p class='ocr_par' dir='ltr' id='par_1_6' title="bbox 545 751 2125 824">
     <span class='ocr_line' id='line_1_6' title="bbox 545 751 2125 824; baseline -0.003 -16"><span class='ocrx_word' id='word_1_45' title='bbox 545 754 704 808; x_wconf 91' lang='lat' dir='ltr'><strong>modo</strong></span> <span class='ocrx_word' id='word_1_46' title='bbox 731 752 1401 824; x_wconf 86' lang='lat' dir='ltr'><strong>permaneant.Quaslicet</strong></span> <span class='ocrx_word' id='word_1_47' title='bbox 1428 755 1753 823; x_wconf 73' lang='lat' dir='ltr'><strong>qumstiones</strong></span> <span class='ocrx_word' id='word_1_48' title='bbox 1783 753 2005 806; x_wconf 86' lang='lat' dir='ltr'><strong>arduum</strong></span> <span class='ocrx_word' id='word_1_49' title='bbox 2034 751 2125 816; x_wconf 92' lang='lat' dir='ltr'><strong>sit,</strong></span> 
     </span>
    </p>
   </div>
   <div class='ocr_carea' id='block_1_7' title="bbox 544 844 2130 915">
    <p class='ocr_par' dir='ltr' id='par_1_7' title="bbox 544 844 2130 915">
     <span class='ocr_line' id='line_1_7' title="bbox 544 844 2130 915; baseline -0.003 -16"><span class='ocrx_word' id='word_1_50' title='bbox 544 847 663 912; x_wconf 88' lang='lat' dir='ltr'><strong>ipso</strong></span> <span class='ocrx_word' id='word_1_51' title='bbox 709 845 921 900; x_wconf 77' lang='lat' dir='ltr'><strong>interim</strong></span> <span class='ocrx_word' id='word_1_52' title='bbox 955 844 1253 915; x_wconf 81' lang='lat' dir='ltr'><strong>Porphyrio</strong></span> <span class='ocrx_word' id='word_1_53' title='bbox 1275 854 1559 913; x_wconf 90' lang='lat' dir='ltr'><strong>renuente,</strong></span> <span class='ocrx_word' id='word_1_54' title='bbox 1602 844 1919 908; x_wconf 82' lang='lat' dir='ltr'><strong>dissolvere,</strong></span> <span class='ocrx_word' id='word_1_55' title='bbox 1950 852 2130 897; x_wconf 88' lang='lat' dir='ltr'><strong>tamen</strong></span> 
     </span>
    </p>
   </div>
   <div class='ocr_carea' id='block_1_8' title="bbox 546 935 2130 1007">
    <p class='ocr_par' dir='ltr' id='par_1_8' title="bbox 546 935 2130 1007">
     <span class='ocr_line' id='line_1_8' title="bbox 546 935 2130 1007; baseline -0.003 -17"><span class='ocrx_word' id='word_1_56' title='bbox 546 938 821 1007; x_wconf 82' lang='lat' dir='ltr'><strong>aggrediar</strong></span> <span class='ocrx_word' id='word_1_57' title='bbox 866 938 936 991; x_wconf 87' lang='lat' dir='ltr'><strong>ita</strong></span> <span class='ocrx_word' id='word_1_58' title='bbox 967 949 1024 992; x_wconf 91' lang='lat' dir='ltr'><strong>ut</strong></span> <span class='ocrx_word' id='word_1_59' title='bbox 1060 953 1159 993; x_wconf 91' lang='lat' dir='ltr'><strong>nec</strong></span> <span class='ocrx_word' id='word_1_60' title='bbox 1188 938 1406 992; x_wconf 80' lang='lat' dir='ltr'><strong>anxium</strong></span> <span class='ocrx_word' id='word_1_61' title='bbox 1453 937 1667 993; x_wconf 80' lang='lat' dir='ltr'><strong>lectoris</strong></span> <span class='ocrx_word' id='word_1_62' title='bbox 1692 936 1929 990; x_wconf 90' lang='lat' dir='ltr'><strong>animum</strong></span> <span class='ocrx_word' id='word_1_63' title='bbox 1962 935 2130 988; x_wconf 90' lang='lat' dir='ltr'><strong>relin-</strong></span> 
     </span>
    </p>
   </div>
   <div class='ocr_carea' id='block_1_9' title="bbox 544 1025 2132 1100">
    <p class='ocr_par' dir='ltr' id='par_1_9' title="bbox 544 1025 2132 1100">
     <span class='ocr_line' id='line_1_9' title="bbox 544 1025 2132 1100; baseline -0.004 -17"><span class='ocrx_word' id='word_1_64' title='bbox 544 1044 726 1098; x_wconf 88' lang='lat' dir='ltr'><strong>quam,</strong></span> <span class='ocrx_word' id='word_1_65' title='bbox 756 1044 857 1083; x_wconf 90' lang='lat' dir='ltr'><strong>nec</strong></span> <span class='ocrx_word' id='word_1_66' title='bbox 896 1031 1011 1100; x_wconf 85' lang='lat' dir='ltr'><strong>ipse</strong></span> <span class='ocrx_word' id='word_1_67' title='bbox 1042 1031 1093 1084; x_wconf 90' lang='lat' dir='ltr'><strong>in</strong></span> <span class='ocrx_word' id='word_1_68' title='bbox 1131 1030 1213 1085; x_wconf 88' lang='lat' dir='ltr'><strong>his</strong></span> <span class='ocrx_word' id='word_1_69' title='bbox 1243 1046 1361 1098; x_wconf 66' lang='lat' dir='ltr'><strong>quae</strong></span> <span class='ocrx_word' id='word_1_70' title='bbox 1392 1041 1587 1099; x_wconf 60' lang='lat' dir='ltr'><strong>prater</strong></span> <span class='ocrx_word' id='word_1_71' title='bbox 1611 1028 1850 1083; x_wconf 89' lang='lat' dir='ltr'><strong>muneris</strong></span> <span class='ocrx_word' id='word_1_72' title='bbox 1897 1025 2132 1093; x_wconf 92' lang='lat' dir='ltr'><strong>suscepti</strong></span> 
     </span>
    </p>
   </div>
   <div class='ocr_carea' id='block_1_10' title="bbox 543 1120 2132 1192">
    <p class='ocr_par' dir='ltr' id='par_1_10' title="bbox 543 1120 2132 1192">
     <span class='ocr_line' id='line_1_10' title="bbox 543 1120 2132 1192; baseline -0.003 -18"><span class='ocrx_word' id='word_1_73' title='bbox 543 1124 739 1177; x_wconf 86' lang='lat' dir='ltr'><strong>seriem</strong></span> <span class='ocrx_word' id='word_1_74' title='bbox 772 1131 897 1175; x_wconf 87' lang='lat' dir='ltr'><strong>sunt</strong></span> <span class='ocrx_word' id='word_1_75' title='bbox 930 1130 1138 1190; x_wconf 78' lang='lat' dir='ltr'><strong>tempus</strong></span> <span class='ocrx_word' id='word_1_76' title='bbox 1177 1136 1501 1192; x_wconf 86' lang='lat' dir='ltr'><strong>operamque</strong></span> <span class='ocrx_word' id='word_1_77' title='bbox 1530 1135 1863 1177; x_wconf 90' lang='lat' dir='ltr'><strong>consumam.</strong></span> <span class='ocrx_word' id='word_1_78' title='bbox 1897 1120 2132 1172; x_wconf 77' lang='lat' dir='ltr'><strong>Primum</strong></span> 
     </span>
    </p>
   </div>
   <div class='ocr_carea' id='block_1_11' title="bbox 544 1214 2132 1285">
    <p class='ocr_par' dir='ltr' id='par_1_11' title="bbox 544 1214 2132 1285">
     <span class='ocr_line' id='line_1_11' title="bbox 544 1214 2132 1285; baseline 0 -20"><span class='ocrx_word' id='word_1_79' title='bbox 544 1215 759 1279; x_wconf 81' lang='lat' dir='ltr'><strong>quidem</strong></span> <span class='ocrx_word' id='word_1_80' title='bbox 793 1230 955 1283; x_wconf 66' lang='lat' dir='ltr'><strong>pauc-.1</strong></span> <span class='ocrx_word' id='word_1_81' title='bbox 984 1216 1084 1270; x_wconf 89' lang='lat' dir='ltr'><strong>sub</strong></span> <span class='ocrx_word' id='word_1_82' title='bbox 1105 1216 1415 1285; x_wconf 66' lang='lat' dir='ltr'><strong>quazstionis</strong></span> <span class='ocrx_word' id='word_1_83' title='bbox 1441 1214 1790 1283; x_wconf 79' lang='lat' dir='ltr'><strong>ambiguitate</strong></span> <span class='ocrx_word' id='word_1_84' title='bbox 1817 1228 2132 1282; x_wconf 80' lang='lat' dir='ltr'><strong>proponam,</strong></span> 
     </span>
    </p>
   </div>
   <div class='ocr_carea' id='block_1_12' title="bbox 545 1307 2138 1374">
    <p class='ocr_par' dir='ltr' id='par_1_12' title="bbox 545 1307 2138 1374">
     <span class='ocr_line' id='line_1_12' title="bbox 545 1307 2138 1374; baseline 0 -18"><span class='ocrx_word' id='word_1_85' title='bbox 545 1316 667 1374; x_wconf 80' lang='lat' dir='ltr'><strong>post</strong></span> <span class='ocrx_word' id='word_1_86' title='bbox 693 1322 821 1363; x_wconf 83' lang='lat' dir='ltr'><strong>vero</strong></span> <span class='ocrx_word' id='word_1_87' title='bbox 850 1308 1101 1362; x_wconf 90' lang='lat' dir='ltr'><strong>eumdem</strong></span> <span class='ocrx_word' id='word_1_88' title='bbox 1145 1307 1494 1362; x_wconf 83' lang='lat' dir='ltr'><strong>dubitationis</strong></span> <span class='ocrx_word' id='word_1_89' title='bbox 1524 1308 1720 1362; x_wconf 89' lang='lat' dir='ltr'><strong>nodum</strong></span> <span class='ocrx_word' id='word_1_90' title='bbox 1752 1307 2032 1361; x_wconf 76' lang='lat' dir='ltr'><strong>exsolvere</strong></span> <span class='ocrx_word' id='word_1_91' title='bbox 2058 1314 2138 1356; x_wconf 89' lang='lat' dir='ltr'><strong>at-</strong></span> 
     </span>
    </p>
   </div>
   <div class='ocr_carea' id='block_1_13' title="bbox 547 1399 2141 1469">
    <p class='ocr_par' dir='ltr' id='par_1_13' title="bbox 547 1399 2141 1469">
     <span class='ocr_line' id='line_1_13' title="bbox 547 1399 2141 1469; baseline 0.003 -22"><span class='ocrx_word' id='word_1_92' title='bbox 547 1415 652 1465; x_wconf 83' lang='lat' dir='ltr'><strong>que</strong></span> <span class='ocrx_word' id='word_1_93' title='bbox 683 1400 959 1468; x_wconf 85' lang='lat' dir='ltr'><strong>explicare</strong></span> <span class='ocrx_word' id='word_1_94' title='bbox 1001 1401 1239 1454; x_wconf 90' lang='lat' dir='ltr'><strong>tentabo.</strong></span> <span class='ocrx_word' id='word_1_95' title='bbox 1309 1399 1520 1455; x_wconf 87' lang='lat' dir='ltr'><strong>Genera</strong></span> <span class='ocrx_word' id='word_1_96' title='bbox 1566 1410 1621 1455; x_wconf 90' lang='lat' dir='ltr'><strong>et</strong></span> <span class='ocrx_word' id='word_1_97' title='bbox 1652 1400 1862 1469; x_wconf 86' lang='lat' dir='ltr'><strong>species</strong></span> <span class='ocrx_word' id='word_1_98' title='bbox 1890 1408 1982 1450; x_wconf 88' lang='lat' dir='ltr'><strong>aut</strong></span> <span class='ocrx_word' id='word_1_99' title='bbox 2017 1406 2141 1452; x_wconf 89' lang='lat' dir='ltr'><strong>sunt</strong></span> 
     </span>
    </p>
   </div>
   <div class='ocr_carea' id='block_1_14' title="bbox 547 1486 2142 1559">
    <p class='ocr_par' dir='ltr' id='par_1_14' title="bbox 547 1486 2142 1559">
     <span class='ocr_line' id='line_1_14' title="bbox 547 1486 2142 1559; baseline 0.001 -18"><span class='ocrx_word' id='word_1_100' title='bbox 547 1499 602 1542; x_wconf 81' lang='lat' dir='ltr'><strong>et</strong></span> <span class='ocrx_word' id='word_1_101' title='bbox 641 1490 962 1557; x_wconf 87' lang='lat' dir='ltr'><strong>subsistunt,</strong></span> <span class='ocrx_word' id='word_1_102' title='bbox 997 1502 1087 1546; x_wconf 87' lang='lat' dir='ltr'><strong>aut</strong></span> <span class='ocrx_word' id='word_1_103' title='bbox 1116 1492 1387 1546; x_wconf 90' lang='lat' dir='ltr'><strong>intellectu</strong></span> <span class='ocrx_word' id='word_1_104' title='bbox 1428 1499 1483 1545; x_wconf 90' lang='lat' dir='ltr'><strong>et</strong></span> <span class='ocrx_word' id='word_1_105' title='bbox 1523 1491 1635 1545; x_wconf 88' lang='lat' dir='ltr'><strong>sola</strong></span> <span class='ocrx_word' id='word_1_106' title='bbox 1675 1488 1999 1559; x_wconf 80' lang='lat' dir='ltr'><strong>cogitatione</strong></span> <span class='ocrx_word' id='word_1_107' title='bbox 2033 1486 2142 1542; x_wconf 77' lang='lat' dir='ltr'><strong>for-</strong></span> 
     </span>
    </p>
   </div>
   <div class='ocr_carea' id='block_1_15' title="bbox 549 1579 2137 1652">
    <p class='ocr_par' dir='ltr' id='par_1_15' title="bbox 549 1579 2137 1652">
     <span class='ocr_line' id='line_1_15' title="bbox 549 1579 2137 1652; baseline -0.001 -17"><span class='ocrx_word' id='word_1_108' title='bbox 549 1595 782 1648; x_wconf 88' lang='lat' dir='ltr'><strong>mantur,</strong></span> <span class='ocrx_word' id='word_1_109' title='bbox 807 1584 900 1637; x_wconf 89' lang='lat' dir='ltr'><strong>sed</strong></span> <span class='ocrx_word' id='word_1_110' title='bbox 928 1599 1122 1652; x_wconf 84' lang='lat' dir='ltr'><strong>genera</strong></span> <span class='ocrx_word' id='word_1_111' title='bbox 1146 1592 1202 1637; x_wconf 89' lang='lat' dir='ltr'><strong>et</strong></span> <span class='ocrx_word' id='word_1_112' title='bbox 1230 1585 1437 1652; x_wconf 89' lang='lat' dir='ltr'><strong>species</strong></span> <span class='ocrx_word' id='word_1_113' title='bbox 1458 1597 1578 1637; x_wconf 89' lang='lat' dir='ltr'><strong>esse</strong></span> <span class='ocrx_word' id='word_1_114' title='bbox 1607 1595 1708 1635; x_wconf 90' lang='lat' dir='ltr'><strong>non</strong></span> <span class='ocrx_word' id='word_1_115' title='bbox 1745 1588 1988 1649; x_wconf 91' lang='lat' dir='ltr'><strong>possunt.</strong></span> <span class='ocrx_word' id='word_1_116' title='bbox 2025 1579 2137 1633; x_wconf 86' lang='lat' dir='ltr'><strong>Hoc</strong></span> 
     </span>
    </p>
   </div>
   <div class='ocr_carea' id='block_1_16' title="bbox 548 1674 2146 1745">
    <p class='ocr_par' dir='ltr' id='par_1_16' title="bbox 548 1674 2146 1745">
     <span class='ocr_line' id='line_1_16' title="bbox 548 1674 2146 1745; baseline 0 -19"><span class='ocrx_word' id='word_1_117' title='bbox 548 1684 727 1729; x_wconf 86' lang='lat' dir='ltr'><strong>autem</strong></span> <span class='ocrx_word' id='word_1_118' title='bbox 758 1691 823 1729; x_wconf 80' lang='lat' dir='ltr'><strong>ex</strong></span> <span class='ocrx_word' id='word_1_119' title='bbox 857 1676 938 1730; x_wconf 89' lang='lat' dir='ltr'><strong>his</strong></span> <span class='ocrx_word' id='word_1_120' title='bbox 964 1675 1486 1745; x_wconf 80' lang='lat' dir='ltr'><strong>intelligitur.0utne</strong></span> <span class='ocrx_word' id='word_1_121' title='bbox 1517 1676 1660 1729; x_wconf 90' lang='lat' dir='ltr'><strong>enim</strong></span> <span class='ocrx_word' id='word_1_122' title='bbox 1688 1674 1829 1743; x_wconf 92' lang='lat' dir='ltr'><strong>quod</strong></span> <span class='ocrx_word' id='word_1_123' title='bbox 1858 1687 2146 1727; x_wconf 91' lang='lat' dir='ltr'><strong>commune</strong></span> 
     </span>
    </p>
   </div>
   <div class='ocr_carea' id='block_1_17' title="bbox 2230 477 3824 546">
    <p class='ocr_par' dir='ltr' id='par_1_17' title="bbox 2230 477 3824 546">
     <span class='ocr_line' id='line_1_17' title="bbox 2230 477 3824 546; baseline 0.001 -17"><span class='ocrx_word' id='word_1_124' title='bbox 2230 480 2355 530; x_wconf 85' lang='lat' dir='ltr'><strong>nino</strong></span> <span class='ocrx_word' id='word_1_125' title='bbox 2379 494 2483 531; x_wconf 91' lang='lat' dir='ltr'><strong>non</strong></span> <span class='ocrx_word' id='word_1_126' title='bbox 2506 492 2644 541; x_wconf 89' lang='lat' dir='ltr'><strong>esse,</strong></span> <span class='ocrx_word' id='word_1_127' title='bbox 2668 479 2913 546; x_wconf 81' lang='lat' dir='ltr'><strong>idemque</strong></span> <span class='ocrx_word' id='word_1_128' title='bbox 2938 478 3003 531; x_wconf 89' lang='lat' dir='ltr'><strong>de</strong></span> <span class='ocrx_word' id='word_1_129' title='bbox 3029 478 3241 533; x_wconf 77' lang='lat' dir='ltr'><strong>ezeteris</strong></span> <span class='ocrx_word' id='word_1_130' title='bbox 3271 477 3680 546; x_wconf 88' lang='lat' dir='ltr'><strong>intelligendum</strong></span> <span class='ocrx_word' id='word_1_131' title='bbox 3711 486 3824 531; x_wconf 87' lang='lat' dir='ltr'><strong>est.</strong></span> 
     </span>
    </p>
   </div>
   <div class='ocr_carea' id='block_1_18' title="bbox 2228 570 3833 641">
    <p class='ocr_par' dir='ltr' id='par_1_18' title="bbox 2228 570 3833 641">
     <span class='ocr_line' id='line_1_18' title="bbox 2228 570 3833 641; baseline 0.001 -19"><span class='ocrx_word' id='word_1_132' title='bbox 2228 571 2380 637; x_wconf 81' lang='lat' dir='ltr'><strong>Qttnd</strong></span> <span class='ocrx_word' id='word_1_133' title='bbox 2412 572 2457 624; x_wconf 89' lang='lat' dir='ltr'><strong>si</strong></span> <span class='ocrx_word' id='word_1_134' title='bbox 2492 583 2695 625; x_wconf 80' lang='lat' dir='ltr'><strong>tantum</strong></span> <span class='ocrx_word' id='word_1_135' title='bbox 2738 572 3102 627; x_wconf 85' lang='lat' dir='ltr'><strong>intellectibus</strong></span> <span class='ocrx_word' id='word_1_136' title='bbox 3143 587 3338 641; x_wconf 88' lang='lat' dir='ltr'><strong>genera</strong></span> <span class='ocrx_word' id='word_1_137' title='bbox 3368 580 3423 625; x_wconf 90' lang='lat' dir='ltr'><strong>et</strong></span> <span class='ocrx_word' id='word_1_138' title='bbox 3463 570 3675 640; x_wconf 80' lang='lat' dir='ltr'><strong>species</strong></span> <span class='ocrx_word' id='word_1_139' title='bbox 3716 585 3833 624; x_wconf 70' lang='lat' dir='ltr'><strong>eaa-</strong></span> 
     </span>
    </p>
   </div>
   <div class='ocr_carea' id='block_1_19' title="bbox 2232 663 3837 730">
    <p class='ocr_par' dir='ltr' id='par_1_19' title="bbox 2232 663 3837 730">
     <span class='ocr_line' id='line_1_19' title="bbox 2232 663 3837 730; baseline 0.003 -17"><span class='ocrx_word' id='word_1_140' title='bbox 2232 673 2452 727; x_wconf 85' lang='lat' dir='ltr'><strong>teraque</strong></span> <span class='ocrx_word' id='word_1_141' title='bbox 2483 663 2782 730; x_wconf 84' lang='lat' dir='ltr'><strong>capiuntur,</strong></span> <span class='ocrx_word' id='word_1_142' title='bbox 2816 679 2937 718; x_wconf 85' lang='lat' dir='ltr'><strong>cum</strong></span> <span class='ocrx_word' id='word_1_143' title='bbox 2971 666 3149 718; x_wconf 75' lang='lat' dir='ltr'><strong>omnis</strong></span> <span class='ocrx_word' id='word_1_144' title='bbox 3178 663 3484 717; x_wconf 81' lang='lat' dir='ltr'><strong>intellectus</strong></span> <span class='ocrx_word' id='word_1_145' title='bbox 3523 675 3609 718; x_wconf 88' lang='lat' dir='ltr'><strong>aut</strong></span> <span class='ocrx_word' id='word_1_146' title='bbox 3655 678 3720 718; x_wconf 81' lang='lat' dir='ltr'><strong>ex</strong></span> <span class='ocrx_word' id='word_1_147' title='bbox 3767 679 3837 718; x_wconf 84' lang='lat' dir='ltr'><strong>re</strong></span> 
     </span>
    </p>
   </div>
   <div class='ocr_carea' id='block_1_20' title="bbox 2231 755 3837 821">
    <p class='ocr_par' dir='ltr' id='par_1_20' title="bbox 2231 755 3837 821">
     <span class='ocr_line' id='line_1_20' title="bbox 2231 755 3837 821; baseline 0 -14"><span class='ocrx_word' id='word_1_148' title='bbox 2231 755 2473 821; x_wconf 89' lang='lat' dir='ltr'><strong>subjecta</strong></span> <span class='ocrx_word' id='word_1_149' title='bbox 2506 755 2618 818; x_wconf 81' lang='lat' dir='ltr'><strong>liat,</strong></span> <span class='ocrx_word' id='word_1_150' title='bbox 2655 766 2707 808; x_wconf 90' lang='lat' dir='ltr'><strong>ut</strong></span> <span class='ocrx_word' id='word_1_151' title='bbox 2749 771 2870 810; x_wconf 85' lang='lat' dir='ltr'><strong>sese</strong></span> <span class='ocrx_word' id='word_1_152' title='bbox 2902 772 2990 810; x_wconf 87' lang='lat' dir='ltr'><strong>res</strong></span> <span class='ocrx_word' id='word_1_153' title='bbox 3024 756 3203 816; x_wconf 88' lang='lat' dir='ltr'><strong>habet.</strong></span> <span class='ocrx_word' id='word_1_154' title='bbox 3235 764 3327 808; x_wconf 89' lang='lat' dir='ltr'><strong>aut</strong></span> <span class='ocrx_word' id='word_1_155' title='bbox 3356 766 3412 808; x_wconf 91' lang='lat' dir='ltr'><strong>ut</strong></span> <span class='ocrx_word' id='word_1_156' title='bbox 3441 770 3530 809; x_wconf 89' lang='lat' dir='ltr'><strong>res</strong></span> <span class='ocrx_word' id='word_1_157' title='bbox 3559 769 3680 809; x_wconf 85' lang='lat' dir='ltr'><strong>sese</strong></span> <span class='ocrx_word' id='word_1_158' title='bbox 3721 770 3837 807; x_wconf 87' lang='lat' dir='ltr'><strong>non</strong></span> 
     </span>
    </p>
   </div>
   <div class='ocr_carea' id='block_1_21' title="bbox 2234 846 3833 918">
    <p class='ocr_par' dir='ltr' id='par_1_21' title="bbox 2234 846 3833 918">
     <span class='ocr_line' id='line_1_21' title="bbox 2234 846 3833 918; baseline -0.001 -20"><span class='ocrx_word' id='word_1_159' title='bbox 2234 846 2414 907; x_wconf 86' lang='lat' dir='ltr'><strong>habet.</strong></span> <span class='ocrx_word' id='word_1_160' title='bbox 2448 863 2615 901; x_wconf 88' lang='lat' dir='ltr'><strong>vanus</strong></span> <span class='ocrx_word' id='word_1_161' title='bbox 2659 862 2742 903; x_wconf 91' lang='lat' dir='ltr'><strong>est</strong></span> <span class='ocrx_word' id='word_1_162' title='bbox 2772 848 2860 918; x_wconf 90' lang='lat' dir='ltr'><strong>qui</strong></span> <span class='ocrx_word' id='word_1_163' title='bbox 2899 848 2965 903; x_wconf 87' lang='lat' dir='ltr'><strong>de</strong></span> <span class='ocrx_word' id='word_1_164' title='bbox 2987 850 3133 902; x_wconf 89' lang='lat' dir='ltr'><strong>nullo</strong></span> <span class='ocrx_word' id='word_1_165' title='bbox 3164 848 3409 917; x_wconf 88' lang='lat' dir='ltr'><strong>subjecto</strong></span> <span class='ocrx_word' id='word_1_166' title='bbox 3438 848 3668 918; x_wconf 81' lang='lat' dir='ltr'><strong>capitur,</strong></span> <span class='ocrx_word' id='word_1_167' title='bbox 3705 862 3833 899; x_wconf 87' lang='lat' dir='ltr'><strong>nam</strong></span> 
     </span>
    </p>
   </div>
   <div class='ocr_carea' id='block_1_22' title="bbox 2235 937 3845 1008">
    <p class='ocr_par' dir='ltr' id='par_1_22' title="bbox 2235 937 3845 1008">
     <span class='ocr_line' id='line_1_22' title="bbox 2235 937 3845 1008; baseline -0.001 -16"><span class='ocrx_word' id='word_1_168' title='bbox 2235 954 2300 992; x_wconf 83' lang='lat' dir='ltr'><strong>ex</strong></span> <span class='ocrx_word' id='word_1_169' title='bbox 2336 940 2482 992; x_wconf 89' lang='lat' dir='ltr'><strong>nullo</strong></span> <span class='ocrx_word' id='word_1_170' title='bbox 2508 941 2751 1008; x_wconf 88' lang='lat' dir='ltr'><strong>subjecto</strong></span> <span class='ocrx_word' id='word_1_171' title='bbox 2790 940 2902 995; x_wconf 77' lang='lat' dir='ltr'><strong>fieri</strong></span> <span class='ocrx_word' id='word_1_172' title='bbox 2942 941 3243 995; x_wconf 83' lang='lat' dir='ltr'><strong>intellectus</strong></span> <span class='ocrx_word' id='word_1_173' title='bbox 3274 956 3380 993; x_wconf 72' lang='lat' dir='ltr'><strong>non</strong></span> <span class='ocrx_word' id='word_1_174' title='bbox 3416 948 3610 1007; x_wconf 88' lang='lat' dir='ltr'><strong>potest.</strong></span> <span class='ocrx_word' id='word_1_175' title='bbox 3646 937 3700 993; x_wconf 88' lang='lat' dir='ltr'><strong>Si</strong></span> <span class='ocrx_word' id='word_1_176' title='bbox 3742 952 3845 1004; x_wconf 73' lang='lat' dir='ltr'><strong>ge-</strong></span> 
     </span>
    </p>
   </div>
   <div class='ocr_carea' id='block_1_23' title="bbox 2239 1029 3841 1100">
    <p class='ocr_par' dir='ltr' id='par_1_23' title="bbox 2239 1029 3841 1100">
     <span class='ocr_line' id='line_1_23' title="bbox 2239 1029 3841 1100; baseline -0.003 -17"><span class='ocrx_word' id='word_1_177' title='bbox 2239 1031 2385 1083; x_wconf 88' lang='lat' dir='ltr'><strong>neris</strong></span> <span class='ocrx_word' id='word_1_178' title='bbox 2407 1040 2461 1085; x_wconf 89' lang='lat' dir='ltr'><strong>et</strong></span> <span class='ocrx_word' id='word_1_179' title='bbox 2487 1031 2691 1100; x_wconf 85' lang='lat' dir='ltr'><strong>speciei</strong></span> <span class='ocrx_word' id='word_1_180' title='bbox 2721 1040 3151 1100; x_wconf 67' lang='lat' dir='ltr'><strong>cmterorumque</strong></span> <span class='ocrx_word' id='word_1_181' title='bbox 3183 1029 3486 1084; x_wconf 87' lang='lat' dir='ltr'><strong>intellectus</strong></span> <span class='ocrx_word' id='word_1_182' title='bbox 3516 1045 3580 1083; x_wconf 79' lang='lat' dir='ltr'><strong>ex</strong></span> <span class='ocrx_word' id='word_1_183' title='bbox 3614 1045 3673 1081; x_wconf 91' lang='lat' dir='ltr'><strong>re</strong></span> <span class='ocrx_word' id='word_1_184' title='bbox 3706 1042 3841 1079; x_wconf 56' lang='lat' dir='ltr'><strong>sun-</strong></span> 
     </span>
    </p>
   </div>
   <div class='ocr_carea' id='block_1_24' title="bbox 2234 1120 3841 1192">
    <p class='ocr_par' dir='ltr' id='par_1_24' title="bbox 2234 1120 3841 1192">
     <span class='ocr_line' id='line_1_24' title="bbox 2234 1120 3841 1192; baseline -0.001 -17"><span class='ocrx_word' id='word_1_185' title='bbox 2234 1120 2378 1190; x_wconf 86' lang='lat' dir='ltr'><strong>jecta</strong></span> <span class='ocrx_word' id='word_1_186' title='bbox 2406 1122 2605 1190; x_wconf 85' lang='lat' dir='ltr'><strong>veniat,</strong></span> <span class='ocrx_word' id='word_1_187' title='bbox 2640 1123 2709 1178; x_wconf 85' lang='lat' dir='ltr'><strong>ita</strong></span> <span class='ocrx_word' id='word_1_188' title='bbox 2736 1132 2793 1177; x_wconf 92' lang='lat' dir='ltr'><strong>ut</strong></span> <span class='ocrx_word' id='word_1_189' title='bbox 2816 1138 2935 1177; x_wconf 84' lang='lat' dir='ltr'><strong>sese</strong></span> <span class='ocrx_word' id='word_1_190' title='bbox 2962 1139 3049 1177; x_wconf 90' lang='lat' dir='ltr'><strong>res</strong></span> <span class='ocrx_word' id='word_1_191' title='bbox 3073 1123 3186 1192; x_wconf 90' lang='lat' dir='ltr'><strong>ipsa</strong></span> <span class='ocrx_word' id='word_1_192' title='bbox 3225 1122 3384 1175; x_wconf 86' lang='lat' dir='ltr'><strong>habet</strong></span> <span class='ocrx_word' id='word_1_193' title='bbox 3412 1138 3534 1191; x_wconf 68' lang='lat' dir='ltr'><strong>quae</strong></span> <span class='ocrx_word' id='word_1_194' title='bbox 3579 1120 3841 1185; x_wconf 79' lang='lat' dir='ltr'><strong>intelligi-</strong></span> 
     </span>
    </p>
   </div>
   <div class='ocr_carea' id='block_1_25' title="bbox 2248 1212 3837 1283">
    <p class='ocr_par' dir='ltr' id='par_1_25' title="bbox 2248 1212 3837 1283">
     <span class='ocr_line' id='line_1_25' title="bbox 2248 1212 3837 1283; baseline -0.002 -17"><span class='ocrx_word' id='word_1_195' title='bbox 2248 1229 2352 1277; x_wconf 84' lang='lat' dir='ltr'><strong>tur,</strong></span> <span class='ocrx_word' id='word_1_196' title='bbox 2382 1214 2492 1283; x_wconf 89' lang='lat' dir='ltr'><strong>jam</strong></span> <span class='ocrx_word' id='word_1_197' title='bbox 2524 1230 2629 1269; x_wconf 92' lang='lat' dir='ltr'><strong>non</strong></span> <span class='ocrx_word' id='word_1_198' title='bbox 2676 1225 2880 1269; x_wconf 89' lang='lat' dir='ltr'><strong>tantum</strong></span> <span class='ocrx_word' id='word_1_199' title='bbox 2927 1214 3202 1269; x_wconf 89' lang='lat' dir='ltr'><strong>intellectu</strong></span> <span class='ocrx_word' id='word_1_200' title='bbox 3253 1214 3422 1280; x_wconf 84' lang='lat' dir='ltr'><strong>posita</strong></span> <span class='ocrx_word' id='word_1_201' title='bbox 3469 1222 3616 1278; x_wconf 89' lang='lat' dir='ltr'><strong>sunt,</strong></span> <span class='ocrx_word' id='word_1_202' title='bbox 3649 1212 3743 1265; x_wconf 88' lang='lat' dir='ltr'><strong>sed</strong></span> <span class='ocrx_word' id='word_1_203' title='bbox 3782 1213 3837 1264; x_wconf 89' lang='lat' dir='ltr'><strong>in</strong></span> 
     </span>
    </p>
   </div>
   <div class='ocr_carea' id='block_1_26' title="bbox 2244 1306 3837 1379">
    <p class='ocr_par' dir='ltr' id='par_1_26' title="bbox 2244 1306 3837 1379">
     <span class='ocr_line' id='line_1_26' title="bbox 2244 1306 3837 1379; baseline -0.003 -19"><span class='ocrx_word' id='word_1_204' title='bbox 2244 1320 2425 1361; x_wconf 87' lang='lat' dir='ltr'><strong>rerum</strong></span> <span class='ocrx_word' id='word_1_205' title='bbox 2469 1307 2628 1361; x_wconf 90' lang='lat' dir='ltr'><strong>etiam</strong></span> <span class='ocrx_word' id='word_1_206' title='bbox 2662 1307 2888 1379; x_wconf 75' lang='lat' dir='ltr'><strong>veritate</strong></span> <span class='ocrx_word' id='word_1_207' title='bbox 2906 1307 3231 1361; x_wconf 89' lang='lat' dir='ltr'><strong>consistunt.</strong></span> <span class='ocrx_word' id='word_1_208' title='bbox 3270 1306 3333 1360; x_wconf 83' lang='lat' dir='ltr'><strong>Et</strong></span> <span class='ocrx_word' id='word_1_209' title='bbox 3361 1320 3548 1359; x_wconf 85' lang='lat' dir='ltr'><strong>rursus</strong></span> <span class='ocrx_word' id='word_1_210' title='bbox 3576 1318 3837 1372; x_wconf 67' lang='lat' dir='ltr'><strong>quzereno</strong></span> 
     </span>
    </p>
   </div>
   <div class='ocr_carea' id='block_1_27' title="bbox 2246 1396 3843 1467">
    <p class='ocr_par' dir='ltr' id='par_1_27' title="bbox 2246 1396 3843 1467">
     <span class='ocr_line' id='line_1_27' title="bbox 2246 1396 3843 1467; baseline -0.002 -16"><span class='ocrx_word' id='word_1_211' title='bbox 2246 1399 2372 1452; x_wconf 89' lang='lat' dir='ltr'><strong>dum</strong></span> <span class='ocrx_word' id='word_1_212' title='bbox 2402 1406 2487 1453; x_wconf 90' lang='lat' dir='ltr'><strong>est</strong></span> <span class='ocrx_word' id='word_1_213' title='bbox 2510 1414 2626 1467; x_wconf 72' lang='lat' dir='ltr'><strong>qua:</strong></span> <span class='ocrx_word' id='word_1_214' title='bbox 2656 1400 2727 1452; x_wconf 89' lang='lat' dir='ltr'><strong>sit</strong></span> <span class='ocrx_word' id='word_1_215' title='bbox 2755 1413 2943 1453; x_wconf 89' lang='lat' dir='ltr'><strong>eorum</strong></span> <span class='ocrx_word' id='word_1_216' title='bbox 2973 1409 3181 1465; x_wconf 87' lang='lat' dir='ltr'><strong>natura,</strong></span> <span class='ocrx_word' id='word_1_217' title='bbox 3215 1396 3358 1467; x_wconf 91' lang='lat' dir='ltr'><strong>quod</strong></span> <span class='ocrx_word' id='word_1_218' title='bbox 3388 1400 3636 1466; x_wconf 81' lang='lat' dir='ltr'><strong>superior</strong></span> <span class='ocrx_word' id='word_1_219' title='bbox 3686 1411 3843 1465; x_wconf 70' lang='lat' dir='ltr'><strong>qum-</strong></span> 
     </span>
    </p>
   </div>
   <div class='ocr_carea' id='block_1_28' title="bbox 2248 1492 3841 1563">
    <p class='ocr_par' dir='ltr' id='par_1_28' title="bbox 2248 1492 3841 1563">
     <span class='ocr_line' id='line_1_28' title="bbox 2248 1492 3841 1563; baseline -0.003 -17"><span class='ocrx_word' id='word_1_220' title='bbox 2248 1496 2354 1547; x_wconf 86' lang='lat' dir='ltr'><strong>stiu</strong></span> <span class='ocrx_word' id='word_1_221' title='bbox 2385 1493 2688 1563; x_wconf 90' lang='lat' dir='ltr'><strong>vestigabat</strong></span> <span class='ocrx_word' id='word_1_222' title='bbox 2721 1511 2732 1545; x_wconf 90' lang='lat'><strong>:</strong></span> <span class='ocrx_word' id='word_1_223' title='bbox 2764 1493 2903 1562; x_wconf 92' lang='lat' dir='ltr'><strong>quod</strong></span> <span class='ocrx_word' id='word_1_224' title='bbox 2927 1494 2973 1548; x_wconf 94' lang='lat' dir='ltr'><strong>si</strong></span> <span class='ocrx_word' id='word_1_225' title='bbox 3016 1509 3078 1548; x_wconf 82' lang='lat' dir='ltr'><strong>ex</strong></span> <span class='ocrx_word' id='word_1_226' title='bbox 3112 1508 3171 1548; x_wconf 88' lang='lat' dir='ltr'><strong>re</strong></span> <span class='ocrx_word' id='word_1_227' title='bbox 3190 1492 3403 1561; x_wconf 75' lang='lat' dir='ltr'><strong>quidem</strong></span> <span class='ocrx_word' id='word_1_228' title='bbox 3432 1492 3643 1560; x_wconf 76' lang='lat' dir='ltr'><strong>generis</strong></span> <span class='ocrx_word' id='word_1_229' title='bbox 3675 1500 3841 1559; x_wconf 41' lang='lat' dir='ltr'><strong>caete:-</strong></span> 
     </span>
    </p>
   </div>
   <div class='ocr_carea' id='block_1_29' title="bbox 2250 1585 3840 1657">
    <p class='ocr_par' dir='ltr' id='par_1_29' title="bbox 2250 1585 3840 1657">
     <span class='ocr_line' id='line_1_29' title="bbox 2250 1585 3840 1657; baseline -0.001 -18"><span class='ocrx_word' id='word_1_230' title='bbox 2250 1602 2540 1657; x_wconf 90' lang='lat' dir='ltr'><strong>rorumque</strong></span> <span class='ocrx_word' id='word_1_231' title='bbox 2584 1588 2811 1641; x_wconf 89' lang='lat' dir='ltr'><strong>sumitur</strong></span> <span class='ocrx_word' id='word_1_232' title='bbox 2839 1588 3160 1651; x_wconf 45' lang='lat' dir='ltr'><strong>intellectus,</strong></span> <span class='ocrx_word' id='word_1_233' title='bbox 3191 1601 3365 1656; x_wconf 89' lang='lat' dir='ltr'><strong>neque</strong></span> <span class='ocrx_word' id='word_1_234' title='bbox 3396 1585 3467 1639; x_wconf 88' lang='lat' dir='ltr'><strong>ita</strong></span> <span class='ocrx_word' id='word_1_235' title='bbox 3498 1595 3555 1639; x_wconf 93' lang='lat' dir='ltr'><strong>ut</strong></span> <span class='ocrx_word' id='word_1_236' title='bbox 3583 1598 3705 1639; x_wconf 86' lang='lat' dir='ltr'><strong>sese</strong></span> <span class='ocrx_word' id='word_1_237' title='bbox 3746 1598 3840 1638; x_wconf 77' lang='lat' dir='ltr'><strong>res</strong></span> 
     </span>
    </p>
   </div>
   <div class='ocr_carea' id='block_1_30' title="bbox 2252 1679 3838 1749">
    <p class='ocr_par' dir='ltr' id='par_1_30' title="bbox 2252 1679 3838 1749">
     <span class='ocr_line' id='line_1_30' title="bbox 2252 1679 3838 1749; baseline -0.003 -16"><span class='ocrx_word' id='word_1_238' title='bbox 2252 1679 2413 1734; x_wconf 88' lang='lat' dir='ltr'><strong>habet</strong></span> <span class='ocrx_word' id='word_1_239' title='bbox 2458 1696 2578 1749; x_wconf 69' lang='lat' dir='ltr'><strong>qua:</strong></span> <span class='ocrx_word' id='word_1_240' title='bbox 2629 1680 2925 1735; x_wconf 89' lang='lat' dir='ltr'><strong>intellectui</strong></span> <span class='ocrx_word' id='word_1_241' title='bbox 2956 1680 3195 1748; x_wconf 85' lang='lat' dir='ltr'><strong>subjecta</strong></span> <span class='ocrx_word' id='word_1_242' title='bbox 3235 1688 3339 1739; x_wconf 86' lang='lat' dir='ltr'><strong>est,</strong></span> <span class='ocrx_word' id='word_1_243' title='bbox 3369 1691 3562 1731; x_wconf 86' lang='lat' dir='ltr'><strong>vanum</strong></span> <span class='ocrx_word' id='word_1_244' title='bbox 3609 1689 3838 1730; x_wconf 87' lang='lat' dir='ltr'><strong>necesse</strong></span> 
     </span>
    </p>
   </div>
   <div class='ocr_carea' id='block_1_31' title="bbox 530 1764 2144 1841">
    <p class='ocr_par' dir='ltr' id='par_1_31' title="bbox 530 1768 2140 1835">
     <span class='ocr_line' id='line_1_31' title="bbox 530 1768 2140 1835; baseline -0.002 -15"><span class='ocrx_word' id='word_1_245' title='bbox 530 1777 631 1820; x_wconf 85' lang='lat' dir='ltr'><strong>est</strong></span> <span class='ocrx_word' id='word_1_246' title='bbox 658 1782 772 1820; x_wconf 85' lang='lat' dir='ltr'><strong>uno</strong></span> <span class='ocrx_word' id='word_1_247' title='bbox 798 1778 1043 1835; x_wconf 88' lang='lat' dir='ltr'><strong>tempore</strong></span> <span class='ocrx_word' id='word_1_248' title='bbox 1072 1768 1338 1835; x_wconf 88' lang='lat' dir='ltr'><strong>pluribus,</strong></span> <span class='ocrx_word' id='word_1_249' title='bbox 1385 1768 1434 1819; x_wconf 87' lang='lat' dir='ltr'><strong>id</strong></span> <span class='ocrx_word' id='word_1_250' title='bbox 1466 1770 1518 1819; x_wconf 92' lang='lat' dir='ltr'><strong>in</strong></span> <span class='ocrx_word' id='word_1_251' title='bbox 1564 1782 1623 1819; x_wconf 89' lang='lat' dir='ltr'><strong>se</strong></span> <span class='ocrx_word' id='word_1_252' title='bbox 1651 1780 1815 1818; x_wconf 91' lang='lat' dir='ltr'><strong>unum</strong></span> <span class='ocrx_word' id='word_1_253' title='bbox 1864 1778 1985 1818; x_wconf 92' lang='lat' dir='ltr'><strong>esse</strong></span> <span class='ocrx_word' id='word_1_254' title='bbox 2032 1778 2140 1816; x_wconf 89' lang='lat' dir='ltr'><strong>nun</strong></span> 
     </span>
    </p>
   </div>
   <div class='ocr_carea' id='block_1_32' title="bbox 2251 1764 3835 1841">
    <p class='ocr_par' dir='ltr' id='par_1_32' title="bbox 2251 1768 3835 1841">
     <span class='ocr_line' id='line_1_32' title="bbox 2251 1768 3835 1841; baseline -0.004 -15"><span class='ocrx_word' id='word_1_255' title='bbox 2251 1781 2328 1826; x_wconf 88' lang='lat' dir='ltr'><strong>est</strong></span> <span class='ocrx_word' id='word_1_256' title='bbox 2356 1787 2475 1826; x_wconf 90' lang='lat' dir='ltr'><strong>esse</strong></span> <span class='ocrx_word' id='word_1_257' title='bbox 2504 1772 2868 1841; x_wconf 83' lang='lat' dir='ltr'><strong>intellectum,</strong></span> <span class='ocrx_word' id='word_1_258' title='bbox 2901 1772 2991 1840; x_wconf 90' lang='lat' dir='ltr'><strong>qui</strong></span> <span class='ocrx_word' id='word_1_259' title='bbox 3013 1787 3082 1825; x_wconf 85' lang='lat' dir='ltr'><strong>ex</strong></span> <span class='ocrx_word' id='word_1_260' title='bbox 3116 1787 3174 1825; x_wconf 85' lang='lat' dir='ltr'><strong>re</strong></span> <span class='ocrx_word' id='word_1_261' title='bbox 3204 1769 3422 1839; x_wconf 88' lang='lat' dir='ltr'><strong>quidem</strong></span> <span class='ocrx_word' id='word_1_262' title='bbox 3451 1768 3703 1831; x_wconf 89' lang='lat' dir='ltr'><strong>sumitur,</strong></span> <span class='ocrx_word' id='word_1_263' title='bbox 3728 1783 3835 1820; x_wconf 81' lang='lat' dir='ltr'><strong>nun</strong></span> 
     </span>
    </p>
   </div>
   <div class='ocr_carea' id='block_1_33' title="bbox 551 1858 2138 1927">
    <p class='ocr_par' dir='ltr' id='par_1_33' title="bbox 551 1858 2138 1927">
     <span class='ocr_line' id='line_1_33' title="bbox 551 1858 2138 1927; baseline -0.003 -16"><span class='ocrx_word' id='word_1_264' title='bbox 551 1860 766 1926; x_wconf 89' lang='lat' dir='ltr'><strong>poterit.</strong></span> <span class='ocrx_word' id='word_1_265' title='bbox 784 1859 1071 1912; x_wconf 80' lang='lat' dir='ltr'><strong>Multorum</strong></span> <span class='ocrx_word' id='word_1_266' title='bbox 1104 1859 1245 1912; x_wconf 89' lang='lat' dir='ltr'><strong>enim</strong></span> <span class='ocrx_word' id='word_1_267' title='bbox 1272 1869 1354 1912; x_wconf 88' lang='lat' dir='ltr'><strong>est</strong></span> <span class='ocrx_word' id='word_1_268' title='bbox 1381 1858 1524 1927; x_wconf 91' lang='lat' dir='ltr'><strong>quod</strong></span> <span class='ocrx_word' id='word_1_269' title='bbox 1551 1871 1836 1911; x_wconf 92' lang='lat' dir='ltr'><strong>commune</strong></span> <span class='ocrx_word' id='word_1_270' title='bbox 1864 1865 1969 1921; x_wconf 86' lang='lat' dir='ltr'><strong>est,</strong></span> <span class='ocrx_word' id='word_1_271' title='bbox 1995 1869 2138 1923; x_wconf 70' lang='lat' dir='ltr'><strong>pras-</strong></span> 
     </span>
    </p>
   </div>
   <div class='ocr_carea' id='block_1_34' title="bbox 552 1952 2145 2021">
    <p class='ocr_par' dir='ltr' id='par_1_34' title="bbox 552 1952 2145 2021">
     <span class='ocr_line' id='line_1_34' title="bbox 552 1952 2145 2021; baseline -0.003 -16"><span class='ocrx_word' id='word_1_272' title='bbox 552 1953 734 2007; x_wconf 89' lang='lat' dir='ltr'><strong>sertim</strong></span> <span class='ocrx_word' id='word_1_273' title='bbox 767 1968 887 2007; x_wconf 92' lang='lat' dir='ltr'><strong>cum</strong></span> <span class='ocrx_word' id='word_1_274' title='bbox 915 1968 1016 2007; x_wconf 90' lang='lat' dir='ltr'><strong>una</strong></span> <span class='ocrx_word' id='word_1_275' title='bbox 1046 1962 1205 2021; x_wconf 90' lang='lat' dir='ltr'><strong>atque</strong></span> <span class='ocrx_word' id='word_1_276' title='bbox 1232 1952 1422 2007; x_wconf 86' lang='lat' dir='ltr'><strong>eadem</strong></span> <span class='ocrx_word' id='word_1_277' title='bbox 1456 1966 1545 2006; x_wconf 90' lang='lat' dir='ltr'><strong>res</strong></span> <span class='ocrx_word' id='word_1_278' title='bbox 1576 1952 1629 2005; x_wconf 93' lang='lat' dir='ltr'><strong>in</strong></span> <span class='ocrx_word' id='word_1_279' title='bbox 1658 1952 1842 2005; x_wconf 89' lang='lat' dir='ltr'><strong>multis</strong></span> <span class='ocrx_word' id='word_1_280' title='bbox 1870 1967 1976 2004; x_wconf 88' lang='lat' dir='ltr'><strong>uno</strong></span> <span class='ocrx_word' id='word_1_281' title='bbox 2009 1963 2145 2003; x_wconf 89' lang='lat' dir='ltr'><strong>tem-</strong></span> 
     </span>
    </p>
   </div>
   <div class='ocr_carea' id='block_1_35' title="bbox 528 2044 2143 2116">
    <p class='ocr_par' dir='ltr' id='par_1_35' title="bbox 528 2044 2143 2116">
     <span class='ocr_line' id='line_1_35' title="bbox 528 2044 2143 2116; baseline 0 -19"><span class='ocrx_word' id='word_1_282' title='bbox 528 2054 682 2113; x_wconf 79' lang='lat' dir='ltr'><strong>‘pore</strong></span> <span class='ocrx_word' id='word_1_283' title='bbox 713 2055 819 2099; x_wconf 83' lang='lat' dir='ltr'><strong>tota</strong></span> <span class='ocrx_word' id='word_1_284' title='bbox 865 2047 962 2113; x_wconf 78' lang='lat' dir='ltr'><strong>sit;</strong></span> <span class='ocrx_word' id='word_1_285' title='bbox 1009 2054 1436 2116; x_wconf 60' lang='lat' dir='ltr'><strong>quantaecunque</strong></span> <span class='ocrx_word' id='word_1_286' title='bbox 1466 2051 1608 2102; x_wconf 89' lang='lat' dir='ltr'><strong>enim</strong></span> <span class='ocrx_word' id='word_1_287' title='bbox 1651 2054 1777 2100; x_wconf 87' lang='lat' dir='ltr'><strong>sunt</strong></span> <span class='ocrx_word' id='word_1_288' title='bbox 1820 2045 2058 2113; x_wconf 80' lang='lat' dir='ltr'><strong>species,</strong></span> <span class='ocrx_word' id='word_1_289' title='bbox 2090 2044 2143 2097; x_wconf 88' lang='lat' dir='ltr'><strong>itt</strong></span> 
     </span>
    </p>
   </div>
   <div class='ocr_carea' id='block_1_36' title="bbox 532 2135 2145 2207">
    <p class='ocr_par' dir='ltr' id='par_1_36' title="bbox 532 2135 2145 2207">
     <span class='ocr_line' id='line_1_36' title="bbox 532 2135 2145 2207; baseline -0.002 -16"><span class='ocrx_word' id='word_1_290' title='bbox 532 2139 802 2191; x_wconf 84' lang='lat' dir='ltr'><strong>omnibus</strong></span> <span class='ocrx_word' id='word_1_291' title='bbox 844 2154 1012 2206; x_wconf 83' lang='lat' dir='ltr'><strong>genus</strong></span> <span class='ocrx_word' id='word_1_292' title='bbox 1062 2154 1225 2193; x_wconf 91' lang='lat' dir='ltr'><strong>unum</strong></span> <span class='ocrx_word' id='word_1_293' title='bbox 1255 2150 1359 2204; x_wconf 87' lang='lat' dir='ltr'><strong>est,</strong></span> <span class='ocrx_word' id='word_1_294' title='bbox 1392 2153 1499 2193; x_wconf 90' lang='lat' dir='ltr'><strong>non</strong></span> <span class='ocrx_word' id='word_1_295' title='bbox 1533 2138 1675 2207; x_wconf 86' lang='lat' dir='ltr'><strong>quod</strong></span> <span class='ocrx_word' id='word_1_296' title='bbox 1718 2138 1785 2192; x_wconf 88' lang='lat' dir='ltr'><strong>de</strong></span> <span class='ocrx_word' id='word_1_297' title='bbox 1825 2153 1892 2192; x_wconf 90' lang='lat' dir='ltr'><strong>eo</strong></span> <span class='ocrx_word' id='word_1_298' title='bbox 1920 2135 2145 2203; x_wconf 66' lang='lat' dir='ltr'><strong>singulae</strong></span> 
     </span>
    </p>
   </div>
   <div class='ocr_carea' id='block_1_37' title="bbox 532 2226 2144 2300">
    <p class='ocr_par' dir='ltr' id='par_1_37' title="bbox 532 2226 2144 2300">
     <span class='ocr_line' id='line_1_37' title="bbox 532 2226 2144 2300; baseline -0.002 -19"><span class='ocrx_word' id='word_1_299' title='bbox 532 2230 761 2297; x_wconf 65' lang='lat' dir='ltr'><strong>&#39;species</strong></span> <span class='ocrx_word' id='word_1_300' title='bbox 800 2229 952 2299; x_wconf 84' lang='lat' dir='ltr'><strong>quasi</strong></span> <span class='ocrx_word' id='word_1_301' title='bbox 1000 2239 1181 2298; x_wconf 86' lang='lat' dir='ltr'><strong>partes</strong></span> <span class='ocrx_word' id='word_1_302' title='bbox 1226 2230 1432 2300; x_wconf 89' lang='lat' dir='ltr'><strong>aliquas</strong></span> <span class='ocrx_word' id='word_1_303' title='bbox 1479 2240 1726 2299; x_wconf 87' lang='lat' dir='ltr'><strong>carpant,</strong></span> <span class='ocrx_word' id='word_1_304' title='bbox 1774 2228 1867 2281; x_wconf 89' lang='lat' dir='ltr'><strong>sed</strong></span> <span class='ocrx_word' id='word_1_305' title='bbox 1918 2226 2144 2295; x_wconf 82' lang='lat' dir='ltr'><strong>singula:</strong></span> 
     </span>
    </p>
   </div>
   <div class='ocr_carea' id='block_1_38' title="bbox 538 2320 2144 2389">
    <p class='ocr_par' dir='ltr' id='par_1_38' title="bbox 538 2320 2144 2389">
     <span class='ocr_line' id='line_1_38' title="bbox 538 2320 2144 2389; baseline 0.001 -19"><span class='ocrx_word' id='word_1_306' title='bbox 538 2329 659 2371; x_wconf 74' lang='lat' dir='ltr'><strong>’uno</strong></span> <span class='ocrx_word' id='word_1_307' title='bbox 691 2328 931 2388; x_wconf 91' lang='lat' dir='ltr'><strong>tempore</strong></span> <span class='ocrx_word' id='word_1_308' title='bbox 959 2328 1128 2374; x_wconf 72' lang='lat' dir='ltr'><strong>totum</strong></span> <span class='ocrx_word' id='word_1_309' title='bbox 1154 2336 1322 2388; x_wconf 74' lang='lat' dir='ltr'><strong>geuus</strong></span> <span class='ocrx_word' id='word_1_310' title='bbox 1355 2321 1628 2374; x_wconf 89' lang='lat' dir='ltr'><strong>habeant:</strong></span> <span class='ocrx_word' id='word_1_311' title='bbox 1663 2334 1769 2389; x_wconf 91' lang='lat' dir='ltr'><strong>quo</strong></span> <span class='ocrx_word' id='word_1_312' title='bbox 1798 2320 1856 2373; x_wconf 85' lang='lat' dir='ltr'><strong>tit</strong></span> <span class='ocrx_word' id='word_1_313' title='bbox 1879 2327 1939 2373; x_wconf 92' lang='lat' dir='ltr'><strong>ut</strong></span> <span class='ocrx_word' id='word_1_314' title='bbox 1975 2327 2144 2371; x_wconf 90' lang='lat' dir='ltr'><strong>totum</strong></span> 
     </span>
    </p>
   </div>
   <div class='ocr_carea' id='block_1_39' title="bbox 532 2411 2147 2483">
    <p class='ocr_par' dir='ltr' id='par_1_39' title="bbox 532 2411 2147 2483">
     <span class='ocr_line' id='line_1_39' title="bbox 532 2411 2147 2483; baseline 0 -21"><span class='ocrx_word' id='word_1_315' title='bbox 532 2414 721 2479; x_wconf 76' lang='lat' dir='ltr'><strong>&quot;genus</strong></span> <span class='ocrx_word' id='word_1_316' title='bbox 769 2414 823 2465; x_wconf 89' lang='lat' dir='ltr'><strong>in</strong></span> <span class='ocrx_word' id='word_1_317' title='bbox 882 2412 1125 2480; x_wconf 85' lang='lat' dir='ltr'><strong>pluribus</strong></span> <span class='ocrx_word' id='word_1_318' title='bbox 1175 2412 1405 2483; x_wconf 84' lang='lat' dir='ltr'><strong>singulis</strong></span> <span class='ocrx_word' id='word_1_319' title='bbox 1452 2427 1563 2467; x_wconf 89' lang='lat' dir='ltr'><strong>uno</strong></span> <span class='ocrx_word' id='word_1_320' title='bbox 1618 2421 1859 2481; x_wconf 90' lang='lat' dir='ltr'><strong>tempore</strong></span> <span class='ocrx_word' id='word_1_321' title='bbox 1908 2411 2147 2480; x_wconf 88' lang='lat' dir='ltr'><strong>positum</strong></span> 
     </span>
    </p>
   </div>
   <div class='ocr_carea' id='block_1_40' title="bbox 532 2505 2149 2575">
    <p class='ocr_par' dir='ltr' id='par_1_40' title="bbox 532 2505 2149 2575">
     <span class='ocr_line' id='line_1_40' title="bbox 532 2505 2149 2575; baseline 0 -20"><span class='ocrx_word' id='word_1_322' title='bbox 532 2506 715 2559; x_wconf 90' lang='lat' dir='ltr'><strong>&#39;unum</strong></span> <span class='ocrx_word' id='word_1_323' title='bbox 744 2518 863 2558; x_wconf 88' lang='lat' dir='ltr'><strong>esse</strong></span> <span class='ocrx_word' id='word_1_324' title='bbox 904 2520 1011 2558; x_wconf 89' lang='lat' dir='ltr'><strong>non</strong></span> <span class='ocrx_word' id='word_1_325' title='bbox 1064 2508 1275 2574; x_wconf 88' lang='lat' dir='ltr'><strong>possit;</strong></span> <span class='ocrx_word' id='word_1_326' title='bbox 1312 2518 1486 2575; x_wconf 91' lang='lat' dir='ltr'><strong>neque</strong></span> <span class='ocrx_word' id='word_1_327' title='bbox 1527 2505 1670 2558; x_wconf 86' lang='lat' dir='ltr'><strong>enim</strong></span> <span class='ocrx_word' id='word_1_328' title='bbox 1714 2505 1826 2558; x_wconf 79' lang='lat' dir='ltr'><strong>ﬁeri</strong></span> <span class='ocrx_word' id='word_1_329' title='bbox 1870 2511 2047 2572; x_wconf 89' lang='lat' dir='ltr'><strong>potest</strong></span> <span class='ocrx_word' id='word_1_330' title='bbox 2090 2510 2149 2556; x_wconf 93' lang='lat' dir='ltr'><strong>ut</strong></span> 
     </span>
    </p>
   </div>
   <div class='ocr_carea' id='block_1_41' title="bbox 532 2594 2148 2667">
    <p class='ocr_par' dir='ltr' id='par_1_41' title="bbox 532 2594 2148 2667">
     <span class='ocr_line' id='line_1_41' title="bbox 532 2594 2148 2667; baseline 0.001 -18"><span class='ocrx_word' id='word_1_331' title='bbox 532 2610 673 2649; x_wconf 86' lang='lat' dir='ltr'><strong>cum</strong></span> <span class='ocrx_word' id='word_1_332' title='bbox 708 2596 758 2649; x_wconf 93' lang='lat' dir='ltr'><strong>in</strong></span> <span class='ocrx_word' id='word_1_333' title='bbox 796 2597 1035 2663; x_wconf 85' lang='lat' dir='ltr'><strong>pluribus</strong></span> <span class='ocrx_word' id='word_1_334' title='bbox 1064 2606 1232 2651; x_wconf 90' lang='lat' dir='ltr'><strong>totum</strong></span> <span class='ocrx_word' id='word_1_335' title='bbox 1262 2615 1369 2652; x_wconf 90' lang='lat' dir='ltr'><strong>uno</strong></span> <span class='ocrx_word' id='word_1_336' title='bbox 1390 2599 1461 2653; x_wconf 91' lang='lat' dir='ltr'><strong>sit</strong></span> <span class='ocrx_word' id='word_1_337' title='bbox 1483 2609 1745 2667; x_wconf 88' lang='lat' dir='ltr'><strong>tempore,</strong></span> <span class='ocrx_word' id='word_1_338' title='bbox 1778 2598 1828 2651; x_wconf 90' lang='lat' dir='ltr'><strong>in</strong></span> <span class='ocrx_word' id='word_1_339' title='bbox 1851 2594 2148 2665; x_wconf 86' lang='lat' dir='ltr'><strong>semetipso</strong></span> 
     </span>
    </p>
   </div>
   <div class='ocr_carea' id='block_1_42' title="bbox 531 2685 2146 2760">
    <p class='ocr_par' dir='ltr' id='par_1_42' title="bbox 531 2685 2146 2760">
     <span class='ocr_line' id='line_1_42' title="bbox 531 2685 2146 2760; baseline 0.004 -22"><span class='ocrx_word' id='word_1_340' title='bbox 531 2685 623 2739; x_wconf 58' lang='lat' dir='ltr'><strong>‘sit</strong></span> <span class='ocrx_word' id='word_1_341' title='bbox 658 2703 821 2740; x_wconf 88' lang='lat' dir='ltr'><strong>unum</strong></span> <span class='ocrx_word' id='word_1_342' title='bbox 859 2703 1106 2743; x_wconf 89' lang='lat' dir='ltr'><strong>numero.</strong></span> <span class='ocrx_word' id='word_1_343' title='bbox 1150 2690 1302 2755; x_wconf 86' lang='lat' dir='ltr'><strong>Quod</strong></span> <span class='ocrx_word' id='word_1_344' title='bbox 1352 2691 1397 2744; x_wconf 89' lang='lat' dir='ltr'><strong>si</strong></span> <span class='ocrx_word' id='word_1_345' title='bbox 1431 2693 1498 2744; x_wconf 88' lang='lat' dir='ltr'><strong>ita</strong></span> <span class='ocrx_word' id='word_1_346' title='bbox 1543 2700 1647 2753; x_wconf 90' lang='lat' dir='ltr'><strong>est,</strong></span> <span class='ocrx_word' id='word_1_347' title='bbox 1678 2706 1839 2743; x_wconf 92' lang='lat' dir='ltr'><strong>unum</strong></span> <span class='ocrx_word' id='word_1_348' title='bbox 1889 2689 2146 2760; x_wconf 88' lang='lat' dir='ltr'><strong>quiddam</strong></span> 
     </span>
    </p>
   </div>
   <div class='ocr_carea' id='block_1_43' title="bbox 548 2780 2147 2851">
    <p class='ocr_par' dir='ltr' id='par_1_43' title="bbox 548 2780 2147 2851">
     <span class='ocr_line' id='line_1_43' title="bbox 548 2780 2147 2851; baseline 0.001 -20"><span class='ocrx_word' id='word_1_349' title='bbox 548 2792 719 2845; x_wconf 88' lang='lat' dir='ltr'><strong>genus</strong></span> <span class='ocrx_word' id='word_1_350' title='bbox 756 2792 878 2833; x_wconf 90' lang='lat' dir='ltr'><strong>esse</strong></span> <span class='ocrx_word' id='word_1_351' title='bbox 920 2794 1023 2832; x_wconf 89' lang='lat' dir='ltr'><strong>non</strong></span> <span class='ocrx_word' id='word_1_352' title='bbox 1062 2782 1277 2847; x_wconf 90' lang='lat' dir='ltr'><strong>poterit,</strong></span> <span class='ocrx_word' id='word_1_353' title='bbox 1318 2796 1425 2851; x_wconf 92' lang='lat' dir='ltr'><strong>quo</strong></span> <span class='ocrx_word' id='word_1_354' title='bbox 1461 2780 1520 2834; x_wconf 80' lang='lat' dir='ltr'><strong>tit</strong></span> <span class='ocrx_word' id='word_1_355' title='bbox 1549 2791 1613 2835; x_wconf 93' lang='lat' dir='ltr'><strong>ut</strong></span> <span class='ocrx_word' id='word_1_356' title='bbox 1640 2781 1861 2835; x_wconf 90' lang='lat' dir='ltr'><strong>omnino</strong></span> <span class='ocrx_word' id='word_1_357' title='bbox 1892 2780 2024 2834; x_wconf 91' lang='lat' dir='ltr'><strong>nihil</strong></span> <span class='ocrx_word' id='word_1_358' title='bbox 2054 2780 2147 2834; x_wconf 88' lang='lat' dir='ltr'><strong>sit.</strong></span> 
     </span>
    </p>
   </div>
   <div class='ocr_carea' id='block_1_44' title="bbox 542 2868 2149 2944">
    <p class='ocr_par' dir='ltr' id='par_1_44' title="bbox 542 2868 2149 2944">
     <span class='ocr_line' id='line_1_44' title="bbox 542 2868 2149 2944; baseline 0 -18"><span class='ocrx_word' id='word_1_359' title='bbox 542 2872 719 2926; x_wconf 84' lang='lat' dir='ltr'><strong>Omne</strong></span> <span class='ocrx_word' id='word_1_360' title='bbox 749 2873 892 2927; x_wconf 89' lang='lat' dir='ltr'><strong>enim</strong></span> <span class='ocrx_word' id='word_1_361' title='bbox 937 2874 1077 2941; x_wconf 90' lang='lat' dir='ltr'><strong>quod</strong></span> <span class='ocrx_word' id='word_1_362' title='bbox 1109 2883 1217 2937; x_wconf 89' lang='lat' dir='ltr'><strong>est,</strong></span> <span class='ocrx_word' id='word_1_363' title='bbox 1247 2874 1448 2927; x_wconf 88' lang='lat' dir='ltr'><strong>idcirco</strong></span> <span class='ocrx_word' id='word_1_364' title='bbox 1474 2885 1557 2928; x_wconf 86' lang='lat' dir='ltr'><strong>est</strong></span> <span class='ocrx_word' id='word_1_365' title='bbox 1586 2877 1708 2944; x_wconf 89' lang='lat' dir='ltr'><strong>quia</strong></span> <span class='ocrx_word' id='word_1_366' title='bbox 1757 2890 1920 2929; x_wconf 91' lang='lat' dir='ltr'><strong>unum</strong></span> <span class='ocrx_word' id='word_1_367' title='bbox 1949 2883 2053 2938; x_wconf 89' lang='lat' dir='ltr'><strong>est,</strong></span> <span class='ocrx_word' id='word_1_368' title='bbox 2094 2868 2149 2927; x_wconf 71' lang='lat' dir='ltr'><strong>e&#39;t</strong></span> 
     </span>
    </p>
   </div>
   <div class='ocr_carea' id='block_1_45' title="bbox 532 2964 2145 3034">
    <p class='ocr_par' dir='ltr' id='par_1_45' title="bbox 532 2964 2145 3034">
     <span class='ocr_line' id='line_1_45' title="bbox 532 2964 2145 3034; baseline 0.002 -19"><span class='ocrx_word' id='word_1_369' title='bbox 532 2964 619 3017; x_wconf 80' lang='lat' dir='ltr'><strong>‘de</strong></span> <span class='ocrx_word' id='word_1_370' title='bbox 648 2965 827 3031; x_wconf 89' lang='lat' dir='ltr'><strong>specie</strong></span> <span class='ocrx_word' id='word_1_371' title='bbox 874 2964 1017 3018; x_wconf 89' lang='lat' dir='ltr'><strong>idem</strong></span> <span class='ocrx_word' id='word_1_372' title='bbox 1058 2966 1311 3018; x_wconf 77' lang='lat' dir='ltr'><strong>convenit</strong></span> <span class='ocrx_word' id='word_1_373' title='bbox 1348 2965 1477 3018; x_wconf 87' lang='lat' dir='ltr'><strong>dici.</strong></span> <span class='ocrx_word' id='word_1_374' title='bbox 1508 2966 1664 3031; x_wconf 87' lang='lat' dir='ltr'><strong>Quod</strong></span> <span class='ocrx_word' id='word_1_375' title='bbox 1712 2968 1754 3020; x_wconf 93' lang='lat' dir='ltr'><strong>si</strong></span> <span class='ocrx_word' id='word_1_376' title='bbox 1803 2977 1885 3021; x_wconf 87' lang='lat' dir='ltr'><strong>est</strong></span> <span class='ocrx_word' id='word_1_377' title='bbox 1933 2967 2145 3034; x_wconf 87' lang='lat' dir='ltr'><strong>quidem</strong></span> 
     </span>
    </p>
   </div>
   <div class='ocr_carea' id='block_1_46' title="bbox 548 3056 2148 3127">
    <p class='ocr_par' dir='ltr' id='par_1_46' title="bbox 548 3056 2148 3127">
     <span class='ocr_line' id='line_1_46' title="bbox 548 3056 2148 3127; baseline 0 -19"><span class='ocrx_word' id='word_1_378' title='bbox 548 3070 723 3123; x_wconf 89' lang='lat' dir='ltr'><strong>genus</strong></span> <span class='ocrx_word' id='word_1_379' title='bbox 768 3070 831 3107; x_wconf 85' lang='lat' dir='ltr'><strong>ac</strong></span> <span class='ocrx_word' id='word_1_380' title='bbox 872 3057 1109 3122; x_wconf 90' lang='lat' dir='ltr'><strong>species,</strong></span> <span class='ocrx_word' id='word_1_381' title='bbox 1158 3056 1251 3109; x_wconf 90' lang='lat' dir='ltr'><strong>sed</strong></span> <span class='ocrx_word' id='word_1_382' title='bbox 1290 3057 1597 3124; x_wconf 77' lang='lat' dir='ltr'><strong>multiplex,</strong></span> <span class='ocrx_word' id='word_1_383' title='bbox 1623 3071 1797 3127; x_wconf 90' lang='lat' dir='ltr'><strong>neque</strong></span> <span class='ocrx_word' id='word_1_384' title='bbox 1841 3070 2007 3110; x_wconf 90' lang='lat' dir='ltr'><strong>unum</strong></span> <span class='ocrx_word' id='word_1_385' title='bbox 2046 3071 2148 3109; x_wconf 87' lang='lat' dir='ltr'><strong>nu—</strong></span> 
     </span>
    </p>
   </div>
   <div class='ocr_carea' id='block_1_47' title="bbox 2251 1860 3840 1928">
    <p class='ocr_par' dir='ltr' id='par_1_47' title="bbox 2251 1860 3840 1928">
     <span class='ocr_line' id='line_1_47' title="bbox 2251 1860 3840 1928; baseline -0.005 -9"><span class='ocrx_word' id='word_1_386' title='bbox 2251 1875 2428 1919; x_wconf 88' lang='lat' dir='ltr'><strong>tamen</strong></span> <span class='ocrx_word' id='word_1_387' title='bbox 2461 1864 2531 1917; x_wconf 85' lang='lat' dir='ltr'><strong>ita</strong></span> <span class='ocrx_word' id='word_1_388' title='bbox 2566 1871 2623 1916; x_wconf 91' lang='lat' dir='ltr'><strong>ut</strong></span> <span class='ocrx_word' id='word_1_389' title='bbox 2648 1879 2769 1918; x_wconf 88' lang='lat' dir='ltr'><strong>sese</strong></span> <span class='ocrx_word' id='word_1_390' title='bbox 2799 1877 2886 1917; x_wconf 91' lang='lat' dir='ltr'><strong>res</strong></span> <span class='ocrx_word' id='word_1_391' title='bbox 2916 1861 3097 1927; x_wconf 88' lang='lat' dir='ltr'><strong>habet,</strong></span> <span class='ocrx_word' id='word_1_392' title='bbox 3118 1861 3170 1915; x_wconf 89' lang='lat' dir='ltr'><strong>id</strong></span> <span class='ocrx_word' id='word_1_393' title='bbox 3200 1871 3281 1915; x_wconf 86' lang='lat' dir='ltr'><strong>est</strong></span> <span class='ocrx_word' id='word_1_394' title='bbox 3308 1860 3449 1915; x_wconf 89' lang='lat' dir='ltr'><strong>enim</strong></span> <span class='ocrx_word' id='word_1_395' title='bbox 3478 1860 3667 1915; x_wconf 72' lang='lat' dir='ltr'><strong>falsum</strong></span> <span class='ocrx_word' id='word_1_396' title='bbox 3693 1860 3840 1928; x_wconf 86' lang='lat' dir='ltr'><strong>quod</strong></span> 
     </span>
    </p>
   </div>
   <div class='ocr_carea' id='block_1_48' title="bbox 2249 1950 3843 2025">
    <p class='ocr_par' dir='ltr' id='par_1_48' title="bbox 2249 1950 3843 2025">
     <span class='ocr_line' id='line_1_48' title="bbox 2249 1950 3843 2025; baseline -0.003 -17"><span class='ocrx_word' id='word_1_397' title='bbox 2249 1956 2405 2009; x_wconf 87' lang='lat' dir='ltr'><strong>aliter</strong></span> <span class='ocrx_word' id='word_1_398' title='bbox 2444 1967 2605 2025; x_wconf 89' lang='lat' dir='ltr'><strong>atque</strong></span> <span class='ocrx_word' id='word_1_399' title='bbox 2645 1969 2734 2009; x_wconf 90' lang='lat' dir='ltr'><strong>res</strong></span> <span class='ocrx_word' id='word_1_400' title='bbox 2778 1963 2862 2008; x_wconf 88' lang='lat' dir='ltr'><strong>est</strong></span> <span class='ocrx_word' id='word_1_401' title='bbox 2904 1954 3235 2021; x_wconf 81' lang='lat' dir='ltr'><strong>intelligitur.</strong></span> <span class='ocrx_word' id='word_1_402' title='bbox 3275 1954 3330 2006; x_wconf 85' lang='lat' dir='ltr'><strong>Si</strong></span> <span class='ocrx_word' id='word_1_403' title='bbox 3379 1951 3540 2021; x_wconf 83' lang='lat' dir='ltr'><strong>igitur</strong></span> <span class='ocrx_word' id='word_1_404' title='bbox 3582 1950 3843 2019; x_wconf 87' lang='lat' dir='ltr'><strong>quoniam</strong></span> 
     </span>
    </p>
   </div>
   <div class='ocr_carea' id='block_1_49' title="bbox 2248 2042 3847 2116">
    <p class='ocr_par' dir='ltr' id='par_1_49' title="bbox 2248 2042 3847 2116">
     <span class='ocr_line' id='line_1_49' title="bbox 2248 2042 3847 2116; baseline -0.006 -15"><span class='ocrx_word' id='word_1_405' title='bbox 2248 2061 2420 2116; x_wconf 83' lang='lat' dir='ltr'><strong>genus</strong></span> <span class='ocrx_word' id='word_1_406' title='bbox 2445 2056 2498 2099; x_wconf 89' lang='lat' dir='ltr'><strong>et</strong></span> <span class='ocrx_word' id='word_1_407' title='bbox 2525 2046 2737 2115; x_wconf 89' lang='lat' dir='ltr'><strong>species</strong></span> <span class='ocrx_word' id='word_1_408' title='bbox 2765 2061 2864 2098; x_wconf 91' lang='lat' dir='ltr'><strong>nec</strong></span> <span class='ocrx_word' id='word_1_409' title='bbox 2894 2055 3041 2110; x_wconf 90' lang='lat' dir='ltr'><strong>sunt,</strong></span> <span class='ocrx_word' id='word_1_410' title='bbox 3077 2060 3174 2099; x_wconf 89' lang='lat' dir='ltr'><strong>nec</strong></span> <span class='ocrx_word' id='word_1_411' title='bbox 3200 2059 3320 2097; x_wconf 88' lang='lat' dir='ltr'><strong>cum</strong></span> <span class='ocrx_word' id='word_1_412' title='bbox 3352 2042 3730 2110; x_wconf 75' lang='lat' dir='ltr'><strong>intelliguntur</strong></span> <span class='ocrx_word' id='word_1_413' title='bbox 3752 2056 3847 2093; x_wconf 84' lang='lat' dir='ltr'><strong>ve-</strong></span> 
     </span>
    </p>
   </div>
   <div class='ocr_carea' id='block_1_50' title="bbox 2248 2132 3849 2203">
    <p class='ocr_par' dir='ltr' id='par_1_50' title="bbox 2248 2132 3849 2203">
     <span class='ocr_line' id='line_1_50' title="bbox 2248 2132 3849 2203; baseline -0.002 -12"><span class='ocrx_word' id='word_1_414' title='bbox 2248 2153 2341 2191; x_wconf 90' lang='lat' dir='ltr'><strong>rus</strong></span> <span class='ocrx_word' id='word_1_415' title='bbox 2366 2148 2449 2191; x_wconf 74' lang='lat' dir='ltr'><strong>est</strong></span> <span class='ocrx_word' id='word_1_416' title='bbox 2490 2152 2676 2192; x_wconf 89' lang='lat' dir='ltr'><strong>eorum</strong></span> <span class='ocrx_word' id='word_1_417' title='bbox 2721 2136 3060 2203; x_wconf 84' lang='lat' dir='ltr'><strong>intellectus,</strong></span> <span class='ocrx_word' id='word_1_418' title='bbox 3103 2151 3210 2189; x_wconf 91' lang='lat' dir='ltr'><strong>non</strong></span> <span class='ocrx_word' id='word_1_419' title='bbox 3241 2143 3323 2189; x_wconf 73' lang='lat' dir='ltr'><strong>cst</strong></span> <span class='ocrx_word' id='word_1_420' title='bbox 3362 2134 3669 2202; x_wconf 84' lang='lat' dir='ltr'><strong>ambiguum</strong></span> <span class='ocrx_word' id='word_1_421' title='bbox 3711 2132 3849 2202; x_wconf 84' lang='lat' dir='ltr'><strong>quin</strong></span> 
     </span>
    </p>
   </div>
   <div class='ocr_carea' id='block_1_51' title="bbox 2250 2225 3849 2299">
    <p class='ocr_par' dir='ltr' id='par_1_51' title="bbox 2250 2225 3849 2299">
     <span class='ocr_line' id='line_1_51' title="bbox 2250 2225 3849 2299; baseline -0.001 -17"><span class='ocrx_word' id='word_1_422' title='bbox 2250 2231 2426 2285; x_wconf 88' lang='lat' dir='ltr'><strong>omnis</strong></span> <span class='ocrx_word' id='word_1_423' title='bbox 2462 2230 2533 2283; x_wconf 89' lang='lat' dir='ltr'><strong>sit</strong></span> <span class='ocrx_word' id='word_1_424' title='bbox 2577 2228 2894 2298; x_wconf 89' lang='lat' dir='ltr'><strong>deponenda</strong></span> <span class='ocrx_word' id='word_1_425' title='bbox 2924 2228 2994 2283; x_wconf 91' lang='lat' dir='ltr'><strong>de</strong></span> <span class='ocrx_word' id='word_1_426' title='bbox 3021 2228 3103 2284; x_wconf 89' lang='lat' dir='ltr'><strong>his</strong></span> <span class='ocrx_word' id='word_1_427' title='bbox 3129 2227 3365 2299; x_wconf 92' lang='lat' dir='ltr'><strong>quinque</strong></span> <span class='ocrx_word' id='word_1_428' title='bbox 3394 2228 3688 2296; x_wconf 86' lang='lat' dir='ltr'><strong>pr0positis</strong></span> <span class='ocrx_word' id='word_1_429' title='bbox 3734 2225 3849 2280; x_wconf 79' lang='lat' dir='ltr'><strong>dis-</strong></span> 
     </span>
    </p>
   </div>
   <div class='ocr_carea' id='block_1_52' title="bbox 2254 2321 3847 2393">
    <p class='ocr_par' dir='ltr' id='par_1_52' title="bbox 2254 2321 3847 2393">
     <span class='ocr_line' id='line_1_52' title="bbox 2254 2321 3847 2393; baseline -0.003 -16"><span class='ocrx_word' id='word_1_430' title='bbox 2254 2323 2472 2388; x_wconf 72' lang='lat' dir='ltr'><strong>putandi</strong></span> <span class='ocrx_word' id='word_1_431' title='bbox 2502 2338 2654 2389; x_wconf 89' lang='lat' dir='ltr'><strong>cura,</strong></span> <span class='ocrx_word' id='word_1_432' title='bbox 2709 2321 3140 2393; x_wconf 88' lang='lat' dir='ltr'><strong>quandoquidem</strong></span> <span class='ocrx_word' id='word_1_433' title='bbox 3184 2335 3358 2390; x_wconf 89' lang='lat' dir='ltr'><strong>neque</strong></span> <span class='ocrx_word' id='word_1_434' title='bbox 3397 2321 3463 2375; x_wconf 92' lang='lat' dir='ltr'><strong>de</strong></span> <span class='ocrx_word' id='word_1_435' title='bbox 3501 2334 3561 2374; x_wconf 89' lang='lat' dir='ltr'><strong>ea</strong></span> <span class='ocrx_word' id='word_1_436' title='bbox 3607 2335 3666 2374; x_wconf 90' lang='lat' dir='ltr'><strong>re</strong></span> <span class='ocrx_word' id='word_1_437' title='bbox 3717 2334 3847 2389; x_wconf 66' lang='lat' dir='ltr'><strong>qua</strong></span> 
     </span>
    </p>
   </div>
   <div class='ocr_carea' id='block_1_53' title="bbox 2251 2412 3847 2487">
    <p class='ocr_par' dir='ltr' id='par_1_53' title="bbox 2251 2412 3847 2487">
     <span class='ocr_line' id='line_1_53' title="bbox 2251 2412 3847 2487; baseline -0.006 -13"><span class='ocrx_word' id='word_1_438' title='bbox 2251 2419 2341 2481; x_wconf 89' lang='lat' dir='ltr'><strong>sit,</strong></span> <span class='ocrx_word' id='word_1_439' title='bbox 2359 2432 2533 2487; x_wconf 89' lang='lat' dir='ltr'><strong>neque</strong></span> <span class='ocrx_word' id='word_1_440' title='bbox 2557 2418 2627 2472; x_wconf 88' lang='lat' dir='ltr'><strong>de</strong></span> <span class='ocrx_word' id='word_1_441' title='bbox 2659 2433 2722 2472; x_wconf 88' lang='lat' dir='ltr'><strong>ea</strong></span> <span class='ocrx_word' id='word_1_442' title='bbox 2750 2418 2817 2471; x_wconf 90' lang='lat' dir='ltr'><strong>de</strong></span> <span class='ocrx_word' id='word_1_443' title='bbox 2834 2432 2935 2487; x_wconf 89' lang='lat' dir='ltr'><strong>qua</strong></span> <span class='ocrx_word' id='word_1_444' title='bbox 2953 2431 3135 2469; x_wconf 89' lang='lat' dir='ltr'><strong>verum</strong></span> <span class='ocrx_word' id='word_1_445' title='bbox 3167 2415 3365 2485; x_wconf 85' lang='lat' dir='ltr'><strong>aliquid</strong></span> <span class='ocrx_word' id='word_1_446' title='bbox 3394 2414 3613 2484; x_wconf 54' lang='lat' dir='ltr'><strong>intelligi</strong></span> <span class='ocrx_word' id='word_1_447' title='bbox 3636 2412 3847 2483; x_wconf 75' lang='lat' dir='ltr'><strong>profer-</strong></span> 
     </span>
    </p>
   </div>
   <div class='ocr_carea' id='block_1_54' title="bbox 2251 2506 3848 2581">
    <p class='ocr_par' dir='ltr' id='par_1_54' title="bbox 2251 2506 3848 2581">
     <span class='ocr_line' id='line_1_54' title="bbox 2251 2506 3848 2581; baseline -0.004 -17"><span class='ocrx_word' id='word_1_448' title='bbox 2251 2511 2366 2565; x_wconf 89' lang='lat' dir='ltr'><strong>rive</strong></span> <span class='ocrx_word' id='word_1_449' title='bbox 2390 2509 2558 2579; x_wconf 91' lang='lat' dir='ltr'><strong>possit</strong></span> <span class='ocrx_word' id='word_1_450' title='bbox 2586 2511 2907 2581; x_wconf 87' lang='lat' dir='ltr'><strong>inquiritur:</strong></span> <span class='ocrx_word' id='word_1_451' title='bbox 2958 2508 3072 2562; x_wconf 70' lang='lat' dir='ltr'><strong>haec</strong></span> <span class='ocrx_word' id='word_1_452' title='bbox 3091 2508 3304 2577; x_wconf 81' lang='lat' dir='ltr'><strong>quidem</strong></span> <span class='ocrx_word' id='word_1_453' title='bbox 3325 2517 3408 2562; x_wconf 91' lang='lat' dir='ltr'><strong>est</strong></span> <span class='ocrx_word' id='word_1_454' title='bbox 3432 2506 3497 2560; x_wconf 89' lang='lat' dir='ltr'><strong>ad</strong></span> <span class='ocrx_word' id='word_1_455' title='bbox 3517 2520 3753 2575; x_wconf 65' lang='lat' dir='ltr'><strong>praesens</strong></span> <span class='ocrx_word' id='word_1_456' title='bbox 3774 2506 3848 2558; x_wconf 87' lang='lat' dir='ltr'><strong>de</strong></span> 
     </span>
    </p>
   </div>
   <div class='ocr_carea' id='block_1_55' title="bbox 2251 2598 3848 2674">
    <p class='ocr_par' dir='ltr' id='par_1_55' title="bbox 2251 2598 3848 2674">
     <span class='ocr_line' id='line_1_55' title="bbox 2251 2598 3848 2674; baseline -0.002 -18"><span class='ocrx_word' id='word_1_457' title='bbox 2251 2603 2543 2674; x_wconf 78' lang='lat' dir='ltr'><strong>prapositis</strong></span> <span class='ocrx_word' id='word_1_458' title='bbox 2573 2603 2822 2673; x_wconf 67' lang='lat' dir='ltr'><strong>qumstio,</strong></span> <span class='ocrx_word' id='word_1_459' title='bbox 2846 2618 3006 2672; x_wconf 87' lang='lat' dir='ltr'><strong>quam</strong></span> <span class='ocrx_word' id='word_1_460' title='bbox 3031 2616 3127 2655; x_wconf 83' lang='lat' dir='ltr'><strong>nos</strong></span> <span class='ocrx_word' id='word_1_461' title='bbox 3149 2599 3456 2655; x_wconf 80' lang='lat' dir='ltr'><strong>Alexandro</strong></span> <span class='ocrx_word' id='word_1_462' title='bbox 3470 2598 3848 2653; x_wconf 76' lang='lat' dir='ltr'><strong>consentiente</strong></span> 
     </span>
    </p>
   </div>
   <div class='ocr_carea' id='block_1_56' title="bbox 2252 2692 3848 2750">
    <p class='ocr_par' dir='ltr' id='par_1_56' title="bbox 2252 2692 3848 2750">
     <span class='ocr_line' id='line_1_56' title="bbox 2252 2692 3848 2750; baseline -0.003 -2"><span class='ocrx_word' id='word_1_463' title='bbox 2252 2697 2352 2749; x_wconf 91' lang='lat' dir='ltr'><strong>hac</strong></span> <span class='ocrx_word' id='word_1_464' title='bbox 2384 2695 2790 2750; x_wconf 84' lang='lat' dir='ltr'><strong>ratiocinatione</strong></span> <span class='ocrx_word' id='word_1_465' title='bbox 2810 2695 3102 2749; x_wconf 86' lang='lat' dir='ltr'><strong>solvemus.</strong></span> <span class='ocrx_word' id='word_1_466' title='bbox 3136 2692 3250 2748; x_wconf 86' lang='lat' dir='ltr'><strong>Non</strong></span> <span class='ocrx_word' id='word_1_467' title='bbox 3281 2694 3425 2747; x_wconf 92' lang='lat' dir='ltr'><strong>enim</strong></span> <span class='ocrx_word' id='word_1_468' title='bbox 3468 2705 3691 2747; x_wconf 86' lang='lat' dir='ltr'><strong>necesse</strong></span> <span class='ocrx_word' id='word_1_469' title='bbox 3722 2706 3848 2745; x_wconf 85' lang='lat' dir='ltr'><strong>esse</strong></span> 
     </span>
    </p>
   </div>
   <div class='ocr_carea' id='block_1_57' title="bbox 2251 2784 3838 2856">
    <p class='ocr_par' dir='ltr' id='par_1_57' title="bbox 2251 2784 3838 2856">
     <span class='ocr_line' id='line_1_57' title="bbox 2251 2784 3838 2856; baseline -0.003 -15"><span class='ocrx_word' id='word_1_470' title='bbox 2251 2787 2479 2842; x_wconf 85' lang='lat' dir='ltr'><strong>dicimus</strong></span> <span class='ocrx_word' id='word_1_471' title='bbox 2515 2802 2733 2842; x_wconf 90' lang='lat' dir='ltr'><strong>omnem</strong></span> <span class='ocrx_word' id='word_1_472' title='bbox 2772 2787 3100 2842; x_wconf 90' lang='lat' dir='ltr'><strong>intellectum</strong></span> <span class='ocrx_word' id='word_1_473' title='bbox 3132 2789 3219 2856; x_wconf 89' lang='lat' dir='ltr'><strong>qui</strong></span> <span class='ocrx_word' id='word_1_474' title='bbox 3254 2801 3317 2840; x_wconf 79' lang='lat' dir='ltr'><strong>ex</strong></span> <span class='ocrx_word' id='word_1_475' title='bbox 3347 2786 3589 2854; x_wconf 87' lang='lat' dir='ltr'><strong>subjecto</strong></span> <span class='ocrx_word' id='word_1_476' title='bbox 3613 2784 3838 2853; x_wconf 77' lang='lat' dir='ltr'><strong>quidem</strong></span> 
     </span>
    </p>
   </div>
   <div class='ocr_carea' id='block_1_58' title="bbox 2252 2874 3839 2947">
    <p class='ocr_par' dir='ltr' id='par_1_58' title="bbox 2252 2874 3839 2947">
     <span class='ocr_line' id='line_1_58' title="bbox 2252 2874 3839 2947; baseline -0.001 -16"><span class='ocrx_word' id='word_1_477' title='bbox 2252 2878 2344 2945; x_wconf 86' lang='lat' dir='ltr'><strong>sit,</strong></span> <span class='ocrx_word' id='word_1_478' title='bbox 2371 2893 2478 2933; x_wconf 91' lang='lat' dir='ltr'><strong>non</strong></span> <span class='ocrx_word' id='word_1_479' title='bbox 2504 2886 2680 2933; x_wconf 89' lang='lat' dir='ltr'><strong>tamen</strong></span> <span class='ocrx_word' id='word_1_480' title='bbox 2699 2888 2756 2932; x_wconf 91' lang='lat' dir='ltr'><strong>ut</strong></span> <span class='ocrx_word' id='word_1_481' title='bbox 2774 2892 2894 2933; x_wconf 90' lang='lat' dir='ltr'><strong>sese</strong></span> <span class='ocrx_word' id='word_1_482' title='bbox 2923 2879 3095 2947; x_wconf 90' lang='lat' dir='ltr'><strong>ipsum</strong></span> <span class='ocrx_word' id='word_1_483' title='bbox 3123 2876 3422 2945; x_wconf 87' lang='lat' dir='ltr'><strong>subjectum</strong></span> <span class='ocrx_word' id='word_1_484' title='bbox 3443 2876 3625 2945; x_wconf 87' lang='lat' dir='ltr'><strong>habet,</strong></span> <span class='ocrx_word' id='word_1_485' title='bbox 3640 2874 3839 2929; x_wconf 79' lang='lat' dir='ltr'><strong>falsum</strong></span> 
     </span>
    </p>
   </div>
   <div class='ocr_carea' id='block_1_59' title="bbox 2253 2966 3846 3039">
    <p class='ocr_par' dir='ltr' id='par_1_59' title="bbox 2253 2966 3846 3039">
     <span class='ocr_line' id='line_1_59' title="bbox 2253 2966 3846 3039; baseline -0.004 -14"><span class='ocrx_word' id='word_1_486' title='bbox 2253 2980 2310 3025; x_wconf 92' lang='lat' dir='ltr'><strong>et</strong></span> <span class='ocrx_word' id='word_1_487' title='bbox 2343 2985 2567 3024; x_wconf 88' lang='lat' dir='ltr'><strong>vacuum</strong></span> <span class='ocrx_word' id='word_1_488' title='bbox 2598 2969 2789 3025; x_wconf 89' lang='lat' dir='ltr'><strong>videri.</strong></span> <span class='ocrx_word' id='word_1_489' title='bbox 2820 2968 2876 3024; x_wconf 92' lang='lat' dir='ltr'><strong>ln</strong></span> <span class='ocrx_word' id='word_1_490' title='bbox 2905 2970 2987 3039; x_wconf 76' lang='lat' dir='ltr'><strong>his</strong></span> <span class='ocrx_word' id='word_1_491' title='bbox 3022 2969 3167 3024; x_wconf 92' lang='lat' dir='ltr'><strong>enim</strong></span> <span class='ocrx_word' id='word_1_492' title='bbox 3212 2968 3343 3022; x_wconf 86' lang='lat' dir='ltr'><strong>solis</strong></span> <span class='ocrx_word' id='word_1_493' title='bbox 3383 2966 3512 3022; x_wconf 81' lang='lat' dir='ltr'><strong>falsa</strong></span> <span class='ocrx_word' id='word_1_494' title='bbox 3552 2966 3737 3036; x_wconf 91' lang='lat' dir='ltr'><strong>opinio</strong></span> <span class='ocrx_word' id='word_1_495' title='bbox 3774 2981 3846 3019; x_wconf 83' lang='lat' dir='ltr'><strong>ac</strong></span> 
     </span>
    </p>
   </div>
   <div class='ocr_carea' id='block_1_60' title="bbox 2256 3056 3849 3131">
    <p class='ocr_par' dir='ltr' id='par_1_60' title="bbox 2256 3056 3849 3131">
     <span class='ocr_line' id='line_1_60' title="bbox 2256 3056 3849 3131; baseline -0.003 -17"><span class='ocrx_word' id='word_1_496' title='bbox 2256 3074 2364 3114; x_wconf 90' lang='lat' dir='ltr'><strong>non</strong></span> <span class='ocrx_word' id='word_1_497' title='bbox 2400 3062 2575 3131; x_wconf 90' lang='lat' dir='ltr'><strong>potius</strong></span> <span class='ocrx_word' id='word_1_498' title='bbox 2605 3059 2955 3129; x_wconf 81' lang='lat' dir='ltr'><strong>intelligentia</strong></span> <span class='ocrx_word' id='word_1_499' title='bbox 2999 3070 3105 3124; x_wconf 91' lang='lat' dir='ltr'><strong>est,</strong></span> <span class='ocrx_word' id='word_1_500' title='bbox 3135 3074 3257 3130; x_wconf 71' lang='lat' dir='ltr'><strong>qua:</strong></span> <span class='ocrx_word' id='word_1_501' title='bbox 3282 3074 3379 3128; x_wconf 88' lang='lat' dir='ltr'><strong>per</strong></span> <span class='ocrx_word' id='word_1_502' title='bbox 3409 3056 3849 3128; x_wconf 75' lang='lat' dir='ltr'><strong>conjuncﬁonem</strong></span> 
     </span>
    </p>
   </div>
   <div class='ocr_carea' id='block_1_61' title="bbox 538 3141 3850 3221">
    <p class='ocr_par' dir='ltr' id='par_1_61' title="bbox 538 3141 3850 3221">
     <span class='ocr_line' id='line_1_61' title="bbox 538 3141 3850 3221; baseline 0.001 -23"><span class='ocrx_word' id='word_1_503' title='bbox 538 3161 723 3210; x_wconf 69' lang='lat' dir='ltr'><strong>&#39;mero,</strong></span> <span class='ocrx_word' id='word_1_504' title='bbox 759 3163 862 3200; x_wconf 89' lang='lat' dir='ltr'><strong>non</strong></span> <span class='ocrx_word' id='word_1_505' title='bbox 892 3147 993 3199; x_wconf 87' lang='lat' dir='ltr'><strong>erit</strong></span> <span class='ocrx_word' id='word_1_506' title='bbox 1021 3146 1270 3200; x_wconf 89' lang='lat' dir='ltr'><strong>ultimum</strong></span> <span class='ocrx_word' id='word_1_507' title='bbox 1290 3161 1482 3215; x_wconf 82' lang='lat' dir='ltr'><strong>genus,</strong></span> <span class='ocrx_word' id='word_1_508' title='bbox 1504 3148 1599 3202; x_wconf 90' lang='lat' dir='ltr'><strong>sed</strong></span> <span class='ocrx_word' id='word_1_509' title='bbox 1633 3147 1851 3202; x_wconf 88' lang='lat' dir='ltr'><strong>habebit</strong></span> <span class='ocrx_word' id='word_1_510' title='bbox 1882 3146 2025 3201; x_wconf 87' lang='lat' dir='ltr'><strong>aliud</strong></span> <span class='ocrx_word' id='word_1_511' title='bbox 2056 3163 2148 3201; x_wconf 89' lang='lat' dir='ltr'><strong>su-</strong></span> <span class='ocrx_word' id='word_1_512' title='bbox 2171 3141 2221 3206; x_wconf 84' lang='lat' dir='ltr'><strong><em>C</em></strong></span> <span class='ocrx_word' id='word_1_513' title='bbox 2256 3153 2409 3205; x_wconf 86' lang='lat' dir='ltr'><strong>tiunt.</strong></span> <span class='ocrx_word' id='word_1_514' title='bbox 2439 3150 2497 3206; x_wconf 90' lang='lat' dir='ltr'><strong>Si</strong></span> <span class='ocrx_word' id='word_1_515' title='bbox 2524 3152 2668 3206; x_wconf 88' lang='lat' dir='ltr'><strong>enim</strong></span> <span class='ocrx_word' id='word_1_516' title='bbox 2692 3151 2813 3219; x_wconf 90' lang='lat' dir='ltr'><strong>quis</strong></span> <span class='ocrx_word' id='word_1_517' title='bbox 2841 3160 3130 3219; x_wconf 88' lang='lat' dir='ltr'><strong>componat</strong></span> <span class='ocrx_word' id='word_1_518' title='bbox 3168 3160 3330 3221; x_wconf 81' lang='lat' dir='ltr'><strong>atque</strong></span> <span class='ocrx_word' id='word_1_519' title='bbox 3368 3148 3659 3220; x_wconf 91' lang='lat' dir='ltr'><strong>conjungat</strong></span> <span class='ocrx_word' id='word_1_520' title='bbox 3688 3148 3850 3203; x_wconf 75' lang='lat' dir='ltr'><strong>intel-</strong></span> 
     </span>
    </p>
   </div>
   <div class='ocr_carea' id='block_1_62' title="bbox 553 3236 2147 3308">
    <p class='ocr_par' dir='ltr' id='par_1_62' title="bbox 553 3236 2147 3308">
     <span class='ocr_line' id='line_1_62' title="bbox 553 3236 2147 3308; baseline 0.004 -20"><span class='ocrx_word' id='word_1_521' title='bbox 553 3250 650 3305; x_wconf 86' lang='lat' dir='ltr'><strong>per</strong></span> <span class='ocrx_word' id='word_1_522' title='bbox 694 3250 753 3289; x_wconf 91' lang='lat' dir='ltr'><strong>se</strong></span> <span class='ocrx_word' id='word_1_523' title='bbox 797 3236 1033 3305; x_wconf 89' lang='lat' dir='ltr'><strong>positum</strong></span> <span class='ocrx_word' id='word_1_524' title='bbox 1081 3251 1271 3305; x_wconf 84' lang='lat' dir='ltr'><strong>genus,</strong></span> <span class='ocrx_word' id='word_1_525' title='bbox 1317 3239 1459 3307; x_wconf 88' lang='lat' dir='ltr'><strong>quod</strong></span> <span class='ocrx_word' id='word_1_526' title='bbox 1505 3239 1648 3293; x_wconf 87' lang='lat' dir='ltr'><strong>illam</strong></span> <span class='ocrx_word' id='word_1_527' title='bbox 1692 3239 2147 3308; x_wconf 89' lang='lat' dir='ltr'><strong>multiplicitatem</strong></span> 
     </span>
    </p>
   </div>
   <div class='ocr_carea' id='block_1_63' title="bbox 552 3328 2147 3401">
    <p class='ocr_par' dir='ltr' id='par_1_63' title="bbox 552 3328 2147 3401">
     <span class='ocr_line' id='line_1_63' title="bbox 552 3328 2147 3401; baseline 0.005 -22"><span class='ocrx_word' id='word_1_528' title='bbox 552 3328 712 3382; x_wconf 88' lang='lat' dir='ltr'><strong>unius</strong></span> <span class='ocrx_word' id='word_1_529' title='bbox 738 3329 817 3382; x_wconf 90' lang='lat' dir='ltr'><strong>sui</strong></span> <span class='ocrx_word' id='word_1_530' title='bbox 848 3330 1083 3384; x_wconf 90' lang='lat' dir='ltr'><strong>nominis</strong></span> <span class='ocrx_word' id='word_1_531' title='bbox 1112 3329 1373 3385; x_wconf 87' lang='lat' dir='ltr'><strong>vocabulo</strong></span> <span class='ocrx_word' id='word_1_532' title='bbox 1402 3330 1691 3385; x_wconf 82' lang='lat' dir='ltr'><strong>concludat</strong></span> <span class='ocrx_word' id='word_1_533' title='bbox 1714 3349 1726 3384; x_wconf 94' lang='lat'><strong>:</strong></span> <span class='ocrx_word' id='word_1_534' title='bbox 1749 3340 1805 3385; x_wconf 93' lang='lat' dir='ltr'><strong>ut</strong></span> <span class='ocrx_word' id='word_1_535' title='bbox 1830 3332 1971 3387; x_wconf 89' lang='lat' dir='ltr'><strong>enim</strong></span> <span class='ocrx_word' id='word_1_536' title='bbox 1998 3332 2147 3401; x_wconf 89' lang='lat' dir='ltr'><strong>plura</strong></span> 
     </span>
    </p>
   </div>
   <div class='ocr_carea' id='block_1_64' title="bbox 552 3419 2147 3493">
    <p class='ocr_par' dir='ltr' id='par_1_64' title="bbox 552 3419 2147 3493">
     <span class='ocr_line' id='line_1_64' title="bbox 552 3419 2147 3493; baseline 0.006 -20"><span class='ocrx_word' id='word_1_537' title='bbox 552 3419 803 3475; x_wconf 85' lang='lat' dir='ltr'><strong>animalia</strong></span> <span class='ocrx_word' id='word_1_538' title='bbox 831 3422 1083 3491; x_wconf 87' lang='lat' dir='ltr'><strong>quoniam</strong></span> <span class='ocrx_word' id='word_1_539' title='bbox 1112 3421 1313 3478; x_wconf 87' lang='lat' dir='ltr'><strong>habent</strong></span> <span class='ocrx_word' id='word_1_540' title='bbox 1339 3423 1596 3493; x_wconf 84' lang='lat' dir='ltr'><strong>quiddam</strong></span> <span class='ocrx_word' id='word_1_541' title='bbox 1621 3424 1821 3493; x_wconf 90' lang='lat' dir='ltr'><strong>simile,</strong></span> <span class='ocrx_word' id='word_1_542' title='bbox 1851 3427 2040 3481; x_wconf 89' lang='lat' dir='ltr'><strong>eadem</strong></span> <span class='ocrx_word' id='word_1_543' title='bbox 2067 3436 2147 3482; x_wconf 88' lang='lat' dir='ltr'><strong>ta-</strong></span> 
     </span>
    </p>
   </div>
   <div class='ocr_carea' id='block_1_65' title="bbox 552 3515 2146 3589">
    <p class='ocr_par' dir='ltr' id='par_1_65' title="bbox 552 3515 2146 3589">
     <span class='ocr_line' id='line_1_65' title="bbox 552 3515 2146 3589; baseline 0.006 -24"><span class='ocrx_word' id='word_1_544' title='bbox 552 3526 676 3567; x_wconf 90' lang='lat' dir='ltr'><strong>men</strong></span> <span class='ocrx_word' id='word_1_545' title='bbox 708 3527 811 3567; x_wconf 87' lang='lat' dir='ltr'><strong>nou</strong></span> <span class='ocrx_word' id='word_1_546' title='bbox 835 3523 979 3578; x_wconf 88' lang='lat' dir='ltr'><strong>sunt,</strong></span> <span class='ocrx_word' id='word_1_547' title='bbox 1010 3525 1063 3569; x_wconf 85' lang='lat' dir='ltr'><strong>et</strong></span> <span class='ocrx_word' id='word_1_548' title='bbox 1092 3515 1293 3571; x_wconf 89' lang='lat' dir='ltr'><strong>idcirco</strong></span> <span class='ocrx_word' id='word_1_549' title='bbox 1318 3530 1505 3572; x_wconf 91' lang='lat' dir='ltr'><strong>eorum</strong></span> <span class='ocrx_word' id='word_1_550' title='bbox 1548 3534 1750 3588; x_wconf 85' lang='lat' dir='ltr'><strong>genera</strong></span> <span class='ocrx_word' id='word_1_551' title='bbox 1787 3522 2146 3589; x_wconf 89' lang='lat' dir='ltr'><strong>perquirunt,</strong></span> 
     </span>
    </p>
   </div>
   <div class='ocr_carea' id='block_1_66' title="bbox 554 3603 2152 3682">
    <p class='ocr_par' dir='ltr' id='par_1_66' title="bbox 554 3603 2152 3682">
     <span class='ocr_line' id='line_1_66' title="bbox 554 3603 2152 3682; baseline 0.008 -26"><span class='ocrx_word' id='word_1_552' title='bbox 554 3603 623 3657; x_wconf 88' lang='lat' dir='ltr'><strong>ita</strong></span> <span class='ocrx_word' id='word_1_553' title='bbox 651 3618 865 3674; x_wconf 88' lang='lat' dir='ltr'><strong>quoque</strong></span> <span class='ocrx_word' id='word_1_554' title='bbox 884 3608 1135 3677; x_wconf 65' lang='lat' dir='ltr'><strong>quatiam</strong></span> <span class='ocrx_word' id='word_1_555' title='bbox 1162 3624 1333 3678; x_wconf 88' lang='lat' dir='ltr'><strong>genus</strong></span> <span class='ocrx_word' id='word_1_556' title='bbox 1360 3610 1503 3679; x_wconf 89' lang='lat' dir='ltr'><strong>quod</strong></span> <span class='ocrx_word' id='word_1_557' title='bbox 1528 3611 1581 3665; x_wconf 90' lang='lat' dir='ltr'><strong>in</strong></span> <span class='ocrx_word' id='word_1_558' title='bbox 1604 3611 1846 3677; x_wconf 85' lang='lat' dir='ltr'><strong>pluribus</strong></span> <span class='ocrx_word' id='word_1_559' title='bbox 1867 3622 2152 3682; x_wconf 87' lang='lat' dir='ltr'><strong>est,atque</strong></span> 
     </span>
    </p>
   </div>
   <div class='ocr_carea' id='block_1_67' title="bbox 552 3696 2152 3773">
    <p class='ocr_par' dir='ltr' id='par_1_67' title="bbox 552 3696 2152 3773">
     <span class='ocr_line' id='line_1_67' title="bbox 552 3696 2152 3773; baseline 0.006 -23"><span class='ocrx_word' id='word_1_560' title='bbox 552 3696 678 3753; x_wconf 86' lang='lat' dir='ltr'><strong>ideo</strong></span> <span class='ocrx_word' id='word_1_561' title='bbox 710 3699 1011 3769; x_wconf 82' lang='lat' dir='ltr'><strong>multiplex,</strong></span> <span class='ocrx_word' id='word_1_562' title='bbox 1045 3701 1206 3755; x_wconf 83' lang='lat' dir='ltr'><strong>habet</strong></span> <span class='ocrx_word' id='word_1_563' title='bbox 1244 3701 1329 3756; x_wconf 87' lang='lat' dir='ltr'><strong>sui</strong></span> <span class='ocrx_word' id='word_1_564' title='bbox 1359 3702 1772 3758; x_wconf 87' lang='lat' dir='ltr'><strong>similitudinem</strong></span> <span class='ocrx_word' id='word_1_565' title='bbox 1810 3703 1951 3772; x_wconf 90' lang='lat' dir='ltr'><strong>quod</strong></span> <span class='ocrx_word' id='word_1_566' title='bbox 1979 3718 2152 3773; x_wconf 86' lang='lat' dir='ltr'><strong>genus</strong></span> 
     </span>
    </p>
   </div>
   <div class='ocr_carea' id='block_1_68' title="bbox 553 3796 2149 3866">
    <p class='ocr_par' dir='ltr' id='par_1_68' title="bbox 553 3796 2149 3866">
     <span class='ocr_line' id='line_1_68' title="bbox 553 3796 2149 3866; baseline 0.003 -22"><span class='ocrx_word' id='word_1_567' title='bbox 553 3801 657 3853; x_wconf 89' lang='lat' dir='ltr'><strong>est,</strong></span> <span class='ocrx_word' id='word_1_568' title='bbox 702 3801 923 3845; x_wconf 90' lang='lat' dir='ltr'><strong>nonest</strong></span> <span class='ocrx_word' id='word_1_569' title='bbox 962 3806 1097 3847; x_wconf 90' lang='lat' dir='ltr'><strong>vero</strong></span> <span class='ocrx_word' id='word_1_570' title='bbox 1141 3809 1329 3859; x_wconf 88' lang='lat' dir='ltr'><strong>unum,</strong></span> <span class='ocrx_word' id='word_1_571' title='bbox 1371 3798 1629 3862; x_wconf 89' lang='lat' dir='ltr'><strong>quoniam</strong></span> <span class='ocrx_word' id='word_1_572' title='bbox 1682 3797 1735 3850; x_wconf 90' lang='lat' dir='ltr'><strong>in</strong></span> <span class='ocrx_word' id='word_1_573' title='bbox 1767 3796 2011 3866; x_wconf 86' lang='lat' dir='ltr'><strong>pluribus</strong></span> <span class='ocrx_word' id='word_1_574' title='bbox 2041 3804 2149 3862; x_wconf 90' lang='lat' dir='ltr'><strong>est,</strong></span> 
     </span>
    </p>
   </div>
   <div class='ocr_carea' id='block_1_69' title="bbox 554 3880 2148 3957">
    <p class='ocr_par' dir='ltr' id='par_1_69' title="bbox 554 3880 2148 3957">
     <span class='ocr_line' id='line_1_69' title="bbox 554 3880 2148 3957; baseline 0.004 -24"><span class='ocrx_word' id='word_1_575' title='bbox 554 3880 673 3948; x_wconf 89' lang='lat' dir='ltr'><strong>ejus</strong></span> <span class='ocrx_word' id='word_1_576' title='bbox 712 3882 927 3950; x_wconf 87' lang='lat' dir='ltr'><strong>generis</strong></span> <span class='ocrx_word' id='word_1_577' title='bbox 976 3897 1191 3951; x_wconf 91' lang='lat' dir='ltr'><strong>quoque</strong></span> <span class='ocrx_word' id='word_1_578' title='bbox 1237 3899 1409 3954; x_wconf 87' lang='lat' dir='ltr'><strong>genus</strong></span> <span class='ocrx_word' id='word_1_579' title='bbox 1455 3885 1597 3939; x_wconf 91' lang='lat' dir='ltr'><strong>aliud</strong></span> <span class='ocrx_word' id='word_1_580' title='bbox 1640 3888 1996 3957; x_wconf 65' lang='lat' dir='ltr'><strong>quaerendum</strong></span> <span class='ocrx_word' id='word_1_581' title='bbox 2043 3896 2148 3951; x_wconf 81' lang='lat' dir='ltr'><strong>eSt,</strong></span> 
     </span>
    </p>
   </div>
   <div class='ocr_carea' id='block_1_70' title="bbox 456 3964 2152 4049">
    <p class='ocr_par' dir='ltr' id='par_1_70' title="bbox 456 3964 2152 4049">
     <span class='ocr_line' id='line_1_70' title="bbox 456 3964 2152 4049; baseline 0.005 -22"><span class='ocrx_word' id='word_1_582' title='bbox 456 3964 469 3969; x_wconf 82' lang='grc'><strong>’</strong></span> <span class='ocrx_word' id='word_1_583' title='bbox 556 3989 785 4045; x_wconf 91' lang='lat' dir='ltr'><strong>cumque</strong></span> <span class='ocrx_word' id='word_1_584' title='bbox 815 3976 974 4029; x_wconf 77' lang='lat' dir='ltr'><strong>fuerit</strong></span> <span class='ocrx_word' id='word_1_585' title='bbox 1002 3977 1277 4031; x_wconf 90' lang='lat' dir='ltr'><strong>inventum</strong></span> <span class='ocrx_word' id='word_1_586' title='bbox 1303 3978 1491 4033; x_wconf 89' lang='lat' dir='ltr'><strong>eadem</strong></span> <span class='ocrx_word' id='word_1_587' title='bbox 1515 3980 1728 4034; x_wconf 87' lang='lat' dir='ltr'><strong>ratione</strong></span> <span class='ocrx_word' id='word_1_588' title='bbox 1758 3996 1876 4047; x_wconf 73' lang='lat' dir='ltr'><strong>qua:</strong></span> <span class='ocrx_word' id='word_1_589' title='bbox 1899 3980 2152 4049; x_wconf 90' lang='lat' dir='ltr'><strong>superius</strong></span> 
     </span>
    </p>
   </div>
   <div class='ocr_carea' id='block_1_71' title="bbox 557 4066 2151 4143">
    <p class='ocr_par' dir='ltr' id='par_1_71' title="bbox 557 4066 2151 4143">
     <span class='ocr_line' id='line_1_71' title="bbox 557 4066 2151 4143; baseline 0.005 -24"><span class='ocrx_word' id='word_1_590' title='bbox 557 4066 697 4121; x_wconf 87' lang='lat' dir='ltr'><strong>dicta</strong></span> <span class='ocrx_word' id='word_1_591' title='bbox 726 4076 830 4135; x_wconf 81' lang='lat' dir='ltr'><strong>est,</strong></span> <span class='ocrx_word' id='word_1_592' title='bbox 861 4083 1046 4122; x_wconf 90' lang='lat' dir='ltr'><strong>rursus</strong></span> <span class='ocrx_word' id='word_1_593' title='bbox 1071 4084 1240 4139; x_wconf 89' lang='lat' dir='ltr'><strong>genus</strong></span> <span class='ocrx_word' id='word_1_594' title='bbox 1268 4071 1483 4125; x_wconf 88' lang='lat' dir='ltr'><strong>tertium</strong></span> <span class='ocrx_word' id='word_1_595' title='bbox 1517 4073 1809 4142; x_wconf 77' lang='lat' dir='ltr'><strong>vestigatur</strong></span> <span class='ocrx_word' id='word_1_596' title='bbox 1834 4089 1847 4138; x_wconf 92' lang='lat'>;</span> <span class='ocrx_word' id='word_1_597' title='bbox 1880 4074 2058 4143; x_wconf 85' lang='lat' dir='ltr'><strong>itaque</strong></span> <span class='ocrx_word' id='word_1_598' title='bbox 2096 4073 2151 4128; x_wconf 87' lang='lat' dir='ltr'><strong>itt</strong></span> 
     </span>
    </p>
   </div>
   <div class='ocr_carea' id='block_1_72' title="bbox 556 4158 2155 4230">
    <p class='ocr_par' dir='ltr' id='par_1_72' title="bbox 556 4158 2155 4230">
     <span class='ocr_line' id='line_1_72' title="bbox 556 4158 2155 4230; baseline 0.008 -19"><span class='ocrx_word' id='word_1_599' title='bbox 556 4158 820 4215; x_wconf 82' lang='lat' dir='ltr'><strong>inlinitqu</strong></span> <span class='ocrx_word' id='word_1_600' title='bbox 852 4162 988 4216; x_wconf 86' lang='lat' dir='ltr'><strong>ratio</strong></span> <span class='ocrx_word' id='word_1_601' title='bbox 1013 4164 1265 4230; x_wconf 88' lang='lat' dir='ltr'><strong>procedat</strong></span> <span class='ocrx_word' id='word_1_602' title='bbox 1291 4180 1515 4222; x_wconf 86' lang='lat' dir='ltr'><strong>necesse</strong></span> <span class='ocrx_word' id='word_1_603' title='bbox 1544 4176 1650 4229; x_wconf 88' lang='lat' dir='ltr'><strong>est,</strong></span> <span class='ocrx_word' id='word_1_604' title='bbox 1677 4183 1798 4221; x_wconf 91' lang='lat' dir='ltr'><strong>cum</strong></span> <span class='ocrx_word' id='word_1_605' title='bbox 1831 4167 2009 4221; x_wconf 87' lang='lat' dir='ltr'><strong>nullus</strong></span> <span class='ocrx_word' id='word_1_606' title='bbox 2041 4166 2155 4223; x_wconf 86' lang='lat' dir='ltr'><strong>dis-</strong></span> 
     </span>
    </p>
   </div>
   <div class='ocr_carea' id='block_1_73' title="bbox 556 4251 2150 4329">
    <p class='ocr_par' dir='ltr' id='par_1_73' title="bbox 556 4251 2150 4329">
     <span class='ocr_line' id='line_1_73' title="bbox 556 4251 2150 4329; baseline 0.005 -24"><span class='ocrx_word' id='word_1_607' title='bbox 556 4251 770 4321; x_wconf 69' lang='lat' dir='ltr'><strong>ciplinae</strong></span> <span class='ocrx_word' id='word_1_608' title='bbox 801 4256 1063 4309; x_wconf 90' lang='lat' dir='ltr'><strong>terminus</strong></span> <span class='ocrx_word' id='word_1_609' title='bbox 1109 4268 1375 4311; x_wconf 88' lang='lat' dir='ltr'><strong>occurrat.</strong></span> <span class='ocrx_word' id='word_1_610' title='bbox 1404 4257 1559 4324; x_wconf 77' lang='lat' dir='ltr'><strong>‘Quod</strong></span> <span class='ocrx_word' id='word_1_611' title='bbox 1589 4262 1632 4313; x_wconf 89' lang='lat' dir='ltr'><strong>si</strong></span> <span class='ocrx_word' id='word_1_612' title='bbox 1674 4274 1841 4313; x_wconf 91' lang='lat' dir='ltr'><strong>unum</strong></span> <span class='ocrx_word' id='word_1_613' title='bbox 1880 4260 2150 4329; x_wconf 89' lang='lat' dir='ltr'><strong>quoddam</strong></span> 
     </span>
    </p>
   </div>
   <div class='ocr_carea' id='block_1_74' title="bbox 557 4351 2152 4420">
    <p class='ocr_par' dir='ltr' id='par_1_74' title="bbox 557 4351 2152 4420">
     <span class='ocr_line' id='line_1_74' title="bbox 557 4351 2152 4420; baseline 0.005 -23"><span class='ocrx_word' id='word_1_614' title='bbox 557 4358 783 4399; x_wconf 87' lang='lat' dir='ltr'><strong>numero</strong></span> <span class='ocrx_word' id='word_1_615' title='bbox 804 4360 972 4413; x_wconf 84' lang='lat' dir='ltr'><strong>genus</strong></span> <span class='ocrx_word' id='word_1_616' title='bbox 997 4356 1102 4413; x_wconf 76' lang='grc' dir='ltr'><strong>εει,</strong></span> <span class='ocrx_word' id='word_1_617' title='bbox 1136 4364 1424 4403; x_wconf 76' lang='lat' dir='ltr'><strong>commune</strong></span> <span class='ocrx_word' id='word_1_618' title='bbox 1446 4351 1735 4405; x_wconf 88' lang='lat' dir='ltr'><strong>multorum</strong></span> <span class='ocrx_word' id='word_1_619' title='bbox 1769 4366 1891 4406; x_wconf 86' lang='lat' dir='ltr'><strong>esse</strong></span> <span class='ocrx_word' id='word_1_620' title='bbox 1922 4367 2025 4405; x_wconf 82' lang='lat' dir='ltr'><strong>llOll</strong></span> <span class='ocrx_word' id='word_1_621' title='bbox 2053 4365 2152 4420; x_wconf 72' lang='lat' dir='ltr'><strong>p0-</strong></span> 
     </span>
    </p>
   </div>
   <div class='ocr_carea' id='block_1_75' title="bbox 544 4435 2154 4510">
    <p class='ocr_par' dir='ltr' id='par_1_75' title="bbox 544 4435 2154 4510">
     <span class='ocr_line' id='line_1_75' title="bbox 544 4435 2154 4510; baseline 0.006 -22"><span class='ocrx_word' id='word_1_622' title='bbox 544 4435 718 4489; x_wconf 53' lang='lat' dir='ltr'><strong>‘terit:</strong></span> <span class='ocrx_word' id='word_1_623' title='bbox 750 4452 852 4490; x_wconf 91' lang='lat' dir='ltr'><strong>una</strong></span> <span class='ocrx_word' id='word_1_624' title='bbox 891 4440 1036 4492; x_wconf 88' lang='lat' dir='ltr'><strong>enim</strong></span> <span class='ocrx_word' id='word_1_625' title='bbox 1086 4454 1169 4493; x_wconf 86' lang='lat' dir='ltr'><strong>res</strong></span> <span class='ocrx_word' id='word_1_626' title='bbox 1203 4440 1247 4493; x_wconf 90' lang='lat' dir='ltr'><strong>si</strong></span> <span class='ocrx_word' id='word_1_627' title='bbox 1288 4443 1592 4495; x_wconf 90' lang='lat' dir='ltr'><strong>communis</strong></span> <span class='ocrx_word' id='word_1_628' title='bbox 1632 4454 1750 4507; x_wconf 88' lang='lat' dir='ltr'><strong>est,</strong></span> <span class='ocrx_word' id='word_1_629' title='bbox 1782 4453 1873 4497; x_wconf 90' lang='lat' dir='ltr'><strong>aut</strong></span> <span class='ocrx_word' id='word_1_630' title='bbox 1913 4443 2154 4510; x_wconf 89' lang='lat' dir='ltr'><strong>partibus</strong></span> 
     </span>
    </p>
   </div>
   <div class='ocr_carea' id='block_1_76' title="bbox 2259 3238 3849 3311">
    <p class='ocr_par' dir='ltr' id='par_1_76' title="bbox 2259 3238 3849 3311">
     <span class='ocr_line' id='line_1_76' title="bbox 2259 3238 3849 3311; baseline -0.003 -15"><span class='ocrx_word' id='word_1_631' title='bbox 2259 3244 2401 3297; x_wconf 91' lang='lat' dir='ltr'><strong>lectu</strong></span> <span class='ocrx_word' id='word_1_632' title='bbox 2429 3240 2483 3296; x_wconf 90' lang='lat' dir='ltr'><strong>id</strong></span> <span class='ocrx_word' id='word_1_633' title='bbox 2512 3242 2657 3311; x_wconf 91' lang='lat' dir='ltr'><strong>quod</strong></span> <span class='ocrx_word' id='word_1_634' title='bbox 2688 3252 2875 3297; x_wconf 89' lang='lat' dir='ltr'><strong>natura</strong></span> <span class='ocrx_word' id='word_1_635' title='bbox 2892 3240 3041 3311; x_wconf 85' lang='lat' dir='ltr'><strong>jungi</strong></span> <span class='ocrx_word' id='word_1_636' title='bbox 3073 3256 3179 3296; x_wconf 94' lang='lat' dir='ltr'><strong>non</strong></span> <span class='ocrx_word' id='word_1_637' title='bbox 3210 3242 3459 3305; x_wconf 71' lang='lat' dir='ltr'><strong>iatiatur,</strong></span> <span class='ocrx_word' id='word_1_638' title='bbox 3489 3239 3621 3295; x_wconf 89' lang='lat' dir='ltr'><strong>illud</strong></span> <span class='ocrx_word' id='word_1_639' title='bbox 3652 3238 3849 3294; x_wconf 79' lang='lat' dir='ltr'><strong>falsum</strong></span> 
     </span>
    </p>
   </div>
   <div class='ocr_carea' id='block_1_77' title="bbox 2256 3330 3848 3404">
    <p class='ocr_par' dir='ltr' id='par_1_77' title="bbox 2256 3330 3848 3404">
     <span class='ocr_line' id='line_1_77' title="bbox 2256 3330 3848 3404; baseline -0.004 -15"><span class='ocrx_word' id='word_1_640' title='bbox 2256 3348 2381 3389; x_wconf 88' lang='lat' dir='ltr'><strong>esse</strong></span> <span class='ocrx_word' id='word_1_641' title='bbox 2409 3333 2586 3388; x_wconf 93' lang='lat' dir='ltr'><strong>nullus</strong></span> <span class='ocrx_word' id='word_1_642' title='bbox 2617 3332 2868 3404; x_wconf 87' lang='lat' dir='ltr'><strong>ignorat:</strong></span> <span class='ocrx_word' id='word_1_643' title='bbox 2897 3340 2955 3387; x_wconf 91' lang='lat' dir='ltr'><strong>ut</strong></span> <span class='ocrx_word' id='word_1_644' title='bbox 2978 3332 3027 3388; x_wconf 88' lang='lat' dir='ltr'><strong>si</strong></span> <span class='ocrx_word' id='word_1_645' title='bbox 3066 3330 3185 3399; x_wconf 69' lang='lat' dir='ltr'><strong>quis</strong></span> <span class='ocrx_word' id='word_1_646' title='bbox 3216 3347 3411 3402; x_wconf 88' lang='lat' dir='ltr'><strong>equum</strong></span> <span class='ocrx_word' id='word_1_647' title='bbox 3454 3340 3617 3401; x_wconf 84' lang='lat' dir='ltr'><strong>atque</strong></span> <span class='ocrx_word' id='word_1_648' title='bbox 3665 3330 3848 3386; x_wconf 83' lang='lat' dir='ltr'><strong>homi-</strong></span> 
     </span>
    </p>
   </div>
   <div class='ocr_carea' id='block_1_78' title="bbox 2257 3421 3851 3494">
    <p class='ocr_par' dir='ltr' id='par_1_78' title="bbox 2257 3421 3851 3494">
     <span class='ocr_line' id='line_1_78' title="bbox 2257 3421 3851 3494; baseline -0.001 -15"><span class='ocrx_word' id='word_1_649' title='bbox 2257 3439 2381 3479; x_wconf 91' lang='lat' dir='ltr'><strong>nem</strong></span> <span class='ocrx_word' id='word_1_650' title='bbox 2410 3423 2603 3494; x_wconf 85' lang='lat' dir='ltr'><strong>jungat</strong></span> <span class='ocrx_word' id='word_1_651' title='bbox 2640 3423 3047 3493; x_wconf 84' lang='lat' dir='ltr'><strong>imaginatione,</strong></span> <span class='ocrx_word' id='word_1_652' title='bbox 3072 3432 3234 3493; x_wconf 91' lang='lat' dir='ltr'><strong>atque</strong></span> <span class='ocrx_word' id='word_1_653' title='bbox 3262 3421 3462 3491; x_wconf 82' lang='lat' dir='ltr'><strong>el‘llgiet</strong></span> <span class='ocrx_word' id='word_1_654' title='bbox 3504 3430 3851 3477; x_wconf 84' lang='lat' dir='ltr'><strong>centaurum.</strong></span> 
     </span>
    </p>
   </div>
   <div class='ocr_carea' id='block_1_79' title="bbox 2255 3500 3847 3583">
    <p class='ocr_par' dir='ltr' id='par_1_79' title="bbox 2255 3500 3847 3583">
     <span class='ocr_line' id='line_1_79' title="bbox 2255 3500 3847 3583; baseline -0.003 -14"><span class='ocrx_word' id='word_1_655' title='bbox 2255 3515 2410 3582; x_wconf 86' lang='lat' dir='ltr'><strong>Quod</strong></span> <span class='ocrx_word' id='word_1_656' title='bbox 2442 3515 2488 3571; x_wconf 93' lang='lat' dir='ltr'><strong>si</strong></span> <span class='ocrx_word' id='word_1_657' title='bbox 2530 3514 2631 3570; x_wconf 92' lang='lat' dir='ltr'><strong>hoc</strong></span> <span class='ocrx_word' id='word_1_658' title='bbox 2680 3530 2775 3583; x_wconf 93' lang='lat' dir='ltr'><strong>per</strong></span> <span class='ocrx_word' id='word_1_659' title='bbox 2817 3513 3140 3569; x_wconf 82' lang='lat' dir='ltr'><strong>divisionem</strong></span> <span class='ocrx_word' id='word_1_660' title='bbox 3180 3524 3233 3569; x_wconf 90' lang='lat' dir='ltr'><strong>et</strong></span> <span class='ocrx_word' id='word_1_661' title='bbox 3263 3510 3678 3569; x_wconf 88' lang='lat' dir='ltr'><strong>abstractionem</strong></span> <span class='ocrx_word' id='word_1_662' title='bbox 3731 3500 3847 3573; x_wconf 74' lang='lat' dir='ltr'><strong>ﬁat,</strong></span> 
     </span>
    </p>
   </div>
   <div class='ocr_carea' id='block_1_80' title="bbox 2258 3605 3852 3681">
    <p class='ocr_par' dir='ltr' id='par_1_80' title="bbox 2258 3605 3852 3681">
     <span class='ocr_line' id='line_1_80' title="bbox 2258 3605 3852 3681; baseline -0.005 -17"><span class='ocrx_word' id='word_1_663' title='bbox 2258 3624 2365 3664; x_wconf 90' lang='lat' dir='ltr'><strong>non</strong></span> <span class='ocrx_word' id='word_1_664' title='bbox 2395 3610 2467 3664; x_wconf 87' lang='lat' dir='ltr'><strong>ita</strong></span> <span class='ocrx_word' id='word_1_665' title='bbox 2489 3609 2707 3681; x_wconf 90' lang='lat' dir='ltr'><strong>quidem</strong></span> <span class='ocrx_word' id='word_1_666' title='bbox 2739 3621 2826 3663; x_wconf 89' lang='lat' dir='ltr'><strong>res</strong></span> <span class='ocrx_word' id='word_1_667' title='bbox 2855 3622 2975 3664; x_wconf 91' lang='lat' dir='ltr'><strong>sese</strong></span> <span class='ocrx_word' id='word_1_668' title='bbox 2998 3607 3180 3665; x_wconf 87' lang='lat' dir='ltr'><strong>habet.</strong></span> <span class='ocrx_word' id='word_1_669' title='bbox 3215 3616 3273 3661; x_wconf 92' lang='lat' dir='ltr'><strong>ut</strong></span> <span class='ocrx_word' id='word_1_670' title='bbox 3297 3605 3603 3662; x_wconf 83' lang='lat' dir='ltr'><strong>intellectus</strong></span> <span class='ocrx_word' id='word_1_671' title='bbox 3630 3617 3734 3661; x_wconf 80' lang='lat' dir='ltr'><strong>est.</strong></span> <span class='ocrx_word' id='word_1_672' title='bbox 3757 3606 3852 3659; x_wconf 81' lang='lat' dir='ltr'><strong>lu-</strong></span> 
     </span>
    </p>
   </div>
   <div class='ocr_carea' id='block_1_81' title="bbox 2258 3698 3850 3756">
    <p class='ocr_par' dir='ltr' id='par_1_81' title="bbox 2258 3698 3850 3756">
     <span class='ocr_line' id='line_1_81' title="bbox 2258 3698 3850 3756; baseline -0.002 -2"><span class='ocrx_word' id='word_1_673' title='bbox 2258 3700 2508 3756; x_wconf 90' lang='lat' dir='ltr'><strong>tellectus</strong></span> <span class='ocrx_word' id='word_1_674' title='bbox 2553 3710 2729 3755; x_wconf 86' lang='lat' dir='ltr'><strong>tamen</strong></span> <span class='ocrx_word' id='word_1_675' title='bbox 2765 3699 2854 3755; x_wconf 90' lang='lat' dir='ltr'><strong>ille</strong></span> <span class='ocrx_word' id='word_1_676' title='bbox 2901 3698 3119 3754; x_wconf 91' lang='lat' dir='ltr'><strong>minime</strong></span> <span class='ocrx_word' id='word_1_677' title='bbox 3162 3698 3331 3755; x_wconf 82' lang='lat' dir='ltr'><strong>falsus</strong></span> <span class='ocrx_word' id='word_1_678' title='bbox 3371 3708 3454 3753; x_wconf 89' lang='lat' dir='ltr'><strong>est</strong></span> <span class='ocrx_word' id='word_1_679' title='bbox 3489 3715 3502 3752; x_wconf 89' lang='grc'>;</span> <span class='ocrx_word' id='word_1_680' title='bbox 3533 3706 3660 3752; x_wconf 91' lang='lat' dir='ltr'><strong>sunt</strong></span> <span class='ocrx_word' id='word_1_681' title='bbox 3701 3700 3850 3752; x_wconf 90' lang='lat' dir='ltr'><strong>enim</strong></span> 
     </span>
    </p>
   </div>
   <div class='ocr_carea' id='block_1_82' title="bbox 2260 3788 3854 3861">
    <p class='ocr_par' dir='ltr' id='par_1_82' title="bbox 2260 3788 3854 3861">
     <span class='ocr_line' id='line_1_82' title="bbox 2260 3788 3854 3861; baseline 0 -17"><span class='ocrx_word' id='word_1_682' title='bbox 2260 3793 2409 3861; x_wconf 88' lang='lat' dir='ltr'><strong>plura</strong></span> <span class='ocrx_word' id='word_1_683' title='bbox 2443 3808 2563 3861; x_wconf 83' lang='lat' dir='ltr'><strong>quae</strong></span> <span class='ocrx_word' id='word_1_684' title='bbox 2593 3791 2647 3846; x_wconf 90' lang='lat' dir='ltr'><strong>in</strong></span> <span class='ocrx_word' id='word_1_685' title='bbox 2678 3791 2800 3847; x_wconf 89' lang='lat' dir='ltr'><strong>aliis</strong></span> <span class='ocrx_word' id='word_1_686' title='bbox 2829 3800 2985 3847; x_wconf 83' lang='lat' dir='ltr'><strong>Suum</strong></span> <span class='ocrx_word' id='word_1_687' title='bbox 3018 3794 3141 3846; x_wconf 76' lang='lat' dir='ltr'><strong>esse</strong></span> <span class='ocrx_word' id='word_1_688' title='bbox 3172 3788 3376 3845; x_wconf 84' lang='lat' dir='ltr'><strong>habent</strong></span> <span class='ocrx_word' id='word_1_689' title='bbox 3396 3831 3411 3854; x_wconf 91' lang='lat'><strong>,</strong></span> <span class='ocrx_word' id='word_1_690' title='bbox 3440 3807 3502 3843; x_wconf 79' lang='lat' dir='ltr'><strong>ex</strong></span> <span class='ocrx_word' id='word_1_691' title='bbox 3528 3790 3726 3860; x_wconf 90' lang='lat' dir='ltr'><strong>quibus</strong></span> <span class='ocrx_word' id='word_1_692' title='bbox 3757 3799 3854 3844; x_wconf 86' lang='lat' dir='ltr'><strong>aut</strong></span> 
     </span>
    </p>
   </div>
   <div class='ocr_carea' id='block_1_83' title="bbox 2256 3883 3853 3955">
    <p class='ocr_par' dir='ltr' id='par_1_83' title="bbox 2256 3883 3853 3955">
     <span class='ocr_line' id='line_1_83' title="bbox 2256 3883 3853 3955; baseline -0.004 -14"><span class='ocrx_word' id='word_1_693' title='bbox 2256 3886 2479 3941; x_wconf 83' lang='lat' dir='ltr'><strong>cumino</strong></span> <span class='ocrx_word' id='word_1_694' title='bbox 2505 3888 2739 3955; x_wconf 86' lang='lat' dir='ltr'><strong>separari</strong></span> <span class='ocrx_word' id='word_1_695' title='bbox 2775 3901 2881 3940; x_wconf 84' lang='lat' dir='ltr'><strong>non</strong></span> <span class='ocrx_word' id='word_1_696' title='bbox 2914 3883 3334 3954; x_wconf 79' lang='lat' dir='ltr'><strong>puss&#39;unt,autsi</strong></span> <span class='ocrx_word' id='word_1_697' title='bbox 3356 3896 3603 3953; x_wconf 89' lang='lat' dir='ltr'><strong>separata</strong></span> <span class='ocrx_word' id='word_1_698' title='bbox 3627 3883 3853 3951; x_wconf 70' lang='lat' dir='ltr'><strong>inierint,</strong></span> 
     </span>
    </p>
   </div>
   <div class='ocr_carea' id='block_1_84' title="bbox 2258 3974 3854 4048">
    <p class='ocr_par' dir='ltr' id='par_1_84' title="bbox 2258 3974 3854 4048">
     <span class='ocr_line' id='line_1_84' title="bbox 2258 3974 3854 4048; baseline -0.003 -15"><span class='ocrx_word' id='word_1_699' title='bbox 2258 3978 2400 4033; x_wconf 91' lang='lat' dir='ltr'><strong>nulla</strong></span> <span class='ocrx_word' id='word_1_700' title='bbox 2432 3978 2642 4034; x_wconf 87' lang='lat' dir='ltr'><strong>ratione</strong></span> <span class='ocrx_word' id='word_1_701' title='bbox 2669 3977 2993 4034; x_wconf 90' lang='lat' dir='ltr'><strong>subsistunt.</strong></span> <span class='ocrx_word' id='word_1_702' title='bbox 3019 3978 3195 4048; x_wconf 79' lang='lat' dir='ltr'><strong>Atque</strong></span> <span class='ocrx_word' id='word_1_703' title='bbox 3233 3986 3291 4031; x_wconf 93' lang='lat' dir='ltr'><strong>ut</strong></span> <span class='ocrx_word' id='word_1_704' title='bbox 3319 3976 3422 4031; x_wconf 91' lang='lat' dir='ltr'><strong>hoc</strong></span> <span class='ocrx_word' id='word_1_705' title='bbox 3461 3974 3693 4031; x_wconf 85' lang='lat' dir='ltr'><strong>nobisin</strong></span> <span class='ocrx_word' id='word_1_706' title='bbox 3725 3990 3854 4045; x_wconf 87' lang='lat' dir='ltr'><strong>per-</strong></span> 
     </span>
    </p>
   </div>
   <div class='ocr_carea' id='block_1_85' title="bbox 2258 4066 3853 4140">
    <p class='ocr_par' dir='ltr' id='par_1_85' title="bbox 2258 4066 3853 4140">
     <span class='ocr_line' id='line_1_85' title="bbox 2258 4066 3853 4140; baseline 0.001 -17"><span class='ocrx_word' id='word_1_707' title='bbox 2258 4079 2448 4140; x_wconf 85' lang='lat' dir='ltr'><strong>vagato</strong></span> <span class='ocrx_word' id='word_1_708' title='bbox 2473 4069 2722 4139; x_wconf 82' lang='lat' dir='ltr'><strong>exemplo</strong></span> <span class='ocrx_word' id='word_1_709' title='bbox 2749 4069 3090 4124; x_wconf 76' lang='lat' dir='ltr'><strong>manifestum</strong></span> <span class='ocrx_word' id='word_1_710' title='bbox 3125 4067 3217 4133; x_wconf 92' lang='lat' dir='ltr'><strong>sit,</strong></span> <span class='ocrx_word' id='word_1_711' title='bbox 3243 4067 3383 4123; x_wconf 88' lang='lat' dir='ltr'><strong>linea</strong></span> <span class='ocrx_word' id='word_1_712' title='bbox 3417 4066 3471 4122; x_wconf 90' lang='lat' dir='ltr'><strong>in</strong></span> <span class='ocrx_word' id='word_1_713' title='bbox 3514 4081 3739 4136; x_wconf 90' lang='lat' dir='ltr'><strong>corpore</strong></span> <span class='ocrx_word' id='word_1_714' title='bbox 3766 4077 3853 4124; x_wconf 90' lang='lat' dir='ltr'><strong>est</strong></span> 
     </span>
    </p>
   </div>
   <div class='ocr_carea' id='block_1_86' title="bbox 2258 4157 3854 4230">
    <p class='ocr_par' dir='ltr' id='par_1_86' title="bbox 2258 4157 3854 4230">
     <span class='ocr_line' id='line_1_86' title="bbox 2258 4157 3854 4230; baseline 0.001 -16"><span class='ocrx_word' id='word_1_715' title='bbox 2258 4160 2481 4230; x_wconf 90' lang='lat' dir='ltr'><strong>aliquid,</strong></span> <span class='ocrx_word' id='word_1_716' title='bbox 2508 4168 2563 4216; x_wconf 91' lang='lat' dir='ltr'><strong>et</strong></span> <span class='ocrx_word' id='word_1_717' title='bbox 2592 4159 2645 4215; x_wconf 89' lang='lat' dir='ltr'><strong>id</strong></span> <span class='ocrx_word' id='word_1_718' title='bbox 2672 4157 2815 4229; x_wconf 90' lang='lat' dir='ltr'><strong>quod</strong></span> <span class='ocrx_word' id='word_1_719' title='bbox 2862 4169 2946 4215; x_wconf 85' lang='lat' dir='ltr'><strong>est</strong></span> <span class='ocrx_word' id='word_1_720' title='bbox 2987 4157 3206 4228; x_wconf 72' lang='lat' dir='ltr'><strong>corpori</strong></span> <span class='ocrx_word' id='word_1_721' title='bbox 3256 4160 3437 4223; x_wconf 88' lang='lat' dir='ltr'><strong>debet,</strong></span> <span class='ocrx_word' id='word_1_722' title='bbox 3472 4159 3575 4212; x_wconf 91' lang='lat' dir='ltr'><strong>hoc</strong></span> <span class='ocrx_word' id='word_1_723' title='bbox 3618 4166 3703 4212; x_wconf 90' lang='lat' dir='ltr'><strong>est</strong></span> <span class='ocrx_word' id='word_1_724' title='bbox 3726 4171 3854 4215; x_wconf 61' lang='lat' dir='ltr'><strong>esse</strong></span> 
     </span>
    </p>
   </div>
   <div class='ocr_carea' id='block_1_87' title="bbox 2257 4248 3854 4324">
    <p class='ocr_par' dir='ltr' id='par_1_87' title="bbox 2257 4248 3854 4324">
     <span class='ocr_line' id='line_1_87' title="bbox 2257 4248 3854 4324; baseline -0.001 -17"><span class='ocrx_word' id='word_1_725' title='bbox 2257 4269 2411 4309; x_wconf 89' lang='lat' dir='ltr'><strong>suum</strong></span> <span class='ocrx_word' id='word_1_726' title='bbox 2452 4268 2549 4324; x_wconf 88' lang='lat' dir='ltr'><strong>per</strong></span> <span class='ocrx_word' id='word_1_727' title='bbox 2577 4267 2776 4323; x_wconf 83' lang='lat' dir='ltr'><strong>corpus</strong></span> <span class='ocrx_word' id='word_1_728' title='bbox 2807 4252 3024 4317; x_wconf 85' lang='lat' dir='ltr'><strong>retinet,</strong></span> <span class='ocrx_word' id='word_1_729' title='bbox 3054 4250 3195 4320; x_wconf 89' lang='lat' dir='ltr'><strong>quod</strong></span> <span class='ocrx_word' id='word_1_730' title='bbox 3226 4249 3450 4304; x_wconf 90' lang='lat' dir='ltr'><strong>docetur</strong></span> <span class='ocrx_word' id='word_1_731' title='bbox 3482 4249 3553 4303; x_wconf 88' lang='lat' dir='ltr'><strong>ita</strong></span> <span class='ocrx_word' id='word_1_732' title='bbox 3580 4265 3594 4302; x_wconf 93' lang='lat'><strong>:</strong></span> <span class='ocrx_word' id='word_1_733' title='bbox 3621 4249 3665 4302; x_wconf 89' lang='lat' dir='ltr'><strong>si</strong></span> <span class='ocrx_word' id='word_1_734' title='bbox 3706 4248 3854 4305; x_wconf 88' lang='lat' dir='ltr'><strong>enim</strong></span> 
     </span>
    </p>
   </div>
   <div class='ocr_carea' id='block_1_88' title="bbox 2257 4338 3854 4415">
    <p class='ocr_par' dir='ltr' id='par_1_88' title="bbox 2257 4338 3854 4415">
     <span class='ocr_line' id='line_1_88' title="bbox 2257 4338 3854 4415; baseline -0.004 -15"><span class='ocrx_word' id='word_1_735' title='bbox 2257 4353 2505 4415; x_wconf 90' lang='lat' dir='ltr'><strong>separata</strong></span> <span class='ocrx_word' id='word_1_736' title='bbox 2534 4343 2606 4401; x_wconf 90' lang='lat' dir='ltr'><strong>sit</strong></span> <span class='ocrx_word' id='word_1_737' title='bbox 2640 4359 2667 4397; x_wconf 88' lang='lat' dir='ltr'><strong>a</strong></span> <span class='ocrx_word' id='word_1_738' title='bbox 2695 4359 2923 4413; x_wconf 89' lang='lat' dir='ltr'><strong>corpore</strong></span> <span class='ocrx_word' id='word_1_739' title='bbox 2964 4356 3069 4399; x_wconf 79' lang='lat' dir='ltr'><strong>non</strong></span> <span class='ocrx_word' id='word_1_740' title='bbox 3099 4342 3374 4408; x_wconf 86' lang='lat' dir='ltr'><strong>subsistit;</strong></span> <span class='ocrx_word' id='word_1_741' title='bbox 3414 4342 3534 4411; x_wconf 90' lang='lat' dir='ltr'><strong>quis</strong></span> <span class='ocrx_word' id='word_1_742' title='bbox 3565 4338 3711 4395; x_wconf 89' lang='lat' dir='ltr'><strong>enim</strong></span> <span class='ocrx_word' id='word_1_743' title='bbox 3749 4356 3854 4394; x_wconf 84' lang='lat' dir='ltr'><strong>un-</strong></span> 
     </span>
    </p>
   </div>
   <div class='ocr_carea' id='block_1_89' title="bbox 2256 4432 3855 4506">
    <p class='ocr_par' dir='ltr' id='par_1_89' title="bbox 2256 4432 3855 4506">
     <span class='ocr_line' id='line_1_89' title="bbox 2256 4432 3855 4506; baseline -0.002 -17"><span class='ocrx_word' id='word_1_744' title='bbox 2256 4451 2419 4506; x_wconf 89' lang='lat' dir='ltr'><strong>quam</strong></span> <span class='ocrx_word' id='word_1_745' title='bbox 2450 4451 2615 4491; x_wconf 88' lang='lat' dir='ltr'><strong>sensu</strong></span> <span class='ocrx_word' id='word_1_746' title='bbox 2649 4436 2757 4489; x_wconf 91' lang='lat' dir='ltr'><strong>ullo</strong></span> <span class='ocrx_word' id='word_1_747' title='bbox 2783 4444 3083 4504; x_wconf 86' lang='lat' dir='ltr'><strong>separatam</strong></span> <span class='ocrx_word' id='word_1_748' title='bbox 3116 4448 3147 4490; x_wconf 84' lang='lat' dir='ltr'><strong>a</strong></span> <span class='ocrx_word' id='word_1_749' title='bbox 3175 4448 3401 4503; x_wconf 87' lang='lat' dir='ltr'><strong>corpore</strong></span> <span class='ocrx_word' id='word_1_750' title='bbox 3427 4433 3624 4489; x_wconf 85' lang='lat' dir='ltr'><strong>lineam</strong></span> <span class='ocrx_word' id='word_1_751' title='bbox 3655 4432 3855 4501; x_wconf 70' lang='grc' dir='ltr'><strong>(ξωρίιῖ</strong></span> 
     </span>
    </p>
   </div>
   <div class='ocr_carea' id='block_1_90' title="bbox 559 4525 3853 4606">
    <p class='ocr_par' dir='ltr' id='par_1_90' title="bbox 559 4525 3853 4606">
     <span class='ocr_line' id='line_1_90' title="bbox 559 4525 3853 4606; baseline -0.002 -18"><span class='ocrx_word' id='word_1_752' title='bbox 559 4530 857 4586; x_wconf 87' lang='lat' dir='ltr'><strong>communis</strong></span> <span class='ocrx_word' id='word_1_753' title='bbox 886 4543 1062 4599; x_wconf 88' lang='lat' dir='ltr'><strong>est,et</strong></span> <span class='ocrx_word' id='word_1_754' title='bbox 1089 4547 1193 4588; x_wconf 90' lang='lat' dir='ltr'><strong>non</strong></span> <span class='ocrx_word' id='word_1_755' title='bbox 1218 4535 1329 4602; x_wconf 88' lang='lat' dir='ltr'><strong>jam</strong></span> <span class='ocrx_word' id='word_1_756' title='bbox 1360 4543 1470 4589; x_wconf 83' lang='lat' dir='ltr'><strong>tuta</strong></span> <span class='ocrx_word' id='word_1_757' title='bbox 1508 4540 1829 4597; x_wconf 82' lang='lat' dir='ltr'><strong>COmmUIIlS,</strong></span> <span class='ocrx_word' id='word_1_758' title='bbox 1848 4537 1944 4591; x_wconf 85' lang='lat' dir='ltr'><strong>sed</strong></span> <span class='ocrx_word' id='word_1_759' title='bbox 1973 4548 2153 4606; x_wconf 77' lang='lat' dir='ltr'><strong>partes</strong></span> <span class='ocrx_word' id='word_1_760' title='bbox 2178 4527 2236 4593; x_wconf 71' lang='grc' dir='ltr'><strong><em>Β</em></strong></span> <span class='ocrx_word' id='word_1_761' title='bbox 2270 4528 2376 4583; x_wconf 85' lang='lat' dir='ltr'><strong>Sed</strong></span> <span class='ocrx_word' id='word_1_762' title='bbox 2392 4529 2604 4584; x_wconf 88' lang='lat' dir='ltr'><strong>animus</strong></span> <span class='ocrx_word' id='word_1_763' title='bbox 2625 4543 2746 4583; x_wconf 90' lang='lat' dir='ltr'><strong>cum</strong></span> <span class='ocrx_word' id='word_1_764' title='bbox 2766 4527 3018 4583; x_wconf 78' lang='lat' dir='ltr'><strong>confusas</strong></span> <span class='ocrx_word' id='word_1_765' title='bbox 3034 4543 3121 4582; x_wconf 91' lang='lat' dir='ltr'><strong>res</strong></span> <span class='ocrx_word' id='word_1_766' title='bbox 3135 4525 3524 4599; x_wconf 81' lang='lat' dir='ltr'><strong>permistasque</strong></span> <span class='ocrx_word' id='word_1_767' title='bbox 3537 4528 3853 4595; x_wconf 84' lang='lat' dir='ltr'><strong>corporibus</strong></span> 
     </span>
    </p>
   </div>
   <div class='ocr_carea' id='block_1_91' title="bbox 558 4626 2151 4698">
    <p class='ocr_par' dir='ltr' id='par_1_91' title="bbox 558 4626 2151 4698">
     <span class='ocr_line' id='line_1_91' title="bbox 558 4626 2151 4698; baseline 0.005 -21"><span class='ocrx_word' id='word_1_768' title='bbox 558 4626 672 4693; x_wconf 87' lang='lat' dir='ltr'><strong>ejus</strong></span> <span class='ocrx_word' id='word_1_769' title='bbox 705 4630 918 4697; x_wconf 88' lang='lat' dir='ltr'><strong>proprie</strong></span> <span class='ocrx_word' id='word_1_770' title='bbox 946 4629 1277 4698; x_wconf 88' lang='lat' dir='ltr'><strong>singulorum</strong></span> <span class='ocrx_word' id='word_1_771' title='bbox 1305 4638 1452 4695; x_wconf 90' lang='lat' dir='ltr'><strong>sunt,</strong></span> <span class='ocrx_word' id='word_1_772' title='bbox 1481 4641 1573 4683; x_wconf 85' lang='lat' dir='ltr'><strong>aut</strong></span> <span class='ocrx_word' id='word_1_773' title='bbox 1602 4632 1654 4684; x_wconf 91' lang='lat' dir='ltr'><strong>in</strong></span> <span class='ocrx_word' id='word_1_774' title='bbox 1677 4643 1806 4683; x_wconf 89' lang='lat' dir='ltr'><strong>usus</strong></span> <span class='ocrx_word' id='word_1_775' title='bbox 1839 4628 2151 4685; x_wconf 85' lang='lat' dir='ltr'><strong>habentium</strong></span> 
     </span>
    </p>
   </div>
   <div class='ocr_carea' id='block_1_92' title="bbox 560 4721 2151 4792">
    <p class='ocr_par' dir='ltr' id='par_1_92' title="bbox 560 4721 2151 4792">
     <span class='ocr_line' id='line_1_92' title="bbox 560 4721 2151 4792; baseline 0.003 -19"><span class='ocrx_word' id='word_1_776' title='bbox 560 4721 722 4774; x_wconf 90' lang='lat' dir='ltr'><strong>etiam</strong></span> <span class='ocrx_word' id='word_1_777' title='bbox 753 4737 847 4789; x_wconf 90' lang='lat' dir='ltr'><strong>per</strong></span> <span class='ocrx_word' id='word_1_778' title='bbox 870 4732 1109 4791; x_wconf 73' lang='lat' dir='ltr'><strong>tempora</strong></span> <span class='ocrx_word' id='word_1_779' title='bbox 1142 4722 1339 4778; x_wconf 90' lang='lat' dir='ltr'><strong>transit</strong></span> <span class='ocrx_word' id='word_1_780' title='bbox 1361 4734 1417 4777; x_wconf 93' lang='lat' dir='ltr'><strong>ut</strong></span> <span class='ocrx_word' id='word_1_781' title='bbox 1437 4724 1509 4777; x_wconf 92' lang='lat' dir='ltr'><strong>sit</strong></span> <span class='ocrx_word' id='word_1_782' title='bbox 1530 4738 1836 4789; x_wconf 91' lang='lat' dir='ltr'><strong>commune,</strong></span> <span class='ocrx_word' id='word_1_783' title='bbox 1870 4732 1925 4777; x_wconf 93' lang='lat' dir='ltr'><strong>ut</strong></span> <span class='ocrx_word' id='word_1_784' title='bbox 1955 4733 2151 4792; x_wconf 88' lang='lat' dir='ltr'><strong>puteus</strong></span> 
     </span>
    </p>
   </div>
   <div class='ocr_carea' id='block_1_93' title="bbox 560 4813 2152 4884">
    <p class='ocr_par' dir='ltr' id='par_1_93' title="bbox 560 4813 2152 4884">
     <span class='ocr_line' id='line_1_93' title="bbox 560 4813 2152 4884; baseline 0.001 -16"><span class='ocrx_word' id='word_1_785' title='bbox 560 4823 617 4868; x_wconf 91' lang='lat' dir='ltr'><strong>et</strong></span> <span class='ocrx_word' id='word_1_786' title='bbox 664 4813 805 4877; x_wconf 83' lang='lat' dir='ltr'><strong>fons,</strong></span> <span class='ocrx_word' id='word_1_787' title='bbox 854 4826 910 4868; x_wconf 88' lang='lat' dir='ltr'><strong>ut</strong></span> <span class='ocrx_word' id='word_1_788' title='bbox 954 4830 1144 4870; x_wconf 87' lang='lat' dir='ltr'><strong>servus</strong></span> <span class='ocrx_word' id='word_1_789' title='bbox 1194 4815 1502 4871; x_wconf 89' lang='lat' dir='ltr'><strong>communis</strong></span> <span class='ocrx_word' id='word_1_790' title='bbox 1538 4816 1623 4870; x_wconf 86' lang='lat' dir='ltr'><strong>vel</strong></span> <span class='ocrx_word' id='word_1_791' title='bbox 1669 4829 1860 4884; x_wconf 90' lang='lat' dir='ltr'><strong>equus,</strong></span> <span class='ocrx_word' id='word_1_792' title='bbox 1909 4826 2000 4867; x_wconf 91' lang='lat' dir='ltr'><strong>aut</strong></span> <span class='ocrx_word' id='word_1_793' title='bbox 2043 4829 2152 4869; x_wconf 93' lang='lat' dir='ltr'><strong>uno</strong></span> 
     </span>
    </p>
   </div>
   <div class='ocr_carea' id='block_1_94' title="bbox 562 4906 2146 4973">
    <p class='ocr_par' dir='ltr' id='par_1_94' title="bbox 562 4906 2146 4973">
     <span class='ocr_line' id='line_1_94' title="bbox 562 4906 2146 4973; baseline 0.003 -17"><span class='ocrx_word' id='word_1_794' title='bbox 562 4913 804 4973; x_wconf 86' lang='lat' dir='ltr'><strong>tempore</strong></span> <span class='ocrx_word' id='word_1_795' title='bbox 832 4906 1081 4959; x_wconf 88' lang='lat' dir='ltr'><strong>omnibus</strong></span> <span class='ocrx_word' id='word_1_796' title='bbox 1110 4919 1398 4961; x_wconf 90' lang='lat' dir='ltr'><strong>commune</strong></span> <span class='ocrx_word' id='word_1_797' title='bbox 1423 4906 1505 4970; x_wconf 85' lang='lat' dir='ltr'><strong>tit,</strong></span> <span class='ocrx_word' id='word_1_798' title='bbox 1530 4922 1635 4960; x_wconf 92' lang='lat' dir='ltr'><strong>non</strong></span> <span class='ocrx_word' id='word_1_799' title='bbox 1666 4915 1843 4960; x_wconf 87' lang='lat' dir='ltr'><strong>tamen</strong></span> <span class='ocrx_word' id='word_1_800' title='bbox 1870 4913 1930 4959; x_wconf 89' lang='lat' dir='ltr'><strong>ut</strong></span> <span class='ocrx_word' id='word_1_801' title='bbox 1956 4918 2146 4961; x_wconf 90' lang='lat' dir='ltr'><strong>eorum</strong></span> 
     </span>
    </p>
   </div>
   <div class='ocr_carea' id='block_1_95' title="bbox 557 4996 2150 5066">
    <p class='ocr_par' dir='ltr' id='par_1_95' title="bbox 557 4996 2150 5066">
     <span class='ocr_line' id='line_1_95' title="bbox 557 4996 2150 5066; baseline 0.001 -16"><span class='ocrx_word' id='word_1_802' title='bbox 557 4996 755 5066; x_wconf 86' lang='lat' dir='ltr'><strong>quibus</strong></span> <span class='ocrx_word' id='word_1_803' title='bbox 786 5012 1071 5052; x_wconf 90' lang='lat' dir='ltr'><strong>commune</strong></span> <span class='ocrx_word' id='word_1_804' title='bbox 1119 5008 1202 5051; x_wconf 85' lang='lat' dir='ltr'><strong>est</strong></span> <span class='ocrx_word' id='word_1_805' title='bbox 1239 4999 1597 5054; x_wconf 85' lang='lat' dir='ltr'><strong>substantiam</strong></span> <span class='ocrx_word' id='word_1_806' title='bbox 1630 4999 1945 5059; x_wconf 88' lang='lat' dir='ltr'><strong>constituat,</strong></span> <span class='ocrx_word' id='word_1_807' title='bbox 1980 5006 2037 5053; x_wconf 88' lang='lat' dir='ltr'><strong>ut</strong></span> <span class='ocrx_word' id='word_1_808' title='bbox 2064 5008 2150 5053; x_wconf 70' lang='lat' dir='ltr'><strong>est</strong></span> 
     </span>
    </p>
   </div>
   <div class='ocr_carea' id='block_1_96' title="bbox 559 5088 2148 5162">
    <p class='ocr_par' dir='ltr' id='par_1_96' title="bbox 559 5088 2148 5162">
     <span class='ocr_line' id='line_1_96' title="bbox 559 5088 2148 5162; baseline 0.002 -18"><span class='ocrx_word' id='word_1_809' title='bbox 559 5090 851 5150; x_wconf 82' lang='lat' dir='ltr'><strong>theatrum,</strong></span> <span class='ocrx_word' id='word_1_810' title='bbox 870 5090 955 5145; x_wconf 86' lang='lat' dir='ltr'><strong>vel</strong></span> <span class='ocrx_word' id='word_1_811' title='bbox 975 5091 1338 5159; x_wconf 89' lang='lat' dir='ltr'><strong>spectaculum</strong></span> <span class='ocrx_word' id='word_1_812' title='bbox 1367 5092 1581 5161; x_wconf 90' lang='lat' dir='ltr'><strong>aliquod</strong></span> <span class='ocrx_word' id='word_1_813' title='bbox 1612 5091 1753 5162; x_wconf 90' lang='lat' dir='ltr'><strong>quod</strong></span> <span class='ocrx_word' id='word_1_814' title='bbox 1777 5088 2148 5161; x_wconf 84' lang='lat' dir='ltr'><strong>spectantibus</strong></span> 
     </span>
    </p>
   </div>
   <div class='ocr_carea' id='block_1_97' title="bbox 560 5183 2146 5241">
    <p class='ocr_par' dir='ltr' id='par_1_97' title="bbox 560 5183 2146 5241">
     <span class='ocr_line' id='line_1_97' title="bbox 560 5183 2146 5241; baseline 0.004 -8"><span class='ocrx_word' id='word_1_815' title='bbox 560 5183 811 5239; x_wconf 81' lang='lat' dir='ltr'><strong>omnibus</strong></span> <span class='ocrx_word' id='word_1_816' title='bbox 832 5198 1118 5239; x_wconf 90' lang='lat' dir='ltr'><strong>commune</strong></span> <span class='ocrx_word' id='word_1_817' title='bbox 1142 5198 1246 5240; x_wconf 88' lang='lat' dir='ltr'><strong>est.</strong></span> <span class='ocrx_word' id='word_1_818' title='bbox 1265 5185 1447 5241; x_wconf 88' lang='lat' dir='ltr'><strong>Genus</strong></span> <span class='ocrx_word' id='word_1_819' title='bbox 1472 5201 1598 5240; x_wconf 88' lang='lat' dir='ltr'><strong>vero</strong></span> <span class='ocrx_word' id='word_1_820' title='bbox 1624 5185 1915 5241; x_wconf 90' lang='lat' dir='ltr'><strong>secundum</strong></span> <span class='ocrx_word' id='word_1_821' title='bbox 1937 5185 2146 5239; x_wconf 80' lang='lat' dir='ltr'><strong>nullum</strong></span> 
     </span>
    </p>
   </div>
   <div class='ocr_carea' id='block_1_98' title="bbox 563 5275 2146 5347">
    <p class='ocr_par' dir='ltr' id='par_1_98' title="bbox 563 5275 2146 5347">
     <span class='ocr_line' id='line_1_98' title="bbox 563 5275 2146 5347; baseline 0.003 -18"><span class='ocrx_word' id='word_1_822' title='bbox 563 5276 751 5330; x_wconf 89' lang='lat' dir='ltr'><strong>borum</strong></span> <span class='ocrx_word' id='word_1_823' title='bbox 783 5275 998 5330; x_wconf 91' lang='lat' dir='ltr'><strong>modum</strong></span> <span class='ocrx_word' id='word_1_824' title='bbox 1026 5293 1314 5332; x_wconf 89' lang='lat' dir='ltr'><strong>commune</strong></span> <span class='ocrx_word' id='word_1_825' title='bbox 1342 5293 1462 5332; x_wconf 88' lang='lat' dir='ltr'><strong>esse</strong></span> <span class='ocrx_word' id='word_1_826' title='bbox 1484 5280 1765 5347; x_wconf 85' lang='lat' dir='ltr'><strong>speciebus</strong></span> <span class='ocrx_word' id='word_1_827' title='bbox 1791 5286 1998 5347; x_wconf 89' lang='lat' dir='ltr'><strong>potest:</strong></span> <span class='ocrx_word' id='word_1_828' title='bbox 2024 5293 2146 5333; x_wconf 88' lang='lat' dir='ltr'><strong>nam</strong></span> 
     </span>
    </p>
   </div>
   <div class='ocr_carea' id='block_1_99' title="bbox 558 5369 2145 5439">
    <p class='ocr_par' dir='ltr' id='par_1_99' title="bbox 558 5369 2145 5439">
     <span class='ocr_line' id='line_1_99' title="bbox 558 5369 2145 5439; baseline 0.002 -18"><span class='ocrx_word' id='word_1_829' title='bbox 558 5372 633 5423; x_wconf 87' lang='lat' dir='ltr'><strong>ita</strong></span> <span class='ocrx_word' id='word_1_830' title='bbox 662 5384 948 5424; x_wconf 87' lang='lat' dir='ltr'><strong>commune</strong></span> <span class='ocrx_word' id='word_1_831' title='bbox 978 5385 1099 5424; x_wconf 86' lang='lat' dir='ltr'><strong>esse</strong></span> <span class='ocrx_word' id='word_1_832' title='bbox 1140 5369 1321 5428; x_wconf 88' lang='lat' dir='ltr'><strong>debet,</strong></span> <span class='ocrx_word' id='word_1_833' title='bbox 1356 5377 1413 5421; x_wconf 89' lang='lat' dir='ltr'><strong>ut</strong></span> <span class='ocrx_word' id='word_1_834' title='bbox 1442 5379 1494 5423; x_wconf 91' lang='lat' dir='ltr'><strong>et</strong></span> <span class='ocrx_word' id='word_1_835' title='bbox 1521 5376 1689 5424; x_wconf 92' lang='lat' dir='ltr'><strong>totum</strong></span> <span class='ocrx_word' id='word_1_836' title='bbox 1716 5371 1785 5423; x_wconf 90' lang='lat' dir='ltr'><strong>sit</strong></span> <span class='ocrx_word' id='word_1_837' title='bbox 1816 5370 1866 5423; x_wconf 91' lang='lat' dir='ltr'><strong>in</strong></span> <span class='ocrx_word' id='word_1_838' title='bbox 1899 5370 2145 5439; x_wconf 90' lang='lat' dir='ltr'><strong>singulis,</strong></span> 
     </span>
    </p>
   </div>
   <div class='ocr_carea' id='block_1_100' title="bbox 564 5468 2150 5529">
    <p class='ocr_par' dir='ltr' id='par_1_100' title="bbox 564 5468 2150 5529">
     <span class='ocr_line' id='line_1_100' title="bbox 564 5468 2150 5529; baseline 0 -15"><span class='ocrx_word' id='word_1_839' title='bbox 564 5470 619 5514; x_wconf 89' lang='lat' dir='ltr'><strong>et</strong></span> <span class='ocrx_word' id='word_1_840' title='bbox 654 5476 761 5516; x_wconf 89' lang='lat' dir='ltr'><strong>uno</strong></span> <span class='ocrx_word' id='word_1_841' title='bbox 821 5471 1102 5529; x_wconf 74' lang='lat' dir='ltr'><strong>tempore,</strong></span> <span class='ocrx_word' id='word_1_842' title='bbox 1144 5472 1198 5513; x_wconf 80' lang='lat' dir='ltr'><strong>et</strong></span> <span class='ocrx_word' id='word_1_843' title='bbox 1241 5475 1426 5515; x_wconf 87' lang='lat' dir='ltr'><strong>eorum</strong></span> <span class='ocrx_word' id='word_1_844' title='bbox 1471 5470 1697 5529; x_wconf 86' lang='lat' dir='ltr'><strong>quorum</strong></span> <span class='ocrx_word' id='word_1_845' title='bbox 1736 5475 2021 5515; x_wconf 80' lang='lat' dir='ltr'><strong>canimune</strong></span> <span class='ocrx_word' id='word_1_846' title='bbox 2065 5468 2150 5515; x_wconf 79' lang='lat' dir='ltr'><strong>est</strong></span> 
     </span>
    </p>
   </div>
   <div class='ocr_carea' id='block_1_101' title="bbox 552 5551 2151 5618">
    <p class='ocr_par' dir='ltr' id='par_1_101' title="bbox 552 5551 2151 5618">
     <span class='ocr_line' id='line_1_101' title="bbox 552 5551 2151 5618; baseline -0.001 -12"><span class='ocrx_word' id='word_1_847' title='bbox 552 5554 890 5607; x_wconf 87' lang='lat' dir='ltr'><strong>constituere</strong></span> <span class='ocrx_word' id='word_1_848' title='bbox 925 5554 1098 5607; x_wconf 85' lang='lat' dir='ltr'><strong>valeat</strong></span> <span class='ocrx_word' id='word_1_849' title='bbox 1141 5567 1188 5606; x_wconf 89' lang='lat' dir='ltr'><strong>et</strong></span> <span class='ocrx_word' id='word_1_850' title='bbox 1215 5552 1554 5607; x_wconf 83' lang='lat' dir='ltr'><strong>conformare</strong></span> <span class='ocrx_word' id='word_1_851' title='bbox 1598 5551 1978 5607; x_wconf 85' lang='lat' dir='ltr'><strong>substantiam.</strong></span> <span class='ocrx_word' id='word_1_852' title='bbox 2006 5552 2151 5618; x_wconf 86' lang='lat' dir='ltr'><strong>Quo-</strong></span> 
     </span>
    </p>
   </div>
   <div class='ocr_carea' id='block_1_102' title="bbox 565 5645 2150 5713">
    <p class='ocr_par' dir='ltr' id='par_1_102' title="bbox 565 5645 2150 5713">
     <span class='ocr_line' id='line_1_102' title="bbox 565 5645 2150 5713; baseline -0.001 -16"><span class='ocrx_word' id='word_1_853' title='bbox 565 5646 705 5697; x_wconf 91' lang='lat' dir='ltr'><strong>circa</strong></span> <span class='ocrx_word' id='word_1_854' title='bbox 734 5646 976 5712; x_wconf 85' lang='lat' dir='ltr'><strong>sineque</strong></span> <span class='ocrx_word' id='word_1_855' title='bbox 1007 5661 1166 5697; x_wconf 86' lang='lat' dir='ltr'><strong>unu-u</strong></span> <span class='ocrx_word' id='word_1_856' title='bbox 1197 5654 1296 5707; x_wconf 80' lang='lat' dir='ltr'><strong>est,</strong></span> <span class='ocrx_word' id='word_1_857' title='bbox 1322 5645 1572 5713; x_wconf 58' lang='lat' dir='ltr'><strong>quopiam</strong></span> <span class='ocrx_word' id='word_1_858' title='bbox 1606 5658 1892 5697; x_wconf 88' lang='lat' dir='ltr'><strong>commune</strong></span> <span class='ocrx_word' id='word_1_859' title='bbox 1921 5652 2021 5701; x_wconf 66' lang='grc' dir='ltr'><strong>ρει,</strong></span> <span class='ocrx_word' id='word_1_860' title='bbox 2058 5658 2150 5695; x_wconf 83' lang='lat' dir='ltr'><strong>ne-</strong></span> 
     </span>
    </p>
   </div>
   <div class='ocr_carea' id='block_1_103' title="bbox 558 5734 2150 5809">
    <p class='ocr_par' dir='ltr' id='par_1_103' title="bbox 558 5734 2150 5809">
     <span class='ocr_line' id='line_1_103' title="bbox 558 5734 2150 5809; baseline -0.003 -16"><span class='ocrx_word' id='word_1_861' title='bbox 558 5752 667 5809; x_wconf 85' lang='lat' dir='ltr'><strong>que</strong></span> <span class='ocrx_word' id='word_1_862' title='bbox 712 5739 990 5808; x_wconf 80' lang='lat' dir='ltr'><strong>multiplex</strong></span> <span class='ocrx_word' id='word_1_863' title='bbox 1019 5781 1032 5803; x_wconf 93' lang='lat'><strong>,</strong></span> <span class='ocrx_word' id='word_1_864' title='bbox 1066 5738 1316 5808; x_wconf 84' lang='lat' dir='ltr'><strong>quoniam</strong></span> <span class='ocrx_word' id='word_1_865' title='bbox 1365 5735 1480 5806; x_wconf 87' lang='lat' dir='ltr'><strong>ejus</strong></span> <span class='ocrx_word' id='word_1_866' title='bbox 1529 5748 1738 5806; x_wconf 89' lang='lat' dir='ltr'><strong>quoque</strong></span> <span class='ocrx_word' id='word_1_867' title='bbox 1790 5734 2150 5791; x_wconf 86' lang='lat' dir='ltr'><strong>multitudinis</strong></span> 
     </span>
    </p>
   </div>
   <div class='ocr_carea' id='block_1_104' title="bbox 2261 4617 3854 4689">
    <p class='ocr_par' dir='ltr' id='par_1_104' title="bbox 2261 4617 3854 4689">
     <span class='ocr_line' id='line_1_104' title="bbox 2261 4617 3854 4689; baseline -0.001 -13"><span class='ocrx_word' id='word_1_868' title='bbox 2261 4621 2315 4676; x_wconf 92' lang='lat' dir='ltr'><strong>in</strong></span> <span class='ocrx_word' id='word_1_869' title='bbox 2343 4634 2403 4675; x_wconf 91' lang='lat' dir='ltr'><strong>se</strong></span> <span class='ocrx_word' id='word_1_870' title='bbox 2423 4635 2452 4674; x_wconf 92' lang='lat' dir='ltr'><strong>a</strong></span> <span class='ocrx_word' id='word_1_871' title='bbox 2481 4620 2731 4675; x_wconf 89' lang='lat' dir='ltr'><strong>sensibus</strong></span> <span class='ocrx_word' id='word_1_872' title='bbox 2760 4624 2946 4688; x_wconf 74' lang='lat' dir='ltr'><strong>cmpit,</strong></span> <span class='ocrx_word' id='word_1_873' title='bbox 2984 4633 3076 4675; x_wconf 90' lang='lat' dir='ltr'><strong>eas</strong></span> <span class='ocrx_word' id='word_1_874' title='bbox 3112 4618 3325 4688; x_wconf 81' lang='lat' dir='ltr'><strong>propria</strong></span> <span class='ocrx_word' id='word_1_875' title='bbox 3354 4619 3403 4671; x_wconf 89' lang='lat' dir='ltr'><strong>vi</strong></span> <span class='ocrx_word' id='word_1_876' title='bbox 3433 4626 3488 4672; x_wconf 90' lang='lat' dir='ltr'><strong>et</strong></span> <span class='ocrx_word' id='word_1_877' title='bbox 3526 4617 3854 4689; x_wconf 82' lang='lat' dir='ltr'><strong>cogitatione</strong></span> 
     </span>
    </p>
   </div>
   <div class='ocr_carea' id='block_1_105' title="bbox 2260 4708 3854 4784">
    <p class='ocr_par' dir='ltr' id='par_1_105' title="bbox 2260 4708 3854 4784">
     <span class='ocr_line' id='line_1_105' title="bbox 2260 4708 3854 4784; baseline -0.004 -15"><span class='ocrx_word' id='word_1_878' title='bbox 2260 4714 2560 4784; x_wconf 87' lang='lat' dir='ltr'><strong>distinguit.</strong></span> <span class='ocrx_word' id='word_1_879' title='bbox 2607 4712 2810 4767; x_wconf 88' lang='lat' dir='ltr'><strong>Omnes</strong></span> <span class='ocrx_word' id='word_1_880' title='bbox 2846 4716 2989 4768; x_wconf 78' lang='lat' dir='ltr'><strong>cnim</strong></span> <span class='ocrx_word' id='word_1_881' title='bbox 3032 4708 3340 4783; x_wconf 90' lang='lat' dir='ltr'><strong>hujusmodi</strong></span> <span class='ocrx_word' id='word_1_882' title='bbox 3387 4723 3474 4766; x_wconf 91' lang='lat' dir='ltr'><strong>res</strong></span> <span class='ocrx_word' id='word_1_883' title='bbox 3521 4709 3854 4774; x_wconf 79' lang='lat' dir='ltr'><strong>incorporeas</strong></span> 
     </span>
    </p>
   </div>
   <div class='ocr_carea' id='block_1_106' title="bbox 2261 4800 3850 4878">
    <p class='ocr_par' dir='ltr' id='par_1_106' title="bbox 2261 4800 3850 4878">
     <span class='ocr_line' id='line_1_106' title="bbox 2261 4800 3850 4878; baseline -0.004 -17"><span class='ocrx_word' id='word_1_884' title='bbox 2261 4810 2317 4862; x_wconf 88' lang='lat' dir='ltr'><strong>in</strong></span> <span class='ocrx_word' id='word_1_885' title='bbox 2340 4822 2568 4878; x_wconf 89' lang='lat' dir='ltr'><strong>corpore</strong></span> <span class='ocrx_word' id='word_1_886' title='bbox 2596 4822 2750 4861; x_wconf 91' lang='lat' dir='ltr'><strong>suum</strong></span> <span class='ocrx_word' id='word_1_887' title='bbox 2781 4820 2905 4861; x_wconf 90' lang='lat' dir='ltr'><strong>esse</strong></span> <span class='ocrx_word' id='word_1_888' title='bbox 2932 4804 3191 4861; x_wconf 89' lang='lat' dir='ltr'><strong>habentes</strong></span> <span class='ocrx_word' id='word_1_889' title='bbox 3217 4817 3407 4858; x_wconf 90' lang='lat' dir='ltr'><strong>sensus</strong></span> <span class='ocrx_word' id='word_1_890' title='bbox 3436 4817 3557 4858; x_wconf 87' lang='lat' dir='ltr'><strong>cum</strong></span> <span class='ocrx_word' id='word_1_891' title='bbox 3592 4800 3726 4870; x_wconf 87' lang='lat' dir='ltr'><strong>ipsis</strong></span> <span class='ocrx_word' id='word_1_892' title='bbox 3755 4816 3850 4855; x_wconf 73' lang='lat' dir='ltr'><strong>no~</strong></span> 
     </span>
    </p>
   </div>
   <div class='ocr_carea' id='block_1_107' title="bbox 2262 4896 3851 4969">
    <p class='ocr_par' dir='ltr' id='par_1_107' title="bbox 2262 4896 3851 4969">
     <span class='ocr_line' id='line_1_107' title="bbox 2262 4896 3851 4969; baseline -0.003 -14"><span class='ocrx_word' id='word_1_893' title='bbox 2262 4900 2347 4956; x_wconf 88' lang='lat' dir='ltr'><strong>bis</strong></span> <span class='ocrx_word' id='word_1_894' title='bbox 2386 4898 2703 4969; x_wconf 90' lang='lat' dir='ltr'><strong>corporibus</strong></span> <span class='ocrx_word' id='word_1_895' title='bbox 2734 4899 2940 4955; x_wconf 88' lang='lat' dir='ltr'><strong>tradit:</strong></span> <span class='ocrx_word' id='word_1_896' title='bbox 2973 4907 3027 4952; x_wconf 89' lang='lat' dir='ltr'><strong>at</strong></span> <span class='ocrx_word' id='word_1_897' title='bbox 3051 4910 3183 4952; x_wconf 90' lang='lat' dir='ltr'><strong>vero</strong></span> <span class='ocrx_word' id='word_1_898' title='bbox 3224 4897 3456 4965; x_wconf 89' lang='lat' dir='ltr'><strong>animus,</strong></span> <span class='ocrx_word' id='word_1_899' title='bbox 3487 4896 3574 4951; x_wconf 89' lang='lat' dir='ltr'><strong>cui</strong></span> <span class='ocrx_word' id='word_1_900' title='bbox 3614 4906 3851 4965; x_wconf 74' lang='lat' dir='ltr'><strong>potestas</strong></span> 
     </span>
    </p>
   </div>
   <div class='ocr_carea' id='block_1_108' title="bbox 2260 4988 3843 5061">
    <p class='ocr_par' dir='ltr' id='par_1_108' title="bbox 2260 4988 3843 5061">
     <span class='ocr_line' id='line_1_108' title="bbox 2260 4988 3843 5061; baseline -0.005 -12"><span class='ocrx_word' id='word_1_901' title='bbox 2260 5003 2344 5049; x_wconf 81' lang='lat' dir='ltr'><strong>est</strong></span> <span class='ocrx_word' id='word_1_902' title='bbox 2372 5001 2428 5048; x_wconf 91' lang='lat' dir='ltr'><strong>et</strong></span> <span class='ocrx_word' id='word_1_903' title='bbox 2451 4991 2717 5061; x_wconf 88' lang='lat' dir='ltr'><strong>disjuncta</strong></span> <span class='ocrx_word' id='word_1_904' title='bbox 2748 5006 3075 5061; x_wconf 89' lang='lat' dir='ltr'><strong>componere</strong></span> <span class='ocrx_word' id='word_1_905' title='bbox 3112 5001 3167 5046; x_wconf 91' lang='lat' dir='ltr'><strong>et</strong></span> <span class='ocrx_word' id='word_1_906' title='bbox 3201 4992 3495 5059; x_wconf 72' lang='lat' dir='ltr'><strong>composita</strong></span> <span class='ocrx_word' id='word_1_907' title='bbox 3527 4988 3843 5052; x_wconf 87' lang='lat' dir='ltr'><strong>dissolvere,</strong></span> 
     </span>
    </p>
   </div>
   <div class='ocr_carea' id='block_1_109' title="bbox 2260 5081 3850 5154">
    <p class='ocr_par' dir='ltr' id='par_1_109' title="bbox 2260 5081 3850 5154">
     <span class='ocr_line' id='line_1_109' title="bbox 2260 5081 3850 5154; baseline -0.003 -15"><span class='ocrx_word' id='word_1_908' title='bbox 2260 5100 2383 5154; x_wconf 70' lang='lat' dir='ltr'><strong>qua:</strong></span> <span class='ocrx_word' id='word_1_909' title='bbox 2409 5100 2439 5139; x_wconf 89' lang='lat' dir='ltr'><strong>a</strong></span> <span class='ocrx_word' id='word_1_910' title='bbox 2467 5083 2715 5139; x_wconf 89' lang='lat' dir='ltr'><strong>sensibus</strong></span> <span class='ocrx_word' id='word_1_911' title='bbox 2742 5083 2966 5139; x_wconf 84' lang='lat' dir='ltr'><strong>confusa</strong></span> <span class='ocrx_word' id='word_1_912' title='bbox 2998 5091 3053 5139; x_wconf 89' lang='lat' dir='ltr'><strong>et</strong></span> <span class='ocrx_word' id='word_1_913' title='bbox 3080 5083 3399 5152; x_wconf 80' lang='lat' dir='ltr'><strong>corporibus</strong></span> <span class='ocrx_word' id='word_1_914' title='bbox 3428 5081 3715 5151; x_wconf 85' lang='lat' dir='ltr'><strong>conjuncta</strong></span> <span class='ocrx_word' id='word_1_915' title='bbox 3740 5089 3850 5135; x_wconf 85' lang='lat' dir='ltr'><strong>tra-</strong></span> 
     </span>
    </p>
   </div>
   <div class='ocr_carea' id='block_1_110' title="bbox 2257 5175 3841 5247">
    <p class='ocr_par' dir='ltr' id='par_1_110' title="bbox 2257 5175 3841 5247">
     <span class='ocr_line' id='line_1_110' title="bbox 2257 5175 3841 5247; baseline -0.004 -14"><span class='ocrx_word' id='word_1_916' title='bbox 2257 5180 2480 5243; x_wconf 90' lang='lat' dir='ltr'><strong>duntur,</strong></span> <span class='ocrx_word' id='word_1_917' title='bbox 2509 5177 2581 5233; x_wconf 85' lang='lat' dir='ltr'><strong>ita</strong></span> <span class='ocrx_word' id='word_1_918' title='bbox 2608 5177 2891 5247; x_wconf 89' lang='lat' dir='ltr'><strong>distinguit</strong></span> <span class='ocrx_word' id='word_1_919' title='bbox 2917 5184 2977 5231; x_wconf 90' lang='lat' dir='ltr'><strong>ut</strong></span> <span class='ocrx_word' id='word_1_920' title='bbox 2997 5178 3049 5230; x_wconf 93' lang='lat' dir='ltr'><strong>in</strong></span> <span class='ocrx_word' id='word_1_921' title='bbox 3077 5175 3451 5247; x_wconf 88' lang='lat' dir='ltr'><strong>incorpoream</strong></span> <span class='ocrx_word' id='word_1_922' title='bbox 3479 5182 3721 5229; x_wconf 87' lang='lat' dir='ltr'><strong>naturam</strong></span> <span class='ocrx_word' id='word_1_923' title='bbox 3753 5188 3841 5243; x_wconf 81' lang='lat' dir='ltr'><strong>pet</strong></span> 
     </span>
    </p>
   </div>
   <div class='ocr_carea' id='block_1_111' title="bbox 2260 5267 3850 5338">
    <p class='ocr_par' dir='ltr' id='par_1_111' title="bbox 2260 5267 3850 5338">
     <span class='ocr_line' id='line_1_111' title="bbox 2260 5267 3850 5338; baseline -0.005 -11"><span class='ocrx_word' id='word_1_924' title='bbox 2260 5287 2321 5327; x_wconf 88' lang='lat' dir='ltr'><strong>se</strong></span> <span class='ocrx_word' id='word_1_925' title='bbox 2343 5285 2407 5326; x_wconf 86' lang='lat' dir='ltr'><strong>ac</strong></span> <span class='ocrx_word' id='word_1_926' title='bbox 2431 5270 2550 5327; x_wconf 90' lang='lat' dir='ltr'><strong>sine</strong></span> <span class='ocrx_word' id='word_1_927' title='bbox 2587 5269 2819 5338; x_wconf 68' lang='lat' dir='ltr'><strong>corporil</strong></span> <span class='ocrx_word' id='word_1_928' title='bbox 2844 5283 2906 5323; x_wconf 91' lang='lat' dir='ltr'><strong>us</strong></span> <span class='ocrx_word' id='word_1_929' title='bbox 2927 5268 2980 5323; x_wconf 91' lang='lat' dir='ltr'><strong>in</strong></span> <span class='ocrx_word' id='word_1_930' title='bbox 3011 5267 3205 5337; x_wconf 87' lang='lat' dir='ltr'><strong>quibus</strong></span> <span class='ocrx_word' id='word_1_931' title='bbox 3232 5276 3315 5323; x_wconf 90' lang='lat' dir='ltr'><strong>est</strong></span> <span class='ocrx_word' id='word_1_932' title='bbox 3336 5276 3606 5331; x_wconf 82' lang='lat' dir='ltr'><strong>concreta,</strong></span> <span class='ocrx_word' id='word_1_933' title='bbox 3632 5274 3686 5319; x_wconf 91' lang='lat' dir='ltr'><strong>et</strong></span> <span class='ocrx_word' id='word_1_934' title='bbox 3723 5279 3850 5334; x_wconf 86' lang='lat' dir='ltr'><strong>spe-</strong></span> 
     </span>
    </p>
   </div>
   <div class='ocr_carea' id='block_1_112' title="bbox 2260 5355 3850 5428">
    <p class='ocr_par' dir='ltr' id='par_1_112' title="bbox 2260 5355 3850 5428">
     <span class='ocr_line' id='line_1_112' title="bbox 2260 5355 3850 5428; baseline -0.004 -12"><span class='ocrx_word' id='word_1_935' title='bbox 2260 5363 2473 5417; x_wconf 90' lang='lat' dir='ltr'><strong>culetur</strong></span> <span class='ocrx_word' id='word_1_936' title='bbox 2493 5371 2546 5416; x_wconf 92' lang='lat' dir='ltr'><strong>et</strong></span> <span class='ocrx_word' id='word_1_937' title='bbox 2574 5360 2770 5416; x_wconf 90' lang='lat' dir='ltr'><strong>videat.</strong></span> <span class='ocrx_word' id='word_1_938' title='bbox 2806 5360 3038 5414; x_wconf 76' lang='lat' dir='ltr'><strong>Diversae</strong></span> <span class='ocrx_word' id='word_1_939' title='bbox 3058 5359 3201 5414; x_wconf 84' lang='lat' dir='ltr'><strong>enim</strong></span> <span class='ocrx_word' id='word_1_940' title='bbox 3227 5359 3582 5428; x_wconf 86' lang='lat' dir='ltr'><strong>proprietates</strong></span> <span class='ocrx_word' id='word_1_941' title='bbox 3611 5366 3738 5411; x_wconf 90' lang='lat' dir='ltr'><strong>sunt</strong></span> <span class='ocrx_word' id='word_1_942' title='bbox 3765 5355 3850 5410; x_wconf 86' lang='lat' dir='ltr'><strong>in-</strong></span> 
     </span>
    </p>
   </div>
   <div class='ocr_carea' id='block_1_113' title="bbox 2259 5451 3846 5522">
    <p class='ocr_par' dir='ltr' id='par_1_113' title="bbox 2259 5451 3846 5522">
     <span class='ocr_line' id='line_1_113' title="bbox 2259 5451 3846 5522; baseline -0.001 -15"><span class='ocrx_word' id='word_1_943' title='bbox 2259 5470 2641 5522; x_wconf 82' lang='lat' dir='ltr'><strong>corporeorum</strong></span> <span class='ocrx_word' id='word_1_944' title='bbox 2681 5454 2997 5522; x_wconf 88' lang='lat' dir='ltr'><strong>corporibus</strong></span> <span class='ocrx_word' id='word_1_945' title='bbox 3023 5451 3422 5522; x_wconf 87' lang='lat' dir='ltr'><strong>pcrmistorum,</strong></span> <span class='ocrx_word' id='word_1_946' title='bbox 3454 5451 3664 5506; x_wconf 86' lang='lat' dir='ltr'><strong>etiamsi</strong></span> <span class='ocrx_word' id='word_1_947' title='bbox 3692 5466 3846 5519; x_wconf 86' lang='lat' dir='ltr'><strong>sepa-</strong></span> 
     </span>
    </p>
   </div>
   <div class='ocr_carea' id='block_1_114' title="bbox 2259 5542 3846 5613">
    <p class='ocr_par' dir='ltr' id='par_1_114' title="bbox 2259 5542 3846 5613">
     <span class='ocr_line' id='line_1_114' title="bbox 2259 5542 3846 5613; baseline -0.001 -14"><span class='ocrx_word' id='word_1_948' title='bbox 2259 5559 2448 5600; x_wconf 90' lang='lat' dir='ltr'><strong>rentur</strong></span> <span class='ocrx_word' id='word_1_949' title='bbox 2469 5562 2496 5599; x_wconf 88' lang='lat' dir='ltr'><strong>a</strong></span> <span class='ocrx_word' id='word_1_950' title='bbox 2524 5560 2770 5610; x_wconf 85' lang='lat' dir='ltr'><strong>corpore.</strong></span> <span class='ocrx_word' id='word_1_951' title='bbox 2815 5542 3027 5598; x_wconf 82' lang='lat' dir='ltr'><strong>Genera</strong></span> <span class='ocrx_word' id='word_1_952' title='bbox 3056 5556 3186 5613; x_wconf 85' lang='lat' dir='ltr'><strong>ergo</strong></span> <span class='ocrx_word' id='word_1_953' title='bbox 3213 5553 3268 5597; x_wconf 89' lang='lat' dir='ltr'><strong>et</strong></span> <span class='ocrx_word' id='word_1_954' title='bbox 3298 5542 3505 5610; x_wconf 87' lang='lat' dir='ltr'><strong>species</strong></span> <span class='ocrx_word' id='word_1_955' title='bbox 3542 5555 3846 5612; x_wconf 80' lang='lat' dir='ltr'><strong>caeteraque</strong></span> 
     </span>
    </p>
   </div>
   <div class='ocr_carea' id='block_1_115' title="bbox 2264 5633 3841 5704">
    <p class='ocr_par' dir='ltr' id='par_1_115' title="bbox 2264 5633 3841 5704">
     <span class='ocr_line' id='line_1_115' title="bbox 2264 5633 3841 5704; baseline -0.001 -18"><span class='ocrx_word' id='word_1_956' title='bbox 2264 5638 2345 5691; x_wconf 73' lang='lat' dir='ltr'><strong>vel</strong></span> <span class='ocrx_word' id='word_1_957' title='bbox 2377 5638 2427 5691; x_wconf 92' lang='lat' dir='ltr'><strong>in</strong></span> <span class='ocrx_word' id='word_1_958' title='bbox 2459 5637 2731 5704; x_wconf 84' lang='lat' dir='ltr'><strong>corporeis</strong></span> <span class='ocrx_word' id='word_1_959' title='bbox 2759 5635 2939 5700; x_wconf 81' lang='lat' dir='ltr'><strong>rebus,</strong></span> <span class='ocrx_word' id='word_1_960' title='bbox 2967 5635 3046 5688; x_wconf 86' lang='lat' dir='ltr'><strong>vel</strong></span> <span class='ocrx_word' id='word_1_961' title='bbox 3080 5635 3130 5688; x_wconf 92' lang='lat' dir='ltr'><strong>iu</strong></span> <span class='ocrx_word' id='word_1_962' title='bbox 3164 5633 3245 5687; x_wconf 87' lang='lat' dir='ltr'><strong>his</strong></span> <span class='ocrx_word' id='word_1_963' title='bbox 3269 5650 3384 5704; x_wconf 63' lang='lat' dir='ltr'><strong>qule</strong></span> <span class='ocrx_word' id='word_1_964' title='bbox 3406 5644 3531 5688; x_wconf 90' lang='lat' dir='ltr'><strong>sunt</strong></span> <span class='ocrx_word' id='word_1_965' title='bbox 3559 5649 3841 5703; x_wconf 86' lang='lat' dir='ltr'><strong>corporea,</strong></span> 
     </span>
    </p>
   </div>
   <div class='ocr_carea' id='block_1_116' title="bbox 2264 5727 3844 5802">
    <p class='ocr_par' dir='ltr' id='par_1_116' title="bbox 2264 5727 3844 5802">
     <span class='ocr_line' id='line_1_116' title="bbox 2264 5727 3844 5802; baseline -0.002 -14"><span class='ocrx_word' id='word_1_966' title='bbox 2264 5734 2645 5802; x_wconf 69' lang='lat' dir='ltr'><strong>reperiuntur:</strong></span> <span class='ocrx_word' id='word_1_967' title='bbox 2682 5740 2734 5783; x_wconf 83' lang='lat' dir='ltr'><strong>et</strong></span> <span class='ocrx_word' id='word_1_968' title='bbox 2780 5733 2821 5783; x_wconf 87' lang='lat' dir='ltr'><strong>si</strong></span> <span class='ocrx_word' id='word_1_969' title='bbox 2850 5746 2909 5783; x_wconf 90' lang='lat' dir='ltr'><strong>ea</strong></span> <span class='ocrx_word' id='word_1_970' title='bbox 2962 5730 3011 5783; x_wconf 91' lang='lat' dir='ltr'><strong>in</strong></span> <span class='ocrx_word' id='word_1_971' title='bbox 3066 5728 3224 5781; x_wconf 73' lang='lat' dir='ltr'><strong>rebus</strong></span> <span class='ocrx_word' id='word_1_972' title='bbox 3256 5727 3588 5801; x_wconf 82' lang='lat' dir='ltr'><strong>incorporeis</strong></span> <span class='ocrx_word' id='word_1_973' title='bbox 3632 5729 3844 5799; x_wconf 79' lang='lat' dir='ltr'><strong>invenit</strong></span> 
     </span>
    </p>
   </div>
  </div>
