  <div class='ocr_page' id='page_1' title='image "/cluster/home/n/w/nwhite01/storage/ocr_20150623/64/hvd.32044024222309/050.png"; bbox 0 0 4106 6336; ppageno 0'>
   <div class='ocr_carea' id='block_1_1' title="bbox 301 296 3602 381">
    <p class='ocr_par' dir='ltr' id='par_1_1' title="bbox 301 296 3602 381">
     <span class='ocr_line' id='line_1_1' title="bbox 301 296 3602 381; baseline -0.007 -2"><span class='ocrx_word' id='word_1_1' title='bbox 301 326 374 381; x_wconf 71' lang='grc'><strong>85</strong></span> <span class='ocrx_word' id='word_1_2' title='bbox 1276 312 1343 369; x_wconf 81' lang='grc' dir='ltr'><strong>ΙΝ</strong></span> <span class='ocrx_word' id='word_1_3' title='bbox 1381 306 1828 367; x_wconf 71' lang='lat' dir='ltr'><strong>PORPIIYRIUM</strong></span> <span class='ocrx_word' id='word_1_4' title='bbox 1868 306 2423 364; x_wconf 78' lang='lat' dir='ltr'><strong>COMMENTARIUM</strong></span> <span class='ocrx_word' id='word_1_5' title='bbox 2466 306 2593 362; x_wconf 78' lang='lat' dir='ltr'><strong>LIB.</strong></span> <span class='ocrx_word' id='word_1_6' title='bbox 2638 306 2699 360; x_wconf 94' lang='grc'><strong>11.</strong></span> <span class='ocrx_word' id='word_1_7' title='bbox 3536 296 3602 357; x_wconf 77' lang='lat'><strong>86</strong></span> 
     </span>
    </p>
   </div>
   <div class='ocr_carea' id='block_1_2' title="bbox 298 420 3605 504">
    <p class='ocr_par' dir='ltr' id='par_1_2' title="bbox 298 420 3605 504">
     <span class='ocr_line' id='line_1_2' title="bbox 298 420 3605 504; baseline -0.007 -9"><span class='ocrx_word' id='word_1_8' title='bbox 298 440 537 501; x_wconf 77' lang='lat' dir='ltr'><strong>animus.</strong></span> <span class='ocrx_word' id='word_1_9' title='bbox 562 437 725 495; x_wconf 89' lang='lat' dir='ltr'><strong>habet</strong></span> <span class='ocrx_word' id='word_1_10' title='bbox 740 426 1279 504; x_wconf 84' lang='lat' dir='ltr'><strong>illicoineorporeum</strong></span> <span class='ocrx_word' id='word_1_11' title='bbox 1305 430 1520 500; x_wconf 77' lang='lat' dir='ltr'><strong>generis</strong></span> <span class='ocrx_word' id='word_1_12' title='bbox 1543 429 1902 483; x_wconf 68' lang='lat' dir='ltr'><strong>intellectum.</strong></span> <span class='ocrx_word' id='word_1_13' title='bbox 1932 426 1988 487; x_wconf 79' lang='grc' dir='ltr'><strong>Δ</strong></span> <span class='ocrx_word' id='word_1_14' title='bbox 2016 424 2334 494; x_wconf 82' lang='lat' dir='ltr'><strong>telliguntur</strong></span> <span class='ocrx_word' id='word_1_15' title='bbox 2362 442 2488 481; x_wconf 74' lang='lat' dir='ltr'><strong>vero</strong></span> <span class='ocrx_word' id='word_1_16' title='bbox 2525 426 2633 480; x_wconf 90' lang='lat' dir='ltr'><strong>alio</strong></span> <span class='ocrx_word' id='word_1_17' title='bbox 2662 424 2845 493; x_wconf 88' lang='lat' dir='ltr'><strong>modo,</strong></span> <span class='ocrx_word' id='word_1_18' title='bbox 2872 431 2928 480; x_wconf 93' lang='lat' dir='ltr'><strong>et</strong></span> <span class='ocrx_word' id='word_1_19' title='bbox 2953 431 3080 478; x_wconf 83' lang='lat' dir='ltr'><strong>sunt</strong></span> <span class='ocrx_word' id='word_1_20' title='bbox 3108 421 3480 488; x_wconf 82' lang='lat' dir='ltr'><strong>incorporalia,</strong></span> <span class='ocrx_word' id='word_1_21' title='bbox 3508 420 3605 474; x_wconf 68' lang='lat' dir='ltr'><strong>Sed</strong></span> 
     </span>
    </p>
   </div>
   <div class='ocr_carea' id='block_1_3' title="bbox 300 512 3608 602">
    <p class='ocr_par' dir='ltr' id='par_1_3' title="bbox 300 512 3608 602">
     <span class='ocr_line' id='line_1_3' title="bbox 300 512 3608 602; baseline -0.007 -13"><span class='ocrx_word' id='word_1_22' title='bbox 300 533 364 589; x_wconf 88' lang='lat' dir='ltr'><strong>Si</strong></span> <span class='ocrx_word' id='word_1_23' title='bbox 396 547 525 586; x_wconf 84' lang='lat' dir='ltr'><strong>vero</strong></span> <span class='ocrx_word' id='word_1_24' title='bbox 552 531 913 602; x_wconf 78' lang='lat' dir='ltr'><strong>corporalium</strong></span> <span class='ocrx_word' id='word_1_25' title='bbox 955 542 1131 583; x_wconf 91' lang='lat' dir='ltr'><strong>rerum</strong></span> <span class='ocrx_word' id='word_1_26' title='bbox 1162 540 1357 595; x_wconf 88' lang='lat' dir='ltr'><strong>genera</strong></span> <span class='ocrx_word' id='word_1_27' title='bbox 1412 524 1726 593; x_wconf 85' lang='lat' dir='ltr'><strong>speciesque</strong></span> <span class='ocrx_word' id='word_1_28' title='bbox 1759 535 1897 590; x_wconf 85' lang='lat' dir='ltr'><strong>pro-</strong></span> <span class='ocrx_word' id='word_1_29' title='bbox 2013 518 2359 573; x_wconf 87' lang='lat' dir='ltr'><strong>sensibilibus</strong></span> <span class='ocrx_word' id='word_1_30' title='bbox 2399 517 2579 587; x_wconf 84' lang='lat' dir='ltr'><strong>juncta</strong></span> <span class='ocrx_word' id='word_1_31' title='bbox 2609 517 2912 573; x_wconf 87' lang='lat' dir='ltr'><strong>subsistunt</strong></span> <span class='ocrx_word' id='word_1_32' title='bbox 2938 515 3372 571; x_wconf 76' lang='lat' dir='ltr'><strong>insensibilibus.</strong></span> <span class='ocrx_word' id='word_1_33' title='bbox 3409 512 3608 566; x_wconf 86' lang='lat' dir='ltr'><strong>intelli-</strong></span> 
     </span>
    </p>
   </div>
   <div class='ocr_carea' id='block_1_4' title="bbox 311 607 3609 696">
    <p class='ocr_par' dir='ltr' id='par_1_4' title="bbox 311 607 3609 696">
     <span class='ocr_line' id='line_1_4' title="bbox 311 607 3609 696; baseline -0.006 -15"><span class='ocrx_word' id='word_1_34' title='bbox 311 624 580 696; x_wconf 75' lang='lat' dir='ltr'><strong>spexerit,</strong></span> <span class='ocrx_word' id='word_1_35' title='bbox 641 624 819 680; x_wconf 81' lang='lat' dir='ltr'><strong>aufert</strong></span> <span class='ocrx_word' id='word_1_36' title='bbox 844 624 930 696; x_wconf 88' lang='lat' dir='ltr'><strong>(ut</strong></span> <span class='ocrx_word' id='word_1_37' title='bbox 957 622 1126 689; x_wconf 86' lang='lat' dir='ltr'><strong>solet)</strong></span> <span class='ocrx_word' id='word_1_38' title='bbox 1152 636 1190 674; x_wconf 88' lang='lat' dir='ltr'><strong>.a</strong></span> <span class='ocrx_word' id='word_1_39' title='bbox 1214 618 1530 689; x_wconf 85' lang='lat' dir='ltr'><strong>corporibus</strong></span> <span class='ocrx_word' id='word_1_40' title='bbox 1561 618 1910 686; x_wconf 86' lang='lat' dir='ltr'><strong>ineorporeo-</strong></span> <span class='ocrx_word' id='word_1_41' title='bbox 2011 621 2212 682; x_wconf 89' lang='lat' dir='ltr'><strong>guntur</strong></span> <span class='ocrx_word' id='word_1_42' title='bbox 2240 626 2368 667; x_wconf 85' lang='lat' dir='ltr'><strong>vero</strong></span> <span class='ocrx_word' id='word_1_43' title='bbox 2400 621 2595 680; x_wconf 67' lang='lat' dir='ltr'><strong>praster</strong></span> <span class='ocrx_word' id='word_1_44' title='bbox 2636 626 2887 680; x_wconf 85' lang='lat' dir='ltr'><strong>corpora,</strong></span> <span class='ocrx_word' id='word_1_45' title='bbox 2920 612 2979 665; x_wconf 87' lang='lat' dir='ltr'><strong>ut</strong></span> <span class='ocrx_word' id='word_1_46' title='bbox 3031 624 3127 679; x_wconf 90' lang='lat' dir='ltr'><strong>per</strong></span> <span class='ocrx_word' id='word_1_47' title='bbox 3169 608 3459 676; x_wconf 89' lang='lat' dir='ltr'><strong>semetipsa</strong></span> <span class='ocrx_word' id='word_1_48' title='bbox 3491 607 3609 661; x_wconf 78' lang='lat' dir='ltr'><strong>sub—</strong></span> 
     </span>
    </p>
   </div>
   <div class='ocr_carea' id='block_1_5' title="bbox 298 698 3611 783">
    <p class='ocr_par' dir='ltr' id='par_1_5' title="bbox 298 698 3611 783">
     <span class='ocr_line' id='line_1_5' title="bbox 298 698 3611 783; baseline -0.006 -10"><span class='ocrx_word' id='word_1_49' title='bbox 298 734 421 773; x_wconf 89' lang='lat' dir='ltr'><strong>rum</strong></span> <span class='ocrx_word' id='word_1_50' title='bbox 450 727 720 782; x_wconf 87' lang='lat' dir='ltr'><strong>naturam,</strong></span> <span class='ocrx_word' id='word_1_51' title='bbox 751 727 804 771; x_wconf 87' lang='lat' dir='ltr'><strong>et</strong></span> <span class='ocrx_word' id='word_1_52' title='bbox 834 715 1004 770; x_wconf 91' lang='lat' dir='ltr'><strong>solam</strong></span> <span class='ocrx_word' id='word_1_53' title='bbox 1041 726 1335 783; x_wconf 82' lang='lat' dir='ltr'><strong>puramque</strong></span> <span class='ocrx_word' id='word_1_54' title='bbox 1359 721 1416 765; x_wconf 91' lang='lat' dir='ltr'><strong>ut</strong></span> <span class='ocrx_word' id='word_1_55' title='bbox 1439 712 1489 765; x_wconf 94' lang='lat' dir='ltr'><strong>in</strong></span> <span class='ocrx_word' id='word_1_56' title='bbox 1518 710 1695 778; x_wconf 59' lang='lat' dir='ltr'><strong>seipsa</strong></span> <span class='ocrx_word' id='word_1_57' title='bbox 1729 709 1904 762; x_wconf 88' lang='lat' dir='ltr'><strong>forma</strong></span> <span class='ocrx_word' id='word_1_58' title='bbox 2014 703 2256 761; x_wconf 85' lang='lat' dir='ltr'><strong>sistentia</strong></span> <span class='ocrx_word' id='word_1_59' title='bbox 2282 746 2299 770; x_wconf 91' lang='lat'><strong>,</strong></span> <span class='ocrx_word' id='word_1_60' title='bbox 2348 720 2412 759; x_wconf 90' lang='lat' dir='ltr'><strong>ac</strong></span> <span class='ocrx_word' id='word_1_61' title='bbox 2451 719 2558 759; x_wconf 94' lang='lat' dir='ltr'><strong>non</strong></span> <span class='ocrx_word' id='word_1_62' title='bbox 2587 704 2643 761; x_wconf 81' lang='grc' dir='ltr'><strong>ἰι</strong></span> <span class='ocrx_word' id='word_1_63' title='bbox 2668 706 2787 759; x_wconf 90' lang='lat' dir='ltr'><strong>aliis</strong></span> <span class='ocrx_word' id='word_1_64' title='bbox 2828 719 2949 760; x_wconf 88' lang='lat' dir='ltr'><strong>esse</strong></span> <span class='ocrx_word' id='word_1_65' title='bbox 2992 718 3147 758; x_wconf 90' lang='lat' dir='ltr'><strong>suum</strong></span> <span class='ocrx_word' id='word_1_66' title='bbox 3182 701 3470 766; x_wconf 80' lang='lat' dir='ltr'><strong>habentia;</strong></span> <span class='ocrx_word' id='word_1_67' title='bbox 3511 698 3611 754; x_wconf 82' lang='lat' dir='ltr'><strong>sed</strong></span> 
     </span>
    </p>
   </div>
   <div class='ocr_carea' id='block_1_6' title="bbox 299 792 3613 871">
    <p class='ocr_par' dir='ltr' id='par_1_6' title="bbox 299 792 3613 871">
     <span class='ocr_line' id='line_1_6' title="bbox 299 792 3613 871; baseline -0.006 -5"><span class='ocrx_word' id='word_1_68' title='bbox 299 823 386 866; x_wconf 91' lang='lat' dir='ltr'><strong>est</strong></span> <span class='ocrx_word' id='word_1_69' title='bbox 416 820 721 866; x_wconf 77' lang='lat' dir='ltr'><strong>contuetur.</strong></span> <span class='ocrx_word' id='word_1_70' title='bbox 750 808 827 862; x_wconf 85' lang='lat' dir='ltr'><strong>Ita</strong></span> <span class='ocrx_word' id='word_1_71' title='bbox 857 806 975 862; x_wconf 66' lang='lat' dir='ltr'><strong>haec</strong></span> <span class='ocrx_word' id='word_1_72' title='bbox 1012 821 1134 859; x_wconf 89' lang='lat' dir='ltr'><strong>cum</strong></span> <span class='ocrx_word' id='word_1_73' title='bbox 1170 803 1366 871; x_wconf 80' lang='lat' dir='ltr'><strong>accipit</strong></span> <span class='ocrx_word' id='word_1_74' title='bbox 1390 803 1602 857; x_wconf 88' lang='lat' dir='ltr'><strong>animus</strong></span> <span class='ocrx_word' id='word_1_75' title='bbox 1646 800 1904 869; x_wconf 79' lang='lat' dir='ltr'><strong>permiSta</strong></span> <span class='ocrx_word' id='word_1_76' title='bbox 2015 799 2168 856; x_wconf 86' lang='lat' dir='ltr'><strong>Plato</strong></span> <span class='ocrx_word' id='word_1_77' title='bbox 2188 812 2387 868; x_wconf 90' lang='lat' dir='ltr'><strong>genera</strong></span> <span class='ocrx_word' id='word_1_78' title='bbox 2414 811 2468 853; x_wconf 86' lang='lat' dir='ltr'><strong>et</strong></span> <span class='ocrx_word' id='word_1_79' title='bbox 2493 796 2704 867; x_wconf 74' lang='lat' dir='ltr'><strong>Species</strong></span> <span class='ocrx_word' id='word_1_80' title='bbox 2732 804 3037 867; x_wconf 75' lang='lat' dir='ltr'><strong>eteteraque</strong></span> <span class='ocrx_word' id='word_1_81' title='bbox 3063 811 3173 850; x_wconf 91' lang='lat' dir='ltr'><strong>non</strong></span> <span class='ocrx_word' id='word_1_82' title='bbox 3197 794 3359 849; x_wconf 87' lang='lat' dir='ltr'><strong>modo</strong></span> <span class='ocrx_word' id='word_1_83' title='bbox 3380 792 3613 862; x_wconf 73' lang='lat' dir='ltr'><strong>intelligi</strong></span> 
     </span>
    </p>
   </div>
   <div class='ocr_carea' id='block_1_7' title="bbox 302 893 3613 973">
    <p class='ocr_par' dir='ltr' id='par_1_7' title="bbox 302 893 3613 973">
     <span class='ocr_line' id='line_1_7' title="bbox 302 893 3613 973; baseline -0.005 -16"><span class='ocrx_word' id='word_1_84' title='bbox 302 904 651 973; x_wconf 78' lang='lat' dir='ltr'><strong>corporibus,</strong></span> <span class='ocrx_word' id='word_1_85' title='bbox 707 899 1064 971; x_wconf 85' lang='lat' dir='ltr'><strong>incorporalia</strong></span> <span class='ocrx_word' id='word_1_86' title='bbox 1106 896 1352 952; x_wconf 79' lang='lat' dir='ltr'><strong>dividens</strong></span> <span class='ocrx_word' id='word_1_87' title='bbox 1395 895 1703 962; x_wconf 74' lang='lat' dir='ltr'><strong>speculatur</strong></span> <span class='ocrx_word' id='word_1_88' title='bbox 1746 901 1905 962; x_wconf 87' lang='lat' dir='ltr'><strong>atque</strong></span> <span class='ocrx_word' id='word_1_89' title='bbox 2013 893 2363 959; x_wconf 79' lang='lat' dir='ltr'><strong>universalia,</strong></span> <span class='ocrx_word' id='word_1_90' title='bbox 2384 906 2571 947; x_wconf 90' lang='lat' dir='ltr'><strong>verum</strong></span> <span class='ocrx_word' id='word_1_91' title='bbox 2595 894 2755 946; x_wconf 91' lang='lat' dir='ltr'><strong>etiam</strong></span> <span class='ocrx_word' id='word_1_92' title='bbox 2787 906 2909 947; x_wconf 89' lang='lat' dir='ltr'><strong>esse</strong></span> <span class='ocrx_word' id='word_1_93' title='bbox 2935 899 3098 960; x_wconf 89' lang='lat' dir='ltr'><strong>atque</strong></span> <span class='ocrx_word' id='word_1_94' title='bbox 3128 898 3351 960; x_wconf 85' lang='lat' dir='ltr'><strong>propter</strong></span> <span class='ocrx_word' id='word_1_95' title='bbox 3379 902 3613 957; x_wconf 87' lang='lat' dir='ltr'><strong>corpora</strong></span> 
     </span>
    </p>
   </div>
   <div class='ocr_carea' id='block_1_8' title="bbox 307 980 3608 1061">
    <p class='ocr_par' dir='ltr' id='par_1_8' title="bbox 307 980 3608 1061">
     <span class='ocr_line' id='line_1_8' title="bbox 307 980 3608 1061; baseline -0.004 -13"><span class='ocrx_word' id='word_1_96' title='bbox 307 994 635 1048; x_wconf 81' lang='lat' dir='ltr'><strong>coasiderat.</strong></span> <span class='ocrx_word' id='word_1_97' title='bbox 666 994 835 1047; x_wconf 84' lang='lat' dir='ltr'><strong>Nemo</strong></span> <span class='ocrx_word' id='word_1_98' title='bbox 864 1006 991 1061; x_wconf 80' lang='lat' dir='ltr'><strong>ergo</strong></span> <span class='ocrx_word' id='word_1_99' title='bbox 1022 990 1169 1044; x_wconf 86' lang='lat' dir='ltr'><strong>dicat</strong></span> <span class='ocrx_word' id='word_1_100' title='bbox 1203 988 1391 1043; x_wconf 81' lang='lat' dir='ltr'><strong>falsam</strong></span> <span class='ocrx_word' id='word_1_101' title='bbox 1436 1003 1534 1041; x_wconf 89' lang='lat' dir='ltr'><strong>nos</strong></span> <span class='ocrx_word' id='word_1_102' title='bbox 1583 987 1778 1039; x_wconf 88' lang='lat' dir='ltr'><strong>lineam</strong></span> <span class='ocrx_word' id='word_1_103' title='bbox 1812 1000 1908 1039; x_wconf 87' lang='lat' dir='ltr'><strong>co—</strong></span> <span class='ocrx_word' id='word_1_104' title='bbox 2013 987 2313 1042; x_wconf 86' lang='lat' dir='ltr'><strong>subsistere</strong></span> <span class='ocrx_word' id='word_1_105' title='bbox 2349 993 2538 1054; x_wconf 84' lang='lat' dir='ltr'><strong>putat;</strong></span> <span class='ocrx_word' id='word_1_106' title='bbox 2588 985 2909 1041; x_wconf 86' lang='lat' dir='ltr'><strong>Aristoteles</strong></span> <span class='ocrx_word' id='word_1_107' title='bbox 2959 998 3091 1038; x_wconf 83' lang='lat' dir='ltr'><strong>vero</strong></span> <span class='ocrx_word' id='word_1_108' title='bbox 3120 982 3345 1051; x_wconf 78' lang='lat' dir='ltr'><strong>intelligi</strong></span> <span class='ocrx_word' id='word_1_109' title='bbox 3387 980 3608 1052; x_wconf 90' lang='lat' dir='ltr'><strong>quidem</strong></span> 
     </span>
    </p>
   </div>
   <div class='ocr_carea' id='block_1_9' title="bbox 307 1075 3609 1156">
    <p class='ocr_par' dir='ltr' id='par_1_9' title="bbox 307 1075 3609 1156">
     <span class='ocr_line' id='line_1_9' title="bbox 307 1075 3609 1156; baseline -0.004 -16"><span class='ocrx_word' id='word_1_110' title='bbox 307 1087 494 1156; x_wconf 82' lang='lat' dir='ltr'><strong>gitare,</strong></span> <span class='ocrx_word' id='word_1_111' title='bbox 526 1087 781 1156; x_wconf 90' lang='lat' dir='ltr'><strong>quoniam</strong></span> <span class='ocrx_word' id='word_1_112' title='bbox 822 1085 895 1139; x_wconf 86' lang='lat' dir='ltr'><strong>ita</strong></span> <span class='ocrx_word' id='word_1_113' title='bbox 940 1098 1061 1138; x_wconf 90' lang='lat' dir='ltr'><strong>eam</strong></span> <span class='ocrx_word' id='word_1_114' title='bbox 1108 1092 1287 1137; x_wconf 89' lang='lat' dir='ltr'><strong>mente</strong></span> <span class='ocrx_word' id='word_1_115' title='bbox 1317 1081 1558 1148; x_wconf 87' lang='lat' dir='ltr'><strong>capimus</strong></span> <span class='ocrx_word' id='word_1_116' title='bbox 1589 1078 1743 1148; x_wconf 87' lang='lat' dir='ltr'><strong>quasi</strong></span> <span class='ocrx_word' id='word_1_117' title='bbox 1771 1094 1909 1144; x_wconf 61' lang='lat' dir='ltr'><strong>prae-</strong></span> <span class='ocrx_word' id='word_1_118' title='bbox 1986 1078 2375 1147; x_wconf 71' lang='lat' dir='ltr'><strong>incorporalia</strong></span> <span class='ocrx_word' id='word_1_119' title='bbox 2406 1086 2567 1148; x_wconf 90' lang='lat' dir='ltr'><strong>atque</strong></span> <span class='ocrx_word' id='word_1_120' title='bbox 2595 1076 2941 1140; x_wconf 77' lang='lat' dir='ltr'><strong>universalia,</strong></span> <span class='ocrx_word' id='word_1_121' title='bbox 2965 1076 3059 1131; x_wconf 90' lang='lat' dir='ltr'><strong>sed</strong></span> <span class='ocrx_word' id='word_1_122' title='bbox 3080 1076 3379 1130; x_wconf 86' lang='lat' dir='ltr'><strong>subsistere</strong></span> <span class='ocrx_word' id='word_1_123' title='bbox 3409 1075 3461 1128; x_wconf 92' lang='lat' dir='ltr'><strong>in</strong></span> <span class='ocrx_word' id='word_1_124' title='bbox 3485 1088 3609 1128; x_wconf 83' lang='lat' dir='ltr'><strong>sen-</strong></span> 
     </span>
    </p>
   </div>
   <div class='ocr_carea' id='block_1_10' title="bbox 307 1167 3608 1247">
    <p class='ocr_par' dir='ltr' id='par_1_10' title="bbox 307 1167 3608 1247">
     <span class='ocr_line' id='line_1_10' title="bbox 307 1167 3608 1247; baseline -0.004 -17"><span class='ocrx_word' id='word_1_125' title='bbox 307 1188 390 1232; x_wconf 90' lang='lat' dir='ltr'><strong>ter</strong></span> <span class='ocrx_word' id='word_1_126' title='bbox 416 1193 643 1247; x_wconf 89' lang='lat' dir='ltr'><strong>e0rpora</strong></span> <span class='ocrx_word' id='word_1_127' title='bbox 670 1180 764 1241; x_wconf 92' lang='lat' dir='ltr'><strong>sit,</strong></span> <span class='ocrx_word' id='word_1_128' title='bbox 798 1192 919 1231; x_wconf 88' lang='lat' dir='ltr'><strong>cum</strong></span> <span class='ocrx_word' id='word_1_129' title='bbox 952 1186 1149 1245; x_wconf 71' lang='lat' dir='ltr'><strong>printer</strong></span> <span class='ocrx_word' id='word_1_130' title='bbox 1181 1189 1405 1240; x_wconf 86' lang='lat' dir='ltr'><strong>corpora</strong></span> <span class='ocrx_word' id='word_1_131' title='bbox 1430 1188 1548 1226; x_wconf 81' lang='lat' dir='ltr'><strong>esse</strong></span> <span class='ocrx_word' id='word_1_132' title='bbox 1577 1189 1682 1225; x_wconf 91' lang='lat' dir='ltr'><strong>non</strong></span> <span class='ocrx_word' id='word_1_133' title='bbox 1715 1171 1903 1238; x_wconf 84' lang='lat' dir='ltr'><strong>possit.</strong></span> <span class='ocrx_word' id='word_1_134' title='bbox 2011 1171 2260 1228; x_wconf 87' lang='lat' dir='ltr'><strong>sibilibus</strong></span> <span class='ocrx_word' id='word_1_135' title='bbox 2293 1178 2462 1240; x_wconf 88' lang='lat' dir='ltr'><strong>putat,</strong></span> <span class='ocrx_word' id='word_1_136' title='bbox 2485 1184 2719 1238; x_wconf 91' lang='lat' dir='ltr'><strong>quorum</strong></span> <span class='ocrx_word' id='word_1_137' title='bbox 2749 1167 3047 1238; x_wconf 85' lang='lat' dir='ltr'><strong>dijudicare</strong></span> <span class='ocrx_word' id='word_1_138' title='bbox 3083 1167 3384 1222; x_wconf 89' lang='lat' dir='ltr'><strong>sententias</strong></span> <span class='ocrx_word' id='word_1_139' title='bbox 3421 1173 3608 1234; x_wconf 86' lang='lat' dir='ltr'><strong>aptum</strong></span> 
     </span>
    </p>
   </div>
   <div class='ocr_carea' id='block_1_11' title="bbox 302 1255 3616 1336">
    <p class='ocr_par' dir='ltr' id='par_1_11' title="bbox 302 1255 3616 1336">
     <span class='ocr_line' id='line_1_11' title="bbox 302 1255 3616 1336; baseline -0.004 -13"><span class='ocrx_word' id='word_1_140' title='bbox 302 1268 420 1323; x_wconf 83' lang='lat' dir='ltr'><strong>Non</strong></span> <span class='ocrx_word' id='word_1_141' title='bbox 447 1270 591 1322; x_wconf 90' lang='lat' dir='ltr'><strong>enim</strong></span> <span class='ocrx_word' id='word_1_142' title='bbox 628 1268 808 1321; x_wconf 85' lang='lat' dir='ltr'><strong>omnis</strong></span> <span class='ocrx_word' id='word_1_143' title='bbox 829 1268 918 1336; x_wconf 88' lang='lat' dir='ltr'><strong>qui</strong></span> <span class='ocrx_word' id='word_1_144' title='bbox 950 1281 1014 1320; x_wconf 79' lang='lat' dir='ltr'><strong>ex</strong></span> <span class='ocrx_word' id='word_1_145' title='bbox 1047 1265 1306 1333; x_wconf 84' lang='lat' dir='ltr'><strong>subjectis</strong></span> <span class='ocrx_word' id='word_1_146' title='bbox 1336 1264 1495 1317; x_wconf 83' lang='lat' dir='ltr'><strong>rebus</strong></span> <span class='ocrx_word' id='word_1_147' title='bbox 1513 1264 1721 1329; x_wconf 87' lang='lat' dir='ltr'><strong>capitur</strong></span> <span class='ocrx_word' id='word_1_148' title='bbox 1746 1263 1907 1316; x_wconf 88' lang='lat' dir='ltr'><strong>intel-</strong></span> <span class='ocrx_word' id='word_1_149' title='bbox 2011 1278 2136 1319; x_wconf 90' lang='lat' dir='ltr'><strong>esse</strong></span> <span class='ocrx_word' id='word_1_150' title='bbox 2167 1276 2275 1316; x_wconf 90' lang='lat' dir='ltr'><strong>non</strong></span> <span class='ocrx_word' id='word_1_151' title='bbox 2305 1261 2451 1315; x_wconf 74' lang='lat' dir='ltr'><strong>duxi.</strong></span> <span class='ocrx_word' id='word_1_152' title='bbox 2489 1260 2707 1315; x_wconf 76' lang='lat' dir='ltr'><strong>Altioris</strong></span> <span class='ocrx_word' id='word_1_153' title='bbox 2732 1261 2878 1315; x_wconf 88' lang='lat' dir='ltr'><strong>enim</strong></span> <span class='ocrx_word' id='word_1_154' title='bbox 2903 1268 2987 1314; x_wconf 88' lang='lat' dir='ltr'><strong>est</strong></span> <span class='ocrx_word' id='word_1_155' title='bbox 3014 1257 3391 1328; x_wconf 56' lang='lat' dir='ltr'><strong>philosophias,</strong></span> <span class='ocrx_word' id='word_1_156' title='bbox 3412 1255 3616 1311; x_wconf 88' lang='lat' dir='ltr'><strong>idcirco</strong></span> 
     </span>
    </p>
   </div>
   <div class='ocr_carea' id='block_1_12' title="bbox 302 1350 3620 1427">
    <p class='ocr_par' dir='ltr' id='par_1_12' title="bbox 302 1350 3620 1427">
     <span class='ocr_line' id='line_1_12' title="bbox 302 1350 3620 1427; baseline -0.003 -13"><span class='ocrx_word' id='word_1_157' title='bbox 302 1360 474 1415; x_wconf 91' lang='lat' dir='ltr'><strong>lectus</strong></span> <span class='ocrx_word' id='word_1_158' title='bbox 492 1360 1099 1427; x_wconf 68' lang='lat' dir='ltr'><strong>aiiterquamseseipsm</strong></span> <span class='ocrx_word' id='word_1_159' title='bbox 1117 1372 1206 1409; x_wconf 88' lang='lat' dir='ltr'><strong>res</strong></span> <span class='ocrx_word' id='word_1_160' title='bbox 1230 1354 1450 1419; x_wconf 82' lang='lat' dir='ltr'><strong>habent,</strong></span> <span class='ocrx_word' id='word_1_161' title='bbox 1474 1355 1638 1408; x_wconf 79' lang='lat' dir='ltr'><strong>falsus</strong></span> <span class='ocrx_word' id='word_1_162' title='bbox 1661 1370 1780 1408; x_wconf 88' lang='lat' dir='ltr'><strong>esse</strong></span> <span class='ocrx_word' id='word_1_163' title='bbox 1806 1371 1904 1419; x_wconf 86' lang='lat' dir='ltr'><strong>pu-</strong></span> <span class='ocrx_word' id='word_1_164' title='bbox 2011 1372 2143 1412; x_wconf 90' lang='lat' dir='ltr'><strong>vero</strong></span> <span class='ocrx_word' id='word_1_165' title='bbox 2181 1355 2476 1411; x_wconf 88' lang='lat' dir='ltr'><strong>studiosius</strong></span> <span class='ocrx_word' id='word_1_166' title='bbox 2519 1353 2829 1409; x_wconf 83' lang='lat' dir='ltr'><strong>Aristotelis</strong></span> <span class='ocrx_word' id='word_1_167' title='bbox 2878 1353 3199 1408; x_wconf 87' lang='lat' dir='ltr'><strong>sententiam</strong></span> <span class='ocrx_word' id='word_1_168' title='bbox 3251 1350 3489 1406; x_wconf 77' lang='lat' dir='ltr'><strong>exsecuti</strong></span> <span class='ocrx_word' id='word_1_169' title='bbox 3525 1363 3620 1403; x_wconf 89' lang='lat' dir='ltr'><strong>su-</strong></span> 
     </span>
    </p>
   </div>
   <div class='ocr_carea' id='block_1_13' title="bbox 301 1439 3616 1517">
    <p class='ocr_par' dir='ltr' id='par_1_13' title="bbox 301 1439 3616 1517">
     <span class='ocr_line' id='line_1_13' title="bbox 301 1439 3616 1517; baseline -0.002 -14"><span class='ocrx_word' id='word_1_170' title='bbox 301 1453 499 1503; x_wconf 84' lang='lat' dir='ltr'><strong>tautlus</strong></span> <span class='ocrx_word' id='word_1_171' title='bbox 534 1458 638 1515; x_wconf 92' lang='lat' dir='ltr'><strong>est,</strong></span> <span class='ocrx_word' id='word_1_172' title='bbox 668 1449 761 1503; x_wconf 84' lang='lat' dir='ltr'><strong>sed</strong></span> <span class='ocrx_word' id='word_1_173' title='bbox 795 1456 889 1513; x_wconf 76' lang='lat' dir='ltr'><strong>(ut</strong></span> <span class='ocrx_word' id='word_1_174' title='bbox 914 1445 1164 1515; x_wconf 88' lang='lat' dir='ltr'><strong>superius</strong></span> <span class='ocrx_word' id='word_1_175' title='bbox 1185 1446 1386 1499; x_wconf 90' lang='lat' dir='ltr'><strong>dictum</strong></span> <span class='ocrx_word' id='word_1_176' title='bbox 1417 1446 1534 1513; x_wconf 80' lang='lat' dir='ltr'><strong>est)</strong></span> <span class='ocrx_word' id='word_1_177' title='bbox 1568 1445 1655 1498; x_wconf 91' lang='lat' dir='ltr'><strong>ille</strong></span> <span class='ocrx_word' id='word_1_178' title='bbox 1688 1444 1906 1514; x_wconf 59' lang='lat' dir='ltr'><strong>quidem</strong></span> <span class='ocrx_word' id='word_1_179' title='bbox 2013 1466 2156 1517; x_wconf 89' lang='lat' dir='ltr'><strong>mtts,</strong></span> <span class='ocrx_word' id='word_1_180' title='bbox 2192 1464 2301 1503; x_wconf 91' lang='lat' dir='ltr'><strong>non</strong></span> <span class='ocrx_word' id='word_1_181' title='bbox 2330 1446 2472 1517; x_wconf 86' lang='lat' dir='ltr'><strong>quod</strong></span> <span class='ocrx_word' id='word_1_182' title='bbox 2500 1462 2619 1501; x_wconf 90' lang='lat' dir='ltr'><strong>eam</strong></span> <span class='ocrx_word' id='word_1_183' title='bbox 2662 1447 2895 1500; x_wconf 74' lang='lat' dir='ltr'><strong>maxime</strong></span> <span class='ocrx_word' id='word_1_184' title='bbox 2932 1444 3306 1514; x_wconf 88' lang='lat' dir='ltr'><strong>probaremus,</strong></span> <span class='ocrx_word' id='word_1_185' title='bbox 3345 1441 3439 1497; x_wconf 87' lang='lat' dir='ltr'><strong>sed</strong></span> <span class='ocrx_word' id='word_1_186' title='bbox 3469 1439 3616 1510; x_wconf 87' lang='lat' dir='ltr'><strong>quod</strong></span> 
     </span>
    </p>
   </div>
   <div class='ocr_carea' id='block_1_14' title="bbox 300 1536 3618 1611">
    <p class='ocr_par' dir='ltr' id='par_1_14' title="bbox 300 1536 3618 1611">
     <span class='ocr_line' id='line_1_14' title="bbox 300 1536 3618 1611; baseline -0.003 -15"><span class='ocrx_word' id='word_1_187' title='bbox 300 1542 396 1611; x_wconf 87' lang='lat' dir='ltr'><strong>qui</strong></span> <span class='ocrx_word' id='word_1_188' title='bbox 427 1544 529 1598; x_wconf 89' lang='lat' dir='ltr'><strong>hoc</strong></span> <span class='ocrx_word' id='word_1_189' title='bbox 562 1543 616 1596; x_wconf 91' lang='lat' dir='ltr'><strong>in</strong></span> <span class='ocrx_word' id='word_1_190' title='bbox 646 1542 1039 1609; x_wconf 88' lang='lat' dir='ltr'><strong>compositione</strong></span> <span class='ocrx_word' id='word_1_191' title='bbox 1073 1540 1197 1594; x_wconf 81' lang='lat' dir='ltr'><strong>facit</strong></span> <span class='ocrx_word' id='word_1_192' title='bbox 1221 1540 1389 1594; x_wconf 89' lang='lat' dir='ltr'><strong>falsus</strong></span> <span class='ocrx_word' id='word_1_193' title='bbox 1419 1548 1534 1607; x_wconf 92' lang='lat' dir='ltr'><strong>est,</strong></span> <span class='ocrx_word' id='word_1_194' title='bbox 1583 1547 1639 1592; x_wconf 92' lang='lat' dir='ltr'><strong>ut</strong></span> <span class='ocrx_word' id='word_1_195' title='bbox 1661 1553 1782 1592; x_wconf 91' lang='lat' dir='ltr'><strong>cum</strong></span> <span class='ocrx_word' id='word_1_196' title='bbox 1816 1538 1910 1591; x_wconf 89' lang='lat' dir='ltr'><strong>ho-</strong></span> <span class='ocrx_word' id='word_1_197' title='bbox 2013 1544 2101 1597; x_wconf 79' lang='lat' dir='ltr'><strong>hic</strong></span> <span class='ocrx_word' id='word_1_198' title='bbox 2144 1544 2281 1598; x_wconf 79' lang='lat' dir='ltr'><strong>liber</strong></span> <span class='ocrx_word' id='word_1_199' title='bbox 2309 1541 2376 1595; x_wconf 83' lang='lat' dir='ltr'><strong>ad</strong></span> <span class='ocrx_word' id='word_1_200' title='bbox 2410 1540 2830 1609; x_wconf 66' lang='lat' dir='ltr'><strong>prmdicamenta</strong></span> <span class='ocrx_word' id='word_1_201' title='bbox 2862 1536 3203 1605; x_wconf 88' lang='lat' dir='ltr'><strong>conscriptus</strong></span> <span class='ocrx_word' id='word_1_202' title='bbox 3234 1543 3340 1601; x_wconf 88' lang='lat' dir='ltr'><strong>est,</strong></span> <span class='ocrx_word' id='word_1_203' title='bbox 3381 1546 3618 1605; x_wconf 86' lang='lat' dir='ltr'><strong>quorum</strong></span> 
     </span>
    </p>
   </div>
   <div class='ocr_carea' id='block_1_15' title="bbox 302 1631 2679 1703">
    <p class='ocr_par' dir='ltr' id='par_1_15' title="bbox 302 1631 2679 1703">
     <span class='ocr_line' id='line_1_15' title="bbox 302 1631 2679 1703; baseline -0.003 -14"><span class='ocrx_word' id='word_1_204' title='bbox 302 1637 507 1690; x_wconf 85' lang='lat' dir='ltr'><strong>minem</strong></span> <span class='ocrx_word' id='word_1_205' title='bbox 548 1643 708 1703; x_wconf 89' lang='lat' dir='ltr'><strong>atque</strong></span> <span class='ocrx_word' id='word_1_206' title='bbox 750 1648 944 1700; x_wconf 86' lang='lat' dir='ltr'><strong>equum</strong></span> <span class='ocrx_word' id='word_1_207' title='bbox 965 1631 1199 1700; x_wconf 76' lang='lat' dir='ltr'><strong>iungens</strong></span> <span class='ocrx_word' id='word_1_208' title='bbox 1239 1641 1389 1700; x_wconf 85' lang='lat' dir='ltr'><strong>putat</strong></span> <span class='ocrx_word' id='word_1_209' title='bbox 1418 1646 1537 1685; x_wconf 75' lang='lat' dir='ltr'><strong>esse</strong></span> <span class='ocrx_word' id='word_1_210' title='bbox 1564 1645 1905 1685; x_wconf 80' lang='lat' dir='ltr'><strong>centaurum.</strong></span> <span class='ocrx_word' id='word_1_211' title='bbox 2011 1636 2335 1689; x_wconf 79' lang='lat' dir='ltr'><strong>Aristoteles</strong></span> <span class='ocrx_word' id='word_1_212' title='bbox 2364 1644 2555 1687; x_wconf 82' lang='lat' dir='ltr'><strong>auctor</strong></span> <span class='ocrx_word' id='word_1_213' title='bbox 2578 1643 2679 1686; x_wconf 88' lang='lat' dir='ltr'><strong>est.</strong></span> 
     </span>
    </p>
   </div>
   <div class='ocr_carea' id='block_1_16' title="bbox 307 1717 3619 1797">
    <p class='ocr_par' dir='ltr' id='par_1_16' title="bbox 307 1717 3619 1797">
     <span class='ocr_line' id='line_1_16' title="bbox 307 1717 3619 1797; baseline -0.003 -17"><span class='ocrx_word' id='word_1_214' title='bbox 307 1728 413 1794; x_wconf 80' lang='lat' dir='ltr'><strong>Qui</strong></span> <span class='ocrx_word' id='word_1_215' title='bbox 450 1741 579 1780; x_wconf 91' lang='lat' dir='ltr'><strong>vero</strong></span> <span class='ocrx_word' id='word_1_216' title='bbox 607 1725 662 1779; x_wconf 92' lang='lat' dir='ltr'><strong>id</strong></span> <span class='ocrx_word' id='word_1_217' title='bbox 694 1725 746 1778; x_wconf 91' lang='lat' dir='ltr'><strong>in</strong></span> <span class='ocrx_word' id='word_1_218' title='bbox 788 1724 1141 1777; x_wconf 79' lang='lat' dir='ltr'><strong>divisionibus</strong></span> <span class='ocrx_word' id='word_1_219' title='bbox 1170 1734 1223 1777; x_wconf 90' lang='lat' dir='ltr'><strong>et</strong></span> <span class='ocrx_word' id='word_1_220' title='bbox 1254 1721 1706 1777; x_wconf 81' lang='lat' dir='ltr'><strong>abstractionibus</strong></span> <span class='ocrx_word' id='word_1_221' title='bbox 1746 1733 1907 1790; x_wconf 89' lang='lat' dir='ltr'><strong>atque</strong></span> <span class='ocrx_word' id='word_1_222' title='bbox 1996 1790 1999 1791; x_wconf 17' lang='grc' dir='ltr'><em>ν</em></span> <span class='ocrx_word' id='word_1_223' title='bbox 2088 1727 2205 1782; x_wconf 82' lang='lat' dir='ltr'><strong>Hoc</strong></span> <span class='ocrx_word' id='word_1_224' title='bbox 2232 1743 2372 1789; x_wconf 81' lang='lat' dir='ltr'><strong>vero,</strong></span> <span class='ocrx_word' id='word_1_225' title='bbox 2399 1724 2834 1797; x_wconf 85' lang='lat' dir='ltr'><strong>quemadmodum</strong></span> <span class='ocrx_word' id='word_1_226' title='bbox 2883 1723 2946 1777; x_wconf 83' lang='lat' dir='ltr'><strong>de</strong></span> <span class='ocrx_word' id='word_1_227' title='bbox 2991 1720 3073 1776; x_wconf 79' lang='lat' dir='ltr'><strong>Itis</strong></span> <span class='ocrx_word' id='word_1_228' title='bbox 3113 1737 3175 1776; x_wconf 86' lang='lat' dir='ltr'><strong>ac</strong></span> <span class='ocrx_word' id='word_1_229' title='bbox 3224 1720 3289 1774; x_wconf 82' lang='lat' dir='ltr'><strong>de</strong></span> <span class='ocrx_word' id='word_1_230' title='bbox 3334 1717 3619 1789; x_wconf 76' lang='lat' dir='ltr'><strong>prepositis</strong></span> 
     </span>
    </p>
   </div>
   <div class='ocr_carea' id='block_1_17' title="bbox 307 1806 3622 1888">
    <p class='ocr_par' dir='ltr' id='par_1_17' title="bbox 307 1806 3622 1888">
     <span class='ocr_line' id='line_1_17' title="bbox 307 1806 3622 1888; baseline -0.003 -14"><span class='ocrx_word' id='word_1_231' title='bbox 307 1819 676 1888; x_wconf 82' lang='lat' dir='ltr'><strong>assumptibus</strong></span> <span class='ocrx_word' id='word_1_232' title='bbox 704 1818 772 1872; x_wconf 90' lang='lat' dir='ltr'><strong>ab</strong></span> <span class='ocrx_word' id='word_1_233' title='bbox 801 1816 884 1871; x_wconf 86' lang='lat' dir='ltr'><strong>his</strong></span> <span class='ocrx_word' id='word_1_234' title='bbox 914 1818 1075 1872; x_wconf 91' lang='lat' dir='ltr'><strong>rebus</strong></span> <span class='ocrx_word' id='word_1_235' title='bbox 1119 1820 1169 1871; x_wconf 90' lang='lat' dir='ltr'><strong>in</strong></span> <span class='ocrx_word' id='word_1_236' title='bbox 1198 1818 1392 1887; x_wconf 89' lang='lat' dir='ltr'><strong>quibus</strong></span> <span class='ocrx_word' id='word_1_237' title='bbox 1423 1827 1546 1871; x_wconf 90' lang='lat' dir='ltr'><strong>sunt</strong></span> <span class='ocrx_word' id='word_1_238' title='bbox 1583 1815 1765 1883; x_wconf 92' lang='lat' dir='ltr'><strong>efﬁcit,</strong></span> <span class='ocrx_word' id='word_1_239' title='bbox 1799 1831 1905 1871; x_wconf 86' lang='lat' dir='ltr'><strong>non</strong></span> <span class='ocrx_word' id='word_1_240' title='bbox 1935 1806 1987 1868; x_wconf 82' lang='grc' dir='ltr'><strong>Β</strong></span> <span class='ocrx_word' id='word_1_241' title='bbox 2014 1819 2346 1887; x_wconf 81' lang='lat' dir='ltr'><strong>probabiliter</strong></span> <span class='ocrx_word' id='word_1_242' title='bbox 2387 1817 2587 1887; x_wconf 77' lang='lat' dir='ltr'><strong>antiqui</strong></span> <span class='ocrx_word' id='word_1_243' title='bbox 2636 1823 3024 1880; x_wconf 77' lang='lat' dir='ltr'><strong>tractaverunt,</strong></span> <span class='ocrx_word' id='word_1_244' title='bbox 3071 1823 3121 1868; x_wconf 81' lang='lat' dir='ltr'><strong>et</strong></span> <span class='ocrx_word' id='word_1_245' title='bbox 3167 1812 3354 1867; x_wconf 84' lang='lat' dir='ltr'><strong>horum</strong></span> <span class='ocrx_word' id='word_1_246' title='bbox 3398 1810 3622 1866; x_wconf 72' lang='lat' dir='ltr'><strong>maxime</strong></span> 
     </span>
    </p>
   </div>
   <div class='ocr_carea' id='block_1_18' title="bbox 304 1907 3233 1980">
    <p class='ocr_par' dir='ltr' id='par_1_18' title="bbox 304 1907 3233 1980">
     <span class='ocr_line' id='line_1_18' title="bbox 304 1907 3233 1980; baseline -0.002 -14"><span class='ocrx_word' id='word_1_247' title='bbox 304 1912 472 1966; x_wconf 80' lang='lat' dir='ltr'><strong>modo</strong></span> <span class='ocrx_word' id='word_1_248' title='bbox 523 1912 688 1965; x_wconf 74' lang='lat' dir='ltr'><strong>falsus</strong></span> <span class='ocrx_word' id='word_1_249' title='bbox 739 1927 845 1964; x_wconf 87' lang='lat' dir='ltr'><strong>non</strong></span> <span class='ocrx_word' id='word_1_250' title='bbox 909 1920 1030 1975; x_wconf 88' lang='lat' dir='ltr'><strong>est,</strong></span> <span class='ocrx_word' id='word_1_251' title='bbox 1063 1925 1253 1964; x_wconf 89' lang='lat' dir='ltr'><strong>verum</strong></span> <span class='ocrx_word' id='word_1_252' title='bbox 1290 1910 1477 1971; x_wconf 67' lang='lat' dir='ltr'><strong>etiam</strong></span> <span class='ocrx_word' id='word_1_253' title='bbox 1511 1910 1658 1963; x_wconf 84' lang='lat' dir='ltr'><strong>solus</strong></span> <span class='ocrx_word' id='word_1_254' title='bbox 1709 1909 1910 1964; x_wconf 83' lang='lat' dir='ltr'><strong>intelle-</strong></span> <span class='ocrx_word' id='word_1_255' title='bbox 2018 1909 2374 1980; x_wconf 78' lang='lat' dir='ltr'><strong>Peripatetici,</strong></span> <span class='ocrx_word' id='word_1_256' title='bbox 2402 1909 2494 1962; x_wconf 85' lang='lat' dir='ltr'><strong>tibi</strong></span> <span class='ocrx_word' id='word_1_257' title='bbox 2522 1925 2658 1963; x_wconf 85' lang='lat' dir='ltr'><strong>nunc</strong></span> <span class='ocrx_word' id='word_1_258' title='bbox 2684 1907 2891 1962; x_wconf 85' lang='lat' dir='ltr'><strong>tentabo</strong></span> <span class='ocrx_word' id='word_1_259' title='bbox 2923 1917 3233 1963; x_wconf 79' lang='lat' dir='ltr'><strong>monstrare.</strong></span> 
     </span>
    </p>
   </div>
   <div class='ocr_carea' id='block_1_19' title="bbox 304 2000 3624 2073">
    <p class='ocr_par' dir='ltr' id='par_1_19' title="bbox 304 2000 3624 2073">
     <span class='ocr_line' id='line_1_19' title="bbox 304 2000 3624 2073; baseline -0.001 -16"><span class='ocrx_word' id='word_1_260' title='bbox 304 2017 429 2058; x_wconf 89' lang='lat' dir='ltr'><strong>ctus</strong></span> <span class='ocrx_word' id='word_1_261' title='bbox 461 2003 510 2056; x_wconf 89' lang='lat' dir='ltr'><strong>id</strong></span> <span class='ocrx_word' id='word_1_262' title='bbox 537 2004 680 2073; x_wconf 90' lang='lat' dir='ltr'><strong>quod</strong></span> <span class='ocrx_word' id='word_1_263' title='bbox 725 2003 776 2055; x_wconf 91' lang='lat' dir='ltr'><strong>in</strong></span> <span class='ocrx_word' id='word_1_264' title='bbox 811 2004 1140 2071; x_wconf 87' lang='lat' dir='ltr'><strong>proprietate</strong></span> <span class='ocrx_word' id='word_1_265' title='bbox 1184 2017 1368 2057; x_wconf 89' lang='lat' dir='ltr'><strong>verum</strong></span> <span class='ocrx_word' id='word_1_266' title='bbox 1409 2011 1493 2057; x_wconf 89' lang='lat' dir='ltr'><strong>est</strong></span> <span class='ocrx_word' id='word_1_267' title='bbox 1532 2004 1775 2056; x_wconf 79' lang='lat' dir='ltr'><strong>invenire</strong></span> <span class='ocrx_word' id='word_1_268' title='bbox 1810 2017 1910 2071; x_wconf 92' lang='lat' dir='ltr'><strong>po-</strong></span> <span class='ocrx_word' id='word_1_269' title='bbox 1998 2058 2005 2059; x_wconf 56' lang='lat'><strong><em>,</em></strong></span> <span class='ocrx_word' id='word_1_270' title='bbox 2088 2003 2477 2057; x_wconf 72' lang='lat' dir='ltr'><strong>Prarterntissis</strong></span> <span class='ocrx_word' id='word_1_271' title='bbox 2513 2002 2598 2057; x_wconf 89' lang='lat' dir='ltr'><strong>bis</strong></span> <span class='ocrx_word' id='word_1_272' title='bbox 2624 2001 3033 2071; x_wconf 69' lang='lat' dir='ltr'><strong>qumstionibus,</strong></span> <span class='ocrx_word' id='word_1_273' title='bbox 3075 2015 3208 2070; x_wconf 90' lang='lat' dir='ltr'><strong>quas</strong></span> <span class='ocrx_word' id='word_1_274' title='bbox 3241 2000 3462 2056; x_wconf 87' lang='lat' dir='ltr'><strong>altiores</strong></span> <span class='ocrx_word' id='word_1_275' title='bbox 3499 2013 3624 2055; x_wconf 80' lang='lat' dir='ltr'><strong>essu</strong></span> 
     </span>
    </p>
   </div>
   <div class='ocr_carea' id='block_1_20' title="bbox 307 2080 3624 2167">
    <p class='ocr_par' dir='ltr' id='par_1_20' title="bbox 307 2080 3624 2167">
     <span class='ocr_line' id='line_1_20' title="bbox 307 2080 3624 2167; baseline -0.002 -16"><span class='ocrx_word' id='word_1_276' title='bbox 307 2106 435 2154; x_wconf 91' lang='lat' dir='ltr'><strong>test.</strong></span> <span class='ocrx_word' id='word_1_277' title='bbox 468 2097 606 2151; x_wconf 91' lang='lat' dir='ltr'><strong>Sunt</strong></span> <span class='ocrx_word' id='word_1_278' title='bbox 636 2095 800 2167; x_wconf 89' lang='lat' dir='ltr'><strong>igitur</strong></span> <span class='ocrx_word' id='word_1_279' title='bbox 824 2080 1132 2165; x_wconf 80' lang='lat' dir='ltr'><strong>hujuSmodi</strong></span> <span class='ocrx_word' id='word_1_280' title='bbox 1156 2111 1243 2151; x_wconf 87' lang='lat' dir='ltr'><strong>res</strong></span> <span class='ocrx_word' id='word_1_281' title='bbox 1271 2097 1322 2151; x_wconf 94' lang='lat' dir='ltr'><strong>in</strong></span> <span class='ocrx_word' id='word_1_282' title='bbox 1346 2096 1718 2164; x_wconf 87' lang='lat' dir='ltr'><strong>corporalibus</strong></span> <span class='ocrx_word' id='word_1_283' title='bbox 1747 2092 1909 2165; x_wconf 82' lang='lat' dir='ltr'><strong>alque</strong></span> <span class='ocrx_word' id='word_1_284' title='bbox 2018 2096 2260 2163; x_wconf 78' lang='lat' dir='ltr'><strong>praztlicit</strong></span> <span class='ocrx_word' id='word_1_285' title='bbox 2282 2137 2298 2162; x_wconf 91' lang='lat'><strong>,</strong></span> <span class='ocrx_word' id='word_1_286' title='bbox 2329 2103 2551 2165; x_wconf 80' lang='lat' dir='ltr'><strong>exoptat</strong></span> <span class='ocrx_word' id='word_1_287' title='bbox 2610 2093 2941 2150; x_wconf 84' lang='lat' dir='ltr'><strong>mediocrem</strong></span> <span class='ocrx_word' id='word_1_288' title='bbox 3000 2093 3380 2149; x_wconf 90' lang='lat' dir='ltr'><strong>introductorii</strong></span> <span class='ocrx_word' id='word_1_289' title='bbox 3442 2093 3624 2161; x_wconf 75' lang='lat' dir='ltr'><strong>operis</strong></span> 
     </span>
    </p>
   </div>
   <div class='ocr_carea' id='block_1_21' title="bbox 308 2185 3624 2259">
    <p class='ocr_par' dir='ltr' id='par_1_21' title="bbox 308 2185 3624 2259">
     <span class='ocr_line' id='line_1_21' title="bbox 308 2185 3624 2259; baseline -0.002 -14"><span class='ocrx_word' id='word_1_290' title='bbox 308 2192 362 2245; x_wconf 90' lang='lat' dir='ltr'><strong>in</strong></span> <span class='ocrx_word' id='word_1_291' title='bbox 390 2190 735 2246; x_wconf 89' lang='lat' dir='ltr'><strong>sensibilibus</strong></span> <span class='ocrx_word' id='word_1_292' title='bbox 759 2189 1336 2259; x_wconf 81' lang='lat' dir='ltr'><strong>rebus.lntelliguntur</strong></span> <span class='ocrx_word' id='word_1_293' title='bbox 1363 2200 1543 2245; x_wconf 92' lang='lat' dir='ltr'><strong>autem</strong></span> <span class='ocrx_word' id='word_1_294' title='bbox 1569 2199 1767 2258; x_wconf 66' lang='lat' dir='ltr'><strong>praeter</strong></span> <span class='ocrx_word' id='word_1_295' title='bbox 1791 2204 1909 2243; x_wconf 86' lang='lat' dir='ltr'><strong>sen-</strong></span> <span class='ocrx_word' id='word_1_296' title='bbox 2017 2201 2339 2256; x_wconf 88' lang='lat' dir='ltr'><strong>tractatum;</strong></span> <span class='ocrx_word' id='word_1_297' title='bbox 2387 2189 2482 2246; x_wconf 90' lang='lat' dir='ltr'><strong>sed</strong></span> <span class='ocrx_word' id='word_1_298' title='bbox 2522 2206 2589 2244; x_wconf 92' lang='lat' dir='ltr'><strong>ne</strong></span> <span class='ocrx_word' id='word_1_299' title='bbox 2635 2192 2750 2259; x_wconf 90' lang='lat' dir='ltr'><strong>ipsa</strong></span> <span class='ocrx_word' id='word_1_300' title='bbox 2791 2190 2981 2244; x_wconf 86' lang='lat' dir='ltr'><strong>barum</strong></span> <span class='ocrx_word' id='word_1_301' title='bbox 3012 2188 3369 2259; x_wconf 67' lang='lat' dir='ltr'><strong>quaestionum</strong></span> <span class='ocrx_word' id='word_1_302' title='bbox 3399 2185 3624 2240; x_wconf 66' lang='lat' dir='ltr'><strong>emissio</strong></span> 
     </span>
    </p>
   </div>
   <div class='ocr_carea' id='block_1_22' title="bbox 308 2279 3625 2354">
    <p class='ocr_par' dir='ltr' id='par_1_22' title="bbox 308 2279 3625 2354">
     <span class='ocr_line' id='line_1_22' title="bbox 308 2279 3625 2354; baseline 0 -17"><span class='ocrx_word' id='word_1_303' title='bbox 308 2282 512 2351; x_wconf 87' lang='lat' dir='ltr'><strong>sibilia,</strong></span> <span class='ocrx_word' id='word_1_304' title='bbox 554 2292 613 2336; x_wconf 92' lang='lat' dir='ltr'><strong>ut</strong></span> <span class='ocrx_word' id='word_1_305' title='bbox 640 2297 828 2336; x_wconf 89' lang='lat' dir='ltr'><strong>eorum</strong></span> <span class='ocrx_word' id='word_1_306' title='bbox 868 2291 1057 2336; x_wconf 88' lang='lat' dir='ltr'><strong>natura</strong></span> <span class='ocrx_word' id='word_1_307' title='bbox 1107 2283 1339 2351; x_wconf 89' lang='lat' dir='ltr'><strong>perspici</strong></span> <span class='ocrx_word' id='word_1_308' title='bbox 1388 2293 1441 2337; x_wconf 88' lang='lat' dir='ltr'><strong>et</strong></span> <span class='ocrx_word' id='word_1_309' title='bbox 1483 2283 1782 2352; x_wconf 50' lang='lat' dir='ltr'><strong>praprii&#39;tas</strong></span> <span class='ocrx_word' id='word_1_310' title='bbox 1811 2298 1905 2336; x_wconf 88' lang='lat' dir='ltr'><strong>va-</strong></span> <span class='ocrx_word' id='word_1_311' title='bbox 2015 2286 2146 2340; x_wconf 86' lang='lat' dir='ltr'><strong>vitio</strong></span> <span class='ocrx_word' id='word_1_312' title='bbox 2173 2286 2415 2351; x_wconf 88' lang='lat' dir='ltr'><strong>daretur,</strong></span> <span class='ocrx_word' id='word_1_313' title='bbox 2447 2284 2699 2354; x_wconf 89' lang='lat' dir='ltr'><strong>apposuit</strong></span> <span class='ocrx_word' id='word_1_314' title='bbox 2757 2282 3214 2354; x_wconf 89' lang='lat' dir='ltr'><strong>quemadmodum</strong></span> <span class='ocrx_word' id='word_1_315' title='bbox 3266 2282 3335 2335; x_wconf 91' lang='lat' dir='ltr'><strong>de</strong></span> <span class='ocrx_word' id='word_1_316' title='bbox 3370 2279 3625 2351; x_wconf 80' lang='lat' dir='ltr'><strong>propasi-</strong></span> 
     </span>
    </p>
   </div>
   <div class='ocr_carea' id='block_1_23' title="bbox 310 2368 3624 2447">
    <p class='ocr_par' dir='ltr' id='par_1_23' title="bbox 310 2368 3624 2447">
     <span class='ocr_line' id='line_1_23' title="bbox 310 2368 3624 2447; baseline -0.002 -18"><span class='ocrx_word' id='word_1_317' title='bbox 310 2375 843 2444; x_wconf 89' lang='lat' dir='ltr'><strong>leatcomprehendi.</strong></span> <span class='ocrx_word' id='word_1_318' title='bbox 864 2375 1128 2443; x_wconf 90' lang='lat' dir='ltr'><strong>Quocirca</strong></span> <span class='ocrx_word' id='word_1_319' title='bbox 1160 2392 1283 2430; x_wconf 87' lang='lat' dir='ltr'><strong>cum</strong></span> <span class='ocrx_word' id='word_1_320' title='bbox 1314 2388 1366 2431; x_wconf 92' lang='lat' dir='ltr'><strong>et</strong></span> <span class='ocrx_word' id='word_1_321' title='bbox 1389 2393 1583 2447; x_wconf 84' lang='lat' dir='ltr'><strong>genera</strong></span> <span class='ocrx_word' id='word_1_322' title='bbox 1617 2387 1669 2431; x_wconf 88' lang='lat' dir='ltr'><strong>et</strong></span> <span class='ocrx_word' id='word_1_323' title='bbox 1696 2368 1907 2445; x_wconf 86' lang='lat' dir='ltr'><strong>species</strong></span> <span class='ocrx_word' id='word_1_324' title='bbox 2016 2378 2089 2433; x_wconf 86' lang='lat' dir='ltr'><strong>tis</strong></span> <span class='ocrx_word' id='word_1_325' title='bbox 2128 2385 2456 2433; x_wconf 85' lang='lat' dir='ltr'><strong>tractaturus</strong></span> <span class='ocrx_word' id='word_1_326' title='bbox 2483 2385 2587 2444; x_wconf 76' lang='lat' dir='ltr'><strong>est,</strong></span> <span class='ocrx_word' id='word_1_327' title='bbox 2618 2391 2684 2431; x_wconf 82' lang='lat' dir='ltr'><strong>ex</strong></span> <span class='ocrx_word' id='word_1_328' title='bbox 2712 2388 3054 2447; x_wconf 89' lang='lat' dir='ltr'><strong>quorumque</strong></span> <span class='ocrx_word' id='word_1_329' title='bbox 3095 2373 3199 2428; x_wconf 88' lang='lat' dir='ltr'><strong>hoc</strong></span> <span class='ocrx_word' id='word_1_330' title='bbox 3223 2388 3358 2442; x_wconf 89' lang='lat' dir='ltr'><strong>opus</strong></span> <span class='ocrx_word' id='word_1_331' title='bbox 3383 2370 3624 2426; x_wconf 88' lang='lat' dir='ltr'><strong>auctori-</strong></span> 
     </span>
    </p>
   </div>
   <div class='ocr_carea' id='block_1_24' title="bbox 310 2464 3624 2540">
    <p class='ocr_par' dir='ltr' id='par_1_24' title="bbox 310 2464 3624 2540">
     <span class='ocr_line' id='line_1_24' title="bbox 310 2464 3624 2540; baseline -0.001 -17"><span class='ocrx_word' id='word_1_332' title='bbox 310 2468 646 2538; x_wconf 88' lang='lat' dir='ltr'><strong>cogitantnr,</strong></span> <span class='ocrx_word' id='word_1_333' title='bbox 680 2477 807 2522; x_wconf 90' lang='lat' dir='ltr'><strong>tunc</strong></span> <span class='ocrx_word' id='word_1_334' title='bbox 835 2482 902 2522; x_wconf 81' lang='lat' dir='ltr'><strong>ex</strong></span> <span class='ocrx_word' id='word_1_335' title='bbox 943 2468 1170 2538; x_wconf 81' lang='lat' dir='ltr'><strong>singulis</strong></span> <span class='ocrx_word' id='word_1_336' title='bbox 1220 2470 1271 2523; x_wconf 93' lang='lat' dir='ltr'><strong>in</strong></span> <span class='ocrx_word' id='word_1_337' title='bbox 1319 2469 1511 2538; x_wconf 90' lang='lat' dir='ltr'><strong>quibus</strong></span> <span class='ocrx_word' id='word_1_338' title='bbox 1553 2479 1679 2523; x_wconf 92' lang='lat' dir='ltr'><strong>sunt</strong></span> <span class='ocrx_word' id='word_1_339' title='bbox 1719 2485 1907 2524; x_wconf 90' lang='lat' dir='ltr'><strong>eorum</strong></span> <span class='ocrx_word' id='word_1_340' title='bbox 2017 2482 2127 2528; x_wconf 87' lang='lat' dir='ltr'><strong>tate</strong></span> <span class='ocrx_word' id='word_1_341' title='bbox 2157 2471 2422 2527; x_wconf 78' lang='lat' dir='ltr'><strong>subnixus</strong></span> <span class='ocrx_word' id='word_1_342' title='bbox 2458 2469 2767 2540; x_wconf 85' lang='lat' dir='ltr'><strong>aggreditur</strong></span> <span class='ocrx_word' id='word_1_343' title='bbox 2813 2478 2941 2522; x_wconf 89' lang='lat' dir='ltr'><strong>ante</strong></span> <span class='ocrx_word' id='word_1_344' title='bbox 2990 2465 3295 2521; x_wconf 90' lang='lat' dir='ltr'><strong>denuntiat.</strong></span> <span class='ocrx_word' id='word_1_345' title='bbox 3332 2464 3467 2526; x_wconf 86' lang='lat' dir='ltr'><strong>Cum</strong></span> <span class='ocrx_word' id='word_1_346' title='bbox 3510 2476 3624 2519; x_wconf 87' lang='lat' dir='ltr'><strong>me-</strong></span> 
     </span>
    </p>
   </div>
   <div class='ocr_carea' id='block_1_25' title="bbox 300 2554 3626 2631">
    <p class='ocr_par' dir='ltr' id='par_1_25' title="bbox 300 2554 3626 2631">
     <span class='ocr_line' id='line_1_25' title="bbox 300 2554 3626 2631; baseline -0.002 -16"><span class='ocrx_word' id='word_1_347' title='bbox 300 2560 609 2615; x_wconf 79' lang='lat' dir='ltr'><strong>similitudo</strong></span> <span class='ocrx_word' id='word_1_348' title='bbox 638 2560 925 2629; x_wconf 84' lang='lat' dir='ltr'><strong>colligitur,</strong></span> <span class='ocrx_word' id='word_1_349' title='bbox 962 2568 1019 2612; x_wconf 90' lang='lat' dir='ltr'><strong>ut</strong></span> <span class='ocrx_word' id='word_1_350' title='bbox 1054 2575 1119 2613; x_wconf 78' lang='lat' dir='ltr'><strong>ex</strong></span> <span class='ocrx_word' id='word_1_351' title='bbox 1161 2559 1389 2626; x_wconf 73' lang='lat' dir='ltr'><strong>singulis</strong></span> <span class='ocrx_word' id='word_1_352' title='bbox 1424 2560 1734 2615; x_wconf 89' lang='lat' dir='ltr'><strong>hominibus</strong></span> <span class='ocrx_word' id='word_1_353' title='bbox 1767 2560 1908 2615; x_wconf 84' lang='lat' dir='ltr'><strong>inter</strong></span> <span class='ocrx_word' id='word_1_354' title='bbox 2016 2564 2352 2619; x_wconf 88' lang='lat' dir='ltr'><strong>diocritatem</strong></span> <span class='ocrx_word' id='word_1_355' title='bbox 2381 2562 2600 2631; x_wconf 91' lang='lat' dir='ltr'><strong>quidem</strong></span> <span class='ocrx_word' id='word_1_356' title='bbox 2633 2568 2961 2617; x_wconf 84' lang='lat' dir='ltr'><strong>tractaturus</strong></span> <span class='ocrx_word' id='word_1_357' title='bbox 2985 2558 3248 2630; x_wconf 89' lang='lat' dir='ltr'><strong>promittit</strong></span> <span class='ocrx_word' id='word_1_358' title='bbox 3270 2557 3508 2612; x_wconf 88' lang='lat' dir='ltr'><strong>detracta</strong></span> <span class='ocrx_word' id='word_1_359' title='bbox 3528 2554 3626 2608; x_wconf 87' lang='lat' dir='ltr'><strong>ob-</strong></span> 
     </span>
    </p>
   </div>
   <div class='ocr_carea' id='block_1_26' title="bbox 316 2650 3621 2721">
    <p class='ocr_par' dir='ltr' id='par_1_26' title="bbox 316 2650 3621 2721">
     <span class='ocr_line' id='line_1_26' title="bbox 316 2650 3621 2721; baseline -0.001 -17"><span class='ocrx_word' id='word_1_360' title='bbox 316 2665 379 2705; x_wconf 91' lang='lat' dir='ltr'><strong>se</strong></span> <span class='ocrx_word' id='word_1_361' title='bbox 423 2650 771 2705; x_wconf 84' lang='lat' dir='ltr'><strong>dissimilibus</strong></span> <span class='ocrx_word' id='word_1_362' title='bbox 810 2650 1157 2705; x_wconf 87' lang='lat' dir='ltr'><strong>humanitatis</strong></span> <span class='ocrx_word' id='word_1_363' title='bbox 1204 2652 1523 2714; x_wconf 89' lang='lat' dir='ltr'><strong>similitudo,</strong></span> <span class='ocrx_word' id='word_1_364' title='bbox 1550 2667 1670 2721; x_wconf 85' lang='lat' dir='ltr'><strong>quae</strong></span> <span class='ocrx_word' id='word_1_365' title='bbox 1718 2652 1910 2707; x_wconf 85' lang='lat' dir='ltr'><strong>simili-</strong></span> <span class='ocrx_word' id='word_1_366' title='bbox 2015 2658 2292 2712; x_wconf 79' lang='lat' dir='ltr'><strong>scuritatis</strong></span> <span class='ocrx_word' id='word_1_367' title='bbox 2351 2654 2713 2718; x_wconf 84' lang='lat' dir='ltr'><strong>difﬁcultate,</strong></span> <span class='ocrx_word' id='word_1_368' title='bbox 2753 2655 2993 2709; x_wconf 85' lang='lat' dir='ltr'><strong>animum</strong></span> <span class='ocrx_word' id='word_1_369' title='bbox 3040 2651 3260 2708; x_wconf 88' lang='lat' dir='ltr'><strong>lectoris</strong></span> <span class='ocrx_word' id='word_1_370' title='bbox 3309 2650 3498 2702; x_wconf 81' lang='lat' dir='ltr'><strong>invitat</strong></span> <span class='ocrx_word' id='word_1_371' title='bbox 3560 2655 3621 2700; x_wconf 89' lang='lat' dir='ltr'><strong>ut</strong></span> 
     </span>
    </p>
   </div>
   <div class='ocr_carea' id='block_1_27' title="bbox 317 2741 3625 2817">
    <p class='ocr_par' dir='ltr' id='par_1_27' title="bbox 317 2741 3625 2817">
     <span class='ocr_line' id='line_1_27' title="bbox 317 2741 3625 2817; baseline -0.001 -22"><span class='ocrx_word' id='word_1_372' title='bbox 317 2741 448 2797; x_wconf 91' lang='lat' dir='ltr'><strong>tudo</strong></span> <span class='ocrx_word' id='word_1_373' title='bbox 486 2743 712 2811; x_wconf 85' lang='lat' dir='ltr'><strong>cogitata</strong></span> <span class='ocrx_word' id='word_1_374' title='bbox 743 2745 923 2797; x_wconf 89' lang='lat' dir='ltr'><strong>animo</strong></span> <span class='ocrx_word' id='word_1_375' title='bbox 952 2745 1327 2813; x_wconf 89' lang='lat' dir='ltr'><strong>veraciterque</strong></span> <span class='ocrx_word' id='word_1_376' title='bbox 1357 2756 1640 2813; x_wconf 90' lang='lat' dir='ltr'><strong>perspecta</strong></span> <span class='ocrx_word' id='word_1_377' title='bbox 1681 2744 1739 2798; x_wconf 90' lang='lat' dir='ltr'><strong>ﬁt</strong></span> <span class='ocrx_word' id='word_1_378' title='bbox 1784 2760 1910 2813; x_wconf 81' lang='lat' dir='ltr'><strong>spe-</strong></span> <span class='ocrx_word' id='word_1_379' title='bbox 2017 2764 2150 2803; x_wconf 91' lang='lat' dir='ltr'><strong>vero</strong></span> <span class='ocrx_word' id='word_1_380' title='bbox 2188 2747 2499 2817; x_wconf 89' lang='lat' dir='ltr'><strong>acquiescat</strong></span> <span class='ocrx_word' id='word_1_381' title='bbox 2545 2760 2609 2801; x_wconf 90' lang='lat' dir='ltr'><strong>ac</strong></span> <span class='ocrx_word' id='word_1_382' title='bbox 2656 2746 2813 2801; x_wconf 89' lang='lat' dir='ltr'><strong>sileat</strong></span> <span class='ocrx_word' id='word_1_383' title='bbox 2860 2745 2926 2799; x_wconf 92' lang='lat' dir='ltr'><strong>ad</strong></span> <span class='ocrx_word' id='word_1_384' title='bbox 2959 2742 3011 2798; x_wconf 90' lang='lat' dir='ltr'><strong>id</strong></span> <span class='ocrx_word' id='word_1_385' title='bbox 3042 2742 3183 2813; x_wconf 91' lang='lat' dir='ltr'><strong>quod</strong></span> <span class='ocrx_word' id='word_1_386' title='bbox 3234 2742 3473 2811; x_wconf 91' lang='lat' dir='ltr'><strong>picturus</strong></span> <span class='ocrx_word' id='word_1_387' title='bbox 3518 2745 3625 2804; x_wconf 82' lang='lat' dir='ltr'><strong>est,</strong></span> 
     </span>
    </p>
   </div>
   <div class='ocr_carea' id='block_1_28' title="bbox 310 2831 3624 2908">
    <p class='ocr_par' dir='ltr' id='par_1_28' title="bbox 310 2831 3624 2908">
     <span class='ocr_line' id='line_1_28' title="bbox 310 2831 3624 2908; baseline -0.002 -19"><span class='ocrx_word' id='word_1_388' title='bbox 310 2833 448 2898; x_wconf 90' lang='lat' dir='ltr'><strong>cies,</strong></span> <span class='ocrx_word' id='word_1_389' title='bbox 477 2849 700 2904; x_wconf 86' lang='lat' dir='ltr'><strong>quarum</strong></span> <span class='ocrx_word' id='word_1_390' title='bbox 737 2836 1037 2902; x_wconf 87' lang='lat' dir='ltr'><strong>specierum</strong></span> <span class='ocrx_word' id='word_1_391' title='bbox 1073 2851 1262 2890; x_wconf 89' lang='lat' dir='ltr'><strong>rursus</strong></span> <span class='ocrx_word' id='word_1_392' title='bbox 1292 2837 1626 2892; x_wconf 90' lang='lat' dir='ltr'><strong>diversarum</strong></span> <span class='ocrx_word' id='word_1_393' title='bbox 1657 2837 1908 2893; x_wconf 86' lang='lat' dir='ltr'><strong>conside—</strong></span> <span class='ocrx_word' id='word_1_394' title='bbox 2016 2838 2500 2908; x_wconf 88' lang='lat' dir='ltr'><strong>Peripateticorum</strong></span> <span class='ocrx_word' id='word_1_395' title='bbox 2552 2840 2875 2893; x_wconf 85' lang='lat' dir='ltr'><strong>auctoritate</strong></span> <span class='ocrx_word' id='word_1_396' title='bbox 2914 2835 3222 2891; x_wconf 82' lang='lat' dir='ltr'><strong>confirmat.</strong></span> <span class='ocrx_word' id='word_1_397' title='bbox 3274 2835 3451 2902; x_wconf 84' lang='lat' dir='ltr'><strong>Atque</strong></span> <span class='ocrx_word' id='word_1_398' title='bbox 3500 2831 3624 2886; x_wconf 91' lang='lat' dir='ltr'><strong>ideo</strong></span> 
     </span>
    </p>
   </div>
   <div class='ocr_carea' id='block_1_29' title="bbox 314 2925 3626 3001">
    <p class='ocr_par' dir='ltr' id='par_1_29' title="bbox 314 2925 3626 3001">
     <span class='ocr_line' id='line_1_29' title="bbox 314 2925 3626 3001; baseline -0.001 -20"><span class='ocrx_word' id='word_1_399' title='bbox 314 2936 428 2981; x_wconf 81' lang='lat' dir='ltr'><strong>rata</strong></span> <span class='ocrx_word' id='word_1_400' title='bbox 477 2927 792 2990; x_wconf 87' lang='lat' dir='ltr'><strong>similitudo,</strong></span> <span class='ocrx_word' id='word_1_401' title='bbox 827 2943 947 2996; x_wconf 67' lang='lat' dir='ltr'><strong>qua:</strong></span> <span class='ocrx_word' id='word_1_402' title='bbox 999 2928 1100 2982; x_wconf 89' lang='lat' dir='ltr'><strong>nisi</strong></span> <span class='ocrx_word' id='word_1_403' title='bbox 1149 2929 1200 2981; x_wconf 92' lang='lat' dir='ltr'><strong>in</strong></span> <span class='ocrx_word' id='word_1_404' title='bbox 1228 2929 1359 2998; x_wconf 90' lang='lat' dir='ltr'><strong>ipsis</strong></span> <span class='ocrx_word' id='word_1_405' title='bbox 1397 2929 1684 2997; x_wconf 90' lang='lat' dir='ltr'><strong>speciebus</strong></span> <span class='ocrx_word' id='word_1_406' title='bbox 1712 2938 1808 2984; x_wconf 92' lang='lat' dir='ltr'><strong>aut</strong></span> <span class='ocrx_word' id='word_1_407' title='bbox 1852 2930 1905 2985; x_wconf 92' lang='lat' dir='ltr'><strong>in</strong></span> <span class='ocrx_word' id='word_1_408' title='bbox 2018 2934 2113 2996; x_wconf 90' lang='lat' dir='ltr'><strong>ait,</strong></span> <span class='ocrx_word' id='word_1_409' title='bbox 2145 2931 2214 2987; x_wconf 92' lang='lat' dir='ltr'><strong>de</strong></span> <span class='ocrx_word' id='word_1_410' title='bbox 2245 2932 2346 2989; x_wconf 82' lang='lat' dir='ltr'><strong>his.</strong></span> <span class='ocrx_word' id='word_1_411' title='bbox 2379 2932 2433 2986; x_wconf 91' lang='lat' dir='ltr'><strong>id</strong></span> <span class='ocrx_word' id='word_1_412' title='bbox 2456 2940 2538 2985; x_wconf 91' lang='lat' dir='ltr'><strong>est</strong></span> <span class='ocrx_word' id='word_1_413' title='bbox 2568 2931 2637 2986; x_wconf 89' lang='lat' dir='ltr'><strong>de</strong></span> <span class='ocrx_word' id='word_1_414' title='bbox 2675 2930 2968 3001; x_wconf 89' lang='lat' dir='ltr'><strong>generibus</strong></span> <span class='ocrx_word' id='word_1_415' title='bbox 2990 2939 3044 2985; x_wconf 91' lang='lat' dir='ltr'><strong>et</strong></span> <span class='ocrx_word' id='word_1_416' title='bbox 3088 2928 3372 2999; x_wconf 87' lang='lat' dir='ltr'><strong>speciebus</strong></span> <span class='ocrx_word' id='word_1_417' title='bbox 3408 2928 3476 2981; x_wconf 90' lang='lat' dir='ltr'><strong>de</strong></span> <span class='ocrx_word' id='word_1_418' title='bbox 3503 2925 3626 2995; x_wconf 87' lang='lat' dir='ltr'><strong>qui-</strong></span> 
     </span>
    </p>
   </div>
   <div class='ocr_carea' id='block_1_30' title="bbox 313 3016 3626 3093">
    <p class='ocr_par' dir='ltr' id='par_1_30' title="bbox 313 3016 3626 3093">
     <span class='ocr_line' id='line_1_30' title="bbox 313 3016 3626 3093; baseline 0 -21"><span class='ocrx_word' id='word_1_419' title='bbox 313 3032 502 3073; x_wconf 89' lang='lat' dir='ltr'><strong>earum</strong></span> <span class='ocrx_word' id='word_1_420' title='bbox 535 3018 823 3074; x_wconf 80' lang='lat' dir='ltr'><strong>individuis</strong></span> <span class='ocrx_word' id='word_1_421' title='bbox 852 3033 975 3074; x_wconf 84' lang='lat' dir='ltr'><strong>esse</strong></span> <span class='ocrx_word' id='word_1_422' title='bbox 1006 3034 1113 3074; x_wconf 91' lang='lat' dir='ltr'><strong>non</strong></span> <span class='ocrx_word' id='word_1_423' title='bbox 1150 3028 1349 3090; x_wconf 80' lang='lat' dir='ltr'><strong>petest,</strong></span> <span class='ocrx_word' id='word_1_424' title='bbox 1379 3019 1547 3075; x_wconf 82' lang='lat' dir='ltr'><strong>efﬁcit</strong></span> <span class='ocrx_word' id='word_1_425' title='bbox 1575 3036 1767 3091; x_wconf 85' lang='lat' dir='ltr'><strong>genus,</strong></span> <span class='ocrx_word' id='word_1_426' title='bbox 1804 3024 1905 3077; x_wconf 83' lang='lat' dir='ltr'><strong>ita-</strong></span> <span class='ocrx_word' id='word_1_427' title='bbox 2016 3024 2118 3078; x_wconf 91' lang='lat' dir='ltr'><strong>bus</strong></span> <span class='ocrx_word' id='word_1_428' title='bbox 2144 3023 2453 3093; x_wconf 90' lang='lat' dir='ltr'><strong>superiores</strong></span> <span class='ocrx_word' id='word_1_429' title='bbox 2483 3022 2740 3077; x_wconf 89' lang='lat' dir='ltr'><strong>intulerat</strong></span> <span class='ocrx_word' id='word_1_430' title='bbox 2768 3023 3123 3093; x_wconf 77' lang='lat' dir='ltr'><strong>qutestiones,</strong></span> <span class='ocrx_word' id='word_1_431' title='bbox 3179 3036 3245 3075; x_wconf 91' lang='lat' dir='ltr'><strong>ac</strong></span> <span class='ocrx_word' id='word_1_432' title='bbox 3282 3020 3349 3074; x_wconf 94' lang='lat' dir='ltr'><strong>de</strong></span> <span class='ocrx_word' id='word_1_433' title='bbox 3380 3016 3626 3087; x_wconf 81' lang='lat' dir='ltr'><strong>proposi-</strong></span> 
     </span>
    </p>
   </div>
   <div class='ocr_carea' id='block_1_31' title="bbox 315 3108 3624 3183">
    <p class='ocr_par' dir='ltr' id='par_1_31' title="bbox 315 3108 3624 3183">
     <span class='ocr_line' id='line_1_31' title="bbox 315 3108 3624 3183; baseline 0 -20"><span class='ocrx_word' id='word_1_434' title='bbox 315 3124 421 3178; x_wconf 90' lang='lat' dir='ltr'><strong>que</strong></span> <span class='ocrx_word' id='word_1_435' title='bbox 474 3111 591 3165; x_wconf 76' lang='lat' dir='ltr'><strong>htec</strong></span> <span class='ocrx_word' id='word_1_436' title='bbox 633 3121 759 3165; x_wconf 90' lang='lat' dir='ltr'><strong>sunt</strong></span> <span class='ocrx_word' id='word_1_437' title='bbox 800 3112 1017 3181; x_wconf 91' lang='lat' dir='ltr'><strong>quidem</strong></span> <span class='ocrx_word' id='word_1_438' title='bbox 1060 3114 1113 3166; x_wconf 89' lang='lat' dir='ltr'><strong>in</strong></span> <span class='ocrx_word' id='word_1_439' title='bbox 1161 3113 1545 3183; x_wconf 82' lang='lat' dir='ltr'><strong>singularibus.</strong></span> <span class='ocrx_word' id='word_1_440' title='bbox 1588 3115 1909 3183; x_wconf 79' lang='lat' dir='ltr'><strong>Cogitantur</strong></span> <span class='ocrx_word' id='word_1_441' title='bbox 2019 3119 2087 3173; x_wconf 90' lang='lat' dir='ltr'><strong>tis</strong></span> <span class='ocrx_word' id='word_1_442' title='bbox 2128 3120 2178 3171; x_wconf 92' lang='lat' dir='ltr'><strong>id</strong></span> <span class='ocrx_word' id='word_1_443' title='bbox 2208 3125 2291 3172; x_wconf 91' lang='lat' dir='ltr'><strong>est</strong></span> <span class='ocrx_word' id='word_1_444' title='bbox 2324 3115 2391 3170; x_wconf 92' lang='lat' dir='ltr'><strong>de</strong></span> <span class='ocrx_word' id='word_1_445' title='bbox 2416 3114 3014 3182; x_wconf 79' lang='lat' dir='ltr'><strong>dilferentiis,prepriis</strong></span> <span class='ocrx_word' id='word_1_446' title='bbox 3043 3124 3204 3181; x_wconf 91' lang='lat' dir='ltr'><strong>atque</strong></span> <span class='ocrx_word' id='word_1_447' title='bbox 3234 3108 3624 3176; x_wconf 88' lang='lat' dir='ltr'><strong>accidentibus,</strong></span> 
     </span>
    </p>
   </div>
   <div class='ocr_carea' id='block_1_32' title="bbox 314 3190 3627 3279">
    <p class='ocr_par' dir='ltr' id='par_1_32' title="bbox 314 3190 3627 3279">
     <span class='ocr_line' id='line_1_32' title="bbox 314 3190 3627 3279; baseline -0.001 -22"><span class='ocrx_word' id='word_1_448' title='bbox 314 3218 447 3258; x_wconf 87' lang='lat' dir='ltr'><strong>vero</strong></span> <span class='ocrx_word' id='word_1_449' title='bbox 470 3206 814 3270; x_wconf 87' lang='lat' dir='ltr'><strong>universalia,</strong></span> <span class='ocrx_word' id='word_1_450' title='bbox 840 3205 1081 3275; x_wconf 92' lang='lat' dir='ltr'><strong>nihilque</strong></span> <span class='ocrx_word' id='word_1_451' title='bbox 1111 3205 1253 3260; x_wconf 90' lang='lat' dir='ltr'><strong>aliud</strong></span> <span class='ocrx_word' id='word_1_452' title='bbox 1287 3209 1498 3275; x_wconf 90' lang='lat' dir='ltr'><strong>species</strong></span> <span class='ocrx_word' id='word_1_453' title='bbox 1525 3222 1647 3261; x_wconf 93' lang='lat' dir='ltr'><strong>esse</strong></span> <span class='ocrx_word' id='word_1_454' title='bbox 1677 3210 1916 3275; x_wconf 85' lang='lat' dir='ltr'><strong>putanda</strong></span> <span class='ocrx_word' id='word_1_455' title='bbox 1947 3190 1995 3255; x_wconf 68' lang='grc' dir='ltr'><strong>ο</strong></span> <span class='ocrx_word' id='word_1_456' title='bbox 2026 3225 2149 3267; x_wconf 79' lang='lat' dir='ltr'><strong>sese</strong></span> <span class='ocrx_word' id='word_1_457' title='bbox 2196 3208 2545 3279; x_wconf 88' lang='lat' dir='ltr'><strong>probabiliter</strong></span> <span class='ocrx_word' id='word_1_458' title='bbox 2580 3208 2978 3275; x_wconf 88' lang='lat' dir='ltr'><strong>disputaturum</strong></span> <span class='ocrx_word' id='word_1_459' title='bbox 3009 3223 3022 3257; x_wconf 91' lang='lat'><strong>:</strong></span> <span class='ocrx_word' id='word_1_460' title='bbox 3061 3205 3410 3275; x_wconf 87' lang='lat' dir='ltr'><strong>probabiliter</strong></span> <span class='ocrx_word' id='word_1_461' title='bbox 3444 3210 3627 3255; x_wconf 84' lang='lat' dir='ltr'><strong>autem</strong></span> 
     </span>
    </p>
   </div>
   <div class='ocr_carea' id='block_1_33' title="bbox 316 3296 3631 3370">
    <p class='ocr_par' dir='ltr' id='par_1_33' title="bbox 316 3296 3631 3370">
     <span class='ocr_line' id='line_1_33' title="bbox 316 3296 3631 3370; baseline 0 -23"><span class='ocrx_word' id='word_1_462' title='bbox 316 3305 420 3361; x_wconf 91' lang='lat' dir='ltr'><strong>est,</strong></span> <span class='ocrx_word' id='word_1_463' title='bbox 453 3296 554 3350; x_wconf 92' lang='lat' dir='ltr'><strong>nisi</strong></span> <span class='ocrx_word' id='word_1_464' title='bbox 593 3298 848 3365; x_wconf 88' lang='lat' dir='ltr'><strong>cogitatio</strong></span> <span class='ocrx_word' id='word_1_465' title='bbox 876 3297 1104 3352; x_wconf 89' lang='lat' dir='ltr'><strong>collecta</strong></span> <span class='ocrx_word' id='word_1_466' title='bbox 1133 3312 1202 3352; x_wconf 75' lang='lat' dir='ltr'><strong>ex</strong></span> <span class='ocrx_word' id='word_1_467' title='bbox 1246 3297 1645 3355; x_wconf 85' lang='lat' dir='ltr'><strong>individuorum</strong></span> <span class='ocrx_word' id='word_1_468' title='bbox 1676 3301 1918 3356; x_wconf 89' lang='lat' dir='ltr'><strong>dissimi-</strong></span> <span class='ocrx_word' id='word_1_469' title='bbox 2024 3305 2119 3370; x_wconf 91' lang='lat' dir='ltr'><strong>ait,</strong></span> <span class='ocrx_word' id='word_1_470' title='bbox 2154 3302 2206 3357; x_wconf 92' lang='lat' dir='ltr'><strong>id</strong></span> <span class='ocrx_word' id='word_1_471' title='bbox 2236 3311 2322 3357; x_wconf 89' lang='lat' dir='ltr'><strong>est</strong></span> <span class='ocrx_word' id='word_1_472' title='bbox 2368 3301 2767 3367; x_wconf 87' lang='lat' dir='ltr'><strong>verisimiliter,</strong></span> <span class='ocrx_word' id='word_1_473' title='bbox 2800 3300 2942 3369; x_wconf 88' lang='lat' dir='ltr'><strong>quod</strong></span> <span class='ocrx_word' id='word_1_474' title='bbox 2985 3298 3157 3354; x_wconf 69' lang='lat' dir='ltr'><strong>Graeci</strong></span> <span class='ocrx_word' id='word_1_475' title='bbox 3196 3298 3407 3368; x_wconf 74' lang='grc' dir='ltr'><strong>λογικῶς</strong></span> <span class='ocrx_word' id='word_1_476' title='bbox 3437 3297 3520 3349; x_wconf 92' lang='lat' dir='ltr'><strong>vel</strong></span> <span class='ocrx_word' id='word_1_477' title='bbox 3552 3297 3631 3348; x_wconf 77' lang='grc' dir='ltr'><strong>ἐν-</strong></span> 
     </span>
    </p>
   </div>
   <div class='ocr_carea' id='block_1_34' title="bbox 304 3388 3628 3464">
    <p class='ocr_par' dir='ltr' id='par_1_34' title="bbox 304 3388 3628 3464">
     <span class='ocr_line' id='line_1_34' title="bbox 304 3388 3628 3464; baseline -0.001 -22"><span class='ocrx_word' id='word_1_478' title='bbox 304 3389 447 3443; x_wconf 84' lang='lat' dir='ltr'><strong>lium</strong></span> <span class='ocrx_word' id='word_1_479' title='bbox 492 3388 720 3444; x_wconf 88' lang='lat' dir='ltr'><strong>numero</strong></span> <span class='ocrx_word' id='word_1_480' title='bbox 763 3390 1102 3445; x_wconf 90' lang='lat' dir='ltr'><strong>substantiali</strong></span> <span class='ocrx_word' id='word_1_481' title='bbox 1151 3391 1533 3459; x_wconf 89' lang='lat' dir='ltr'><strong>similitudine,</strong></span> <span class='ocrx_word' id='word_1_482' title='bbox 1584 3408 1754 3464; x_wconf 84' lang='lat' dir='ltr'><strong>genus</strong></span> <span class='ocrx_word' id='word_1_483' title='bbox 1785 3411 1917 3449; x_wconf 91' lang='lat' dir='ltr'><strong>vero</strong></span> <span class='ocrx_word' id='word_1_484' title='bbox 2025 3395 2184 3461; x_wconf 78' lang='grc' dir='ltr'><strong>δόξως</strong></span> <span class='ocrx_word' id='word_1_485' title='bbox 2213 3393 2417 3448; x_wconf 90' lang='lat' dir='ltr'><strong>dicunt.</strong></span> <span class='ocrx_word' id='word_1_486' title='bbox 2438 3392 2594 3461; x_wconf 68' lang='lat' dir='ltr'><strong>Saepe</strong></span> <span class='ocrx_word' id='word_1_487' title='bbox 2619 3394 2760 3446; x_wconf 86' lang='lat' dir='ltr'><strong>enim</strong></span> <span class='ocrx_word' id='word_1_488' title='bbox 2793 3402 2851 3447; x_wconf 90' lang='lat' dir='ltr'><strong>et</strong></span> <span class='ocrx_word' id='word_1_489' title='bbox 2878 3392 3019 3460; x_wconf 90' lang='lat' dir='ltr'><strong>apud</strong></span> <span class='ocrx_word' id='word_1_490' title='bbox 3039 3390 3382 3445; x_wconf 74' lang='lat' dir='ltr'><strong>Aristotelem</strong></span> <span class='ocrx_word' id='word_1_491' title='bbox 3410 3390 3628 3459; x_wconf 70' lang='grc' dir='ltr'><strong>λογικῶς</strong></span> 
     </span>
    </p>
   </div>
   <div class='ocr_carea' id='block_1_35' title="bbox 234 3480 3632 3557">
    <p class='ocr_par' dir='ltr' id='par_1_35' title="bbox 234 3480 3632 3557">
     <span class='ocr_line' id='line_1_35' title="bbox 234 3480 3632 3557; baseline -0 -22"><span class='ocrx_word' id='word_1_492' title='bbox 234 3536 252 3551; x_wconf 69' lang='grc'><em>,</em></span> <span class='ocrx_word' id='word_1_493' title='bbox 316 3480 576 3550; x_wconf 82' lang='lat' dir='ltr'><strong>cogitatio</strong></span> <span class='ocrx_word' id='word_1_494' title='bbox 601 3483 828 3537; x_wconf 89' lang='lat' dir='ltr'><strong>collecta</strong></span> <span class='ocrx_word' id='word_1_495' title='bbox 855 3492 922 3537; x_wconf 75' lang='lat' dir='ltr'><strong>ex</strong></span> <span class='ocrx_word' id='word_1_496' title='bbox 941 3484 1244 3552; x_wconf 78' lang='lat' dir='ltr'><strong>Specierum</strong></span> <span class='ocrx_word' id='word_1_497' title='bbox 1268 3485 1643 3542; x_wconf 88' lang='lat' dir='ltr'><strong>similitudine.</strong></span> <span class='ocrx_word' id='word_1_498' title='bbox 1672 3487 1777 3543; x_wconf 91' lang='lat' dir='ltr'><strong>Sed</strong></span> <span class='ocrx_word' id='word_1_499' title='bbox 1801 3489 1916 3544; x_wconf 66' lang='lat' dir='ltr'><strong>haec</strong></span> <span class='ocrx_word' id='word_1_500' title='bbox 2027 3488 2393 3545; x_wconf 84' lang='lat' dir='ltr'><strong>verisimiliter</strong></span> <span class='ocrx_word' id='word_1_501' title='bbox 2436 3501 2499 3541; x_wconf 90' lang='lat' dir='ltr'><strong>ac</strong></span> <span class='ocrx_word' id='word_1_502' title='bbox 2553 3485 2906 3557; x_wconf 89' lang='lat' dir='ltr'><strong>probabiliter</strong></span> <span class='ocrx_word' id='word_1_503' title='bbox 2954 3486 3156 3539; x_wconf 88' lang='lat' dir='ltr'><strong>dictum</strong></span> <span class='ocrx_word' id='word_1_504' title='bbox 3210 3482 3533 3541; x_wconf 88' lang='lat' dir='ltr'><strong>invenimus,</strong></span> <span class='ocrx_word' id='word_1_505' title='bbox 3576 3488 3632 3536; x_wconf 84' lang='lat' dir='ltr'><strong>et</strong></span> 
     </span>
    </p>
   </div>
   <div class='ocr_carea' id='block_1_36' title="bbox 319 3574 3632 3649">
    <p class='ocr_par' dir='ltr' id='par_1_36' title="bbox 319 3574 3632 3649">
     <span class='ocr_line' id='line_1_36' title="bbox 319 3574 3632 3649; baseline -0.001 -21"><span class='ocrx_word' id='word_1_506' title='bbox 319 3574 619 3629; x_wconf 73' lang='lat' dir='ltr'><strong>similitudo</strong></span> <span class='ocrx_word' id='word_1_507' title='bbox 658 3590 782 3629; x_wconf 91' lang='lat' dir='ltr'><strong>cum</strong></span> <span class='ocrx_word' id='word_1_508' title='bbox 830 3575 885 3629; x_wconf 89' lang='lat' dir='ltr'><strong>in</strong></span> <span class='ocrx_word' id='word_1_509' title='bbox 936 3576 1298 3647; x_wconf 85' lang='lat' dir='ltr'><strong>singularibus</strong></span> <span class='ocrx_word' id='word_1_510' title='bbox 1340 3587 1455 3646; x_wconf 93' lang='lat' dir='ltr'><strong>est,</strong></span> <span class='ocrx_word' id='word_1_511' title='bbox 1490 3579 1549 3633; x_wconf 90' lang='lat' dir='ltr'><strong>ﬁt</strong></span> <span class='ocrx_word' id='word_1_512' title='bbox 1593 3580 1864 3635; x_wconf 67' lang='lat' dir='ltr'><strong>sensibilis</strong></span> <span class='ocrx_word' id='word_1_513' title='bbox 1900 3598 1912 3633; x_wconf 92' lang='lat'>:</span> <span class='ocrx_word' id='word_1_514' title='bbox 2028 3580 2170 3649; x_wconf 88' lang='lat' dir='ltr'><strong>apud</strong></span> <span class='ocrx_word' id='word_1_515' title='bbox 2219 3580 2465 3633; x_wconf 89' lang='lat' dir='ltr'><strong>Boetium</strong></span> <span class='ocrx_word' id='word_1_516' title='bbox 2509 3585 2566 3633; x_wconf 90' lang='lat' dir='ltr'><strong>et</strong></span> <span class='ocrx_word' id='word_1_517' title='bbox 2594 3578 2736 3646; x_wconf 93' lang='lat' dir='ltr'><strong>apud</strong></span> <span class='ocrx_word' id='word_1_518' title='bbox 2781 3580 3007 3631; x_wconf 83' lang='lat' dir='ltr'><strong>Alexan.</strong></span> <span class='ocrx_word' id='word_1_519' title='bbox 3044 3576 3375 3645; x_wconf 79' lang='lat' dir='ltr'><strong>Porphyrius</strong></span> <span class='ocrx_word' id='word_1_520' title='bbox 3419 3587 3632 3641; x_wconf 86' lang='lat' dir='ltr'><strong>quoque</strong></span> 
     </span>
    </p>
   </div>
   <div class='ocr_carea' id='block_1_37' title="bbox 320 3664 3623 3741">
    <p class='ocr_par' dir='ltr' id='par_1_37' title="bbox 320 3664 3623 3741">
     <span class='ocr_line' id='line_1_37' title="bbox 320 3664 3623 3741; baseline -0.001 -23"><span class='ocrx_word' id='word_1_521' title='bbox 320 3678 440 3718; x_wconf 85' lang='lat' dir='ltr'><strong>eum</strong></span> <span class='ocrx_word' id='word_1_522' title='bbox 499 3664 554 3718; x_wconf 92' lang='lat' dir='ltr'><strong>in</strong></span> <span class='ocrx_word' id='word_1_523' title='bbox 601 3665 1016 3732; x_wconf 84' lang='lat' dir='ltr'><strong>universalibus,</strong></span> <span class='ocrx_word' id='word_1_524' title='bbox 1076 3668 1135 3721; x_wconf 81' lang='lat' dir='ltr'><strong>fit</strong></span> <span class='ocrx_word' id='word_1_525' title='bbox 1186 3667 1580 3736; x_wconf 77' lang='lat' dir='ltr'><strong>intelligihilis;</strong></span> <span class='ocrx_word' id='word_1_526' title='bbox 1615 3671 1918 3740; x_wconf 88' lang='lat' dir='ltr'><strong>eodemque</strong></span> <span class='ocrx_word' id='word_1_527' title='bbox 2028 3674 2145 3741; x_wconf 90' lang='lat' dir='ltr'><strong>ipse</strong></span> <span class='ocrx_word' id='word_1_528' title='bbox 2174 3672 2225 3725; x_wconf 93' lang='lat' dir='ltr'><strong>in</strong></span> <span class='ocrx_word' id='word_1_529' title='bbox 2260 3669 2440 3725; x_wconf 90' lang='lat' dir='ltr'><strong>multis</strong></span> <span class='ocrx_word' id='word_1_530' title='bbox 2469 3669 2570 3724; x_wconf 89' lang='lat' dir='ltr'><strong>hac</strong></span> <span class='ocrx_word' id='word_1_531' title='bbox 2594 3670 2985 3739; x_wconf 79' lang='lat' dir='ltr'><strong>signiﬁcatione</strong></span> <span class='ocrx_word' id='word_1_532' title='bbox 3032 3665 3134 3721; x_wconf 90' lang='lat' dir='ltr'><strong>hoc</strong></span> <span class='ocrx_word' id='word_1_533' title='bbox 3164 3664 3331 3720; x_wconf 80' lang='lat' dir='ltr'><strong>verba</strong></span> <span class='ocrx_word' id='word_1_534' title='bbox 3361 3680 3487 3718; x_wconf 89' lang='lat' dir='ltr'><strong>usus</strong></span> <span class='ocrx_word' id='word_1_535' title='bbox 3517 3672 3623 3726; x_wconf 89' lang='lat' dir='ltr'><strong>est,</strong></span> 
     </span>
    </p>
   </div>
   <div class='ocr_carea' id='block_1_38' title="bbox 325 3756 3634 3835">
    <p class='ocr_par' dir='ltr' id='par_1_38' title="bbox 325 3756 3634 3835">
     <span class='ocr_line' id='line_1_38' title="bbox 325 3756 3634 3835; baseline 0.001 -27"><span class='ocrx_word' id='word_1_536' title='bbox 325 3756 635 3811; x_wconf 71' lang='lat' dir='ltr'><strong>modocum</strong></span> <span class='ocrx_word' id='word_1_537' title='bbox 677 3756 953 3813; x_wconf 87' lang='lat' dir='ltr'><strong>sensibilis</strong></span> <span class='ocrx_word' id='word_1_538' title='bbox 974 3767 1083 3826; x_wconf 91' lang='lat' dir='ltr'><strong>est,</strong></span> <span class='ocrx_word' id='word_1_539' title='bbox 1114 3758 1167 3813; x_wconf 93' lang='lat' dir='ltr'><strong>in</strong></span> <span class='ocrx_word' id='word_1_540' title='bbox 1200 3759 1563 3829; x_wconf 89' lang='lat' dir='ltr'><strong>singularibus</strong></span> <span class='ocrx_word' id='word_1_541' title='bbox 1593 3775 1914 3829; x_wconf 86' lang='lat' dir='ltr'><strong>permanet,</strong></span> <span class='ocrx_word' id='word_1_542' title='bbox 2028 3764 2172 3835; x_wconf 87' lang='lat' dir='ltr'><strong>quod</strong></span> <span class='ocrx_word' id='word_1_543' title='bbox 2206 3778 2304 3817; x_wconf 91' lang='lat' dir='ltr'><strong>nos</strong></span> <span class='ocrx_word' id='word_1_544' title='bbox 2326 3763 2533 3818; x_wconf 89' lang='lat' dir='ltr'><strong>scilicet</strong></span> <span class='ocrx_word' id='word_1_545' title='bbox 2551 3762 2603 3816; x_wconf 91' lang='lat' dir='ltr'><strong>in</strong></span> <span class='ocrx_word' id='word_1_546' title='bbox 2636 3761 3008 3823; x_wconf 87' lang='lat' dir='ltr'><strong>translatione,</strong></span> <span class='ocrx_word' id='word_1_547' title='bbox 3028 3760 3171 3828; x_wconf 92' lang='lat' dir='ltr'><strong>quod</strong></span> <span class='ocrx_word' id='word_1_548' title='bbox 3196 3758 3270 3813; x_wconf 90' lang='lat' dir='ltr'><strong>ait</strong></span> <span class='ocrx_word' id='word_1_549' title='bbox 3294 3759 3634 3834; x_wconf 65' lang='grc' dir='ltr'><strong>λογικώτερον</strong></span> 
     </span>
    </p>
   </div>
   <div class='ocr_carea' id='block_1_39' title="bbox 324 3848 3628 3926">
    <p class='ocr_par' dir='ltr' id='par_1_39' title="bbox 324 3848 3628 3926">
     <span class='ocr_line' id='line_1_39' title="bbox 324 3848 3628 3926; baseline 0.001 -25"><span class='ocrx_word' id='word_1_550' title='bbox 324 3862 444 3903; x_wconf 90' lang='lat' dir='ltr'><strong>cum</strong></span> <span class='ocrx_word' id='word_1_551' title='bbox 476 3849 810 3919; x_wconf 86' lang='lat' dir='ltr'><strong>intelligitur,</strong></span> <span class='ocrx_word' id='word_1_552' title='bbox 841 3850 900 3904; x_wconf 91' lang='lat' dir='ltr'><strong>ﬁt</strong></span> <span class='ocrx_word' id='word_1_553' title='bbox 921 3851 1262 3906; x_wconf 89' lang='lat' dir='ltr'><strong>universalis.</strong></span> <span class='ocrx_word' id='word_1_554' title='bbox 1293 3851 1602 3907; x_wconf 89' lang='lat' dir='ltr'><strong>Subsistunt</strong></span> <span class='ocrx_word' id='word_1_555' title='bbox 1624 3868 1752 3923; x_wconf 86' lang='lat' dir='ltr'><strong>ergo</strong></span> <span class='ocrx_word' id='word_1_556' title='bbox 1773 3856 1919 3909; x_wconf 85' lang='lat' dir='ltr'><strong>circa</strong></span> <span class='ocrx_word' id='word_1_557' title='bbox 2008 3848 2101 3912; x_wconf 84' lang='lat' dir='ltr'><strong>ita</strong></span> <span class='ocrx_word' id='word_1_558' title='bbox 2142 3855 2502 3926; x_wconf 90' lang='lat' dir='ltr'><strong>interpretari,</strong></span> <span class='ocrx_word' id='word_1_559' title='bbox 2534 3868 2592 3911; x_wconf 89' lang='lat' dir='ltr'><strong>ut</strong></span> <span class='ocrx_word' id='word_1_560' title='bbox 2630 3856 3020 3911; x_wconf 88' lang='lat' dir='ltr'><strong>rationabiliter</strong></span> <span class='ocrx_word' id='word_1_561' title='bbox 3055 3852 3392 3917; x_wconf 48' lang='lat' dir='ltr'><strong>diceremus,</strong></span> <span class='ocrx_word' id='word_1_562' title='bbox 3436 3853 3628 3907; x_wconf 89' lang='lat' dir='ltr'><strong>omisi-</strong></span> 
     </span>
    </p>
   </div>
   <div class='ocr_carea' id='block_1_40' title="bbox 320 3940 3633 4019">
    <p class='ocr_par' dir='ltr' id='par_1_40' title="bbox 320 3940 3633 4019">
     <span class='ocr_line' id='line_1_40' title="bbox 320 3940 3633 4019; baseline 0.001 -26"><span class='ocrx_word' id='word_1_563' title='bbox 320 3940 620 4006; x_wconf 86' lang='lat' dir='ltr'><strong>sensibilia,</strong></span> <span class='ocrx_word' id='word_1_564' title='bbox 668 3940 1043 4012; x_wconf 86' lang='lat' dir='ltr'><strong>intelliguntur</strong></span> <span class='ocrx_word' id='word_1_565' title='bbox 1080 3950 1259 3997; x_wconf 91' lang='lat' dir='ltr'><strong>autem</strong></span> <span class='ocrx_word' id='word_1_566' title='bbox 1299 3955 1495 4012; x_wconf 63' lang='lat' dir='ltr'><strong>praeter</strong></span> <span class='ocrx_word' id='word_1_567' title='bbox 1538 3957 1787 4012; x_wconf 89' lang='lat' dir='ltr'><strong>corpora,</strong></span> <span class='ocrx_word' id='word_1_568' title='bbox 1819 3961 1917 3999; x_wconf 85' lang='lat' dir='ltr'><strong>ne-</strong></span> <span class='ocrx_word' id='word_1_569' title='bbox 2031 3966 2173 4004; x_wconf 90' lang='lat' dir='ltr'><strong>mus.</strong></span> <span class='ocrx_word' id='word_1_570' title='bbox 2225 3948 2409 4019; x_wconf 86' lang='lat' dir='ltr'><strong>Lcnge</strong></span> <span class='ocrx_word' id='word_1_571' title='bbox 2446 3950 2589 4003; x_wconf 92' lang='lat' dir='ltr'><strong>enim</strong></span> <span class='ocrx_word' id='word_1_572' title='bbox 2641 3950 2835 4005; x_wconf 88' lang='lat' dir='ltr'><strong>melior</strong></span> <span class='ocrx_word' id='word_1_573' title='bbox 2874 3964 2936 4001; x_wconf 92' lang='lat' dir='ltr'><strong>ac</strong></span> <span class='ocrx_word' id='word_1_574' title='bbox 2984 3949 3159 4002; x_wconf 89' lang='lat' dir='ltr'><strong>verior</strong></span> <span class='ocrx_word' id='word_1_575' title='bbox 3197 3945 3516 4013; x_wconf 70' lang='lat' dir='ltr'><strong>signiﬁcatio</strong></span> <span class='ocrx_word' id='word_1_576' title='bbox 3563 3958 3633 3999; x_wconf 76' lang='lat' dir='ltr'><strong>ea</strong></span> 
     </span>
    </p>
   </div>
   <div class='ocr_carea' id='block_1_41' title="bbox 322 4032 3628 4110">
    <p class='ocr_par' dir='ltr' id='par_1_41' title="bbox 322 4032 3628 4110">
     <span class='ocr_line' id='line_1_41' title="bbox 322 4032 3628 4110; baseline 0.004 -23"><span class='ocrx_word' id='word_1_577' title='bbox 322 4046 431 4101; x_wconf 71' lang='lat' dir='ltr'><strong>que</strong></span> <span class='ocrx_word' id='word_1_578' title='bbox 456 4032 597 4087; x_wconf 91' lang='lat' dir='ltr'><strong>enim</strong></span> <span class='ocrx_word' id='word_1_579' title='bbox 632 4034 983 4090; x_wconf 88' lang='lat' dir='ltr'><strong>interclusum</strong></span> <span class='ocrx_word' id='word_1_580' title='bbox 1013 4045 1097 4090; x_wconf 87' lang='lat' dir='ltr'><strong>est</strong></span> <span class='ocrx_word' id='word_1_581' title='bbox 1124 4047 1182 4091; x_wconf 93' lang='lat' dir='ltr'><strong>ut</strong></span> <span class='ocrx_word' id='word_1_582' title='bbox 1209 4036 1329 4091; x_wconf 73' lang='lat' dir='ltr'><strong>dure</strong></span> <span class='ocrx_word' id='word_1_583' title='bbox 1358 4052 1447 4091; x_wconf 88' lang='lat' dir='ltr'><strong>res</strong></span> <span class='ocrx_word' id='word_1_584' title='bbox 1479 4040 1668 4092; x_wconf 82' lang='lat' dir='ltr'><strong>eodem</strong></span> <span class='ocrx_word' id='word_1_585' title='bbox 1702 4040 1754 4091; x_wconf 95' lang='lat' dir='ltr'><strong>in</strong></span> <span class='ocrx_word' id='word_1_586' title='bbox 1793 4038 1917 4093; x_wconf 87' lang='lat' dir='ltr'><strong>sub-</strong></span> <span class='ocrx_word' id='word_1_587' title='bbox 2030 4044 2146 4097; x_wconf 83' lang='lat' dir='ltr'><strong>visa</strong></span> <span class='ocrx_word' id='word_1_588' title='bbox 2176 4053 2279 4107; x_wconf 90' lang='lat' dir='ltr'><strong>est,</strong></span> <span class='ocrx_word' id='word_1_589' title='bbox 2314 4052 2373 4095; x_wconf 92' lang='lat' dir='ltr'><strong>ut</strong></span> <span class='ocrx_word' id='word_1_590' title='bbox 2402 4040 2755 4110; x_wconf 88' lang='lat' dir='ltr'><strong>probabiliter</strong></span> <span class='ocrx_word' id='word_1_591' title='bbox 2799 4042 2948 4095; x_wconf 84' lang='lat' dir='ltr'><strong>sese&#39;</strong></span> <span class='ocrx_word' id='word_1_592' title='bbox 2964 4041 3145 4094; x_wconf 85' lang='lat' dir='ltr'><strong>dicere</strong></span> <span class='ocrx_word' id='word_1_593' title='bbox 3179 4040 3537 4106; x_wconf 77' lang='lat' dir='ltr'><strong>promitteret.</strong></span> <span class='ocrx_word' id='word_1_594' title='bbox 3572 4033 3628 4089; x_wconf 72' lang='lat' dir='ltr'><strong>id</strong></span> 
     </span>
    </p>
   </div>
   <div class='ocr_carea' id='block_1_42' title="bbox 326 4123 3629 4204">
    <p class='ocr_par' dir='ltr' id='par_1_42' title="bbox 326 4123 3629 4204">
     <span class='ocr_line' id='line_1_42' title="bbox 326 4123 3629 4204; baseline 0.002 -29"><span class='ocrx_word' id='word_1_595' title='bbox 326 4123 471 4190; x_wconf 73' lang='lat' dir='ltr'><strong>iecto</strong></span> <span class='ocrx_word' id='word_1_596' title='bbox 499 4138 604 4178; x_wconf 89' lang='lat' dir='ltr'><strong>non</strong></span> <span class='ocrx_word' id='word_1_597' title='bbox 634 4126 741 4180; x_wconf 83' lang='lat' dir='ltr'><strong>sint</strong></span> <span class='ocrx_word' id='word_1_598' title='bbox 780 4128 991 4183; x_wconf 85' lang='lat' dir='ltr'><strong>ratione</strong></span> <span class='ocrx_word' id='word_1_599' title='bbox 1019 4128 1271 4194; x_wconf 75' lang='lat' dir='ltr'><strong>diversze,</strong></span> <span class='ocrx_word' id='word_1_600' title='bbox 1305 4139 1363 4183; x_wconf 90' lang='lat' dir='ltr'><strong>ut</strong></span> <span class='ocrx_word' id='word_1_601' title='bbox 1397 4131 1535 4184; x_wconf 91' lang='lat' dir='ltr'><strong>linea</strong></span> <span class='ocrx_word' id='word_1_602' title='bbox 1566 4147 1727 4185; x_wconf 90' lang='lat' dir='ltr'><strong>curva</strong></span> <span class='ocrx_word' id='word_1_603' title='bbox 1759 4142 1921 4201; x_wconf 87' lang='lat' dir='ltr'><strong>atque</strong></span> <span class='ocrx_word' id='word_1_604' title='bbox 2030 4144 2115 4190; x_wconf 85' lang='lat' dir='ltr'><strong>est</strong></span> <span class='ocrx_word' id='word_1_605' title='bbox 2153 4151 2259 4190; x_wconf 89' lang='lat' dir='ltr'><strong>non</strong></span> <span class='ocrx_word' id='word_1_606' title='bbox 2290 4143 2489 4204; x_wconf 67' lang='lat' dir='ltr'><strong>praeter</strong></span> <span class='ocrx_word' id='word_1_607' title='bbox 2529 4134 2839 4203; x_wconf 81' lang='lat' dir='ltr'><strong>Opinionem</strong></span> <span class='ocrx_word' id='word_1_608' title='bbox 2870 4132 3288 4201; x_wconf 87' lang='lat' dir='ltr'><strong>ingredientium</strong></span> <span class='ocrx_word' id='word_1_609' title='bbox 3330 4139 3433 4198; x_wconf 63' lang='lat' dir='ltr'><strong>atq&#39;</strong></span> <span class='ocrx_word' id='word_1_610' title='bbox 3458 4143 3490 4183; x_wconf 92' lang='lat' dir='ltr'><strong>e</strong></span> <span class='ocrx_word' id='word_1_611' title='bbox 3549 4128 3629 4181; x_wconf 86' lang='lat' dir='ltr'><strong>le-</strong></span> 
     </span>
    </p>
   </div>
   <div class='ocr_carea' id='block_1_43' title="bbox 329 4216 3631 4298">
    <p class='ocr_par' dir='ltr' id='par_1_43' title="bbox 329 4216 3631 4298">
     <span class='ocr_line' id='line_1_43' title="bbox 329 4216 3631 4298; baseline 0.005 -29"><span class='ocrx_word' id='word_1_612' title='bbox 329 4228 463 4269; x_wconf 90' lang='lat' dir='ltr'><strong>cava</strong></span> <span class='ocrx_word' id='word_1_613' title='bbox 493 4232 505 4266; x_wconf 90' lang='lat'><strong>:</strong></span> <span class='ocrx_word' id='word_1_614' title='bbox 531 4230 650 4283; x_wconf 67' lang='lat' dir='ltr'><strong>qua!</strong></span> <span class='ocrx_word' id='word_1_615' title='bbox 670 4232 755 4273; x_wconf 90' lang='lat' dir='ltr'><strong>res</strong></span> <span class='ocrx_word' id='word_1_616' title='bbox 774 4233 895 4274; x_wconf 90' lang='lat' dir='ltr'><strong>cum</strong></span> <span class='ocrx_word' id='word_1_617' title='bbox 923 4220 1154 4275; x_wconf 85' lang='lat' dir='ltr'><strong>diversis</strong></span> <span class='ocrx_word' id='word_1_618' title='bbox 1182 4222 1599 4278; x_wconf 86' lang='lat' dir='ltr'><strong>difﬁnitionibus</strong></span> <span class='ocrx_word' id='word_1_619' title='bbox 1631 4225 1923 4280; x_wconf 87' lang='lat' dir='ltr'><strong>terminen-</strong></span> <span class='ocrx_word' id='word_1_620' title='bbox 2030 4242 2264 4294; x_wconf 75' lang='lat' dir='ltr'><strong>etot-nm,</strong></span> <span class='ocrx_word' id='word_1_621' title='bbox 2294 4230 2436 4298; x_wconf 91' lang='lat' dir='ltr'><strong>quod</strong></span> <span class='ocrx_word' id='word_1_622' title='bbox 2468 4228 2882 4283; x_wconf 90' lang='lat' dir='ltr'><strong>introductionis</strong></span> <span class='ocrx_word' id='word_1_623' title='bbox 2908 4235 2991 4280; x_wconf 86' lang='lat' dir='ltr'><strong>est</strong></span> <span class='ocrx_word' id='word_1_624' title='bbox 3015 4216 3312 4295; x_wconf 74' lang='lat' dir='ltr'><strong>proprium.</strong></span> <span class='ocrx_word' id='word_1_625' title='bbox 3348 4223 3479 4277; x_wconf 75' lang='lat' dir='ltr'><strong>Nam</strong></span> <span class='ocrx_word' id='word_1_626' title='bbox 3506 4235 3631 4279; x_wconf 79' lang='lat' dir='ltr'><strong>cum</strong></span> 
     </span>
    </p>
   </div>
   <div class='ocr_carea' id='block_1_44' title="bbox 333 4305 3634 4389">
    <p class='ocr_par' dir='ltr' id='par_1_44' title="bbox 333 4305 3634 4389">
     <span class='ocr_line' id='line_1_44' title="bbox 333 4305 3634 4389; baseline -0.001 -16"><span class='ocrx_word' id='word_1_627' title='bbox 333 4305 805 4381; x_wconf 55' lang='lat' dir='ltr'><strong>mndiversusque</strong></span> <span class='ocrx_word' id='word_1_628' title='bbox 830 4327 1019 4367; x_wconf 90' lang='lat' dir='ltr'><strong>carum</strong></span> <span class='ocrx_word' id='word_1_629' title='bbox 1051 4313 1355 4368; x_wconf 82' lang='lat' dir='ltr'><strong>intellectus</strong></span> <span class='ocrx_word' id='word_1_630' title='bbox 1387 4316 1477 4380; x_wconf 90' lang='lat' dir='ltr'><strong>sit,</strong></span> <span class='ocrx_word' id='word_1_631' title='bbox 1505 4332 1721 4383; x_wconf 84' lang='lat' dir='ltr'><strong>semper</strong></span> <span class='ocrx_word' id='word_1_632' title='bbox 1742 4327 1922 4372; x_wconf 89' lang='lat' dir='ltr'><strong>tamen</strong></span> <span class='ocrx_word' id='word_1_633' title='bbox 2031 4322 2099 4375; x_wconf 91' lang='lat' dir='ltr'><strong>ab</strong></span> <span class='ocrx_word' id='word_1_634' title='bbox 2129 4321 2510 4389; x_wconf 89' lang='lat' dir='ltr'><strong>imperitorum</strong></span> <span class='ocrx_word' id='word_1_635' title='bbox 2542 4318 2821 4373; x_wconf 86' lang='lat' dir='ltr'><strong>hominum</strong></span> <span class='ocrx_word' id='word_1_636' title='bbox 2854 4319 3123 4372; x_wconf 90' lang='lat' dir='ltr'><strong>mentibus</strong></span> <span class='ocrx_word' id='word_1_637' title='bbox 3153 4316 3410 4368; x_wconf 62' lang='lat' dir='ltr'><strong>doctrin.»</strong></span> <span class='ocrx_word' id='word_1_638' title='bbox 3453 4329 3634 4369; x_wconf 71' lang='lat' dir='ltr'><strong>secre-</strong></span> 
     </span>
    </p>
   </div>
   <div class='ocr_carea' id='block_1_45' title="bbox 329 4398 3631 4474">
    <p class='ocr_par' dir='ltr' id='par_1_45' title="bbox 329 4398 3631 4474">
     <span class='ocr_line' id='line_1_45' title="bbox 329 4398 3631 4474; baseline -0.004 -2"><span class='ocrx_word' id='word_1_639' title='bbox 329 4398 385 4453; x_wconf 76' lang='grc' dir='ltr'><strong>ίη</strong></span> <span class='ocrx_word' id='word_1_640' title='bbox 421 4399 612 4454; x_wconf 69' lang='grc' dir='ltr'>εοάθπι</span> <span class='ocrx_word' id='word_1_641' title='bbox 658 4403 906 4471; x_wconf 57' lang='grc' dir='ltr'><strong>ευδὶεθιο</strong></span> <span class='ocrx_word' id='word_1_642' title='bbox 951 4403 1324 4473; x_wconf 66' lang='lat' dir='ltr'><strong>reperiuntur;</strong></span> <span class='ocrx_word' id='word_1_643' title='bbox 1366 4405 1554 4460; x_wconf 85' lang='lat' dir='ltr'><strong>eadem</strong></span> <span class='ocrx_word' id='word_1_644' title='bbox 1603 4410 1746 4461; x_wconf 92' lang='lat' dir='ltr'><strong>enim</strong></span> <span class='ocrx_word' id='word_1_645' title='bbox 1794 4424 1923 4462; x_wconf 76' lang='lat' dir='ltr'><strong>rava</strong></span> <span class='ocrx_word' id='word_1_646' title='bbox 2033 4424 2144 4467; x_wconf 91' lang='lat' dir='ltr'><strong>tum</strong></span> <span class='ocrx_word' id='word_1_647' title='bbox 2183 4413 2391 4468; x_wconf 84' lang='lat' dir='ltr'><strong>altioris</strong></span> <span class='ocrx_word' id='word_1_648' title='bbox 2432 4412 2745 4474; x_wconf 83' lang='lat' dir='ltr'><strong>abhorreat,</strong></span> <span class='ocrx_word' id='word_1_649' title='bbox 2780 4412 2897 4463; x_wconf 88' lang='lat' dir='ltr'><strong>talis</strong></span> <span class='ocrx_word' id='word_1_650' title='bbox 2928 4425 3049 4464; x_wconf 72' lang='lat' dir='ltr'><strong>esse</strong></span> <span class='ocrx_word' id='word_1_651' title='bbox 3081 4409 3404 4462; x_wconf 89' lang='lat' dir='ltr'><strong>introductio</strong></span> <span class='ocrx_word' id='word_1_652' title='bbox 3446 4407 3631 4471; x_wconf 88' lang='lat' dir='ltr'><strong>debet,</strong></span> 
     </span>
    </p>
   </div>
   <div class='ocr_carea' id='block_1_46' title="bbox 327 4492 3715 4575">
    <p class='ocr_par' dir='ltr' id='par_1_46' title="bbox 327 4492 3715 4575">
     <span class='ocr_line' id='line_1_46' title="bbox 327 4492 3715 4575; baseline 0.001 -29"><span class='ocrx_word' id='word_1_653' title='bbox 327 4492 471 4549; x_wconf 87' lang='lat' dir='ltr'><strong>linea</strong></span> <span class='ocrx_word' id='word_1_654' title='bbox 501 4495 799 4565; x_wconf 86' lang='lat' dir='ltr'><strong>eademque</strong></span> <span class='ocrx_word' id='word_1_655' title='bbox 828 4513 991 4553; x_wconf 89' lang='lat' dir='ltr'><strong>curva</strong></span> <span class='ocrx_word' id='word_1_656' title='bbox 1031 4508 1134 4553; x_wconf 90' lang='lat' dir='ltr'><strong>est.</strong></span> <span class='ocrx_word' id='word_1_657' title='bbox 1181 4500 1255 4554; x_wconf 90' lang='lat' dir='ltr'><strong>Ita</strong></span> <span class='ocrx_word' id='word_1_658' title='bbox 1285 4515 1499 4569; x_wconf 92' lang='lat' dir='ltr'><strong>quoque</strong></span> <span class='ocrx_word' id='word_1_659' title='bbox 1541 4501 1825 4571; x_wconf 81' lang='lat' dir='ltr'><strong>generibus</strong></span> <span class='ocrx_word' id='word_1_660' title='bbox 1868 4512 1926 4557; x_wconf 83' lang='lat' dir='ltr'><strong>et</strong></span> <span class='ocrx_word' id='word_1_661' title='bbox 2032 4516 2093 4560; x_wconf 91' lang='lat' dir='ltr'><strong>ut</strong></span> <span class='ocrx_word' id='word_1_662' title='bbox 2134 4517 2326 4575; x_wconf 69' lang='lat' dir='ltr'><strong>prteter</strong></span> <span class='ocrx_word' id='word_1_663' title='bbox 2371 4506 2681 4575; x_wconf 91' lang='lat' dir='ltr'><strong>opinionem</strong></span> <span class='ocrx_word' id='word_1_664' title='bbox 2734 4503 3145 4573; x_wconf 88' lang='lat' dir='ltr'><strong>ingredientium</strong></span> <span class='ocrx_word' id='word_1_665' title='bbox 3198 4516 3303 4553; x_wconf 94' lang='lat' dir='ltr'><strong>non</strong></span> <span class='ocrx_word' id='word_1_666' title='bbox 3354 4500 3441 4552; x_wconf 91' lang='lat' dir='ltr'><strong>sit.</strong></span> <span class='ocrx_word' id='word_1_667' title='bbox 3488 4498 3638 4567; x_wconf 85' lang='lat' dir='ltr'><strong>Ergo</strong></span> <span class='ocrx_word' id='word_1_668' title='bbox 3709 4516 3715 4573; x_wconf 63' lang='grc' dir='ltr'><em>έ</em></span> 
     </span>
    </p>
   </div>
   <div class='ocr_carea' id='block_1_47' title="bbox 306 4575 1927 4668">
    <p class='ocr_par' dir='ltr' id='par_1_47' title="bbox 306 4587 1920 4662">
     <span class='ocr_line' id='line_1_47' title="bbox 306 4587 1920 4662; baseline 0.006 -24"><span class='ocrx_word' id='word_1_669' title='bbox 306 4587 644 4654; x_wconf 77' lang='lat' dir='ltr'><strong>speciebus,</strong></span> <span class='ocrx_word' id='word_1_670' title='bbox 684 4588 738 4642; x_wconf 87' lang='lat' dir='ltr'><strong>id</strong></span> <span class='ocrx_word' id='word_1_671' title='bbox 763 4600 846 4643; x_wconf 88' lang='lat' dir='ltr'><strong>est</strong></span> <span class='ocrx_word' id='word_1_672' title='bbox 873 4590 1230 4659; x_wconf 82' lang='lat' dir='ltr'><strong>singularitati</strong></span> <span class='ocrx_word' id='word_1_673' title='bbox 1254 4601 1318 4662; x_wconf 21' lang='lat' dir='ltr'><strong>et.</strong></span> <span class='ocrx_word' id='word_1_674' title='bbox 1341 4595 1730 4647; x_wconf 89' lang='lat' dir='ltr'><strong>universalitati</strong></span> <span class='ocrx_word' id='word_1_675' title='bbox 1755 4611 1920 4647; x_wconf 88' lang='lat' dir='ltr'><strong>untnn</strong></span> 
     </span>
    </p>
   </div>
   <div class='ocr_carea' id='block_1_48' title="bbox 2103 4575 3724 4668">
    <p class='ocr_par' dir='ltr' id='par_1_48' title="bbox 2103 4575 3724 4668">
     <span class='ocr_line' id='line_1_48' title="bbox 2103 4575 3724 4668; baseline -0.009 -15"><span class='ocrx_word' id='word_1_676' title='bbox 2103 4599 2229 4653; x_wconf 77' lang='lat' dir='ltr'><strong>elius</strong></span> <span class='ocrx_word' id='word_1_677' title='bbox 2267 4598 2615 4668; x_wconf 87' lang='lat' dir='ltr'><strong>probabiliter</strong></span> <span class='ocrx_word' id='word_1_678' title='bbox 2642 4613 2799 4666; x_wconf 87' lang='lat' dir='ltr'><strong>quam</strong></span> <span class='ocrx_word' id='word_1_679' title='bbox 2839 4594 3242 4654; x_wconf 84' lang='lat' dir='ltr'><strong>rationabiliter,</strong></span> <span class='ocrx_word' id='word_1_680' title='bbox 3272 4602 3326 4645; x_wconf 78' lang='lat' dir='ltr'><strong>nt</strong></span> <span class='ocrx_word' id='word_1_681' title='bbox 3369 4592 3522 4645; x_wconf 76' lang='lat' dir='ltr'><strong>nobis</strong></span> <span class='ocrx_word' id='word_1_682' title='bbox 3555 4591 3634 4642; x_wconf 85' lang='lat' dir='ltr'><strong>vi-</strong></span> <span class='ocrx_word' id='word_1_683' title='bbox 3706 4575 3724 4639; x_wconf 58' lang='grc' dir='ltr'><strong>’ἕ</strong></span> 
     </span>
    </p>
   </div>
   <div class='ocr_carea' id='block_1_49' title="bbox 329 4680 3722 4758">
    <p class='ocr_par' dir='ltr' id='par_1_49' title="bbox 329 4680 3722 4758">
     <span class='ocr_line' id='line_1_49' title="bbox 329 4680 3722 4758; baseline -0.001 -25"><span class='ocrx_word' id='word_1_684' title='bbox 329 4680 546 4748; x_wconf 88' lang='lat' dir='ltr'><strong>quidem</strong></span> <span class='ocrx_word' id='word_1_685' title='bbox 574 4680 876 4751; x_wconf 89' lang='lat' dir='ltr'><strong>subjectum</strong></span> <span class='ocrx_word' id='word_1_686' title='bbox 920 4693 1024 4749; x_wconf 89' lang='lat' dir='ltr'><strong>est,</strong></span> <span class='ocrx_word' id='word_1_687' title='bbox 1052 4685 1145 4739; x_wconf 92' lang='lat' dir='ltr'><strong>sed</strong></span> <span class='ocrx_word' id='word_1_688' title='bbox 1177 4684 1284 4739; x_wconf 90' lang='lat' dir='ltr'><strong>alio</strong></span> <span class='ocrx_word' id='word_1_689' title='bbox 1317 4685 1479 4739; x_wconf 89' lang='lat' dir='ltr'><strong>modo</strong></span> <span class='ocrx_word' id='word_1_690' title='bbox 1510 4687 1817 4740; x_wconf 89' lang='lat' dir='ltr'><strong>universale</strong></span> <span class='ocrx_word' id='word_1_691' title='bbox 1843 4697 1929 4741; x_wconf 89' lang='lat' dir='ltr'><strong>est</strong></span> <span class='ocrx_word' id='word_1_692' title='bbox 2042 4694 2219 4756; x_wconf 82' lang='lat' dir='ltr'><strong>detur,</strong></span> <span class='ocrx_word' id='word_1_693' title='bbox 2272 4691 2611 4758; x_wconf 78' lang='lat' dir='ltr'><strong>interpretati</strong></span> <span class='ocrx_word' id='word_1_694' title='bbox 2662 4705 2868 4743; x_wconf 90' lang='lat' dir='ltr'><strong>smnus.</strong></span> <span class='ocrx_word' id='word_1_695' title='bbox 2906 4689 3169 4752; x_wconf 75' lang='lat' dir='ltr'><strong>Antiquos</strong></span> <span class='ocrx_word' id='word_1_696' title='bbox 3211 4698 3389 4739; x_wconf 90' lang='lat' dir='ltr'><strong>autem</strong></span> <span class='ocrx_word' id='word_1_697' title='bbox 3441 4686 3514 4736; x_wconf 89' lang='lat' dir='ltr'><strong>ait</strong></span> <span class='ocrx_word' id='word_1_698' title='bbox 3562 4683 3634 4737; x_wconf 90' lang='lat' dir='ltr'><strong>de</strong></span> <span class='ocrx_word' id='word_1_699' title='bbox 3716 4718 3722 4729; x_wconf 86' lang='lat'><strong>.</strong></span> 
     </span>
    </p>
   </div>
   <div class='ocr_carea' id='block_1_50' title="bbox 331 4775 3636 4853">
    <p class='ocr_par' dir='ltr' id='par_1_50' title="bbox 331 4775 3636 4853">
     <span class='ocr_line' id='line_1_50' title="bbox 331 4775 3636 4853; baseline 0 -26"><span class='ocrx_word' id='word_1_700' title='bbox 331 4789 453 4827; x_wconf 91' lang='lat' dir='ltr'><strong>cum</strong></span> <span class='ocrx_word' id='word_1_701' title='bbox 484 4778 783 4843; x_wconf 75' lang='lat' dir='ltr'><strong>cogitatur,</strong></span> <span class='ocrx_word' id='word_1_702' title='bbox 810 4777 918 4831; x_wconf 92' lang='lat' dir='ltr'><strong>alio</strong></span> <span class='ocrx_word' id='word_1_703' title='bbox 947 4778 1221 4847; x_wconf 84' lang='lat' dir='ltr'><strong>singulare</strong></span> <span class='ocrx_word' id='word_1_704' title='bbox 1246 4794 1368 4833; x_wconf 92' lang='lat' dir='ltr'><strong>cum</strong></span> <span class='ocrx_word' id='word_1_705' title='bbox 1396 4782 1640 4833; x_wconf 77' lang='lat' dir='ltr'><strong>sentitur</strong></span> <span class='ocrx_word' id='word_1_706' title='bbox 1674 4783 1724 4834; x_wconf 94' lang='lat' dir='ltr'><strong>in</strong></span> <span class='ocrx_word' id='word_1_707' title='bbox 1766 4783 1929 4835; x_wconf 89' lang='lat' dir='ltr'><strong>rebus</strong></span> <span class='ocrx_word' id='word_1_708' title='bbox 2041 4785 2243 4839; x_wconf 91' lang='lat' dir='ltr'><strong>eisdem</strong></span> <span class='ocrx_word' id='word_1_709' title='bbox 2270 4784 2575 4853; x_wconf 70' lang='lat' dir='ltr'><strong>disputasse</strong></span> <span class='ocrx_word' id='word_1_710' title='bbox 2605 4783 2895 4843; x_wconf 89' lang='lat' dir='ltr'><strong>rebus,se|</strong></span> <span class='ocrx_word' id='word_1_711' title='bbox 2925 4796 3111 4833; x_wconf 89' lang='lat' dir='ltr'><strong>eorum</strong></span> <span class='ocrx_word' id='word_1_712' title='bbox 3135 4778 3281 4831; x_wconf 88' lang='lat' dir='ltr'><strong>illum</strong></span> <span class='ocrx_word' id='word_1_713' title='bbox 3313 4793 3370 4830; x_wconf 89' lang='lat' dir='ltr'><strong>se</strong></span> <span class='ocrx_word' id='word_1_714' title='bbox 3402 4775 3636 4829; x_wconf 84' lang='lat' dir='ltr'><strong>maxime</strong></span> 
     </span>
    </p>
   </div>
   <div class='ocr_carea' id='block_1_51' title="bbox 336 4862 3637 4944">
    <p class='ocr_par' dir='ltr' id='par_1_51' title="bbox 336 4862 3637 4944">
     <span class='ocr_line' id='line_1_51' title="bbox 336 4862 3637 4944; baseline 0.002 -27"><span class='ocrx_word' id='word_1_715' title='bbox 336 4866 419 4919; x_wconf 90' lang='lat' dir='ltr'><strong>his</strong></span> <span class='ocrx_word' id='word_1_716' title='bbox 461 4868 512 4918; x_wconf 91' lang='lat' dir='ltr'><strong>in</strong></span> <span class='ocrx_word' id='word_1_717' title='bbox 543 4868 738 4933; x_wconf 87' lang='lat' dir='ltr'><strong>quibus</strong></span> <span class='ocrx_word' id='word_1_718' title='bbox 766 4869 929 4923; x_wconf 89' lang='lat' dir='ltr'><strong>habet</strong></span> <span class='ocrx_word' id='word_1_719' title='bbox 956 4884 1077 4923; x_wconf 91' lang='lat' dir='ltr'><strong>esse</strong></span> <span class='ocrx_word' id='word_1_720' title='bbox 1098 4886 1274 4925; x_wconf 91' lang='lat' dir='ltr'><strong>suum.</strong></span> <span class='ocrx_word' id='word_1_721' title='bbox 1312 4870 1403 4925; x_wconf 87' lang='lat' dir='ltr'><strong>His</strong></span> <span class='ocrx_word' id='word_1_722' title='bbox 1434 4872 1593 4940; x_wconf 88' lang='lat' dir='ltr'><strong>igitur</strong></span> <span class='ocrx_word' id='word_1_723' title='bbox 1621 4875 1928 4929; x_wconf 82' lang='lat' dir='ltr'><strong>terminatis</strong></span> <span class='ocrx_word' id='word_1_724' title='bbox 2045 4887 2327 4932; x_wconf 88' lang='lat' dir='ltr'><strong>tractatum</strong></span> <span class='ocrx_word' id='word_1_725' title='bbox 2359 4874 2566 4943; x_wconf 78' lang='lat' dir='ltr'><strong>insequi</strong></span> <span class='ocrx_word' id='word_1_726' title='bbox 2595 4892 2753 4944; x_wconf 69' lang='lat' dir='ltr'><strong>quem</strong></span> <span class='ocrx_word' id='word_1_727' title='bbox 2784 4872 3119 4939; x_wconf 85' lang='lat' dir='ltr'><strong>Peripatetici</strong></span> <span class='ocrx_word' id='word_1_728' title='bbox 3160 4862 3452 4924; x_wconf 80' lang='lat' dir='ltr'><strong>Aristotele</strong></span> <span class='ocrx_word' id='word_1_729' title='bbox 3494 4866 3637 4922; x_wconf 83' lang='lat' dir='ltr'><strong>duce</strong></span> 
     </span>
    </p>
   </div>
   <div class='ocr_carea' id='block_1_52' title="bbox 333 4958 3641 5040">
    <p class='ocr_par' dir='ltr' id='par_1_52' title="bbox 333 4958 3641 5040">
     <span class='ocr_line' id='line_1_52' title="bbox 333 4958 3641 5040; baseline 0.002 -31"><span class='ocrx_word' id='word_1_730' title='bbox 333 4959 512 5011; x_wconf 85' lang='lat' dir='ltr'><strong>omnis</strong></span> <span class='ocrx_word' id='word_1_731' title='bbox 540 4958 636 5028; x_wconf 92' lang='lat' dir='ltr'><strong>(ut</strong></span> <span class='ocrx_word' id='word_1_732' title='bbox 662 4959 929 5031; x_wconf 88' lang='lat' dir='ltr'><strong>arbitror)</strong></span> <span class='ocrx_word' id='word_1_733' title='bbox 960 4966 1186 5032; x_wconf 78' lang='lat' dir='ltr'><strong>qutestio</strong></span> <span class='ocrx_word' id='word_1_734' title='bbox 1206 4966 1465 5020; x_wconf 87' lang='lat' dir='ltr'><strong>dissoluta</strong></span> <span class='ocrx_word' id='word_1_735' title='bbox 1497 4976 1599 5021; x_wconf 89' lang='lat' dir='ltr'><strong>est.</strong></span> <span class='ocrx_word' id='word_1_736' title='bbox 1639 4968 1753 5031; x_wconf 85' lang='lat' dir='ltr'><strong>Ipsa</strong></span> <span class='ocrx_word' id='word_1_737' title='bbox 1786 4971 1933 5025; x_wconf 91' lang='lat' dir='ltr'><strong>enim</strong></span> <span class='ocrx_word' id='word_1_738' title='bbox 2045 4971 2401 5040; x_wconf 88' lang='lat' dir='ltr'><strong>reliquerunt,</strong></span> <span class='ocrx_word' id='word_1_739' title='bbox 2428 4981 2483 5022; x_wconf 90' lang='lat' dir='ltr'><strong>ut</strong></span> <span class='ocrx_word' id='word_1_740' title='bbox 2515 4980 2621 5022; x_wconf 90' lang='lat' dir='ltr'><strong>tota</strong></span> <span class='ocrx_word' id='word_1_741' title='bbox 2654 4966 2947 5036; x_wconf 81' lang='lat' dir='ltr'><strong>diSputatio</strong></span> <span class='ocrx_word' id='word_1_742' title='bbox 2976 4964 3042 5019; x_wconf 89' lang='lat' dir='ltr'><strong>ad</strong></span> <span class='ocrx_word' id='word_1_743' title='bbox 3077 4962 3491 5021; x_wconf 68' lang='lat' dir='ltr'><strong>urmdicamenta</strong></span> <span class='ocrx_word' id='word_1_744' title='bbox 3512 4973 3641 5033; x_wconf 71' lang='lat' dir='ltr'><strong>cou-</strong></span> 
     </span>
    </p>
   </div>
   <div class='ocr_carea' id='block_1_53' title="bbox 333 5054 2243 5125">
    <p class='ocr_par' dir='ltr' id='par_1_53' title="bbox 333 5054 2243 5125">
     <span class='ocr_line' id='line_1_53' title="bbox 333 5054 2243 5125; baseline 0.006 -22"><span class='ocrx_word' id='word_1_745' title='bbox 333 5065 533 5118; x_wconf 82' lang='lat' dir='ltr'><strong>gettera</strong></span> <span class='ocrx_word' id='word_1_746' title='bbox 564 5062 616 5105; x_wconf 90' lang='lat' dir='ltr'><strong>et</strong></span> <span class='ocrx_word' id='word_1_747' title='bbox 644 5054 855 5119; x_wconf 86' lang='lat' dir='ltr'><strong>species</strong></span> <span class='ocrx_word' id='word_1_748' title='bbox 900 5057 1203 5110; x_wconf 79' lang='lat' dir='ltr'><strong>subsistunt</strong></span> <span class='ocrx_word' id='word_1_749' title='bbox 1244 5058 1460 5124; x_wconf 87' lang='lat' dir='ltr'><strong>quidem</strong></span> <span class='ocrx_word' id='word_1_750' title='bbox 1495 5061 1599 5112; x_wconf 89' lang='lat' dir='ltr'><strong>alio</strong></span> <span class='ocrx_word' id='word_1_751' title='bbox 1633 5062 1815 5125; x_wconf 86' lang='lat' dir='ltr'><strong>tundo,</strong></span> <span class='ocrx_word' id='word_1_752' title='bbox 1850 5063 1935 5115; x_wconf 84' lang='lat' dir='ltr'><strong>in-</strong></span> <span class='ocrx_word' id='word_1_753' title='bbox 2047 5064 2243 5117; x_wconf 87' lang='lat' dir='ltr'><strong>veniat.</strong></span> 
     </span>
    </p>
   </div>
   <div class='ocr_carea' id='block_1_54' title="bbox 1405 5192 2654 5421">
    <p class='ocr_par' dir='ltr' id='par_1_54' title="bbox 1405 5192 2654 5421">
     <span class='ocr_line' id='line_1_54' title="bbox 1405 5192 2654 5421; baseline 0.005 -65"><span class='ocrx_word' id='word_1_754' title='bbox 1405 5254 1787 5358; x_wconf 84' lang='lat' dir='ltr'>LIBER</span> <span class='ocrx_word' id='word_1_755' title='bbox 1851 5256 2568 5361; x_wconf 79' lang='lat' dir='ltr'><strong>SECUNDUS.</strong></span> <span class='ocrx_word' id='word_1_756' title='bbox 2636 5192 2654 5214; x_wconf 77' lang='grc'><em>’</em></span> 
     </span>
    </p>
   </div>
   <div class='ocr_carea' id='block_1_55' title="bbox 412 5477 3641 5558">
    <p class='ocr_par' dir='ltr' id='par_1_55' title="bbox 412 5477 3641 5558">
     <span class='ocr_line' id='line_1_55' title="bbox 412 5477 3641 5558; baseline 0.003 -26"><span class='ocrx_word' id='word_1_757' title='bbox 412 5477 590 5547; x_wconf 69' lang='lat' dir='ltr'><strong>Quaeri</strong></span> <span class='ocrx_word' id='word_1_758' title='bbox 624 5482 762 5536; x_wconf 89' lang='lat' dir='ltr'><strong>solet</strong></span> <span class='ocrx_word' id='word_1_759' title='bbox 793 5482 843 5534; x_wconf 92' lang='lat' dir='ltr'><strong>in</strong></span> <span class='ocrx_word' id='word_1_760' title='bbox 874 5483 1268 5549; x_wconf 81' lang='lat' dir='ltr'><strong>expositionum</strong></span> <span class='ocrx_word' id='word_1_761' title='bbox 1298 5483 1575 5553; x_wconf 89' lang='lat' dir='ltr'><strong>principiis</strong></span> <span class='ocrx_word' id='word_1_762' title='bbox 1618 5500 1711 5538; x_wconf 71' lang='lat' dir='ltr'><strong>cur</strong></span> <span class='ocrx_word' id='word_1_763' title='bbox 1739 5503 1933 5539; x_wconf 83' lang='lat' dir='ltr'><strong>unuin-</strong></span> <span class='ocrx_word' id='word_1_764' title='bbox 2049 5490 2247 5541; x_wconf 80' lang='lat' dir='ltr'><strong>factum</strong></span> <span class='ocrx_word' id='word_1_765' title='bbox 2270 5490 2437 5543; x_wconf 90' lang='lat' dir='ltr'><strong>videri</strong></span> <span class='ocrx_word' id='word_1_766' title='bbox 2467 5507 2481 5541; x_wconf 88' lang='lat'><strong>:</strong></span> <span class='ocrx_word' id='word_1_767' title='bbox 2516 5503 2673 5541; x_wconf 81' lang='lat' dir='ltr'><strong>nnine</strong></span> <span class='ocrx_word' id='word_1_768' title='bbox 2698 5486 2841 5543; x_wconf 90' lang='lat' dir='ltr'><strong>enim</strong></span> <span class='ocrx_word' id='word_1_769' title='bbox 2869 5488 3015 5558; x_wconf 88' lang='lat' dir='ltr'><strong>quod</strong></span> <span class='ocrx_word' id='word_1_770' title='bbox 3037 5487 3340 5543; x_wconf 84' lang='lat' dir='ltr'><strong>universale</strong></span> <span class='ocrx_word' id='word_1_771' title='bbox 3364 5495 3467 5553; x_wconf 81' lang='lat' dir='ltr'><strong>est,</strong></span> <span class='ocrx_word' id='word_1_772' title='bbox 3499 5488 3641 5544; x_wconf 82' lang='lat' dir='ltr'><strong>intra</strong></span> 
     </span>
    </p>
   </div>
   <div class='ocr_carea' id='block_1_56' title="bbox 340 5570 3639 5649">
    <p class='ocr_par' dir='ltr' id='par_1_56' title="bbox 340 5570 3639 5649">
     <span class='ocr_line' id='line_1_56' title="bbox 340 5570 3639 5649; baseline 0.004 -28"><span class='ocrx_word' id='word_1_773' title='bbox 340 5570 592 5638; x_wconf 83' lang='lat' dir='ltr'><strong>quodque</strong></span> <span class='ocrx_word' id='word_1_774' title='bbox 616 5574 824 5627; x_wconf 67' lang='lat' dir='ltr'><strong>caeteris</strong></span> <span class='ocrx_word' id='word_1_775' title='bbox 854 5574 908 5627; x_wconf 91' lang='lat' dir='ltr'><strong>iu</strong></span> <span class='ocrx_word' id='word_1_776' title='bbox 940 5573 1308 5640; x_wconf 63' lang='lat' dir='ltr'><strong>dispositionis</strong></span> <span class='ocrx_word' id='word_1_777' title='bbox 1348 5573 1537 5628; x_wconf 88' lang='lat' dir='ltr'><strong>ordine</strong></span> <span class='ocrx_word' id='word_1_778' title='bbox 1566 5587 1928 5645; x_wconf 73' lang='lat' dir='ltr'><strong>praeponatur,</strong></span> <span class='ocrx_word' id='word_1_779' title='bbox 2047 5582 2398 5649; x_wconf 87' lang='lat' dir='ltr'><strong>semetipsum</strong></span> <span class='ocrx_word' id='word_1_780' title='bbox 2429 5590 2624 5634; x_wconf 63' lang='lat' dir='ltr'><strong>caetera</strong></span> <span class='ocrx_word' id='word_1_781' title='bbox 2657 5580 2949 5648; x_wconf 83' lang='lat' dir='ltr'><strong>concludit,</strong></span> <span class='ocrx_word' id='word_1_782' title='bbox 2980 5580 3155 5648; x_wconf 90' lang='lat' dir='ltr'><strong>ipsum</strong></span> <span class='ocrx_word' id='word_1_783' title='bbox 3189 5592 3320 5631; x_wconf 88' lang='lat' dir='ltr'><strong>vero</strong></span> <span class='ocrx_word' id='word_1_784' title='bbox 3348 5594 3455 5633; x_wconf 92' lang='lat' dir='ltr'><strong>non</strong></span> <span class='ocrx_word' id='word_1_785' title='bbox 3490 5580 3639 5633; x_wconf 83' lang='lat' dir='ltr'><strong>clau-</strong></span> 
     </span>
    </p>
   </div>
   <div class='ocr_carea' id='block_1_57' title="bbox 1700 5160 3639 5184">
    <p class='ocr_par' dir='ltr' id='par_1_57' title="bbox 1700 5160 3639 5184">
     <span class='ocr_line' id='line_1_57' title="bbox 1700 5160 3639 5184; baseline -0.003 -1"><span class='ocrx_word' id='word_1_786' title='bbox 1700 5160 3639 5184; x_wconf 45' lang='grc' dir='ltr'><em>Μ</em></span> 
     </span>
    </p>
   </div>
   <div class='ocr_carea' id='block_1_58' title="bbox 1754 5432 2039 5444">
    <p class='ocr_par' dir='ltr' id='par_1_58' title="bbox 1754 5432 2039 5444">
     <span class='ocr_line' id='line_1_58' title="bbox 1754 5432 2039 5444; baseline 0.004 -3"><span class='ocrx_word' id='word_1_787' title='bbox 1754 5432 2039 5444; x_wconf 72' lang='grc' dir='ltr'><strong>σ-ι--ι-ι-</strong></span> 
     </span>
    </p>
   </div>
   <div class='ocr_carea' id='block_1_59' title="bbox 340 5662 3689 5741">
    <p class='ocr_par' dir='ltr' id='par_1_59' title="bbox 340 5662 3689 5741">
     <span class='ocr_line' id='line_1_59' title="bbox 340 5662 3689 5741; baseline 0.002 -24"><span class='ocrx_word' id='word_1_788' title='bbox 340 5662 490 5717; x_wconf 82' lang='lat' dir='ltr'><strong>velut</strong></span> <span class='ocrx_word' id='word_1_789' title='bbox 521 5679 661 5718; x_wconf 90' lang='lat' dir='ltr'><strong>nunc</strong></span> <span class='ocrx_word' id='word_1_790' title='bbox 693 5667 741 5718; x_wconf 93' lang='lat' dir='ltr'><strong>in</strong></span> <span class='ocrx_word' id='word_1_791' title='bbox 771 5681 967 5736; x_wconf 88' lang='lat' dir='ltr'><strong>genere</strong></span> <span class='ocrx_word' id='word_1_792' title='bbox 997 5666 1225 5720; x_wconf 87' lang='lat' dir='ltr'><strong>dubitari</strong></span> <span class='ocrx_word' id='word_1_793' title='bbox 1261 5677 1435 5733; x_wconf 88' lang='lat' dir='ltr'><strong>potest</strong></span> <span class='ocrx_word' id='word_1_794' title='bbox 1471 5682 1566 5719; x_wconf 92' lang='lat' dir='ltr'><strong>cur</strong></span> <span class='ocrx_word' id='word_1_795' title='bbox 1613 5684 1784 5733; x_wconf 87' lang='lat' dir='ltr'><strong>geuus</strong></span> <span class='ocrx_word' id='word_1_796' title='bbox 1811 5684 1935 5737; x_wconf 82' lang='lat' dir='ltr'><strong>spe-</strong></span> <span class='ocrx_word' id='word_1_797' title='bbox 2046 5674 2213 5729; x_wconf 85' lang='lat' dir='ltr'><strong>ditur.</strong></span> <span class='ocrx_word' id='word_1_798' title='bbox 2242 5673 2458 5741; x_wconf 73' lang='lat' dir='ltr'><strong>Maioris</strong></span> <span class='ocrx_word' id='word_1_799' title='bbox 2484 5675 2661 5741; x_wconf 90' lang='lat' dir='ltr'><strong>itaque</strong></span> <span class='ocrx_word' id='word_1_800' title='bbox 2681 5672 2861 5726; x_wconf 89' lang='lat' dir='ltr'><strong>meriti</strong></span> <span class='ocrx_word' id='word_1_801' title='bbox 2884 5681 2964 5724; x_wconf 90' lang='lat' dir='ltr'><strong>est</strong></span> <span class='ocrx_word' id='word_1_802' title='bbox 2986 5684 3047 5723; x_wconf 90' lang='lat' dir='ltr'><strong>ac</strong></span> <span class='ocrx_word' id='word_1_803' title='bbox 3069 5670 3381 5738; x_wconf 77' lang='lat' dir='ltr'><strong>principalis</strong></span> <span class='ocrx_word' id='word_1_804' title='bbox 3406 5670 3634 5736; x_wconf 70' lang='lat' dir='ltr'><strong>naturas,</strong></span> <span class='ocrx_word' id='word_1_805' title='bbox 3674 5688 3689 5709; x_wconf 64' lang='grc' dir='ltr'><strong>-λ</strong></span> 
     </span>
    </p>
   </div>
   <div class='ocr_carea' id='block_1_60' title="bbox 342 5756 3641 5831">
    <p class='ocr_par' dir='ltr' id='par_1_60' title="bbox 342 5756 3641 5831">
     <span class='ocr_line' id='line_1_60' title="bbox 342 5756 3641 5831; baseline 0.002 -23"><span class='ocrx_word' id='word_1_806' title='bbox 342 5756 467 5819; x_wconf 87' lang='lat' dir='ltr'><strong>eiei,</strong></span> <span class='ocrx_word' id='word_1_807' title='bbox 499 5757 834 5823; x_wconf 68' lang='lat' dir='ltr'><strong>ditlereutiae,</strong></span> <span class='ocrx_word' id='word_1_808' title='bbox 860 5759 1092 5827; x_wconf 89' lang='lat' dir='ltr'><strong>proprio,</strong></span> <span class='ocrx_word' id='word_1_809' title='bbox 1128 5758 1495 5825; x_wconf 87' lang='lat' dir='ltr'><strong>accidentique</strong></span> <span class='ocrx_word' id='word_1_810' title='bbox 1527 5760 1838 5825; x_wconf 75' lang='lat' dir='ltr'><strong>prtetulerit,</strong></span> <span class='ocrx_word' id='word_1_811' title='bbox 1865 5761 1935 5816; x_wconf 83' lang='lat' dir='ltr'><strong>de</strong></span> <span class='ocrx_word' id='word_1_812' title='bbox 2046 5766 2190 5831; x_wconf 84' lang='lat' dir='ltr'><strong>quod</strong></span> <span class='ocrx_word' id='word_1_813' title='bbox 2242 5766 2309 5818; x_wconf 88' lang='lat' dir='ltr'><strong>ita</strong></span> <span class='ocrx_word' id='word_1_814' title='bbox 2360 5774 2551 5819; x_wconf 55' lang='lat' dir='ltr'><strong>caétera</strong></span> <span class='ocrx_word' id='word_1_815' title='bbox 2595 5771 2829 5823; x_wconf 88' lang='lat' dir='ltr'><strong>coercet,</strong></span> <span class='ocrx_word' id='word_1_816' title='bbox 2858 5770 2916 5815; x_wconf 90' lang='lat' dir='ltr'><strong>ut</strong></span> <span class='ocrx_word' id='word_1_817' title='bbox 2946 5761 3117 5828; x_wconf 87' lang='lat' dir='ltr'><strong>ipsum</strong></span> <span class='ocrx_word' id='word_1_818' title='bbox 3155 5772 3358 5814; x_wconf 72' lang='lat' dir='ltr'><strong>natura:</strong></span> <span class='ocrx_word' id='word_1_819' title='bbox 3388 5776 3496 5815; x_wconf 68' lang='lat' dir='ltr'><strong>son:</strong></span> <span class='ocrx_word' id='word_1_820' title='bbox 3529 5780 3641 5815; x_wconf 70' lang='lat' dir='ltr'><strong>mri-</strong></span> 
     </span>
    </p>
   </div>
   <div class='ocr_carea' id='block_1_61' title="bbox 343 5844 3639 5939">
    <p class='ocr_par' dir='ltr' id='par_1_61' title="bbox 343 5844 3639 5939">
     <span class='ocr_line' id='line_1_61' title="bbox 343 5844 3639 5939; baseline 0.003 -35"><span class='ocrx_word' id='word_1_821' title='bbox 343 5862 415 5904; x_wconf 82' lang='lat' dir='ltr'><strong>eo</strong></span> <span class='ocrx_word' id='word_1_822' title='bbox 442 5847 588 5903; x_wconf 87' lang='lat' dir='ltr'><strong>enim</strong></span> <span class='ocrx_word' id='word_1_823' title='bbox 612 5850 857 5939; x_wconf 81' lang='lat' dir='ltr'><strong>primitus</strong></span> <span class='ocrx_word' id='word_1_824' title='bbox 881 5858 1092 5906; x_wconf 56' lang='lat' dir='ltr'><strong>tractat.</strong></span> <span class='ocrx_word' id='word_1_825' title='bbox 1122 5844 1586 5922; x_wconf 73' lang='lat' dir='ltr'><strong>Respondebimus</strong></span> <span class='ocrx_word' id='word_1_826' title='bbox 1610 5849 1784 5921; x_wconf 87' lang='lat' dir='ltr'><strong>itaque</strong></span> <span class='ocrx_word' id='word_1_827' title='bbox 1805 5853 1981 5939; x_wconf 83' lang='lat' dir='ltr'><strong>jure_</strong></span> <span class='ocrx_word' id='word_1_828' title='bbox 2045 5858 2333 5939; x_wconf 55' lang='lat' dir='ltr'><strong>gnitudine</strong></span> <span class='ocrx_word' id='word_1_829' title='bbox 2361 5862 2591 5923; x_wconf 77' lang='lat' dir='ltr'><strong>nequeat</strong></span> <span class='ocrx_word' id='word_1_830' title='bbox 2619 5855 2685 5910; x_wconf 83' lang='lat' dir='ltr'><strong>ab</strong></span> <span class='ocrx_word' id='word_1_831' title='bbox 2714 5853 2836 5911; x_wconf 79' lang='lat' dir='ltr'><strong>aliis</strong></span> <span class='ocrx_word' id='word_1_832' title='bbox 2871 5854 3157 5914; x_wconf 81' lang='lat' dir='ltr'><strong>contineri.</strong></span> <span class='ocrx_word' id='word_1_833' title='bbox 3190 5855 3370 5915; x_wconf 72' lang='lat' dir='ltr'><strong>Genus</strong></span> <span class='ocrx_word' id='word_1_834' title='bbox 3402 5857 3561 5926; x_wconf 82' lang='lat' dir='ltr'><strong>igitur</strong></span> <span class='ocrx_word' id='word_1_835' title='bbox 3583 5865 3639 5913; x_wconf 78' lang='lat' dir='ltr'><strong>et</strong></span> 
     </span>
    </p>
   </div>
   <div class='ocr_carea' id='block_1_62' title="bbox 1948 5932 1981 5953">
    <p class='ocr_par' dir='ltr' id='par_1_62' title="bbox 1948 5932 1981 5953">
     <span class='ocr_line' id='line_1_62' title="bbox 1948 5932 1981 5953; baseline 0 0"><span class='ocrx_word' id='word_1_836' title='bbox 1948 5932 1981 5953; x_wconf 64' lang='grc' dir='ltr'><strong><em>τ</em></strong></span> 
     </span>
    </p>
   </div>
  </div>
