4066 6328
525 367 590 425 τι
912 450 913 453 γ
1014 436 1017 441 ,
1772 369 1874 428 an.
1915 365 2102 424 nam.

2194 368 2313 424 nev.
2360 366 2578 424 BOETII
2990 402 3014 422 .
3270 424 3274 429 .
3332 424 3335 427 η
3508 424 3511 429 ,
3738 364 3805 422 88
3873 401 3878 405 ~

522 509 737 580 species
756 510 897 567 intra
927 526 988 567 se
1019 511 1221 581 positas
1257 511 1438 580 habet,
1469 519 1526 567 et
1549 524 1735 566 earum
1776 504 2111 587 differentias

521 606 845 674 propriaque
864 646 877 666 .
910 604 1255 660 nihilominus
1284 604 1445 659 etiam
1476 603 1774 660 accidentia
1795 646 1812 671 ,
1842 613 2005 675 atque
2034 605 2108 659 ita
2174 635 2185 641 -

518 699 587 755 de
625 714 822 769 genere
847 698 1208 755 inclwandum
1241 701 1338 755 fuit
1358 698 1499 768 quod
1525 710 1720 758 caetera
1750 711 1957 756 natura;
1995 716 2109 756 sua:

518 792 883 863 magnitudine
917 802 1133 849 coercet
1170 804 1226 849 et
1258 794 1518 853 continet.
1551 795 1817 850 Prmterea
1848 795 1937 850 illa
1964 811 2109 850 sem-
2186 828 2187 831 η

480 920 483 935 ι
518 898 615 952 per
644 885 856 953 propria
888 886 1118 953 putanda
1158 896 1315 956 sunt,
1344 903 1465 956 quae
1509 888 1555 942 si
1595 888 1805 945 auferat
1848 889 1972 959 quis
2001 903 2107 945 ca:-

516 987 629 1032 tera
683 982 1034 1049 perimuntur,
1088 981 1518 1050 illa'posteriora
1550 982 1994 1052 ‘quibuspositis
2036 998 2103 1039 ea
2180 1004 2185 1009 ’

484 1084 631 1138 quae
662 1037 979 1127 ca‘terorum
1017 1037 1371 1128 substantiam
1432 1037 1715 1144 perficiunt
1752 1037 2100 1143 cdnsequun-
2165 1052 2183 1105 ί
2208 1054 2316 1093 uno
2347 1047 2633 1144 9mm?”
2665 1048 3017 1144 socteﬁ‘sLet
3041 1037 3104 1091 ad
3132 1038 3281 1144 ilium
3313 1039 3407 1108 qui
3437 1041 3684 1143 Princepé
3715 1049 3800 1094 e“

512 1172 621 1229 tur,
654 1174 710 1219 ut
740 1166 795 1220 in
821 1182 1018 1236 genere
1046 1175 1103 1221 et
1138 1168 1371 1223 caeteris.
1401 1168 1533 1223 Nam
1557 1168 1601 1222 si
1628 1169 1831 1224 animal
1861 1170 2098 1239 auferas,

474 1288 479 1295 -
508 1258 653 1326 quod
684 1270 765 1315 est
796 1260 1027 1315 hominis
1052 1268 1238 1332 genus,
1287 1262 1449 1316 homo
1492 1276 1704 1332 quoque
1732 1263 1821 1331 qui
1866 1270 1951 1316 est
1978 1276 2103 1331 spe-

508 1349 622 1406 cies
643 1396 657 1416 ,
710 1360 764 1407 et
790 1353 1051 1408 rationale
1095 1353 1237 1423 quod
1269 1353 1593 1420 differentia,
1625 1363 1680 1409 et
1722 1354 1929 1410 risihile
1958 1354 2099 1424 quod

510 1444 805 1513 proprium,
834 1456 888 1501 et
934 1450 1340 1515 grammaticum
1382 1448 1525 1519 quod
1571 1449 1823 1504 accidens
1852 1458 1957 1515 est,
1990 1466 2098 1504 non
2182 1466 2183 1469 ‘

509 1541 763 1609 manebit,
798 1550 852 1595 et
884 1540 1261 1613 interemptum
1292 1559 1461 1613 genus
1487 1556 1677 1601 cuncta
1719 1547 2008 1601 consumit.
2039 1546 2097 1602 Si
2179 1559 2187 1567 ‘

507 1648 635 1685 vero
668 1632 936 1688 hominem
968 1650 1089 1690 esse
1112 1637 1408 1691 constituas
1438 1638 1520 1693 vel
1545 1641 1979 1707 grammaticum,
2011 1640 2099 1696 vel
2186 1662 2191 1665 -

474 1756 479 1765 ρ
504 1727 785 1793 rationale,
809 1730 891 1782 vel
914 1729 1134 1798 risibile,
1158 1732 1355 1786 animal
1378 1748 1590 1803 quoque
1604 1748 1728 1789 esse
1752 1749 1976 1791 necesse
1992 1745 2096 1790 est.

503 1818 634 1873 Sive
663 1819 804 1874 enim
829 1831 913 1877 est
940 1823 1123 1888 homo,
1155 1824 1354 1879 animal
1380 1835 1465 1881 est
1492 1843 1509 1882 :
1534 1825 1651 1883 sive
1671 1828 1957 1895 rationale,
1982 1828 2097 1884 sive

502 1911 711 1968 risihile
731 1958 747 1982 ,
788 1914 907 1969 sive
936 1916 1344 1985 grammaticum
1365 1960 1382 1986 ,
1415 1918 1484 1974 ab
1515 1921 1766 1977 animalis
1793 1921 2093 1977 substantia

472 2018 610 2057 non
659 2006 882 2059 recedit.
916 2007 1137 2063 Sublato
1162 2024 1291 2079 ergo
1317 2023 1521 2080 genere
1566 2022 1620 2067 et
1658 2020 1854 2068 caetera
1897 2028 2121 2069 consul
2181 2024 2187 2030 '

472 2108 743 2165 -muntur,
775 2100 969 2170 positis
1009 2118 1137 2157 vero
1176 2105 1388 2161 caeteris
1416 2107 1658 2178 sequitur
1685 2123 1855 2177 genus
1890 2126 1903 2162 :
1949 2108 2096 2178 prior

500 2202 583 2246 est
608 2191 770 2264 igitur
798 2207 984 2250 natura
1010 2198 1548 2269 generis,~p05terior
1589 2213 1930 2258 cancrorum.
1963 2202 2097 2259 Jure

500 2284 663 2356 igitur
708 2286 761 2343 in
807 2289 1169 2360 disputatione
1222 2296 1565 2363 praepositum
1624 2305 1709 2352 est
1759 2312 1964 2367 genus,
1996 2296 2095 2353 sed

501 2380 749 2448 quoniam
795 2385 1009 2454 generis
1067 2401 1264 2443 nomen
1314 2388 1483 2444 multa
1527 2389 1814 2460 significat,
1865 2391 1969 2447 hoc
2010 2398 2096 2446 est

501 2474 645 2530 enim
673 2477 816 2546 quod
846 2479 922 2535 ait
952 2497 968 2533 :

1073 2577 1161 2632 DE
1213 2577 1509 2635 GENERE.

579 2660 793 2718 Videtur
818 2675 988 2721 autem
1016 2684 1175 2739 neque
1197 2674 1356 2741 genus
1382 2688 1544 2743 neque
1565 2673 1760 2740 species
1794 2674 2095 2744 simpliciter

501 2755 624 2810 dici.

508 2928 514 2934 .
576 2850 678 2911 Ubi
716 2854 860 2909 enim
906 2869 1016 2911 non
1056 2867 1139 2912 est
1183 2860 1411 2930 simplex
1452 2860 1648 2930 dictio,
1682 2860 1791 2919 illic
1818 2861 2096 2930 multiplex

474 2944 824 3014 significatio
867 2959 987 3014 est;
1019 2950 1169 3020 prius
1212 2952 1371 3022 hujus
1401 2956 1636 3009 nominis
1676 2957 2096 3027 significationes

472 3048 477 3055 '
501 3036 767 3093 discernit
794 3054 858 3093 ac
884 3052 1121 3108 separat,
1156 3054 1212 3097 ut
1239 3043 1306 3098 de
1329 3061 1429 3115 qua
1462 3046 1854 3114 signiﬁcatione
1879 3047 2096 3116 generis

502 3137 828 3185 tractaturus
854 3140 938 3186 est
968 3135 1069 3188 sub
1098 3135 1269 3190 oculis
1301 3148 1478 3204 portat.
1514 3139 1620 3193 Sed
1650 3155 1769 3195 cum
1804 3154 1977 3209 neque
2002 3155 2095 3208 ge-
2136 3190 2143 3211 η

2135 482 2439 544 Adicens:
2473 483 2656 539 Genus
2702 483 2899 537 dicitur
2948 482 3246 553 aliquorum
3296 482 3693 553 quodammodo
3739 498 3801 539 se

2218 575 2526 630 habentium
2558 578 2623 630 ad
2661 592 2822 629 unum
2852 576 3062 645 aliquod
3091 585 3147 630 et
3174 576 3239 637 ad
3271 591 3332 632 se
3368 576 3594 631 invicem
3633 576 3804 632 colle-

2211 666 2628 736 ctio,'tanquam
2654 677 2708 721 et
2735 668 2859 720 illud
2887 683 3055 737 genus
3075 668 3286 722 dicatur
3336 668 3403 721 ad
3433 684 3594 722 unum
3622 669 3802 738 aliquo

2211 760 2374 815 modo
2399 775 2458 813 se
2491 759 2719 824 habere,
2762 769 2817 813 et
2855 760 2954 815 hoc
2993 776 3178 814 rursus
3214 776 3382 829 genus
3410 760 3620 815 dicatur
3656 761 3798 830 quod

2209 854 2275 909 ad
2306 868 2365 909 se
2395 855 2629 908 invicem
2658 853 2818 908 unius
2843 854 3055 924 generis
3082 854 3478 924 significatione
3521 852 3798 925 conjuncti

2207 946 2337 1001 sint.
2369 946 2479 1000 Hoc
2505 961 2637 1001 vero
2675 948 2896 1001 minime
2942 956 3061 1000 est:
3097 946 3285 1002 eadem
3320 948 3462 1002 enim
3492 965 3521 1000 a
3550 948 3800 1016 quolibet.

2203 1132 2441 1204 generis,
2476 1141 2644 1186 totam
2678 1131 3075 1187 multitudinem
3110 1133 3311 1199 refert,
3341 1145 3398 1185 et
3440 1132 3608 1200 ipsam
3654 1133 3798 1187 inter

2205 1240 2266 1280 se
2284 1225 2676 1280 multitudinem
2705 1241 2810 1281 uno
2829 1226 3042 1296 generis
3059 1226 3275 1280 nomine
3306 1227 3575 1281 connectit
3598 1237 3651 1280 et
3674 1241 3802 1279 con-

2207 1317 2357 1372 tinet.
2391 1318 2507 1386 Quo
2530 1318 2670 1373 circa
2702 1334 2807 1372 non
2833 1329 2915 1373 est
2942 1319 3211 1389 putandus
3236 1318 3556 1374 divisionem
3581 1318 3798 1384 fecisse,

2204 1408 2299 1463 sed
2331 1423 2491 1462 omne
2531 1409 2788 1479 quidquid
2831 1410 2885 1464 in
2919 1410 3016 1463 hac
3045 1411 3261 1481 generis
3286 1410 3677 1481 significatione
3722 1413 3799 1463 in-

2205 1501 2551 1571 telligendum
2572 1502 2692 1566 fuit,
2716 1502 3015 1570 aperuisse.
3039 1502 3184 1557 Ordo
3210 1512 3387 1556 autem
3413 1502 3698 1556 verborum
3726 1502 3795 1556 ita

2204 1608 2325 1649 sese
2354 1594 2514 1647 habet
2543 1595 2635 1663 qui
2672 1603 2752 1647 est
2789 1594 3120 1674 hyperbaton
3165 1593 3544 1664 intelligendus
3576 1612 3588 1647 :
3622 1609 3795 1664 genus

2202 1686 2347 1740 enim
2377 1685 2593 1751 dicitur,
2628 1696 2684 1742 et
2716 1686 3017 1757 aliquorum
3048 1688 3112 1742 ad
3143 1703 3306 1742 unum
3333 1703 3392 1742 se
3421 1687 3602 1755 aliquo
3635 1689 3795 1741 modo

2204 1776 2515 1832 habentium
2559 1779 2827 1843 collectio,
2878 1789 2933 1833 et
2978 1779 3042 1832 ad
3073 1794 3133 1834 se
3160 1778 3388 1833 invicem
3417 1779 3598 1848 aliquo
3632 1781 3798 1832 modo

2127 1874 2177 1936 B
2204 1872 2541 1939 habentium,
2603 1890 2789 1929 rursus
2835 1874 3084 1929 collectio
3131 1872 3500 1928 subaudienda
3552 1885 3682 1927 est:
3718 1881 3797 1927 est

2199 1966 2342 2020 enim
2387 1974 2441 2021 et
2487 1981 2709 2037 zeugma
2740 1966 2893 2035 cujus
2936 1965 3339 2037 significationis
3380 1964 3582 2034 adjecit
3611 1978 3795 2019 exem-

2198 2056 2380 2127 plum,
2410 2059 2706 2112 secundum
2738 2074 2898 2127 quam
2956 2058 3401 2127 significationem
3434 2055 3798 2111 Romanorum

2199 2150 2396 2206 dicitur
2424 2168 2614 2222 genus,
2644 2153 2712 2206 ab
2744 2151 2901 2207 unius
2926 2152 3135 2206 scilicet
3166 2151 3501 2205 habitudine.
3538 2151 3667 2205 Dico
3697 2165 3794 2204 and

2200 2256 2308 2300 tem
2332 2245 2545 2301 Romuli
2572 2256 2624 2300 et
2652 2245 3007 2300 multitudinis
3037 2259 3227 2300 rursus
3253 2244 3565 2299 habitudine
3593 2245 3796 2299 haben-

2196 2340 2329 2394 tium
2358 2338 2536 2411 aliquo
2567 2338 2726 2393 modo
2754 2339 2819 2392 ad
2855 2338 3083 2393 invicem
3113 2339 3514 2406 cognationem,
3541 2351 3659 2391 eam
3682 2336 3791 2390 sci-

2197 2431 2328 2488 licet
2352 2448 2472 2501 quat
2495 2432 2563 2486 ab
2590 2432 2683 2487 illo
2710 2442 2814 2495 est,
2856 2432 2909 2485 id
2940 2442 3020 2487 est
3051 2430 3298 2495 Romulo,
3333 2429 3619 2484 secundum
3643 2430 3787 2485 divi’

2199 2526 2410 2581 sionem
2444 2525 2512 2579 ab
2536 2525 2661 2579 aliis
2691 2525 2976 2595 generibus
3010 2522 3241 2590 dictum,
3267 2521 3473 2577 scilicet
3502 2520 3794 2575 multitudi~

2198 2619 2316 2682 nis;
2368 2617 2484 2673 lnec
2521 2618 2665 2672 enim
2696 2615 2984 2671 multitudo
3027 2616 3209 2686 aliquo
3248 2615 3412 2671 modo
3448 2614 3515 2669 ad
3545 2629 3709 2669 unum
3740 2622 3794 2668 et

2198 2712 2267 2767 ad
2304 2727 2364 2766 se
2412 2711 2640 2785 invicem
2675 2710 2878 2764 habens
2906 2708 3281 2779 cognationem
3317 2723 3486 2780 genus
3515 2706 3662 2761 dicta
3688 2718 3795 2770 est,

2190 2817 2261 2863 ut
2305 2806 2374 2861 ab
2422 2805 2541 2861 aliis
2586 2803 3018 2871 discerneretur,
3053 2814 3108 2857 ut
3134 2800 3498 2855 Romanorum
3526 2814 3697 2870 genus
3727 2798 3794 2853 ab

2192 2899 2614 2959 Atheniensium
2638 2910 2838 2969 genere
2873 2905 3306 2964 creterorumque
3335 2904 3704 2963 separaretur,
3738 2899 3795 2944 ut

2200 2993 2272 3045 sit
2301 2991 2511 3061 integer
2553 2989 2842 3043 verborum
2884 2986 3061 3042 ordo:
3089 3001 3259 3059 genus
3299 2986 3442 3042 enim
3492 2984 3693 3040 dicitur
3738 2994 3795 3039 et

2200 3081 2451 3136 collectio
2476 3080 2775 3150 aliquorum
2803 3079 2872 3134 ad
2900 3094 3062 3134 unum
3087 3095 3146 3135 se
3161 3077 3561 3151 quodammodo
3589 3076 3796 3133 haben-

2201 3175 2333 3228 tium
2352 3213 2367 3239 ,
2393 3183 2445 3227 et
2470 3172 2716 3228 collectio
2740 3171 2805 3225 ad
2832 3185 2896 3227 se
2927 3172 3182 3240 invicem,
3209 3169 3505 3226 secundum
3526 3185 3687 3240 quam
3717 3169 3794 3224 si-

502 3235 624 3290 nus,
648 3239 824 3339 nque
851 3227 1082 3339 species",
1112 3246 1285 3333 neque
1308 3230 1631 3336 differentia,
1663 3247 1761 3288 nec
1788 3233 2090 3303 proprium,
2122 3256 2173 3323 C
2202 3227 2598 3339 gnifidationein
2649 3264 3013 3318 Romanorum
3065 3227 3265 3319 dicitur
3310 3278 3499 3336 genus.
3524 3227 3593 3318 ab
3640 3264 3795 3318 unius

472 3324 477 3329 '
501 3328 605 3369 nec
633 3316 883 3373 accidens
905 3318 1295 3391 significatione
1322 3324 1585 3394 simplicia
1621 3327 1729 3383 sint
1748 3371 1763 3395 ,
1796 3344 1893 3383 cur
1921 3328 1989 3383 de
2010 3327 2096 3384 his

502 3417 708 3465 tantum
740 3412 972 3481 duobus,
1001 3429 1220 3485 genere,
1249 3416 1567 3489 inquam,ac
1594 3423 1794 3491 specie,
1820 3423 1961 3480 dixit
1986 3438 2094 3479 non

470 3502 817 3575 "simpliciter
868 3508 999 3576 dici,
1045 3524 1166 3565 cum
1221 3515 1521 3581 prOprium,
1577 3516 1900 3588 differentia,
1936 3531 2097 3593 atque

468 3599 751 3657 ’accidens
778 3601 894 3672 ipsa
925 3619 1138 3676 quoque
1176 3609 1285 3661 sint
1326 3608 1718 3679 significatione
1744 3612 2096 3684 multiplicia?

500 3690 798 3751 Dicendum
850 3708 935 3754 est
991 3688 1244 3770 quoniam
1297 3702 1685 3774 longitudinem
1735 3707 1909 3762 vitans
1976 3718 2096 3764 tan-

498 3794 615 3843 tum
657 3791 894 3860 speciem
944 3797 1277 3861 nominavit,
1328 3812 1556 3867 eamque
1623 3800 1832 3856 idcirco
1890 3818 1957 3857 ne
2008 3818 2097 3857 so-

499 3878 611 3934 lttm
642 3895 812 3963 genus
854 3898 977 3939 esse
1005 3886 1414 3955 significationis
1444 3891 1756 3960 multiplicis
1793 3902 2091 3961 putaretur.

499 3969 798 4031 Enumerat
848 3987 1028 4034 autem
1082 3981 1308 4055 primam
1364 3984 1579 4052 generis
1643 3986 2094 4057 significationem

500 4063 605 4121 hoc
628 4068 787 4123 modo
813 4087 826 4123 :

476 4158 481 4163 ’
570 4156 751 4243 Genus
769 4166 907 4219 enim
952 4166 1145 4222 dicitur
1190 4179 1239 4223 et
1276 4171 1568 4242 aliquarum
1612 4174 1999 4243 quodammodo
2041 4192 2097 4231 se

499 4239 795 4312 nabattium
820 4259 889 4312 ad
914 4276 1072 4315 unum
1093 4261 1306 4333 aliquod
1329 4239 1375 4318 et
1409 4267 1477 4319 ad
1506 4282 1561 4320 se
1595 4239 1811 4320 invicem
1834 4266 2093 4338 collectio,

472 4344 779 4403 "secundum
821 4369 977 4421 quam
1020 4356 1450 4426 signi/irationem
1502 4361 1851 4416 Romanorum
1904 4366 2094 4417 dicitur

499 4454 659 4509 genus
686 4443 751 4496 ab
778 4444 933 4499 unius
962 4426 1157 4501 scilicet
1181 4449 1497 4506 habitudine.
1534 4450 1665 4508 Dico
1687 4466 1859 4509 autem
1882 4457 2095 4511 Romuli

472 4530 549 4587 ’σι
578 4532 924 4590 multitudinis
954 4536 1248 4594 habentium
1294 4541 1473 4613 aliqua
1502 4546 1655 4600 modo
1674 4546 1743 4599 ad
1771 4564 1825 4600 se
1878 4549 2091 4602 invicem
2132 4570 2137 4573 -

2200 3359 2412 3414 scilicet
2438 3355 2750 3419 habitudine
2778 3373 2793 3409 :
2824 3356 2947 3411 dico
2973 3366 3151 3411 autem
3193 3354 3405 3409 Romuli
3449 3363 3507 3411 et
3552 3354 3794 3410 multitu-

2200 3454 2344 3510 dinis
2371 3453 2667 3508 secundum
2690 3452 3008 3508 divisionem
3026 3452 3094 3507 ab
3113 3450 3234 3505 aliis
3256 3448 3547 3522 generibus
3569 3449 3794 3514 dictum,
3840 3516 3853 3527 .

2201 3548 2411 3606 scilicet
2441 3549 2718 3603 hominum
2745 3546 3056 3603 habentium
3087 3545 3269 3615 aliquo
3290 3545 3454 3603 modo
3475 3544 3540 3599 ad
3566 3544 3794 3599 invicem

2200 3656 2319 3695 eam
2351 3654 2471 3711 quae
2498 3648 2583 3695 est
2606 3638 2675 3694 ab
2717 3638 2831 3707 illo,
2883 3639 2937 3694 id
2985 3648 3067 3694 est
3097 3636 3362 3704 Romulo,
3394 3636 3794 3710 cognationem.

2190 3733 2377 3807 Atque
2403 3731 2518 3787 haec
2545 3731 2836 3797 hactenus;
2869 3745 3013 3786 nunc
3037 3729 3106 3786 de
3123 3728 3367 3786 secunda
3399 3728 3615 3799 generis
3639 3725 3793 3799 signi-

2186 3826 2458 3893 ficatione
2487 3825 2776 3881 dicendum
2804 3832 2908 3880 est.

2190 3968 2199 3973 .
2272 3916 2476 3973 Dicitur
2501 3927 2674 3973 autem
2710 3927 2760 3972 et
2798 3916 2949 3971 aliter
2989 3931 3170 3970 rursus
3198 3930 3358 3987 genus
3397 3913 3530 3969 illud
3556 3912 3697 3986 quod
3724 3922 3797 3966 est

2198 4013 2607 4085 uniuscujusque
2633 4011 2975 4082 generationis
3020 4009 3352 4082 principium,
3396 4010 3475 4063 vel
3516 4009 3580 4062 ab
3610 4023 3671 4061 eo
3707 4008 3799 4077 qui

2198 4104 2396 4176 genuit,
2426 4105 2504 4159 uel
2526 4104 2588 4157 ab
2609 4120 2668 4158 eo
2691 4104 2821 4169 loco,
2846 4102 2901 4157 in
2920 4118 3020 4173 quo
3040 4103 3157 4173 quis
3180 4102 3381 4172 genitus
3414 4108 3511 4155 est.
3542 4098 3634 4155 Sic
3659 4099 3799 4153 enim

2182 4196 2436 4252 Orestem
2478 4196 2688 4267 quidem
2714 4196 2932 4250 dicimus
2954 4213 2989 4250 a
3015 4193 3234 4248 Tantalo
3266 4209 3423 4265 genus
3445 4191 3648 4259 habere,
3685 4189 3798 4261 119-

2210 4291 2318 4343 lum
2356 4299 2523 4344 autem
2551 4289 2613 4343 ab
2648 4289 2888 4343 Hercule.
2920 4286 2990 4342 Et
3037 4303 3217 4343 rursus
3264 4285 3554 4340 Pindarum
3583 4285 3798 4355 quidem

2198 4383 2500 4438 Thebanum
2536 4399 2645 4437 esse
2670 4397 2883 4453 genere,
2944 4380 3217 4435 Platonem
3243 4395 3361 4434 vero
3391 4378 3797 4433 Atheniensem:

2198 4477 2380 4531 etenim
2408 4478 2577 4545 patria
2607 4475 2918 4545 principium
2956 4483 3030 4527 est
3064 4473 3469 4546 uniuscujusque
3501 4469 3797 4543 generatio-

2199 4570 2297 4635 nis,
2328 4568 2757 4637 quemadmodum
2783 4575 2830 4621 et
2860 4575 3006 4635 pater
3046 4581 3067 4619 :
3105 4565 3217 4621 haec
3246 4576 3417 4619 autem
3457 4564 3660 4619 videtur
3687 4577 3799 4616 esse

476 4643 614 4713 leam
661 4643 776 4699 qua:
806 4629 869 4683 ab
899 4630 990 4685 illo
1030 4643 1107 4686 est
1147 4636 1538 4705 cognationem,
1565 4640 1850 4711 secundum
1879 4642 2093 4697 divisio-

2202 4660 2584 4732 promp'issima
2606 4658 2920 4730 signiﬁcatio
2938 4662 3157 4730 generis.
3175 4657 3418 4713 Romani
3444 4655 3577 4709 enim
3609 4655 3795 4708 dicun-

497 4735 615 4774 rtem
637 4720 701 4774 ab
733 4723 849 4776 aliis
876 4723 1145 4795 generibus
1172 4727 1385 4782 dictum.

577 4810 712 4879 lina,
741 4815 934 4887 inquit,
961 4821 1176 4888 generis
1206 4821 1526 4891 significatio
1554 4835 1656 4891 est,
1687 4842 1806 4897 qure
1834 4827 1888 4883 in
1920 4828 2093 4884 multi-

468 4905 739 5001 .tndinem
764 4909 909 4965 venit
931 4925 960 4964 a
988 4911 1231 4983 quolibet
1258 4930 1366 4972 uno
1395 4920 1714 4989 principium
1749 4921 1993 4986 trahens,
2023 4926 2091 4977 ad

499 4998 640 5067 quod
685 4999 894 5056 scilicet
918 5002 988 5057 ita
1018 5002 1111 5059 illa
1144 5006 1432 5063 multitudo
1461 5011 1746 5081 conjuncta
1786 5025 1893 5082 est,
1928 5023 1987 5068 ut
2022 5012 2089 5068 ad

480 5107 560 5179 ‘se
589 5089 819 5149 invicem
868 5109 965 5165 per
1005 5097 1248 5168 ejusdem
1280 5103 1437 5158 unius
1483 5105 1808 5175 principium
1836 5107 2091 5178 copulata

496 5185 614 5239 sit:
646 5197 703 5240 ut
749 5202 872 5243 cum
919 5190 1281 5250 Romanorum
1328 5190 1499 5269 gentis
1544 5200 1766 5269 dicitur,
1801 5202 2119 5257 multitudo,

496 5274 869 5335 Romanorum
900 5282 969 5337 ab
998 5299 1105 5339 uno
1134 5284 1368 5343 Romulo
1396 5291 1713 5346 vocabulum
1755 5293 2001 5360 trahens,
2033 5304 2091 5349 et

496 5368 598 5440 ipsi
625 5370 874 5443 Romulo,
901 5385 962 5431 et
979 5378 1046 5433 ad
1068 5395 1127 5435 se
1152 5380 1381 5438 invicem
1407 5385 1563 5455 quasi
1589 5386 1823 5456 quadam
1852 5388 2091 5445 nominis

493 5466 812 5525 hereditate
843 5469 1133 5541 conjuncta
1169 5485 1272 5531 est.
1318 5476 1517 5533 Eadem
1558 5481 1703 5535 enim
1746 5482 1869 5551 qua:
1903 5497 1933 5537 a
1978 5482 2088 5538 Ro-

493 5557 647 5614 mulo
674 5562 907 5619 societas
953 5566 1235 5623 descendit
1274 5565 1548 5626 Romanos
1592 5572 1735 5628 inter
1785 5589 1849 5630 se
1896 5590 2089 5633 omnes

493 5665 603 5706 uno
650 5658 867 5726 generis
921 5659 1139 5715 nomine
1185 5660 1424 5718 devincit
1476 5675 1531 5720 et
1581 5667 1811 5737 colligit.
1866 5668 2089 5725 Videtur

493 5753 673 5801 autem
700 5751 941 5807 secuisse
971 5750 1110 5807 hanc
1136 5755 1351 5823 generis
1379 5758 1825 5825 significationem
1869 5761 1921 5815 in
1949 5761 2083 5818 duas

482 5852 700 5914 partes,
756 5860 876 5903 cum
928 5848 1748 5922 copulativamconjunctionem
1798 5854 2083 5937 admiscuit

2100 4786 2103 4789 η
2178 4765 2284 4819 ,ων
2326 4752 2411 4821 qui
2462 4766 2525 4805 ea:
2563 4767 2743 4823 genere
2776 4751 3093 4805 descendunt
3127 4749 3359 4819 Romuli,
3390 4757 3440 4803 et
3470 4748 3795 4817 Cecropida,

2178 4847 2287 4913 ,ςιιὶ
2314 4861 2376 4899 ea:
2398 4859 2580 4916 genere
2607 4843 2923 4898 descendunt
2947 4842 3221 4914 Cecropis,
3259 4852 3306 4899 et
3329 4859 3508 4897 eorum
3547 4842 3796 4911 proximi.

2179 4982 2186 4999 ,
2270 4938 2508 5005 Quatuor
2545 4937 2767 4991 omnino
2794 4947 2921 4991 sunt
2963 4936 3249 5007 principia,
3304 4950 3425 5006 qua:
3454 4934 3787 5004 unumquod-

2197 5044 2305 5096 que
2337 5026 2703 5097 principaliter
2731 5026 2971 5083 efficiunt
2995 5044 3011 5081 :
3040 5037 3124 5083 est
3152 5027 3298 5083 enim
3328 5039 3436 5081 una
3457 5040 3645 5087 causa.
3668 5039 3789 5095 qua:

2202 5118 2447 5174 effectiva
2472 5119 2687 5182 dicitur.
2713 5118 2859 5173 velut
2889 5128 3036 5187 pater
3066 5119 3192 5185 filii;
3221 5130 3305 5175 est
3332 5117 3435 5173 alia
3462 5134 3585 5190 qua:
3615 5132 3787 5175 mate-

2198 5210 2374 5275 rialis,
2410 5212 2560 5266 velut
2602 5209 2807 5281 lapides
2845 5209 3068 5277 domus;
3102 5212 3258 5267 tertia
3287 5221 3371 5267 est
3408 5209 3610 5274 forma,
3643 5211 3786 5265 velut

2152 5340 2165 5343 γι
2195 5300 2430 5358 hominis
2458 5301 2878 5367 rationabilitas;
2921 5311 3112 5372 quarta
3156 5303 3511 5374 quamobrem
3543 5304 3747 5375 geritur
3773 5346 3787 5369 ,

2196 5395 2343 5450 velut
2370 5409 2565 5466 pugna:
2595 5393 2845 5450 victoria.
2889 5393 3019 5450 Duae
3049 5410 3178 5451 vero
3205 5408 3475 5467 suntquae
3513 5411 3610 5467 per
3649 5397 3784 5451 acci-

2178 5488 2330 5543 ‘dens
2358 5472 2777 5559 uniuscujusque
2825 5486 3076 5543 dicuntur
3117 5502 3241 5543 esse
3282 5486 3544 5559 principia
3571 5534 3585 5554 ,
3638 5487 3788 5542 locus

2183 5577 2407 5632 scilicet
2431 5592 2495 5634 ac
2523 5585 2757 5648 tempus.
2789 5576 3050 5646 Quoniam
3078 5578 3224 5633 enim
3251 5593 3410 5635 omne
3448 5577 3590 5649 quod
3620 5577 3793 5633 nasci-

2178 5681 2285 5727 tur
2312 5679 2371 5727 et
2394 5670 2466 5726 sit
2509 5671 2562 5727 in
2604 5670 2723 5728 loco
2762 5686 2826 5726 ac
2872 5679 3116 5741 tempore
3141 5679 3261 5736 est,
3302 5679 3357 5726 et
3384 5670 3642 5742 quidquid
3672 5669 3793 5725 loco

2194 5772 2278 5826 vel
2313 5780 2557 5835 tempore
2583 5774 2768 5820 natum
2813 5764 3079 5839 factumve
3115 5762 3299 5825 fuerit.
3334 5777 3456 5818 eum
3488 5764 3664 5819 locum
3700 5765 3794 5820 vel

2197 5868 2253 5926 id
2297 5875 2513 5932 tempus
2550 5858 2947 5916 accidentalitcr
2977 5858 3171 5913 dicitur
3212 5857 3410 5914 habere
3449 5860 3769 5935 principium
