4106 6336
317 335 386 393 89
423 391 428 396 ,
1266 333 1330 389 IN
1373 327 1822 389 PORPHYRIUM
1863 324 2505 384 LOMMLNTARIORUM
2545 327 2676 384 LIB.
2718 327 2780 384 Il.
3533 325 3598 380 90

317 447 523 507 ﬂorum
551 449 791 503 omnium
815 448 868 504 in
893 449 992 504 hac
1020 448 1250 504 secunda
1277 451 1490 520 generis
1519 449 1910 519 signiﬁcatione
1939 454 1988 508 Α
2016 449 2358 516 genera'iouis
2397 448 2706 518 principium
2735 491 2748 513 ,
2809 447 2988 501 dehinc
3041 447 3194 502 etiam
3232 458 3280 502 et
3321 447 3598 500 multitudo

322 539 432 595 duo
461 539 710 610 quaedam
741 554 805 593 ex
837 541 1110 595 alterutris
1133 541 1381 594 assumit
1412 557 1528 606 quze
1557 544 1622 594 a.l
1650 540 1910 611 signiﬁca-

317 632 523 687 tionem
553 633 768 703 generis
797 631 1112 686 videbantur
1134 633 1556 686 accommodata.
1589 633 1665 688 Ex
1690 632 1770 687 his
1794 634 1911 703 qui-

315 725 443 778 dem
475 728 652 778 causis
681 739 801 793 qu:e
833 723 1142 793 principalia
1167 732 1308 787 sunt,
1343 723 1675 789 eﬁcctivum;
1726 740 1789 779 ex
1831 724 1909 778 his

318 829 450 870 vero
473 831 590 884 qure
619 817 940 880 accidentia,
971 817 1144 869 locum
1175 818 1289 869 :ait
1313 816 1480 882 enim,
1511 833 1681 888 genus
1712 818 1911 872 dicitur

320 918 377 962 et
406 923 434 962 a
463 923 565 976 quo
586 908 703 975 quis
725 907 942 978 genitus
968 916 1074 975 est,
1107 923 1227 982 qua:
1259 918 1342 962 est
1361 907 1606 964 eﬁ‘ectiva
1636 911 1907 978 principa-
1945 926 1948 934 '

324 1004 452 1058 lium
491 1017 672 1068 causa,
702 1013 756 1057 et
787 1004 839 1055 in
867 1018 974 1072 quo
1004 1002 1125 1070 quis
1153 1002 1273 1056 loco
1297 1012 1378 1058 est
1408 1015 1742 1073 procreatus,
1787 1020 1908 1075 quze

324 1105 403 1151 est
427 1095 674 1149 accidens
704 1110 865 1149 causa
898 1093 1166 1163 principii.
1195 1094 1380 1165 Itaque
1424 1096 1536 1150 lucc
1563 1096 1802 1151 secunda
1828 1096 1905 1151 si-

318 1189 588 1259 gniﬁcatio
616 1188 723 1242 duo
751 1189 1012 1252 ccutinet,
1053 1201 1176 1242 eum
1216 1205 1245 1242 a
1289 1204 1398 1260 quo
1427 1191 1548 1260 quis
1595 1198 1907 1259 procreatus

316 1293 422 1345 εει,
451 1292 504 1335 ει
535 1283 709 1336 locum
739 1282 790 1335 in
823 1297 931 1350 quo
955 1279 1075 1350 quis
1105 1280 1300 1343 editus,
1335 1292 1391 1335 ut
1412 1284 1663 1351 exemplo
1693 1297 1908 1352 quoque

315 1374 710 1430 demonstrant.
741 1374 984 1430 Orestem
1015 1375 1158 1431 enim
1182 1373 1412 1430 dicimus
1434 1391 1463 1429 a
1485 1375 1714 1429 Tantalo
1738 1389 1906 1446 genus

314 1466 536 1523 ducere.
567 1467 828 1523 Tantalus
855 1469 1052 1540 quippe
1101 1468 1334 1540 Pelopen
1357 1512 1372 1533 ,
1418 1469 1610 1539 Pel0ps
1647 1474 1903 1537 Atreum,

312 1562 510 1615 Atreus
531 1562 1008 1630 Agamemnonem,
1037 1563 1406 1632 Agamemnon
1431 1563 1615 1637 genuit
1635 1562 1901 1618 Orestem.
1940 1559 1942 1564 ’

315 1650 503 1722 Itaque
534 1667 568 1707 α
595 1656 966 1723 procreatione
993 1670 1162 1726 genus
1190 1655 1292 1710 hoc
1317 1653 1516 1709 dictum
1547 1664 1652 1710 est.
1678 1656 1748 1710 At
1775 1669 1905 1710 vero

317 1744 609 1801 Pindarum
638 1747 864 1802 dicimus
888 1747 1361 1813 esse'I‘hebanum,
1381 1747 1609 1811 scilicet,
1643 1747 1899 1818 quoniam

2015 559 2188 595 eorum
2215 544 2304 612 qui
2329 551 2445 594 sunt
2468 541 2531 594 ab
2561 557 2663 594 uno
2690 541 2964 612 principio,
2997 551 3054 595 ut
3097 557 3129 595 a
3181 541 3421 602 Romulo,
3445 557 3599 608 quam

2014 636 2293 688 dividentes
2315 646 2360 688 et
2379 635 2439 686 ab
2459 634 2574 687 aliis
2598 643 2891 704 separantes
2917 633 3208 689 dicebamus
3230 649 3432 688 omnem
3453 634 3598 686 illam
3679 681 3689 701 ,

2015 728 2360 781 collectionem
2392 743 2496 780 esse
2522 726 2868 781 Romanorum
2887 742 3073 796 genus.

2085 819 2288 873 Sensus
2317 818 2487 873 facilis
2517 829 2570 873 et
2597 818 2880 887 expeditus
2911 827 3015 883 est,
3054 819 3100 873 si
3129 826 3309 873 tamen
3337 818 3586 887 ambigui-

2013 920 2096 965 tas
2126 927 2225 964 uua
2260 911 2531 964 solvatur:
2557 925 2678 964 cum
2707 910 2849 964 enim
2872 911 3022 978 prius
3051 911 3408 964 multitudinis
3431 909 3599 980 signi-

2013 1005 2314 1060 ﬁcationem
2361 1006 2603 1060 retulerit
2631 1003 2697 1057 ad
2727 1005 2938 1074 generis
2979 1019 3199 1067 nomen,
3253 1013 3375 1074 post
3417 1013 3596 1058 autem

2011 1099 2078 1153 ad
2108 1100 2496 1168 procreationis
2521 1097 2750 1162 initium,
2783 1112 2923 1152 nunc
2945 1107 3123 1152 autem
3141 1099 3414 1152 contrario
3435 1095 3600 1150 modo

2010 1195 2157 1250 illam
2193 1194 2338 1262 prius
2364 1209 2391 1246 a
2422 1209 2482 1248 se
2509 1192 2899 1247 dinumeratam
2933 1191 3397 1259 signiﬁcationem'
3419 1191 3600 1246 dicere

2010 1287 2244 1350 videtur;
2277 1301 2396 1356 (ποτε
2421 1295 2506 1340 εει
2541 1284 2929 1352 procreationis
2955 1300 2970 1350 ;
3008 1284 3152 1338 illam
3179 1298 3309 1352 vero
3333 1284 3596 1353 posterio-

2009 1395 2146 1442 rem.
2175 1394 2297 1450 quae
2327 1387 2410 1433 est
2457 1377 2842 1443 multitudinis,
2874 1377 3016 1447 quod
3071 1377 3399 1431 contrarium
3429 1375 3596 1431 videri

2009 1482 2208 1542 potest,
2233 1474 2276 1527 si
2301 1473 2418 1543 quis
2443 1472 2510 1526 ad
2540 1471 2784 1526 ordinem
2817 1471 3064 1540 superius
3111 1469 3333 1540 digesta:
3356 1469 3597 1538 disputa-

2010 1567 2172 1622 tionis
2201 1566 2488 1635 aspexerit.
2533 1564 2641 1619 Sed
2669 1563 2758 1619 hic
2782 1578 2888 1618 non
2916 1564 2984 1618 de
3005 1577 3064 1618 se
3104 1562 3358 1632 loquitur,
3406 1561 3499 1617 sed
3530 1560 3600 1618 de

2010 1659 2228 1714 humani
2267 1655 2656 1712 consuetudine
2688 1655 2992 1718 sermonis,
3042 1653 3097 1708 in
3150 1663 3257 1723 quo
3301 1653 3448 1723 prius
3474 1667 3595 1707 eam

2010 1749 2456 1820 signilieationem
2479 1749 2691 1818 generis
2721 1747 2885 1802 fuisse
2905 1745 3057 1812 dicit,
3083 1761 3204 1815 qua:
3227 1760 3256 1798 a
3280 1753 3598 1815 procreante

315 1837 519 1894 Thebis
559 1840 736 1895 editus
767 1841 870 1898 tale
900 1843 1114 1913 generis
1145 1858 1338 1898 nomen
1371 1845 1607 1913 accepit:
1640 1843 1737 1898 sed
1771 1857 1902 1912 quo—
1932 1840 1980 1900 B
2007 1846 2077 1899 sit
2105 1846 2294 1910 ducta,
2327 1844 2617 1899 accedente
2645 1857 2775 1896 vero
2803 1851 2960 1896 aetate
2985 1856 3081 1894 usu
3117 1837 3368 1909 loquendi
3400 1853 3596 1892 nomen

311 1933 454 1986 niam
478 1931 752 1988 diversum
777 1944 860 1988 est
885 1935 1012 1990 illud
1032 1951 1059 1989 a
1078 1951 1185 2006 quo
1206 1935 1432 2006 quisque
1455 1947 1770 2006 procreatus
1796 1947 1900 2004 est,

312 2036 366 2078 et
397 2026 546 2079 locus
578 2025 628 2078 in
653 2041 760 2095 quo
786 2030 908 2096 quis
947 2027 1125 2081 editus
1155 2036 1270 2094 est,
1299 2027 1513 2083 diversa
1543 2027 1755 2082 videtur
1781 2042 1903 2081 esse

314 2119 524 2184 generis
554 2115 875 2188 signiﬁcatio
917 2119 1250 2186 procreantis
1295 2132 1347 2174 et
1392 2122 1514 2184 loci,
1546 2136 1704 2188 quant
1741 2121 1792 2173 in
1818 2137 1906 2174 se-

314 2206 481 2261 cauda
510 2219 659 2277 parte
682 2223 1008 2264 enumerans
1029 2225 1190 2264 unam
1219 2210 1364 2265 fecit.
1408 2211 1510 2266 Sed
1535 2225 1603 2264 ne
1636 2211 1906 2266 videretur

313 2297 504 2366 duplex
550 2299 876 2370 signiﬁcatio
907 2285 1140 2371 generis
1161 2345 1176 2368 ,
1211 2318 1306 2372 per
1345 2304 1746 2358 similitudinem
1776 2319 1904 2358 con-

314 2387 483 2458 [tinxit
510 2390 694 2445 dicens
731 2410 745 2446 :
805 2393 1014 2449 Etenim
1045 2395 1213 2462 patria
1245 2397 1562 2466 principium
1601 2407 1684 2450 est
1716 2397 1904 2451 unius-

316 2482 575 2552 cujusque
607 2485 992 2554 generationis,
1023 2488 1477 2557 quemadmodum
1506 2498 1560 2543 et
1592 2498 1763 2557 pater.
1796 2489 1902 2544 Sed

321 2575 578 2641 quoniam
616 2575 668 2628 in
696 2577 1178 2645 signiﬁcationibus
1219 2579 1396 2634 evenit
1424 2595 1569 2646 saepe
1607 2591 1665 2634 ut
1701 2579 1907 2649 aliquid

321 2667 396 2718 sit
431 2667 570 2734 quod
624 2669 913 2724 intellectui
941 2672 1254 2742 signiﬁcatus
1282 2673 1362 2728 rei
1387 2673 1742 2742 propinquum
1788 2689 1908 2728 esse

318 2759 588 2824 videatur,
624 2765 983 2834 quoniamque
1032 2765 1166 2820 duas
1202 2767 1416 2836 generis
1461 2747 1712 2836 apposuit
1737 2765 1908 2838 signi-

315 2851 614 2919 ﬁcationes,
651 2857 1007 2914 multitudinis
1059 2860 1267 2916 scilicet
1309 2870 1363 2916 et
1411 2861 1786 2931 procreantis.
1821 2859 1909 2914 cui

311 2948 523 3013 generis
556 2964 749 3003 nomen
789 2953 1205 3007 convenientius
1251 2961 1467 3022 aptetur
1502 2952 1709 3023 judicat
1749 2961 1929 3019 atque

313 3037 593 3109 discernit,
626 3042 834 3108 dicens,
868 3044 1005 3100 hanc
1035 3061 1160 3102 esse
1209 3048 1665 3117 promptissimam
1696 3047 1911 3119 generis

313 3132 789 3202 signiﬁcationem,
839 3154 958 3208 qttte
1005 3153 1038 3194 a
1087 3150 1408 3210 procreante
1447 3139 1673 3194 deducta
1720 3140 1818 3203 sit;
1857 3138 1910 3193 hi

2005 1940 2222 2008 generis
2249 1940 2407 1993 etiam
2441 1937 2506 1990 ad
2535 1935 2932 1991 multitudinem
2960 1933 3244 1989 habentem
3278 1947 3337 1988 se
3366 1933 3596 2003 quodam

2006 2029 2168 2084 modo
2193 2030 2258 2083 ad
2283 2031 2511 2098 aliquem
2542 2029 2707 2082 fuisse
2735 2025 3074 2080 translatum.
3110 2023 3225 2078 Hoc
3249 2039 3374 2077 vero
3398 2023 3599 2077 idcirco

2005 2122 2164 2186 dixit,
2194 2123 2446 2191 quoniam
2479 2120 2725 2190 superius
2755 2119 2999 2173 dixerat:
3051 2117 3162 2172 haec
3211 2115 3353 2170 enim
3388 2116 3600 2170 videtur

2007 2230 2129 2269 esse
2153 2213 2549 2284 promptissima
2576 2209 2920 2281 signiﬁcatio,
2943 2218 3000 2263 ut
3021 2207 3088 2262 ab
3107 2208 3228 2273 hac,
3246 2208 3296 2262 id
3309 2215 3392 2263 est
3408 2207 3596 2262 secun-

2007 2307 2097 2374 da,
2131 2322 2287 2375 quam
2325 2305 2779 2374 promptissimam
2811 2317 2932 2359 esse
2959 2300 3401 2371 signiﬁcationem
3435 2301 3593 2365 dixit,

2010 2401 2096 2454 illa
2131 2415 2343 2470 quoque
2375 2407 2676 2466 nuncupata
2700 2397 3003 2460 videretur,
3048 2411 3167 2466 quae
3207 2394 3598 2455 multitudinis;

2011 2494 2157 2562 prius
2183 2493 2328 2547 enim
2355 2507 2525 2560 genus
2549 2492 2686 2545 inter
2713 2489 2956 2544 homines
2978 2487 3302 2558 appellatum
3327 2497 3432 2550 est,
3457 2485 3600 2556 quod

2013 2587 2134 2656 quis
2163 2601 2191 2638 a
2219 2596 2511 2654 generante
2546 2584 2867 2648 deduceret;
2905 2590 3026 2651 post
3069 2591 3245 2634 autem
3281 2578 3473 2633 factum
3522 2586 3603 2632 εει

2012 2689 2070 2733 ut
2101 2694 2196 2748 per
2218 2677 2472 2747 loquendi
2503 2693 2656 2731 usum
2685 2677 2847 2729 etiam
2881 2672 3240 2728 multitudinis
3265 2670 3330 2726 ad
3364 2670 3598 2738 aliquem

2011 2767 2410 2837 quodammodo
2438 2783 2496 2821 se
2528 2765 2780 2821 habentis
2833 2775 3006 2834 genus
3061 2763 3332 2818 diceretur
3386 2772 3606 2831 pr0pter

2013 2863 2353 2929 divisionem,
2385 2859 2592 2915 scilicet
2631 2858 2893 2929 gentium,
2951 2865 3008 2911 ut
3046 2866 3188 2910 esset
3217 2855 3356 2909 inter
3383 2868 3477 2907 eas
3506 2867 3604 2907 no-

2014 2955 2173 3010 minis
2201 2953 2583 3021 societatisque
2604 2949 2877 3006 discretio.
2906 2947 3001 3002 His
3021 2946 3180 3014 igitur
3203 2945 3434 3016 expletis
3455 2943 3604 2999 venit

2016 3047 2232 3103 tertium
2281 3059 2453 3116 genus
2508 3043 2650 3113 quod
2705 3041 2849 3098 inter
2909 3037 3261 3110 philosophos
3319 3045 3603 3100 tractatur,

2004 3143 2170 3213 'Cujus
2221 3141 2286 3196 ad
2316 3140 2656 3195 dialecticam
2715 3135 3021 3191 facultatem
3077 3131 3276 3187 multus
3321 3145 3449 3187 usus
3500 3139 3603 3192 est,

313 3225 456 3279 enim
491 3229 722 3282 maxime
747 3229 1061 3300 Cecropidae
1082 3231 1319 3301 suntqui
1351 3247 1380 3286 a
1409 3231 1652 3299 Cecrope
1685 3231 1910 3286 descen-
1934 3215 1981 3280 (ἶ
2015 3233 2206 3288 horum
2259 3234 2460 3302 quippe
2511 3243 2765 3301 generum
2821 3225 3043 3280 historia
3076 3225 3250 3294 magis
3296 3224 3377 3279 vel
3427 3221 3606 3293 poesis

314 3313 483 3383 dunt,
518 3319 571 3373 hi
605 3319 830 3376 Romani
863 3327 953 3394 qui
993 3340 1020 3376 a
1064 3325 1296 3380 Romulo
1324 3343 1340 3381 :
1375 3343 1496 3396 qua:
1522 3342 1643 3382 cum
1675 3327 1746 3381 ita
1773 3328 1904 3394 sint,

315 3408 567 3463 confundi
600 3427 785 3467 rursus
816 3414 1030 3484 generis
1078 3416 1502 3487 signiﬁcationes
1543 3417 1816 3473 videntur.
1851 3419 1906 3474 Si

314 3502 456 3555 enim
485 3513 610 3558 sunt
644 3505 696 3559 lii
720 3507 956 3562 maxime
976 3509 1202 3564 Romani
1227 3509 1317 3580 qui
1342 3525 1373 3565 a
1391 3511 1620 3565 Romulo
1646 3511 1906 3582 originem

317 3593 556 3661 trahunt,
590 3607 643 3650 et
674 3598 788 3652 lucc
818 3600 1143 3670 signiﬁcatio
1162 3612 1245 3657 est
1270 3602 1360 3657 illa
1387 3617 1506 3672 qua:
1532 3619 1564 3657 a
1593 3615 1910 3670 procreante

318 3684 621 3751 deducitur,
648 3688 736 3743 ubi
760 3702 838 3745 est
873 3692 1070 3762 reliqua
1099 3710 1256 3764 quam
1284 3696 1509 3763 primatu
1533 3711 1746 3765 quoque
1771 3710 1908 3749 euu-

320 3780 564 3843 meravit,
595 3797 716 3850 quae
743 3792 821 3836 est
847 3784 1201 3839 multitudinis
1230 3786 1294 3840 ad
1327 3803 1489 3840 unum
1516 3796 1571 3842 et
1596 3786 1662 3841 ad
1688 3801 1746 3841 se
1774 3787 1912 3842 invi-

315 3881 433 3922 cem
462 3871 863 3937 quodammodo
893 3888 950 3929 se
984 3876 1292 3953 habentium
1321 3877 1616 3933 collectio?
1646 3876 1752 3933 Sed
1779 3893 1910 3932 acu-

318 3961 423 4014 tius
456 3964 790 4021 intuentibus
821 3967 1064 4036 plurimte
1094 3971 1384 4026 admodum
1418 3971 1738 4028 diﬂ'erentize
1763 3985 1908 4027 sunt.

319 4053 479 4108 Aliud
512 4059 652 4111 enim
686 4068 769 4112 est
798 4075 824 4112 a
867 4063 1106 4130 quolibet
1147 4067 1324 4133 primo
1372 4075 1690 4134 procreante
1742 4082 1915 4137 genus

323 4145 614 4214 deducere,
641 4152 782 4207 aliud
812 4169 976 4208 unum
1005 4172 1176 4226 genus
1207 4172 1328 4212 esse
1361 4159 1738 4227 plurimorum.
1775 4159 1912 4215 Illud

325 4238 471 4291 enim
503 4255 595 4308 per
618 4255 812 4299 rectam
841 4249 1119 4318 sanguinis
1155 4248 1349 4303 lineam
1380 4249 1496 4303 ﬁeri
1527 4259 1701 4318 potest
1725 4259 1779 4305 et
1806 4266 1912 4305 non

323 4332 377 4385 in
407 4334 570 4387 multa
607 4335 850 4402 diﬁ'undi,
881 4350 936 4394 ut
964 4341 1006 4395 si
1036 4356 1132 4411 per
1157 4343 1344 4396 unicos
1367 4341 1567 4396 familia
1591 4344 1912 4410 descendat;

320 4424 449 4482 huic
493 4427 633 4482 enim
664 4442 877 4499 aptatur
921 4434 1151 4488 secunda
1187 4433 1277 4488 illa
1307 4433 1518 4502 generis
1562 4434 1910 4506 signiﬁcatio,

322 4533 443 4588 quae
481 4534 509 4573 a
552 4533 867 4589 procreante
898 4526 1202 4596 deducitur,
1228 4529 1400 4598 prima
1429 4541 1557 4582 vero
1587 4530 1672 4582 illa
1701 4531 1912 4584 nonnisi

2013 3335 2204 3380 tractat
2235 3324 2541 3379 exordium.
2587 3321 2831 3378 Tertium
2887 3333 3019 3375 vero
3048 3332 3218 3390 genus
3245 3317 3388 3388 apud
3432 3316 3606 3385 philo-

2011 3420 2210 3486 SOpIIOS
2240 3417 2632 3482 consideratur,
2663 3415 2731 3470 de
2760 3431 2868 3486 quo
2898 3415 3004 3470 hoc
3032 3414 3195 3469 modo
3226 3411 3492 3482 loquitur:

2082 3511 2246 3565 Aliter
2265 3523 2433 3564 autent
2462 3525 2644 3562 rursus
2702 3509 2891 3562 dicitur
2937 3523 3118 3577 genus,
3179 3507 3264 3560 cui
3294 3502 3606 3573 supponitur

2009 3606 2223 3674 species,
2239 3605 2308 3658 ad
2329 3604 2514 3658 horum
2532 3608 2750 3674 fortasse
2765 3600 3156 3656 similitudinem
3168 3600 3378 3652 dictum.
3400 3595 3607 3650 Etenim

2010 3699 2325 3770 principium
2347 3696 2614 3767 quoddam
2652 3704 2724 3748 est
2770 3693 3068 3766 hujusmodi
3101 3707 3259 3764 genus
3281 3703 3460 3743 eorum
3489 3700 3608 3756 qua

2013 3790 2106 3845 sub
2149 3791 2262 3852 ipso
2313 3800 2432 3842 sunt
2475 3788 2780 3858 specierum,
2832 3786 3132 3855 videturque
3176 3795 3222 3836 et
3269 3796 3469 3835 omnem
3496 3794 3608 3834 eam

2012 3883 2396 3937 multitudinem
2423 3881 2682 3934 continere
2710 3895 2827 3950 quia
2852 3880 2946 3931 sub
2973 3877 3083 3949 ipso
3117 3885 3237 3930 sunt
3266 3876 3568 3945 specierum.

2089 3975 2364 4046 Duplicem
2395 3973 2846 4044 signiﬁcationem
2868 3969 3083 4041 generis
3109 3982 3270 4038 supra
3305 3966 3606 4037 proposuit,

2019 4084 2164 4124 nunc
2191 4069 2408 4123 tertiam
2442 4077 2748 4122 monstrare
2773 4063 3074 4119 contendit.
3130 4061 3278 4116 lianc
3308 4069 3484 4115 autem
3544 4059 3610 4119 ad

2017 4162 2357 4229 superiorum
2409 4156 2816 4214 similitudinem
2874 4155 3073 4210 dictam
3115 4168 3240 4209 esse
3292 4153 3604 4208 arbitratur.

2015 4252 2276 4320 Superius
2305 4260 2486 4304 autem
2518 4248 2676 4304 dictae
2702 4247 3122 4318 signiﬁcationes
3150 4246 3269 4300 duae
3298 4255 3442 4312 sunt,
3505 4259 3607 4301 una

2017 4342 2234 4412 quidem
2265 4355 2386 4396 cum
2416 4341 2629 4410 generis
2658 4354 2850 4394 nomen
2900 4338 3130 4409 quadam
3173 4336 3419 4408 principii
3466 4337 3609 4392 anti-

2018 4436 2222 4505 quitate
2249 4433 2314 4489 ad
2347 4450 2405 4488 se
2423 4433 2664 4504 junctam
2688 4433 3085 4488 multitudinem
3109 4431 3412 4487 contineret
3437 4449 3450 4496 ;
3501 4431 3610 4488 alia

2019 4545 2168 4592 vero.
2197 4543 2319 4584 cum
2347 4543 2517 4598 genus
2541 4527 2610 4583 ab
2655 4541 2763 4582 uno
2789 4541 3003 4596 quoque
3033 4534 3349 4598 procreante
3381 4525 3609 4579 ducere-

323 4611 376 4665 in
410 4613 752 4669 multitudine
780 4618 1046 4674 consistit.
1083 4620 1218 4674 Illud
1242 4635 1455 4690 quoque
1470 4631 1551 4675 est
1578 4621 1718 4689 quod
1744 4621 1913 4690 prima
1940 4605 1996 4668 Ῑ)
2022 4631 2126 4687 tur,
2152 4621 2293 4691 quod
2331 4636 2518 4675 eorum
2568 4634 2689 4691 quae
2739 4628 3093 4688 procreantur
3122 4618 3438 4687 principium
3501 4626 3607 4672 est.

324 4711 718 4776 procreationis
765 4713 1091 4782 principium
1141 4729 1249 4770 non
1292 4717 1513 4784 quarit,
1565 4715 1657 4768 sed
1690 4718 1774 4787 (ut
1802 4717 1916 4785 ipse

321 4801 422 4871 ait)
453 4802 649 4857 sufﬁcit
675 4804 853 4872 aliquo
883 4807 1043 4860 modo
1064 4820 1124 4861 se
1147 4808 1343 4862 habere
1369 4808 1434 4861 ad
1469 4808 1519 4862 id
1567 4807 1708 4861 unde
1739 4807 1918 4878 hujus.

317 4893 466 4947 modi
490 4896 705 4964 generis
724 4896 1042 4967 principium
1065 4899 1294 4953 sumitur
1316 4899 1587 4956 :tecuuda
1609 4913 1737 4953 vero
1754 4901 1918 4970 signi-

317 4984 501 5040 ﬁcatio
530 4987 730 5041 nullam
761 4989 866 5043 vim
895 4991 998 5044 nisi
1028 5005 1057 5044 a
1088 5000 1404 5060 procreante
1435 4992 1680 5045 sortitur.
1706 4991 1836 5046 Item
1861 4992 1917 5045 in

319 5076 412 5130 illa
442 5078 612 5147 prima
644 5081 1051 5151 signiﬁcationis
1075 5082 1435 5138 multitudine
1476 5082 1634 5154 hujus
1661 5084 1915 5137 secundas

321 5172 719 5240 particularitas
760 5173 1099 5242 continetur,
1143 5183 1201 5229 ut
1231 5177 1285 5230 in
1316 5175 1685 5230 Romanorum
1717 5190 1915 5246 genere

320 5260 700 5331 Scipiadarum
745 5281 933 5337 genus,
981 5275 1170 5321 natura
1215 5281 1334 5321 cum
1382 5275 1508 5322 sunt
1541 5265 1768 5322 Romani
1799 5268 1915 5323 Sci-

319 5356 497 5424 piadae
525 5365 670 5412 sunt.
701 5359 964 5425 Quoniam
1001 5361 1146 5416 enim
1172 5369 1226 5416 et
1261 5359 1328 5414 ad
1358 5359 1643 5415 Romulum
1673 5371 1730 5416 et
1755 5371 1917 5418 caete-

321 5463 415 5503 ros
449 5449 719 5506 Romanos
744 5453 1044 5508 secundum
1088 5452 1299 5507 Romuli
1343 5453 1712 5509 habitudinem
1740 5453 1916 5525 juncti

321 5552 470 5608 sunt,
508 5544 735 5600 Romani
767 5558 912 5604 sunt.
936 5546 1200 5616 Scipiadze
1217 5561 1347 5602 vero
1363 5547 1618 5602 dicuntur
1635 5547 1702 5601 ad
1724 5563 1919 5604 secun-

326 5637 705 5710 damgeneris
743 5641 1223 5718 signiﬁcationem,
1249 5705 1251 5708 ι
1277 5639 1420 5710 quod
1460 5654 1650 5696 eorum
1700 5638 1921 5696 familiae

332 5729 515 5802 Scipio
545 5741 596 5786 et
626 5715 906 5803 sanguinis
937 5715 1258 5804 principium
1293 5732 1412 5787 fuit.

398 5827 469 5880 Ac
499 5824 638 5898 prius
667 5827 870 5898 quidem
895 5827 1206 5899 appellatum
1234 5837 1308 5882 est
1335 5843 1494 5900 genus
1523 5826 1923 5899 miuscujusque

2019 4714 2152 4767 Cum
2184 4713 2345 4782 igitur
2371 4713 2483 4767 sint
2510 4711 2760 4782 superius
2789 4711 2908 4764 date
2939 4709 3152 4781 generis
3183 4709 3610 4778 signiﬁcationes

2019 4804 2332 4876 propositae,
2359 4803 2575 4859 tertium
2611 4820 2752 4859 nunc
2781 4805 2929 4859 addit
2969 4804 3036 4858 de
3065 4820 3172 4872 quo
3199 4806 3338 4858 inter
3371 4805 3611 4874 philoso-

2021 4897 2156 4967 phos
2182 4911 2361 4950 sermo
2386 4905 2490 4964 est,
2516 4896 2650 4952 illud
2673 4897 2880 4952 scilicet
2915 4896 3002 4951 cui
3026 4895 3346 4968 supponitur
3375 4897 3609 4968 species,

2021 4988 2162 5056 quod
2194 4986 2396 5042 idcirco
2424 5004 2592 5059 genus
2618 4995 2866 5043 vocatum
2899 5003 3022 5044 esse
3052 4987 3151 5043 sub
3175 4988 3446 5059 Opinionis
3493 5003 3611 5043 cre-

2021 5082 2166 5137 ditur
2204 5071 2501 5152 ambiguo,‘
2532 5083 2786 5152 quoniam
2821 5083 2982 5140 habet
3011 5084 3242 5153 aliquam
3295 5081 3609 5138 similitudi-

2020 5191 2140 5230 nem
2171 5175 2509 5246 superiorum
2535 5193 2549 5228 :
2575 5191 2700 5231 nam
2725 5176 2863 5231 sicut
2885 5175 3015 5232 illud
3033 5191 3205 5248 genus
3222 5176 3365 5248 quod
3383 5177 3448 5229 ad
3470 5176 3610 5230 mul-

2021 5266 2308 5322 titudinem
2365 5266 2567 5323 dicitur
2623 5282 2730 5323 uno
2783 5267 2904 5322 solo
2957 5269 3177 5324 nomine
3219 5266 3611 5323 multitudinem

2019 5360 2235 5427 claudit,
2267 5361 2337 5415 ita
2365 5349 2578 5431 quoque
2605 5375 2775 5432 genus
2801 5361 3056 5433 plurimas
3083 5362 3290 5431 species
3314 5369 3532 5415 coercet
3554 5367 3611 5416 et

2021 5455 2283 5511 continet.
2311 5453 2444 5511 Item
2472 5467 2530 5510 ut
2559 5470 2728 5526 genus
2767 5449 2902 5511 illud
2949 5456 3092 5527 quod
3118 5450 3434 5509 secundum
3486 5469 3613 5520 prce

2011 5533 2353 5604 creationem
2403 5531 2603 5604 dicitur
2629 5547 2950 5619 principium
2979 5545 3249 5616 quoddam
3297 5554 3380 5599 est
3424 5558 3612 5602 eorum

2011 5655 2147 5710 qua:
2176 5640 2245 5695 ab
2272 5641 2388 5710 ipso
2421 5649 2795 5711 procreantur,
2829 5639 2900 5694 ita
2927 5651 3094 5708 genus
3117 5647 3327 5693 constat
3350 5637 3462 5691 suis
3485 5653 3613 5708 spc-

2026 5733 2213 5789 ciebus
2239 5747 2360 5788 esse
2391 5733 2736 5804 principium.
2776 5733 2914 5808 Ergo
2943 5727 3198 5796 quoniam
3253 5729 3497 5797 utrisque
3534 5737 3612 5788 est

2029 5825 2227 5894 simile,
2260 5823 2461 5882 idcirco
2501 5840 2697 5883 nomen
2748 5830 2964 5895 quoque
2991 5817 3215 5884 seueris
3241 5817 3403 5876 etiam
3437 5818 3489 5874 in
3517 5815 3614 5880 tm
