4066 6328
473 404 536 463 θι
1719 401 1832 458 AN.
1872 400 2082 456 MANL.
2123 397 2275 455 sev.
2319 401 2545 456 somn
3686 402 3756 457 92
3788 366 3797 475 .I

475 524 864 596 signiﬁcatione
892 536 924 579 a
960 521 1330 594 superioribus
1368 528 1664 575 mutuatum
1710 535 1831 577 esse
1872 518 2061 573 verisi-
2086 516 2141 576 Δ
2163 515 2358 571 dicitur
2386 520 2584 572 animal
2610 536 2623 573 :
2650 519 2813 573 homo
2838 522 2981 574 enim
3010 529 3064 574 et
3083 534 3254 590 equus
3297 529 3351 573 et
3378 519 3475 571 bos
3503 519 3752 573 animalia

475 618 603 672 mile
635 626 739 674 est.
1254 673 1263 679 .

548 710 840 781 Tripliciter
866 710 1023 780 igitur
1051 725 1167 762 cum
1193 725 1356 780 genus
1381 709 1606 773 dicatur,
1639 708 1701 760 de
1724 708 1875 760 tertio
1922 707 2062 767 apud

475 801 807 871 philosophos
856 809 929 854 est
963 815 1155 866 sermo,
1180 799 1317 867 quod
1351 800 1505 853 etiam
1555 797 1890 851 describentes
1934 794 2063 847 assi-

475 902 779 962 gnaverum,
830 890 1060 945 dicentes
1097 907 1258 961 genus
1310 906 1421 946 esse
1461 889 1598 957 quod
1643 888 1707 941 de
1753 886 1986 956 pluribus
2016 894 2061 938 et

474 982 825 1049 di/ferentibus
850 981 1017 1051 specie
1055 982 1108 1035 in
1136 998 1196 1037 eo
1223 980 1360 1049 quod
1384 981 1510 1049 quid
1535 981 1601 1035 sit
1635 980 1966 1050 prtedfcatur,
2009 987 2063 1030 ut

472 1074 688 1129 animal.

524 1165 670 1223 'Jure
714 1166 931 1220 tertium
959 1178 1128 1233 genus
1155 1163 1461 1235 philosophi
1518 1162 1583 1217 ad
1638 1160 2057 1231 disputationem

472 1267 706 1323 sumunt,
744 1258 845 1312 hoc
868 1257 1010 1312 enim
1034 1257 1206 1311 solum
1235 1266 1317 1310 est
1339 1256 1483 1326 quod
1525 1253 1879 1308 substantiam
1909 1268 2059 1305 mon-

469 1357 622 1414 strat,
654 1357 847 1406 ecetera
880 1365 1007 1405 vero
1035 1360 1129 1405 aut
1157 1350 1300 1419 unde
1328 1348 1455 1417 quid
1500 1349 1718 1411 existat,
1745 1356 1837 1400 aut
1864 1361 2055 1414 quem-

469 1439 756 1495 admodum
801 1456 832 1495 a
889 1439 1105 1495 caeteris
1133 1440 1443 1496 hominibus
1474 1440 1531 1494 in
1552 1454 1711 1493 unam
1745 1439 1898 1507 quasi
1948 1438 2057 1491 for-

471 1544 613 1583 mam
670 1529 853 1599 populi
881 1530 1151 1586 dividatur
1194 1526 1521 1586 ostendunt:
1552 1545 1675 1607 nam
1735 1529 1861 1583 illud
1912 1528 2055 1599 quod

467 1621 864 1677 multitudinem
918 1622 1161 1677 continet
1214 1637 1430 1691 genus,
1495 1621 1638 1675 illius
1696 1617 2055 1674 multitudinis

467 1728 627 1782 quam
673 1712 917 1768 continet
961 1713 1315 1768 substantiam
1371 1696 1475 1766 non
1531 1711 1903 1773 demonstrat,
1958 1708 2053 1763 sed

467 1814 670 1859 tantum
700 1818 806 1861 uno
846 1804 1063 1859 nomine
1092 1804 1466 1859 collectionem
1499 1802 1679 1871 pepuli
1706 1801 1854 1865 facit,
1890 1809 1944 1853 ut
1984 1800 2052 1852 ab

2167 622 2580 679 nuncupantur;
2637 611 2958 678 prtedicatur
3006 629 3135 679 ergo
3191 611 3386 667 animal
3419 610 3483 664 de
3514 609 3757 681 pluribus

2166 703 2344 769 specie
2375 703 2778 769 diderentibus;
2822 704 2915 757 sed
2948 720 3181 772 quonam
3213 705 3373 757 modo
3398 704 3455 757 fit
3479 704 3592 759 haec
3620 719 3767 771 pne-7

2167 795 2408 850 dicatio?
2461 813 2569 850 non
2625 797 2768 851 enim
2822 798 3080 866 quidquid
3140 798 3578 869 interrogaveris,
3636 813 3760 851 mox

2166 887 2369 941 animal
2398 888 2788 955 respondetur:
2817 904 2923 942 non
2948 889 3092 942 enim
3126 890 3169 942 si
3195 899 3430 958 quantus
3478 889 3546 943 sit
3598 887 3759 943 homo

2172 979 2613 1051 interrogaveris.
2669 982 2867 1034 animal
2915 982 3368 1049 respondebitur,
3425 990 3484 1034 ut
3533 981 3759 1049 Opinor;

2167 1071 2271 1125 hoc
2295 1073 2436 1125 enim
2467 1073 2533 1125 ad
2591 1074 2942 1141 quantitatem
2996 1075 3243 1141 pertinet,
3281 1088 3385 1127 non
3414 1072 3481 1127 ad
3514 1073 3762 1127 substan-

2165 1166 2316 1235 tiam.
2351 1166 2478 1219 ltem
2504 1164 2550 1219 si
2570 1166 2743 1235 qualis
2765 1167 2833 1219 sit
2864 1166 3025 1223 homo
3052 1168 3373 1236 interroges,
3406 1182 3473 1221 ne
3491 1164 3614 1220 huic
3637 1166 3761 1235 qui-

2162 1261 2286 1315 dem
2316 1264 2597 1331 responsio
2626 1262 2879 1316 convenit
2915 1260 3194 1326 animalis;
3226 1261 3547 1329 cmterisque
3579 1260 3759 1313 omni-

2161 1349 2263 1404 bus
2300 1350 2808 1421 interrogationibus
2856 1351 2993 1407 hanc
3052 1351 3299 1406 animalis
3354 1353 3760 1419 reSponsioncm

2164 1443 2399 1519 ineptam
2431 1455 2591 1514 atque
2621 1445 2862 1501 inutilem
2898 1460 3112 1513 semper
3138 1460 3260 1501 esse
3291 1448 3549 1515 reperies,
3580 1446 3680 1500 nisi
3713 1440 3766 1502 ei

2165 1522 2369 1615 tantum
2392 1551 2514 1609 apta
2542 1547 2627 1593 est
2670 1554 2789 1607 quae
2814 1537 2939 1606 quid
2969 1536 3040 1593 sit
3072 1538 3387 1608 interroget.
3417 1536 3765 1608 Interrogan-

2164 1636 2304 1689 tibus
2327 1639 2468 1689 enim
2494 1636 2648 1689 nobis
2679 1633 2805 1703 quid
2837 1636 2906 1688 sit
2930 1634 3113 1697 homo,
3158 1633 3393 1704 quidque
3443 1633 3511 1687 sit
3561 1648 3749 1703 equus,

2161 1726 2291 1795 quid
2324 1726 2437 1792 bos,
2469 1728 2671 1781 animal
2697 1727 3148 1797 respondebitur:
3181 1728 3250 1781 ita
3277 1743 3470 1780 nomen
3515 1726 3765 1780 animalis

2166 1818 2234 1872 ad
2264 1820 2737 1887 interrogationem
2761 1822 2887 1888 quid
2915 1822 2983 1875 sit
3007 1821 3075 1873 de
3108 1820 3348 1886 homine,
3393 1836 3556 1889 equo,
3604 1829 3765 1890 atque

466 1894 686 1950 alterius
710 1895 923 1966 generis
952 1894 1149 1965 populo
1193 1902 1524 1965 segregetur.
1559 1892 1689 1947 Item
1732 1891 1861 1945 illud
1914 1890 2058 1960 quod

2170 1911 2307 1963 bove
2329 1926 2391 1965 ac
2414 1912 2481 1964 de
2496 1913 2708 1966 caneris
2731 1912 3077 1982 pradicatur,
3104 1910 3245 1964 unde
3270 1911 3328 1963 lit
3347 1921 3401 1964 ut
3417 1910 3611 1965 animal
3638 1926 3765 1980 prae.

467 1985 762 2041 secundum
797 1989 1224 2055 procreationem
1255 1987 1458 2042 dictum
1510 1994 1613 2051 est,
1661 1999 1766 2037 nou
1816 1984 1891 2037 rei
1940 1998 2059 2048 pro-

467 2089 667 2134 creatae
693 2080 1050 2136 substantiam
1076 2089 1365 2143 monstrat,
1394 2078 1489 2135 sed
1516 2087 1720 2130 tantum
1752 2074 1894 2145 quod
1944 2073 2062 2142 ejus

467 2170 630 2226 fuerit
657 2172 1050 2241 procreationis
1073 2171 1306 2226 initium.
1331 2177 1402 2224 At
1423 2183 1549 2222 vero
1564 2182 1733 2237 genus
1757 2166 1807 2219 id
1824 2164 1913 2220 cui
1934 2179 2061 2233 sup-

472 2262 689 2332 ponitur
715 2264 925 2332 species
950 2262 1017 2318 ad
1040 2261 1397 2317 differentiam
1423 2258 1910 2323 accommodatum,
1934 2273 2060 2326 spe-

467 2356 571 2411 ciei
595 2357 950 2412 substantiam
982 2355 1274 2412 informat:
1308 2366 1364 2412 et
1388 2355 1511 2425 quia
1543 2354 1683 2409 inter
1711 2353 2061 2425 philosophos

478 2448 594 2506 haec
640 2451 873 2505 maxima
914 2449 1140 2517 quaestio
1197 2458 1280 2504 est
1323 2448 1450 2519 quid
1500 2447 1918 2518 unumquodque
1965 2446 2059 2512 sit,

466 2551 595 2605 tunc
615 2545 759 2600 enim
800 2542 1218 2613 unumquodque
1238 2542 1380 2598 scire
1402 2540 1665 2607 videmur,
1691 2539 1908 2609 quando
1931 2535 2059 2607 quid

467 2634 538 2689 sit
566 2635 938 2705 agnoscimus.
981 2634 1186 2689 idcirco
1221 2633 1436 2704 rejectis
1477 2634 1689 2689 cmteris
1721 2633 1788 2687 de
1831 2631 1932 2686 hoc
1964 2647 2058 2701 ge-

467 2740 598 2793 nere
621 2741 727 2796 quo
759 2726 993 2780 maxime
1022 2725 1162 2796 apud
1189 2724 1539 2794 philosophos
1566 2739 1750 2779 sermo
1782 2733 1884 2786 est,
1915 2723 2055 2793 quod

466 2817 629 2874 etiam
681 2817 1053 2875 describentes
1100 2818 1510 2887 assignaverunt
1562 2831 1627 2872 ea
1688 2815 2056 2885 descriptione

465 2923 626 2979 quam
651 2910 837 2967 subter
865 2910 1146 2966 annexuit.
1177 2911 1473 2981 Diligenter
1499 2924 1630 2964 vero
1648 2908 1725 2964 ait
1746 2906 2060 2963 describen-

463 3011 568 3071 tes,
622 3018 730 3057 non
759 3002 1121 3067 difﬁnientes;
1176 3002 1428 3057 dilﬁnitio
1471 3001 1616 3057 enim
1648 3002 1705 3054 tit
1733 3017 1800 3054 ex
1834 3004 2053 3069 genere,

462 3109 634 3163 genus
659 3104 840 3150 autem
868 3094 1014 3149 aliud
1037 3109 1207 3163 genus
1251 3095 1450 3149 habere
1501 3108 1606 3146 non
1641 3094 1858 3161 poterit,
1892 3092 2050 3159 idque

463 3186 749 3245 ubscurius
776 3196 861 3253 est
903 3202 1065 3255 quam
1098 3198 1154 3240 ut
1179 3188 1353 3253 primo
1383 3185 1533 3239 aditu
1580 3184 1782 3238 dictum
1837 3194 2052 3253 pateat:

463 3275 578 3335 fieri
606 3264 782 3332 autem
810 3283 989 3347 potest
1038 3272 1097 3330 'ut
1130 3292 1215 3331 res
1243 3292 1363 3343 qua:
1394 3276 1487 3330 alii
1514 3291 1684 3343 genus
1726 3278 1795 3329 sit
1839 3276 1930 3330 alii
1963 3292 2055 3345 ge-

463 3368 579 3423 neri
608 3377 960 3438 supponatur,
995 3368 1087 3424 sed
1116 3384 1239 3423 cum
1264 3369 1585 3437 supponitur
1634 3383 1741 3422 non
1774 3369 1928 3436 quasi
1972 3384 2075 3447 ge-~

463 3473 587 3526 nus,
630 3460 725 3515 sed
773 3469 1025 3530 tanquam
1054 3461 1267 3530 species
1294 3460 1394 3514 sub
1424 3456 1532 3514 alio
1560 3460 1875 3513 collocatur.
1909 3456 2063 3514 Unde

464 3565 572 3607 non
596 3552 648 3606 in
676 3567 743 3607 eo
767 3550 909 3621 quod
938 3566 1109 3621 genus
1135 3561 1240 3618 est,
1273 3550 1502 3622 supponi
1531 3550 1691 3605 alicui
1736 3560 1933 3619 potest,
1965 3552 2060 3606 sed

462 3659 584 3699 cum
615 3644 934 3715 supponitur
962 3645 1105 3700 illice
1131 3646 1343 3715 species
1376 3644 1470 3699 lit:
1527 3659 1646 3714 quze
1675 3659 1798 3698 cum
1830 3642 1903 3697 ita
1934 3634 2069 3707 sint,

463 3735 762 3795 ostenditur
790 3751 961 3806 genus
993 3723 1162 3804 ipsum
1199 3736 1253 3790 in
1280 3751 1345 3789 eo
1384 3736 1526 3806 quod
1558 3748 1727 3802 genus
1754 3744 1836 3788 est
1892 3749 2063 3804 genus

464 3828 667 3882 habere
693 3842 797 3880 non
837 3827 1014 3893 pd‘sse.
1058 3826 1113 3880 Si
1166 3826 1326 3895 igitur
1367 3826 1623 3899 voluisset
1650 3841 1820 3892 genus
1866 3825 2064 3879 diltini—

471 3920 617 3973 tione
642 3917 988 3983 concludere,
1022 3918 1169 3971 nullo
1205 3919 1368 3972 modo
1402 3918 1693 3988 potuisset;
1722 3932 1892 3986 genus
1915 3906 2063 3971 enim

466 4009 611 4064 aliud
656 4009 797 4080 quod
824 4012 871 4063 ei
907 4019 1088 4079 posset
1118 4025 1435 4079 praeponere
1480 4026 1586 4063 non
1620 4010 1864 4072 haberet,
1900 4018 2062 4079 atque

463 4103 659 4159 idcirco
683 4105 1099 4173 descriptionem
1131 4104 1205 4160 ait
1238 4119 1360 4159 esse
1389 4104 1605 4169 factam,
1639 4118 1745 4157 non
1777 4102 2059 4157 dilliuitio-

462 4210 627 4250 nem:
658 4195 952 4265 descriptio
983 4211 1113 4250 vero
1141 4206 1225 4251 est
1276 4195 1293 4268 (
1317 4207 1370 4249 ut
1429 4196 1483 4251 in
1549 4196 1728 4267 priore
1780 4196 2060 4249 volumine

462 4288 664 4342 dictum
691 4289 797 4356 est)
815 4303 881 4343 ex
904 4288 1319 4357 proprietatibus
1343 4288 1654 4343 informatio
1679 4289 1927 4359 quaedam
1954 4288 2056 4352 rei,

461 4388 516 4434 et
542 4390 794 4449 tanquam
822 4378 1093 4435 coloribus
1122 4379 1442 4450 quibusdam
1465 4380 1723 4450 depictio.
1750 4380 1883 4433 Cum
1906 4380 2053 4433 enim

462 4469 516 4526 in
548 4488 713 4527 unum
743 4472 909 4549 plura
926 4474 1303 4547 convenerint,
1331 4471 1403 4525 ita
1456 4481 1512 4525 ut
1560 4471 1739 4525 omnia
1771 4472 1927 4527 simul
1978 4471 2057 4525 rei

461 4565 545 4621 cui
574 4567 911 4636 applicantur
960 4574 1263 4636 aequentur,
1304 4562 1410 4620 nisi
1439 4579 1506 4619 ex
1560 4579 1759 4635 genere
1787 4564 1869 4620 vel
1899 4564 2056 4619 dine-

461 4644 649 4713 rentiis
678 4657 794 4712 haec
817 4654 1068 4712 collectio
1096 4658 1211 4723 liat,
1236 4655 1529 4725 descriptio
1564 4662 1928 4725 nuncupatur.
1957 4652 2055 4708 Est
2079 4641 2135 4705 D

463 4746 627 4825 igitur
654 4748 944 4815 descriptio
964 4749 1178 4816 generis
1199 4749 1310 4800 haec
1340 4766 1350 4799 :
1378 4761 1547 4815 genus
1569 4757 1651 4800 est
1678 4746 1818 4815 quod
1845 4746 1912 4801 de
1935 4747 2057 4815 plu-

466 4837 612 4892 ribus
640 4848 694 4893 et
720 4839 1092 4894 dill‘erentibus
1118 4841 1297 4908 specie
1326 4841 1376 4894 in
1407 4855 1471 4894 eo
1499 4839 1637 4907 quod
1665 4838 1791 4908 quid
1824 4839 1892 4891 sit
1921 4853 2056 4907 prae-

466 4930 694 5007 dicatur.
725 4930 847 4985 Tria
878 4932 993 4986 lucc
1024 4933 1365 5002 requiruntur
1412 4931 1465 4986 in
1508 4946 1729 5000 genere,
1761 4941 1817 4983 ut
1844 4931 1909 4984 de
1940 4932 2059 4999 plu-

466 5024 615 5078 ribus
664 5024 1008 5095 prazdicetur,
1042 5035 1098 5078 ut
1144 5025 1213 5079 de
1260 5023 1439 5094 specie
1488 5022 1879 5085 dill‘ereutibus,
1914 5031 1972 5075 ut
2002 5020 2054 5075 in

466 5130 532 5169 eo
560 5116 701 5186 quod
732 5116 857 5186 quid
888 5115 998 5171 sit:
1022 5115 1090 5171 de
1123 5133 1225 5187 qua
1260 5130 1318 5171 re
1346 5114 1595 5184 quoniam
1648 5115 1760 5183 ipse
1793 5113 2059 5181 posterius

467 5209 624 5264 latius
655 5210 895 5279 disputat
925 5222 1023 5263 nos
1067 5209 1304 5264 breviter
1353 5194 1616 5278 hujusrei
1650 5206 2057 5275 intelligentiam

464 5302 829 5371 signiﬁcemus
865 5300 1113 5371 eiemplo
1133 5342 1149 5369 ,
1183 5301 1285 5356 hoc
1315 5284 1507 5355 modo.
1537 5298 1619 5352 Sit
1645 5300 1788 5353 enim
1821 5295 1975 5351 nobis
2003 5295 2058 5351 in

464 5393 640 5448 forma
680 5395 893 5465 generis
940 5393 1174 5460 animal,
1208 5393 1259 5448 id
1315 5395 1381 5447 de
1428 5390 1693 5462 aliquibus
1740 5391 1859 5444 sine
1896 5386 2062 5443 dubio

467 5487 809 5556 praedicatur,
842 5484 1061 5542 homine
1105 5486 1333 5552 scilicet,
1365 5499 1523 5554 equo,
1560 5484 1696 5538 bove
1737 5492 1791 5537 et
1825 5481 2058 5547 czeteris,

456 5580 563 5657 aed
594 5583 708 5637 haec
734 5583 887 5651 plura
928 5591 1089 5653 sunt;
1121 5581 1319 5637 animal
1359 5579 1518 5652 igitur
1547 5579 1613 5633 de
1642 5564 1888 5647 pluribus
1918 5589 2058 5645 pra:-

466 5670 696 5738 dicatur,
733 5677 893 5730 homo
921 5691 1076 5745 vero,
1108 5662 1279 5743 equus
1321 5681 1480 5743 atque
1508 5672 1607 5726 bos
1638 5670 1761 5724 talia
1788 5679 1914 5723 sunt
1944 5677 2000 5721 ut
2028 5683 2060 5721 a

392 5810 395 5811 ν
452 5779 529 5833 ,εθ
574 5765 900 5836 discrepent,
953 5785 1052 5824 nec
1100 5768 1343 5840 qualibet
1384 5762 1641 5820 mediocri
1691 5779 1769 5829 re,
1813 5761 1906 5814 sed
1952 5770 2061 5813 tota

452 5852 675 5932 'specie,
703 5862 759 5922 id
784 5874 869 5923 est
905 5874 1014 5923 tota
1048 5866 1226 5926 forma
1266 5878 1383 5922 Suae
1404 5862 1738 5931 substantiaa,
1772 5864 1838 5950 de
1868 5860 2064 5947 quibus

2088 3258 2135 3323 (ἶ

2167 2004 2377 2058 dicetur
2399 2003 2468 2058 de
2499 2004 2739 2073 pluribus
2772 2002 3146 2059 diderentibus
3189 2002 3371 2072 specie
3417 2003 3469 2056 in
3519 2017 3585 2057 eo
3620 2003 3764 2073 quod

2166 2094 2291 2161 quid
2324 2096 2414 2150 sit.
2453 2096 2515 2148 Et
2544 2096 2797 2164 quoniam
2827 2096 3043 2163 generis
3078 2094 3190 2148 limc
3212 2092 3461 2149 dillinitio
3506 2104 3610 2159 est,
3646 2093 3764 2147 ani-

2167 2190 2271 2241 mal
2308 2188 2561 2252 hominis,
2594 2191 2739 2257 equi,
2790 2189 2943 2243 bovis
2983 2203 3154 2258 genus
3193 2204 3315 2244 esse
3367 2204 3590 2244 necesse
3644 2197 3761 2243 est:

2166 2296 2327 2351 omne
2353 2293 2529 2336 autem
2552 2296 2722 2349 genus
2743 2282 2888 2336 aliud
2910 2292 2993 2335 est
3012 2282 3156 2351 quod
3182 2280 3234 2334 iu
3264 2282 3556 2350 semetipso
3598 2292 3763 2348 atque

2166 2372 2218 2425 in
2247 2388 2306 2427 re
2335 2372 2672 2439 intelligitur,
2705 2374 2843 2427 aliud
2873 2375 3017 2442 quod
3046 2373 3115 2452 ad
3142 2372 3366 2427 alterius
3416 2373 3758 2441 praedicatio-

2165 2480 2287 2518 nem
2320 2465 2573 2528 refertur,
2598 2479 2692 2519 sua
2718 2465 2864 2519 enim
2894 2466 3198 2535 proprietas
3224 2466 3397 2532 ipsum
3421 2480 3543 2520 esse
3562 2466 3757 2520 consti-

2165 2556 2286 2611 tuit.
2318 2557 2396 2611 Ad
2415 2557 2645 2611 alterum
2670 2557 2859 2611 relatio
2885 2572 3055 2625 genus
3082 2555 3231 2622 facit,
3263 2564 3320 2609 ut
3342 2557 3511 2626 ipsum
3542 2556 3757 2621 animal,

2164 2651 2209 2704 si
2242 2650 2361 2718 ejus
2390 2648 2748 2704 substantiam
2775 2664 3009 2718 quaeras,
3043 2647 3218 2704 dicam
3250 2649 3603 2703 substantiam
3643 2662 3762 2704 esse

2165 2744 2453 2797 animatum
2479 2751 2641 2812 atque
2664 2739 3011 2806 sensibilem;
3042 2741 3158 2795 haec
3181 2739 3344 2810 igitur
3366 2739 3619 2795 difflnitio
3647 2755 3758 2793 rem

2164 2843 2429 2889 monstrat
2470 2849 2565 2902 per
2611 2849 2672 2889 se
2700 2833 2860 2887 sicuti
2892 2842 3013 2902 est,
3060 2849 3171 2887 non
3216 2842 3465 2899 tanquam
3501 2833 3759 2886 referatur

2163 2927 2230 2981 ad
2255 2927 2397 2981 aliud
2426 2943 2441 2982 :
2469 2938 2523 2979 at
2553 2942 2683 2982 vero
2714 2941 2834 2980 cum
2891 2926 3120 2981 dicimus
3150 2926 3348 2980 animal
3399 2942 3569 2995 genus
3619 2941 3762 2992 esse,

2165 3021 2317 3085 non(
2350 3026 2406 3071 ut
2436 3018 2702 3089 arbitror)
2736 3028 2864 3073 tunc
2909 3018 2977 3072 de
3006 3034 3063 3073 re
3109 3020 3222 3085 ipsa
3274 3034 3470 3073 nomen
3504 3017 3603 3072 hoc
3632 3020 3763 3073 dici-

2165 3127 2304 3175 mus,
2332 3111 2425 3165 sed
2452 3111 2517 3166 de
2538 3126 2606 3166 ea
2638 3112 2848 3165 ratione
2873 3126 2977 3182 qua
3004 3120 3185 3181 potest
3212 3113 3410 3165 animal
3440 3114 3504 3164 ad
3528 3124 3763 3166 caetero-

2166 3220 2281 3256 rum
2317 3218 2439 3272 qua:
2489 3202 2593 3259 sibi
2624 3202 2863 3274 subjecta
2897 3214 3023 3259 sunt
3061 3206 3495 3273 praedicationem
3549 3205 3761 3261 referri.

2168 3295 2351 3362 itaque
2381 3295 2662 3349 character
2691 3295 2909 3365 quidam
2938 3311 3003 3351 ac
3022 3296 3195 3350 forma
3232 3296 3447 3365 generis
3473 3305 3558 3351 est
3605 3298 3658 3350 in
3699 3313 3763 3351 eo

2168 3390 2307 3456 quod
2354 3388 2541 3441 referri
2592 3388 2984 3458 prmdicatione
3033 3390 3099 3444 ad
3150 3405 3242 3445 eas
3273 3406 3360 3446 res
3413 3400 3609 3460 potest,
3644 3408 3764 3461 qure

2166 3465 2288 3533 cum
2312 3480 2420 3533 sint
2457 3480 2640 3546 plures
2664 3493 2717 3535 et
2745 3483 2929 3550 specie
2958 3482 3287 3549 differentes,
3323 3486 3375 3538 in
3406 3500 3589 3539 earum
3649 3497 3762 3539 tan-

2166 3582 2276 3626 tum
2303 3575 2601 3627 substantia
2632 3576 2975 3642 praedicatur.
3010 3574 3179 3646 Hujus
3214 3588 3392 3631 autem
3422 3577 3763 3633 diilinitionis

2166 3668 2429 3717 rationem
2464 3680 2559 3733 per
2587 3666 2831 3733 exempla
2857 3666 3085 3735 subjecit
3111 3666 3295 3722 dicens
3320 3684 3335 3724 :

2242 3754 2436 3807 Eorum
2481 3760 2616 3807 enim
2646 3773 2759 3824 qua:
2785 3758 3157 3827 praedicantur,
3187 3761 3293 3813 alia
3318 3744 3524 3830 quidem
3566 3761 3629 3816 de
3662 3778 3761 3815 uno

2165 3846 2406 3917 dicuntur
2447 3846 2589 3908 solo,
2630 3848 2764 3901 sicut
2799 3850 3103 3915 individua,
3133 3864 3187 3905 ut
3232 3852 3503 3919 Soérates',
3535 3863 3584 3907 et
3608 3853 3690 3907 hic
3717 3864 3762 3906 et

2167 3939 2301 4004 hoc;
2351 3939 2455 3990 alia
2486 3954 2600 3991 rero
2641 3938 2705 3991 de
2732 3939 2967 4009 pluribus
2988 3982 3003 4005 ,
3035 3945 3469 4011 quemadmodum
3497 3963 3683 4017 genera
3714 3956 3761 4000 et

2166 4037 2356 4102 species
2380 4078 2395 4102 ,
2426 4046 2473 4089 et
2512 4035 2834 4105 diﬂerentia,
2881 4051 2926 4093 et
2958 4043 3169 4107 propria
3192 4083 3205 4103 ,
3236 4054 3283 4095 et
3312 4044 3594 4098 accidentia
3623 4062 3761 4099 cam-

2164 4133 2406 4192 muuiler,
2440 4132 2529 4185 sed
2566 4148 2666 4184 non
2700 4135 2907 4203 proprie
2932 4135 3109 4189 alicui.
3152 4136 3244 4190 Est
3265 4148 3432 4192 autem
3455 4154 3614 4209 genus
3640 4141 3757 4208 qui-

2164 4226 2279 4287 dem
2298 4265 2312 4287 ,
2343 4235 2393 4277 ut
2426 4227 2651 4290 animal;
2678 4228 2868 4295 species
2894 4245 3008 4281 vero
3039 4237 3095 4282 ut
3121 4229 3304 4295 homo;
3345 4231 3664 4298 di/ferentia,
3704 4240 3760 4285 ut

2164 4314 2449 4379 rationale;
2479 4317 2771 4385 proprium,
2804 4328 2857 4370 ut
2886 4314 3108 4385 risibile;
3141 4322 3407 4387 accidens,
3449 4334 3504 4376 ut
3544 4322 3719 4377 album
3740 4365 3755 4389 ,

2164 4407 2366 4475 nigrum
2385 4445 2399 4469 ,
2432 4408 2624 4459 sedere.

2237 4497 2489 4563 Omnium
2515 4514 2633 4567 qua:
2661 4500 3016 4564 praedicantur
3038 4504 3277 4573 quolibet
3299 4506 3459 4558 modo
3484 4505 3608 4560 facit
3631 4507 3757 4560 Por-

2164 4589 2388 4657 phyrius
2416 4588 2774 4655 divisionem;
2826 4591 3029 4648 ideirco
3078 4605 3135 4648 ut
3175 4610 3204 4649 a
3249 4596 3467 4665 reliquis
3507 4597 3755 4651 omnibus

2161 4680 2602 4751 prmdicauionem
2632 4685 2847 4752 generis
2876 4677 3211 4756 sejungat‘ac
3242 4698 3491 4756 separct‘,
3534 4692 3583 4745 id
3632 4692 3757 4745 facit

2157 4773 2260 4827 hoc
2291 4775 2472 4830 modo.
2495 4774 2769 4843 Omnium,
2802 4780 2989 4849 inquit,
3006 4797 3127 4850 qua:
3151 4782 3526 4851 praedicantur,
3553 4788 3656 4840 alia
3691 4788 3757 4844 de

2158 4865 2530 4933 singularitate
2558 4862 2830 4936 dicuntur,
2864 4870 2967 4922 alia
2999 4870 3066 4924 de
3098 4872 3405 4940 pluralitate
3436 4892 3447 4925 :
3481 4875 3547 4929 de
3576 4878 3756 4945 singu-

2158 4953 2368 5011 laritate
2398 4971 2545 5021 vero,
2602 4957 2793 5028 inquit,
2822 4960 3179 5028 prtedicantur
3216 4980 3547 5034 qumcunque
3589 4984 3751 5021 unum

2160 5047 2438 5115 quodlibet
2470 5048 2673 5103 habent
2701 5050 2999 5119 subjectum
3021 5095 3035 5119 ,
3064 5055 3131 5109 de
3159 5072 3265 5124 quo
3295 5058 3397 5112 dici
3424 5061 3667 5126 possint,
3696 5070 3753 5114 ut

2158 5153 2221 5192 ea
2254 5139 2445 5204 quibus
2468 5140 2673 5207 singula
2704 5141 2941 5211 subjecta
2974 5156 3100 5199 sunt
3128 5146 3434 5214 individua,
3470 5160 3527 5201 ut
3556 5149 3751 5205 Socra-

2159 5237 2240 5282 tes
2271 5240 2324 5282 et
2349 5230 2530 5295 Plato,
2561 5240 2619 5284 ut
2644 5231 2745 5285 hoc
2767 5233 2945 5288 album
2968 5232 3110 5305 quod
3140 5237 3189 5291 in
3220 5238 3318 5292 hac
3340 5240 3461 5294 nive
3484 5244 3751 5309 proposita

2159 5332 2273 5382 cst,
2307 5332 2363 5375 ut
2414 5325 2514 5377 hoc
2560 5339 2837 5379 scamnum
2890 5327 2943 5380 in
2988 5343 3095 5398 quo
3138 5346 3278 5385 nunc
3317 5332 3607 5398 sedemus,
3644 5350 3750 5389 non
3844 5388 3847 5389 ν

2159 5428 2319 5468 omne
2364 5429 2641 5469 scamnum
2674 5418 2803 5485 (hoc
2830 5428 2915 5473 est
2944 5420 3088 5475 enim
3127 5423 3453 5496 universale)
3476 5465 3490 5488 ,
3524 5427 3616 5480 sed
3650 5426 3751 5481 hoc

2160 5507 2300 5575 quod
2334 5522 2475 5560 nunc
2509 5510 2841 5578 suppositum
2866 5523 2976 5579 est;
3020 5530 3118 5569 nec
3145 5516 3322 5569 album
3353 5517 3495 5588 quod
3539 5519 3590 5572 in
3630 5520 3751 5575 nive

2162 5609 2240 5651 cst
2269 5598 2597 5679 (universale
2626 5601 2766 5655 enim
2810 5610 2894 5657 est
2920 5604 3099 5659 album
3130 5614 3184 5659 et
3213 5608 3331 5675 nix)
3361 5648 3375 5672 ,
3408 5609 3501 5662 sed
3534 5609 3633 5663 hoc
3673 5608 3751 5665 al-

2161 5687 2284 5741 bum
2314 5688 2454 5757 quod
2486 5691 2536 5742 in
2572 5690 2669 5745 hac
2699 5693 2820 5746 nive
2866 5709 3007 5747 nunc
3050 5708 3171 5749 esse
3212 5698 3544 5764 conspicitur
3585 5716 3601 5754 :
3648 5698 3749 5755 hoc

2160 5780 2301 5835 enim
2353 5798 2457 5832 non
2483 5790 2688 5930 8potest
2733 5782 2800 5836 de
2854 5784 3092 5851 quolibet
3146 5786 3252 5839 alio
3297 5788 3419 5842 albo
3471 5790 3747 5858 praedicari

2160 5871 2303 5930 quod
2331 5873 2384 5930 in
2414 5872 2480 5929 lia
2543 5874 2665 5930 nive
2692 5883 2807 5930 est.
2838 5876 2961 5930 auia
3001 5876 3066 5930 ad
3110 5875 3533 5930 singularitatem
3579 5882 3747 5930 ded...

2160 5871 2303 5944 quod
2331 5873 2384 5932 in
2414 5871 2529 5930 hac
2543 5874 2665 5930 nive
2692 5883 2807 5942 est,
2838 5876 2961 5945 quia
3001 5876 3066 5933 ad
3110 5875 3534 5951 singularitatem
3579 5882 3750 5945 dedu-
