4106 6336
352 250 420 304 93
1315 252 1379 309 IN
1418 251 1863 312 PORPHYRIUM
1905 253 2551 337 COMMENTARIORUM
2589 254 2718 313 LlB.
2758 255 2823 312 ll.
3580 266 3650 321 94

350 378 499 421 etum
528 370 641 422 est.
668 370 831 432 atque
871 361 937 415 ad
979 360 1304 417 individuam
1338 362 1561 419 formam
1591 366 1938 420 constrictum
1970 369 2017 429 Α
2050 367 2192 422 Fieri
2235 375 2412 422 autem
2458 366 2627 435 potuit
2672 367 3007 423 commodior
3056 369 3250 427 divisio
3292 372 3393 430 hoc
3435 375 3595 432 modo
3628 396 3643 432 :

346 470 431 515 est
463 457 728 512 individui
770 455 1198 526 participatione.
1241 456 1357 511 Alia
1399 472 1527 511 vero
1567 467 1692 513 sunt
1730 474 1848 529 qua:
1883 458 1951 514 de
2000 478 2005 485 ·

340 549 592 619 ~p‘uribus
624 546 1002 631 praedicantur,
1029 554 1088 601 ut
1115 561 1334 617 genera,
1364 558 1415 603 et
1446 549 1681 617 species,
1716 557 1771 603 et
1798 549 1951 603 diffe-

351 643 564 707 rentim,
586 651 636 695 et
665 641 902 710 propria,
929 649 980 693 et
1006 638 1299 693 accidentia
1331 642 1706 704 communiter,
1722 640 1815 695 sed
1843 654 1946 694 non

2054 455 2255 511 Eorum
2289 472 2408 527 quae
2440 457 2713 526 dicuntur,
2748 460 2846 514 alia
2881 461 3094 530 quidem
3128 465 3191 517 ad
3223 464 3650 536 singularitatem

2042 549 2438 623 'prazdicantur,
2484 552 2590 605 alia
2630 552 2695 604 ad
2740 553 3129 621 pluralitatem;
3172 572 3359 612 eorum
3400 548 3535 629 qua:
3581 560 3651 617 de

2050 642 2298 711 pluribus
2356 644 2741 712 prmdicantur,
2792 646 2893 699 alia
2944 648 3239 703 secundum
3293 636 3647 708 substantiam

346 734 571 807 proi-rie
600 734 785 788 alicui.
807 731 1018 787 Genera
1046 723 1259 801 quidem
1288 732 1357 786 de
1382 731 1624 801 pluribus
1652 730 1949 801 przedicanL
2040 727 2434 817 'prazdicantur,
2482 736 2582 811 alia
2628 739 2923 792 secundum
2965 741 3258 807 accidens;
3310 760 3494 799 eorum
3528 734 3649 817 quae

351 840 440 881 tur
468 825 754 895 speciebus
785 825 930 888 suis,
964 826 1176 893 species
1221 838 1348 878 vero
1381 824 1447 878 de
1477 824 1723 894 pluribus
1754 823 1949 893 praedi-

322 925 534 972 -cantur
576 915 865 970 individuis
907 931 923 971 :
967 916 1128 969 homo
1157 914 1302 969 enim
1322 957 1335 978 ,
1363 915 1503 983 quod
1534 924 1614 968 est
1650 912 1897 967 animalis
1917 954 1931 975 ,

348 1008 554 1079 species
600 1010 782 1077 plures
827 1008 929 1063 sub
967 1022 1027 1063 se
1055 1008 1302 1062 homines
1334 1008 1494 1062 habet
1524 1006 1590 1060 de
1620 1007 1814 1078 quibus
1832 1023 1937 1075 ap-

346 1104 533 1174 pellari
573 1104 759 1172 possit.
810 1104 944 1158 Item
986 1118 1187 1173 equus,
1220 1103 1309 1171 qui
1342 1103 1529 1156 subest
1558 1102 1776 1157 animali
1826 1096 1945 1156 loco

343 1196 582 1265 speciei,
617 1195 880 1265 plurimos
907 1195 1070 1250 habet
1106 1195 1409 1249 individuos
1449 1206 1616 1264 equos
1656 1195 1724 1248 de
1750 1193 1945 1263 quibus

342 1290 705 1359 pr:rdic‘antur
738 1307 754 1344 :
797 1288 1101 1344 diﬁcrentia
1130 1302 1261 1343 vero
1291 1287 1401 1356 ipsa
1431 1296 1646 1357 quoque
1674 1286 1741 1341 de
1771 1287 1945 1356 pluris

341 1382 446 1438 bus
470 1383 756 1453 speciebus
784 1383 888 1438 dici
920 1391 1096 1453 potest
1114 1421 1130 1448 ,
1169 1391 1227 1435 ut
1254 1381 1514 1436 rationale
1541 1380 1610 1435 de
1638 1381 1853 1435 homine
1883 1394 1943 1435 ac

340 1475 413 1530 de
436 1476 548 1529 Deo
568 1477 992 1545 corporibusque
1014 1473 1331 1530 ctelestibns
1350 1518 1364 1542 ,
1394 1485 1514 1543 qua!
1546 1471 1707 1541 (sicut
1735 1471 1941 1526 Platoni

340 1569 546 1641 placet)
587 1569 825 1623 animata
855 1578 977 1623 sunt
1004 1576 1061 1623 et
1086 1568 1300 1622 ratione
1341 1566 1609 1636 vigentia;
1666 1568 1939 1635 pr0prium

341 1664 476 1718 item
508 1666 609 1719 etsi
641 1663 709 1719 de
737 1678 839 1718 una
870 1663 1048 1733 specie
1080 1662 1423 1733 prtedicatur,
1453 1662 1521 1717 de
1551 1661 1733 1715 multis
1761 1671 1941 1715 tamen

2040 810 2346 915 'secundum
2376 810 2733 884 substantiam
2766 832 3147 900 praedicantur,
3181 835 3288 890 alia
3320 839 3371 891 in
3405 853 3471 892 eo
3503 810 3647 908 quod

2041 916 2174 987 quid
2223 917 2294 972 sit
2338 918 2611 987 dicuntur,
2651 919 2755 974 alia
2803 922 2855 975 in
2897 937 2962 976 eo
3005 926 3143 991 quod
3168 926 3326 995 quale
3354 929 3455 991 sit;
3499 930 3551 983 in
3579 944 3647 984 eo

2042 1007 2191 1076 quod
2231 1010 2357 1079 quid
2401 1009 2473 1065 sit
2512 1009 2728 1080 quidem
2770 1008 2937 1082 genus
2978 1025 3033 1068 et
3059 1017 3298 1083 species,
3332 1020 3382 1073 in
3412 1035 3477 1073 eo
3502 1018 3646 1090 quod

2042 1101 2205 1189 quale
2226 1103 2294 1156 sit
2316 1100 2639 1157 differentia.
2668 1104 2798 1157 Item
2827 1119 3013 1158 eorum
3040 1120 3157 1175 quae
3181 1108 3230 1160 in
3259 1124 3324 1162 eo
3352 1111 3494 1179 quod
3518 1106 3645 1181 quid

2045 1192 2120 1247 sit
2160 1194 2541 1264 praedicantur,
2576 1194 2679 1249 alia
2723 1196 2790 1251 de
2820 1192 3103 1265 speciebus
3136 1202 3493 1268 praedicantur
3528 1203 3643 1273 plu-

2045 1286 2226 1353 ribus,
2262 1288 2363 1341 alia
2400 1288 2662 1353 minime;
2711 1289 2778 1344 de
2816 1292 3099 1358 speciebus
3157 1294 3372 1363 quidem
3404 1296 3643 1367 pluribus

2045 1376 2433 1448 prmdiCautur,
2484 1392 2539 1435 ut
2569 1398 2798 1451 genera,
2829 1385 2896 1439 de
2924 1386 3086 1441 nullis
3113 1402 3241 1442 vero
3278 1393 3507 1457 species.
3540 1392 3642 1444 Eo-

2048 1486 2169 1527 rum
2220 1484 2399 1528 autem
2448 1482 2568 1543 qua:
2608 1476 2909 1531 secundum
2956 1479 3208 1534 accidens
3253 1480 3634 1548 praedicantur,

2044 1564 2149 1619 alia
2194 1565 2406 1635 quidem
2440 1575 2566 1639 sunt
2607 1580 2728 1636 qua:
2768 1569 2835 1623 de
2881 1569 3125 1639 pluribus
3170 1572 3553 1641 praedicantur,
3584 1585 3641 1629 ut

2044 1657 2365 1719 accidentia,
2395 1654 2496 1712 alia
2521 1674 2643 1729 quae
2668 1659 2733 1713 de
2761 1675 2865 1733 un_o
2891 1670 3124 1727 tantum,
3157 1673 3211 1717 ut
3241 1668 3480 1735 propria.
3512 1652 3647 1720 Pos-i

343 1746 636 1811 individuis
663 1755 881 1819 dicitur,
913 1768 1035 1824 qua:
1074 1753 1175 1808 sub
1221 1752 1565 1808 convenienti
1607 1751 1790 1820 specie
1828 1744 1941 1804 col¥
1968 1748 2016 1809 Β
2044 1760 2127 1805 set
2153 1761 2329 1805 autem
2360 1751 2473 1805 ﬁeri
2503 1753 2663 1806 etiam
2698 1754 3001 1821 huiusmodi
3030 1755 3221 1810 divisio
3253 1775 3263 1809 :
3312 1773 3498 1811 eorum
3522 1775 3641 1827 qua!

338 1845 609 1913 locantur,
642 1855 698 1901 ut
725 1845 966 1913 risibile,
1000 1845 1068 1899 de
1100 1844 1324 1898 Platone
1346 1885 1362 1909 ,
1396 1844 1621 1898 Socrate
1647 1850 1704 1898 et
1727 1841 1938 1896 caeteris

335 1938 628 1993 individuis
652 1937 850 1993 dicitur
873 1951 993 2007 qum
1016 1935 1217 1990 homini
1244 1944 1644 2005 supponuntur.
1675 1932 1938 1988 Accidens

335 2033 496 2087 etiam
527 2031 597 2087 de
628 2032 814 2086 muttis
839 2031 1037 2085 dicitur
1066 2046 1081 2095 ;
1130 2030 1312 2084 album
1352 2030 1494 2084 enim
1535 2039 1589 2082 et
1630 2028 1841 2098 nigrum
1873 2026 1941 2081 de

336 2126 520 2179 multis
540 2125 764 2179 omnino
787 2123 893 2178 dici
918 2128 1126 2191 potest,
1152 2128 1274 2192 qua!
1297 2136 1324 2174 a
1349 2134 1408 2173 se
1433 2132 1631 2189 genere
1652 2119 1939 2187 Specieque

333 2220 572 2288 seiuncta
600 2227 745 2273 sunt.
774 2216 983 2272 Sedere
1017 2215 1176 2271 etiam
1207 2213 1276 2269 de
1306 2213 1491 2268 multis
1517 2212 1737 2276 dicitur,
1768 2211 1937 2275 homo

334 2314 478 2367 enim
506 2311 682 2377 sedit,
712 2311 868 2366 simia
896 2310 1086 2375 sedet,
1128 2323 1257 2364 aves
1281 2323 1495 2378 quoqtte
1517 2349 1530 2369 ,
1555 2321 1782 2378 quarum
1814 2322 1938 2376 spe-

334 2408 445 2461 cies
489 2407 644 2475 longe
683 2405 921 2459 diversa:
960 2412 1086 2458 sunt
1128 2416 1144 2456 :
1188 2402 1441 2456 accidens
1472 2408 1651 2454 antem
1681 2400 1949 2466 quoniam

336 2499 696 2553 communiter
738 2496 990 2552 accidens
1032 2509 1155 2551 esse
1195 2503 1375 2566 potest
1414 2503 1468 2549 et
1496 2494 1715 2562 pr0prie
1744 2491 1951 2558 alicui,

344 2588 550 2644 idcirco
591 2588 967 2645 determinavit
1005 2587 1193 2643 dicens
1225 2592 1281 2642 et
1309 2585 1609 2649 accidentia
1637 2588 1938 2641 communi-

341 2690 444 2748 ter,
474 2683 567 2737 sed
600 2698 702 2737 non
727 2682 974 2752 proprie;
1006 2688 1133 2753 qua:
1170 2680 1390 2750 proprie
1415 2680 1561 2735 enim
1602 2678 1762 2733 alicui
1796 2680 1936 2733 acci-

334 2776 468 2830 dunt
490 2774 760 2831 individua
783 2776 951 2841 fiunt,
979 2785 1031 2829 et
1061 2773 1132 2828 de
1157 2787 1266 2828 uno
1297 2778 1506 2827 tantum
1533 2770 1764 2826 valentia
1795 2785 1932 2840 prae-

332 2866 533 2932 dicari;
566 2875 620 2921 et
646 2880 707 2921 ea
739 2881 860 2936 quae
889 2864 1251 2921 communiter
1276 2862 1639 2931 accipiuntur,
1671 2862 1739 2915 de
1767 2859 1933 2929 pluri-

333 2959 436 3015 bus
478 2959 584 3014 dici
622 2967 827 3028 queunt
854 2976 869 3014 :
894 2958 958 3013 lut
988 2958 1133 3013 enim
1165 2957 1235 3012 de
1264 2956 1388 3011 nive
1416 2954 1621 3010 dictum
1651 2963 1763 3018 est,
1808 2953 1933 3008 illud

332 3053 513 3108 album
558 3054 700 3124 quod
731 3053 784 3107 in
826 3051 928 3107 hac
956 3050 1199 3122 subjecta
1231 3050 1354 3106 nive
1382 3059 1467 3105 est
1509 3064 1617 3103 non
1671 3058 1753 3103 est
1783 3063 1934 3104 com-

2043 1843 2427 1913 prmdicantur,
2456 1840 2570 1898 alia
2618 1844 2688 1900 de
2726 1848 2954 1915 Singulis
3000 1847 3382 1919 praadicantur“,
3425 1851 3529 1904 alia
3573 1840 3649 1907 de

2045 1935 2534 2017 pluribus;-eorum
2563 1942 2683 2003 quae
2714 1939 2780 1990 de
2822 1938 3096 2006 pluribus,
3142 1941 3245 1993 alia
3296 1941 3349 1995 in
3397 1956 3462 1996 eo
3497 1941 3640 2012 quod

2042 2026 2296 2097 quidsit,
2328 2028 2429 2082 alia
2469 2031 2519 2083 in
2557 2036 2623 2083 eo
2651 2029 2795 2097 quod
2825 2020 2983 2099 quale
3015 2031 3084 2085 sit
3120 2018 3505 2101 praedicantur.
3542 2037 3642 2090 Eo-

2043 2136 2161 2177 rum
2205 2122 2325 2191 quae
2375 2126 2426 2175 in
2469 2116 2535 2177 eu
2565 2108 2864 2192 quodquid
2895 2112 3130 2193 sit,\alia
3178 2126 3244 2181 de
3275 2127 3643 2184 dill'erentibtn

2043 2214 2328 2284 speciebus
2357 2216 2629 2282 dicuntur,
2666 2226 2721 2268 ut
2756 2233 2952 2287 genera
2975 2259 2990 2282 ,
3020 2220 3120 2273 alia
3154 2218 3404 2293 minime,
3442 2220 3497 2293 ut
3523 2202 3655 2292 spe--

2041 2307 2184 2373 cies;
2212 2322 2402 2363 eorum
2429 2319 2606 2364 autem
2632 2325 2750 2376 qua:
2776 2311 2827 2363 in
2857 2300 3088 2381 eo'quod
3116 2315 3274 2383 quale
3300 2315 3371 2369 sit
3404 2317 3472 2371 de
3522 2319 3637 2383 plu-

2041 2399 2189 2454 ribus
2209 2401 2590 2469 przedicantnr,
2620 2402 2718 2455 :tlia
2742 2403 2959 2471 quidem
2985 2386 3051 2458 de
3068 2386 3442 2462 differentibus
3463 2411 3643 2476 specie

2041 2493 2426 2561 praedicantur,
2458 2504 2515 2548 ut
2555 2492 2873 2550 differentia:
2913 2506 2965 2552 et
3007 2498 3305 2553 accidentia
3345 2504 3641 2557 communi-

2042 2596 2145 2649 ter,
2177 2588 2279 2640 alia
2315 2587 2381 2640 de
2412 2600 2513 2639 una
2558 2597 2761 2639 tantum
2806 2591 3013 2657 specie,
3051 2600 3107 2649 ut
3156 2593 3402 2659 propria;
3451 2609 3639 2648 eorum

2038 2694 2170 2734 vero
2199 2695 2316 2749 qum
2348 2680 2415 2734 de
2443 2680 2687 2751 pluribus
2713 2676 3082 2736 differentibus
3111 2688 3292 2751 specie
3326 2688 3377 2738 in
3406 2702 3471 2741 eo
3498 2691 3640 2758 quod

2040 2775 2197 2843 quale
2222 2774 2295 2827 sit
2327 2773 2705 2843 praedicantur.
2739 2774 2840 2828 alia
2869 2775 3081 2843 quidem
3108 2778 3157 2830 in
3182 2774 3471 2833 substantia
3506 2797 3642 2851 pra:-

2039 2867 2310 2932 dica‘ntnr,
2339 2876 2397 2921 ut
2426 2866 2739 2921 dilferentiae
2760 2909 2773 2928 .
2797 2862 2897 2921 alia
2928 2867 2978 2922 in
3005 2871 3359 2926 communiter
3387 2875 3641 2932 evenien-

2042 2961 2214 3021 tibus,
2248 2969 2305 3012 ut
2331 2958 2646 3014 accidentia.
2680 2959 2744 3013 Et
2769 2975 2864 3028 per
2894 2963 3029 3016 hanc
3053 2962 3374 3018 divisionem
3405 2968 3641 3036 quinque

2040 3049 2231 3105 barum
2262 3064 2443 3105 rerum
2472 3049 2818 3106 dil'tinitiones
2842 3051 3017 3122 colligi
3052 3065 3276 3122 possunt
3304 3054 3402 3109 hoc
3432 3057 3593 3111 modo
3624 3075 3636 3111 :

332 3146 571 3203 muniter
614 3148 896 3214 accidens,
934 3146 1028 3200 sed
1071 3145 1289 3215 proprie
1318 3142 1445 3198 huic
1474 3141 1583 3196 nivi
1615 3156 1734 3212 quae
1762 3143 1935 3196 oculis
1962 3126 2009 3190 C
2039 3143 2223 3200 Genus
2254 3156 2335 3198 est
2364 3144 2504 3213 quod
2537 3143 2602 3197 de
2632 3143 2877 3214 pluribus
2904 3147 3087 3213 specie
3109 3140 3476 3205 diﬂ‘erentibus
3499 3152 3550 3205 in
3574 3166 3638 3207 ec

333 3242 738 3312 ostensionique
777 3240 1020 3310 subjecta
1061 3248 1181 3303 est;
1227 3238 1299 3292 ita
1338 3251 1555 3307 quoque.
1602 3250 1669 3291 ex
1698 3249 1764 3289 eo
1788 3234 1930 3305 quod

331 3336 692 3391 communiter
715 3335 996 3405 praadicari
1024 3338 1233 3402 poterat
1260 3330 1350 3402 (de
1370 3330 1555 3385 multis
1571 3328 1723 3382 enim
1750 3326 1931 3382 album

332 3427 437 3483 dici
470 3436 677 3497 potest,
718 3432 775 3480 ut
813 3426 967 3481 albus
1008 3425 1192 3489 homo,
1226 3425 1377 3478 albus
1400 3435 1608 3492 equus,
1641 3421 1757 3475 alba
1793 3420 1932 3489 nix),
1960 3420 1961 3423 “

332 3520 531 3575 factum
578 3526 767 3576 estut
807 3518 875 3574 de
916 3526 1020 3573 una
1062 3526 1265 3572 tantum
1313 3517 1436 3571 nive
1480 3512 1761 3585 praedicari
1801 3510 1931 3566 illud

333 3612 511 3667 album
540 3613 742 3681 possit,
775 3609 926 3680 cuius
956 3608 1361 3677 participatione
1391 3606 1562 3676 ipsum
1595 3620 1809 3675 quoque
1852 3604 1931 3657 fa-

336 3713 479 3758 ctum
498 3712 583 3758 est
607 3701 900 3772 singulare.
924 3700 1157 3755 Omnino
1175 3708 1356 3755 autem
1383 3696 1562 3753 omnia
1590 3709 1789 3765 genera
1810 3737 1824 3761 ,
1852 3695 1932 3748 vel

336 3800 578 3868 species,
611 3795 697 3851 vel
724 3792 1088 3861 differentias,
1115 3793 1199 3848 vel
1228 3791 1467 3861 propria,
1494 3788 1581 3843 vel
1610 3786 1934 3852 accidentia,
1968 3796 1971 3801 '

332 3893 380 3948 si
413 3906 509 3961 per
535 3891 830 3960 semetipsa
862 3888 1204 3959 speculemnr
1229 3884 1284 3940 in
1321 3900 1388 3939 eo
1415 3883 1554 3954 quod
1584 3894 1781 3952 genera
1800 3920 1815 3945 ,
1851 3879 1933 3934 vel

333 3984 580 4052 species,
610 3984 695 4039 vel
725 3980 1077 4046 diﬂ'erentiaa,
1110 3979 1193 4033 vel
1226 3976 1475 4048 propria,
1508 3975 1592 4030 vel
1633 3972 1933 4028 accidentia

336 4085 498 4140 sunt,
546 4074 885 4130 manifestum
930 4081 1012 4128 est
1063 4070 1316 4138 quoniam
1361 4068 1429 4122 de
1469 4066 1712 4136 pluribus
1744 4064 1937 4134 praedi-

339 4158 565 4228 cantur;
603 4174 656 4218 at
692 4164 737 4218 si
762 4179 825 4220 ea
866 4164 922 4219 in
953 4162 1038 4218 his
1078 4160 1423 4230 speculamur
1460 4159 1515 4213 in
1547 4156 1743 4226 quibus
1780 4162 1934 4219 sunt,

339 4263 404 4311 ut
427 4255 719 4310 secundum
750 4256 993 4327 subiecta
1022 4268 1209 4309 eorum
1242 4250 1468 4306 formam
1494 4258 1550 4305 et
1579 4249 1934 4303 substantiam

342 4349 653 4417 metiamur,
688 4349 866 4405 evenit
892 4359 950 4404 ut
976 4364 1043 4404 ex
1081 4346 1388 4417 pluralitate
1427 4340 1825 4413 praedicationis
1868 4341 1934 4395 ad

343 4441 769 4513 singularitatem
799 4443 1087 4499 videantur
1116 4440 1311 4496 adduci
1343 4456 1359 4493 :
1389 4439 1588 4494 animal
1616 4438 1761 4494 enim
1789 4436 1933 4508 quod

2037 3235 2181 3305 quod
2213 3235 2341 3305 quid
2374 3235 2443 3289 sit
2470 3236 2811 3304 praedicatur.
2846 3235 3068 3305 Species
3098 3250 3179 3293 est
3209 3241 3349 3310 quod
3380 3240 3448 3295 de
3473 3242 3640 3313 pluri-

2036 3327 2138 3382 bus
2168 3327 2390 3381 minime
2410 3326 2602 3407 _5pecie
2631 3325 3000 3382 ditl'erentibus
3032 3329 3086 3382 in
3129 3344 3194 3384 eo
3237 3332 3377 3403 quod
3411 3332 3537 3404 quid
3568 3334 3640 3389 sit

2037 3418 2377 3489 praedicatur.
2412 3414 2721 3472 ‘Diﬂerentia
2767 3428 2847 3472 est
2891 3420 3029 3487 quod
3074 3421 3142 3476 de
3186 3422 3426 3491 pluribus
3459 3423 3669 3494 specie,

2038 3507 2410 3564 dill'erentibus
2437 3509 2488 3563 in
2516 3522 2581 3564 eo
2609 3508 2749 3578 quod
2779 3509 2934 3578 quale
2963 3513 3033 3564 sit
3074 3511 3126 3565 in
3170 3514 3468 3568 substantia
3501 3532 3631 3585 prm-

2036 3602 2262 3657 dlcatur.
2295 3602 2573 3670 Proprium
2606 3612 2689 3655 est
2717 3602 2858 3670 quod
2887 3603 2953 3657 de
2984 3619 3086 3657 una
3122 3614 3324 3659 tantum
3358 3608 3539 3678 specie
3577 3610 3631 3664 in
3668 3668 3671 3673 ,

2037 3712 2104 3751 eo
2136 3695 2276 3764 quod
2316 3695 2474 3764 quale
2504 3696 2575 3749 sit
2606 3709 2710 3749 non
2742 3695 2794 3749 in
2828 3696 3123 3750 substantia
3157 3698 3500 3765 praedicatur.
3533 3701 3637 3754 Ac-

2036 3788 2330 3844 cidensest
2358 3788 2496 3852 quod
2529 3789 2596 3844 de
2626 3789 2864 3856 pluribus
2888 3789 3065 3857 specie
3090 3790 3458 3847 dilIet-cntibus
3488 3794 3539 3848 in
3572 3810 3637 3849 eo
3668 3853 3673 3859 ,

2037 3878 2180 3951 quod
2209 3878 2366 3951 quale
2396 3881 2464 3933 sit
2492 3895 2597 3934 non
2640 3880 2694 3934 in
2738 3881 3036 3935 substantia
3072 3883 3409 3951 prazdicatur.
3445 3884 3507 3938 Et
3541 3902 3637 3939 tth

2036 3972 2254 4043 quidem
2281 3973 2379 4027 has
2408 3972 2703 4028 divisiones
2736 3973 2963 4027 fecimus
2985 4015 2998 4037 ,
3033 3985 3087 4028 ut
3117 3976 3294 4029 omnia
3324 3992 3351 4028 a
3381 3980 3637 4047 semetip-

2041 4068 2118 4121 sis
2162 4079 2561 4137 separaremus.
2615 4056 2911 4137 Porphyrii)
2958 4082 3088 4121 vero
3126 4068 3228 4122 alia
3264 4070 3489 4125 intentio
3520 4071 3635 4127 fuit.
3674 4136 3677 4143 η

2037 4157 2154 4213 Non
2183 4159 2324 4212 enim
2354 4158 2533 4212 omnia
2566 4174 2705 4211 nunc
2738 4174 2764 4211 a
2798 4161 3103 4227 semetipsis
3142 4161 3450 4231 disjungere
3495 4163 3636 4218 festi-

2039 4248 2231 4314 nabat,
2254 4249 2348 4304 sed
2373 4259 2579 4302 tantum
2608 4258 2671 4303 ut
2699 4260 2893 4303 caetera
2927 4266 2953 4302 a
2982 4253 3200 4320 generis
3235 4251 3403 4307 forma
3433 4265 3484 4309 et
3515 4271 3636 4325 pro-

2038 4341 2268 4412 prietate
2321 4351 2618 4412 separaret.
2672 4345 2740 4397 At
2806 4343 3007 4400 idcirco
3058 4345 3236 4399 divisit
3287 4348 3468 4401 omnia
3518 4364 3637 4417 quzn

2041 4437 2422 4506 prmdicantur,
2456 4448 2546 4491 aut
2584 4438 2636 4491 in
2678 4451 2738 4490 ea
2770 4452 2890 4507 qum
2921 4437 2989 4490 de
3021 4438 3243 4508 singulis
3274 4440 3635 4510 praedicaren-
3676 4420 3679 4423 Α

333 4549 506 4608 genus
529 4543 642 4602 est,
667 4535 734 4590 de
753 4535 999 4605 pluribus
1020 4533 1380 4604 praedicatur;
1413 4531 1506 4586 sed
1533 4545 1655 4586 cum
1685 4529 1788 4583 hoc
1811 4530 1931 4583 ani-
1962 4503 2018 4566 D
2044 4542 2148 4597 tur,
2175 4542 2267 4586 aut
2290 4533 2343 4586 in
2375 4548 2435 4586 ea
2461 4548 2577 4601 quae
2605 4532 2671 4583 de.
2708 4532 2979 4600 pluribus;
3027 4549 3088 4587 ea
3109 4503 3248 4588 vero
3276 4503 3395 4602 quae
3419 4534 3487 4590 de
3519 4536 3634 4605 plu-

333 4629 442 4684 mal
474 4627 530 4684 in
567 4628 793 4685 Socrate
830 4627 1272 4692 consideramus,
1300 4641 1367 4683 ex
1396 4625 1707 4696 pluralitate
1737 4624 1930 4693 praedi-

334 4722 563 4776 cationis
593 4720 878 4776 adducitur
908 4719 974 4775 ad
1013 4719 1463 4790 singularitatem.
1506 4719 1757 4772 Socrates
1785 4717 1928 4771 enim

337 4813 535 4869 animal
579 4823 694 4879 est,
727 4814 902 4884 ipsum
944 4812 1138 4868 animal
1181 4813 1241 4867 lit
1280 4812 1648 4877 individuum,
1676 4810 1927 4879 quoniam

332 4906 586 4963 Socrates
613 4912 700 4962 est
728 4906 1039 4962 individuus
1066 4920 1129 4961 ac
1161 4905 1470 4975 singularis.
1507 4905 1636 4958 Item
1673 4902 1835 4957 homo
1859 4902 1929 4956 de

334 4998 578 5071 pluribus
616 5002 836 5072 quidem
872 5000 1183 5056 horninibus
1210 5000 1553 5071 praedicatur,
1584 4998 1679 5052 sed
1707 4996 1749 5051 si
1775 4996 1922 5050 illam

336 5094 722 5151 humanitatem
752 5110 872 5165 quae
901 5095 954 5150 in
987 5096 1213 5152 Socrate
1246 5104 1331 5149 est
1368 5091 1646 5148 individuo
1672 5090 1927 5146 conside-

329 5205 518 5246 remus
539 5230 554 5255 ,
587 5189 648 5243 iit
686 5189 957 5244 individua
978 5230 993 5255 ,
1025 5188 1278 5258 quoniam
1305 5186 1557 5243 Socrates
1595 5185 1710 5253 ipse
1734 5182 1925 5237 indivi-

326 5282 473 5338 duus
496 5291 581 5337 est
604 5293 765 5350 atque
792 5280 1100 5351 singularis.
1136 5279 1266 5334 Item
1307 5274 1607 5333 diﬂ‘erentia
1649 5283 1707 5329 ut
1762 5274 1925 5328 ratio-

329 5375 457 5431 nale
478 5375 546 5431 de
568 5373 813 5444 pluribus
834 5373 939 5428 dici
963 5383 1137 5442 p0te8t
1153 5412 1169 5438 ,
1198 5369 1292 5424 sed
1320 5370 1371 5423 in
1401 5370 1625 5423 Socrate
1652 5366 1924 5420 individua

326 5476 436 5525 est.
464 5467 694 5523 Bisibile
720 5468 882 5521 etiam
910 5480 1031 5519 cum
1059 5464 1125 5519 de
1162 5463 1403 5532 pluribus
1435 5459 1743 5515 hominibus
1783 5472 1921 5528 prae-

327 5562 544 5618 dicetur
584 5562 642 5616 iit
686 5562 938 5626 unicum;
979 5558 1335 5613 communiter
1386 5570 1599 5625 quoque
1641 5554 1919 5616 accidens,

324 5663 392 5709 ut
420 5655 602 5708 album
624 5695 638 5718 ,
672 5666 792 5708 cum
823 5653 891 5707 de
926 5651 1167 5721 pluribus
1193 5648 1297 5702 dici
1330 5648 1525 5717 possit,
1567 5647 1617 5700 in
1651 5659 1757 5700 uno
1786 5659 1922 5715 quo-

319 5762 436 5821 que
473 5747 735 5820 singulari
773 5760 1003 5817 corpore
1048 5750 1387 5815 perspectum
1436 5739 1769 5849 individuum
1815 5749 1916 5795 est.

2039 4624 2189 4679 ribus
2221 4623 2600 4693 praedicantur,
2629 4634 2714 4677 aut
2744 4640 2936 4695 genera
2970 4641 3090 4681 esse
3116 4627 3376 4693 dixit,aut
3402 4631 3631 4700 species,

2038 4724 2131 4770 aut
2158 4726 2384 4781 cetera,
2420 4718 2609 4770 horum
2651 4733 2863 4787 quoque
2903 4720 3142 4787 cxetnpla
3188 4720 3483 4791 sultjiciens
3526 4725 3634 4779 ad—
3680 4784 3685 4789 ,

2033 4813 2212 4887 jungit
2244 4832 2255 4866 :
2804 4880 2807 4881 ν
3456 4810 3459 4813 λ

2112 4907 2187 4960 Ab
2217 4904 2295 4959 his
2321 4921 2439 4977 ergo
2463 4923 2577 4977 qua:
2606 4906 2668 4959 de
2708 4918 2807 4958 uno
2850 4905 2959 4958 solo
3006 4909 3355 4973 prredicantur
3386 4910 3632 4975 άὶιΤενιιηι

2035 5002 2225 5073 genera
2250 5042 2266 5067 ,
2296 5014 2354 5053 eo
2384 5002 2521 5067 quod
2551 4997 2660 5052 haec
2691 4998 2753 5051 de
2782 4994 3011 5066 pluribus
3038 4999 3297 5055 dicuntur.
3334 5002 3406 5054 Ab
3436 5003 3515 5056 his
3544 5022 3633 5056 att-

2038 5102 2139 5146 tem
2184 5107 2368 5146 rursus
2419 5106 2535 5160 qua:
2585 5089 2648 5142 de
2702 5090 2953 5157 piuribus,
3006 5108 3057 5153 a_
3086 5076 3345 5163 speciebus
3396 5094 3626 5156 quidun,

2036 5185 2280 5253 quoniam
2336 5184 2526 5252 species
2583 5184 2676 5235 etsi
2722 5183 2785 5235 de
2835 5181 3067 5250 pluribus
3110 5185 3467 5254 prwdicentur,
3528 5203 3627 5239 non

2040 5286 2210 5329 tamen
2234 5275 2297 5327 de
2322 5272 2678 5339 differentibus
2700 5275 2866 5341 specie
2882 5313 2895 5334 ,
2922 5275 3008 5326 sed
3034 5291 3244 5328 numero
3270 5290 3289 5327 :
3318 5274 3468 5327 homo
3493 5278 3626 5329 enim

2038 5384 2153 5420 tum
2181 5369 2243 5420 sit
2275 5367 2467 5433 species
2491 5408 2502 5424 ,
2538 5365 2602 5418 de
2632 5364 2847 5419 Socrate
2875 5376 2922 5419 et
2950 5366 3010 5417 de
3045 5364 3261 5419 Platone
3287 5366 3622 5435 praedicatur,

2034 5460 2124 5527 qui
2171 5475 2272 5513 non
2319 5459 2484 5528 specie
2530 5474 2561 5509 a
2604 5474 2657 5510 se
2697 5458 2908 5510 invicem
2952 5455 3227 5525 di/Terunl,
3259 5461 3348 5509 sed
3387 5474 3619 5514 numero.

2035 5552 2246 5605 Animal
2275 5567 2390 5603 wro
2421 5567 2532 5602 cum
2561 5550 2624 5601 sit
2655 5565 2843 5618 genus,
2875 5547 2937 5601 de
2964 5546 3166 5599 homine
3186 5589 3199 5611 ,
3237 5565 3365 5617 equo
3402 5559 3448 5602 et
3506 5552 3625 5606 bove
3679 5528 3685 5535 ~

2032 5643 2368 5714 pra’dicatur,
2402 5640 2488 5709 qui
2519 5638 2765 5705 diﬂ‘erunt
2793 5656 2823 5691 ιι
2849 5655 2901 5689 se
2930 5626 3140 5687 inviaetn
3171 5638 3367 5704 specie,
3399 5656 3499 5693 non
3527 5658 3641 5706 nuc,

2032 5752 2170 5791 mero
2200 5735 2389 5790 solum.
2422 5734 2461 5786 A
2493 5732 2699 5803 proprio
2727 5744 2925 5797 quoque
2953 5723 3123 5790 (li/Tm
3150 5744 3343 5798 genus,
3377 5734 3618 5802 quoniam
