4106 6336
474 348 540 405 as
1713 344 1820 403 AN.
1861 324 2070 402 nunc;
2110 340 2260 400 sev.
2305 338 2528 400 nomn

473 464 735 535 praprium
754 464 823 520 de
844 481 947 520 una
966 465 1078 521 sola
1103 462 1269 535 specie
1288 504 1303 530 ,
1332 465 1479 535 cuius
1501 471 1577 516 est
1599 463 1869 533 proprium
1885 503 1902 529 ,
1927 476 2060 532 pm-
2085 466 2143 528 Α
2166 467 2354 539 rantur
2399 457 2770 513 dill'erentibus

2120 592 2123 593 ν
2167 564 2283 619 est,
2315 551 2405 606 hic
2429 551 2682 607 Socrates
2700 596 2715 618 ,
2743 551 2877 606 duas
2903 554 3131 606 fecimus
3152 553 3417 616 unitates,
3442 568 3503 607 ac
3527 553 3569 606 si
3592 552 3760 620 digito

473 556 701 623 dicatur,
733 568 780 612 et
810 556 873 611 de
900 558 964 611 iis
990 574 1104 628 qua:
1130 556 1223 612 sub
1253 548 1354 611 una
1389 556 1555 626 specie
1583 563 1704 610 sunt
1744 554 2059 623 individuis,

473 649 909 720 quemadmodum
936 648 1129 705 risibile
1154 650 1219 704 de
1245 648 1449 703 homine
1474 648 1585 703 solo
1609 690 1626 713 ,
1657 656 1708 703 et
1738 648 1804 702 de
1835 648 2064 720 particu-

475 748 669 803 taribus
711 748 999 803 hominibus
1041 762 1060 800 :
1102 762 1259 817 genus
1300 756 1469 814 autem
1507 760 1615 825 non,
1647 743 1713 798 de
1750 760 1854 797 una
1896 742 2064 799 solum

460 830 641 909 specie
685 842 1017 911 pradicatur,
1057 840 1146 896 sed
1187 840 1252 894 de
1280 838 1513 908 pluribus
1539 846 1588 892 et
1613 835 1988 904 diﬂ'erentibus.
2020 836 2064 891 Α

471 932 763 1000 cii/ferentia
789 951 907 989 vero
936 936 1001 990 ab
1029 936 1092 989 iis
1118 951 1232 1005 qua:
1259 935 1594 991 communiter
1620 916 1740 986 sunt
1776 932 2065 987 accidentia

462 1020 641 1096 idiﬁ'ert
673 1044 861 1098 genus,
888 1029 1132 1094 quoniam
1166 1029 1264 1083 etsi
1299 1027 1362 1081 de
1386 1026 1621 1098 pluribus
1642 1034 1690 1080 et
1710 1025 2064 1092 differentibus

468 1122 634 1189 specie
655 1122 997 1191 prtedicentur
1022 1121 1327 1190 differentia
1346 1163 1361 1187 ,
1387 1129 1434 1176 et
1462 1121 1798 1174 communiter
1826 1119 2065 1174 acciden-

468 1196 575 1283 tia,
607 1231 708 1268 non
751 1226 918 1269 tamen
959 1215 1014 1268 in
1051 1230 1111 1269 eo
1149 1214 1287 1283 quod
1325 1212 1449 1284 quid
1475 1213 1539 1266 sit
1571 1211 1943 1283 praedicantur,
1974 1212 2067 1266 sed

466 1304 639 1374 potius
674 1305 729 1359 in
768 1322 827 1359 eo
854 1305 992 1374 quod
1019 1305 1167 1375 quale
1193 1312 1297 1369 est,
1327 1315 1375 1358 et
1404 1296 1661 1373 quomodo
1687 1317 1742 1355 se
1768 1301 1939 1355 habet.
1972 1299 2067 1355 In-

468 1396 842 1467 terrogantibus
864 1398 999 1451 enim
1022 1397 1280 1466 aliquibus
1304 1396 1431 1466 quid
1457 1405 1531 1449 est
1560 1394 1693 1448 illud
1719 1396 1782 1448 de
1805 1410 1905 1463 quo
1930 1408 2065 1463 prte-

464 1488 703 1543 dicantur
721 1488 851 1559 hac,
880 1507 1039 1561 genus
1060 1488 1507 1559 respondebimus,
1554 1488 1872 1555 differentias
1892 1498 2063 1559 autem

464 1591 512 1632 et
552 1582 889 1637 communiter
920 1592 967 1637 et
1004 1582 1288 1637 accidentia
1323 1597 1428 1635 non
1456 1579 1895 1655 respondebimus.
1940 1577 2066 1634 Non

464 1674 603 1727 enim
624 1675 678 1728 in
709 1691 767 1729 eo
792 1676 928 1746 quod
955 1676 1081 1747 quid
1111 1685 1183 1730 est
1213 1674 1564 1747 praedicantur
1591 1674 1655 1728 de
1681 1672 1910 1747 subjecto
1928 1715 1945 1739 ,
1973 1673 2065 1727 sed

463 1768 630 1837 magis
656 1769 710 1823 in
732 1785 791 1823 eo
810 1769 947 1840 quod
970 1771 1120 1839 quale
1145 1769 1230 1824 sit.
1258 1767 1710 1841 lnterrogantibus
1732 1768 1871 1822 enim
1891 1765 2065 1836 qualis

3690 338 3761 399 96

2819 476 2830 510 :
2875 472 2995 512 cum
3044 456 3186 513 enim
3215 453 3441 511 dicimus
3486 457 3568 511 hic
3605 457 3759 512 Plato

2167 652 2445 715 tangamus
2473 643 2719 701 dicentes
2739 686 2754 709 ,
2787 644 2873 698 hic
2903 660 3039 699 unus
3070 656 3153 699 est
3181 645 3248 699 de
3281 645 3504 701 Socrate
3525 689 3539 713 ,
3571 657 3758 700 rursus

2165 735 2237 792 de
2261 736 2597 799 Platonebic
2619 753 2755 793 unus
2777 750 2858 794 est
2875 780 2890 803 ,
2917 751 3021 793 non
3045 738 3233 793 eadem
3259 741 3432 793 unitas
3454 738 3505 793 in
3535 738 3759 794 Socrate

2165 836 2445 883 numerata
2476 839 2560 885 est
2595 846 2714 900 qua:
2761 831 2811 884 in
2853 830 3103 896 Platone;
3142 831 3342 902 alioqui
3389 840 3567 899 posset
3608 830 3756 899 Iieri,

2167 932 2227 976 ut
2254 923 2500 978 secundo
2526 932 2669 978 tacto
2699 923 2951 988 Socrate,
2979 923 3130 977 Plato
3161 925 3323 978 etiam
3356 923 3781 981 demonstrare.-.

2167 1024 2275 1087 tur,
2296 1078 2299 1079 ν
2319 1018 2463 1087 quod
2495 1032 2601 1072 non
2633 1018 2693 1073 lit
2725 1035 2739 1070 :
2771 1018 2875 1072 nisi
2904 1018 3048 1072 enim
3082 1018 3327 1087 tetigeris
3355 1016 3631 1072 Socratem
3677 1015 3761 1070 vel

2166 1122 2347 1167 mente
2369 1156 2383 1178 ,
2419 1112 2504 1167 vel
2534 1111 2734 1182 digito,
2767 1112 3000 1181 itemque
3030 1111 3130 1165 nisi
3163 1110 3401 1180 tetigeris
3445 1108 3760 1173 Platonem,

2166 1218 2275 1259 non
2318 1204 2486 1260 facies
2530 1205 2697 1269 duos,
2742 1206 2867 1258 dum
2913 1211 3285 1258 numerantur.
3326 1202 3466 1272 Ergo
3509 1200 3762 1255 differunt

2165 1312 2287 1368 quae
2315 1309 2441 1354 sunt
2468 1314 2697 1355 numero
2722 1297 3024 1354 didere-mia
3054 1315 3069 1353 :
3100 1312 3223 1353 cum
3267 1298 3425 1369 igitur
3452 1297 3664 1366 species
3693 1295 3762 1349 de

2165 1406 2391 1448 numero
2430 1390 2801 1448 diﬂ'ercntibus
2839 1406 2943 1446 non
2982 1392 3051 1446 de
3080 1390 3259 1462 specie
3287 1390 3634 1459 praedicetur,
3668 1402 3762 1457 ge-

2165 1502 2267 1540 nus
2290 1484 2358 1541 de
2386 1486 2631 1556 pluribus
2659 1494 2715 1541 et
2742 1483 3117 1539 diti'erentibus
3142 1484 3325 1552 specie
3348 1482 3571 1545 dicitur,
3602 1491 3659 1533 ut
3687 1480 3759 1534 de

2165 1575 2335 1644 bove,
2366 1577 2433 1632 de
2453 1592 2593 1647 equo
2622 1586 2678 1632 et
2703 1576 2769 1631 de
2791 1575 3002 1631 caeteris
3025 1591 3145 1645 qua:
3171 1589 3201 1627 a
3232 1589 3292 1628 se
3327 1573 3508 1642 specie
3536 1571 3764 1626 invicem

2167 1666 2457 1734 dill'erunt,
2511 1682 2617 1721 non
2669 1682 2892 1722 numero
2947 1666 3087 1722 solo.
3139 1664 3333 1719 Tribus
3388 1664 3532 1718 enim
3587 1661 3765 1716 modis

2168 1760 2587 1831 unumquodque
2617 1759 2703 1815 vel
2724 1758 2941 1815 dill'erre
2964 1758 3033 1815 ab
3053 1760 3235 1829 aliquo
3255 1759 3475 1820 dicitur,
3501 1756 3585 1811 vel
3608 1754 3765 1811 alicui

463 1868 540 1911 est
567 1859 718 1914 homo
738 1902 755 1928 ,
783 1861 1001 1915 dicimus
1028 1861 1330 1928 rationalis,
1361 1871 1410 1915 et
1436 1861 1607 1932 qualis
1632 1871 1706 1915 est
1735 1876 1947 1924 corvus,
1979 1860 2059 1914 di-
2088 1854 2136 1916 B
2166 1853 2307 1910 idem
2336 1870 2489 1923 esse,
2522 1854 2575 1910 id
2599 1863 2683 1911 est
2710 1869 2907 1925 genere
2925 1894 2941 1919 ,
2974 1855 3184 1923 specie,
3217 1867 3466 1907 numero.
3496 1851 3763 1918 Quaecun-

464 1952 629 2005 cimus
659 1953 822 2024 niger.
865 1953 1153 2015 Estrautem
1177 1953 1434 2007 rationale
1472 1950 1799 2019 dilerentia,
1854 1952 2061 2024 nigrum

462 2060 579 2100 vero
616 2048 874 2103 accidens.
908 2108 911 2109 ν
942 2030 1167 2116 ρααηάό
1194 2055 1367 2102 autem
1396 2046 1525 2114 quid
1562 2057 1634 2100 est
1662 2044 1815 2099 homo
1841 2045 2062 2099 interro-

462 2154 664 2209 gantur,
688 2140 883 2195 animal
912 2138 1280 2208 respondemus
1306 2153 1328 2193 :
1356 2146 1428 2193 est
1450 2147 1621 2193 autem
1649 2153 1811 2210 genus
1839 2135 2062 2191 hominis

462 2230 677 2284 animal.
1504 2280 1530 2298 _,

532 2321 685 2378 Nunc
705 2338 875 2393 genus
896 2339 925 2378 a
948 2324 1161 2379 ceteris
1182 2323 1438 2380 omnibus
1470 2338 1591 2395 quas
1618 2322 1859 2394 quolibet
1899 2323 2061 2378 modo

463 2416 822 2484 praedicantur
869 2430 1124 2488 separare
1146 2415 1423 2471 contendit
1445 2416 1547 2471 hoc
1568 2416 1750 2471 modo.
1795 2416 2059 2484 Quoniam

462 2506 607 2560 enim
634 2522 802 2576 genus
829 2506 897 2563 de
926 2506 1173 2577 pluribus
1204 2507 1549 2576 praedicatur,
1578 2508 1757 2563 statim
1784 2506 1967 2562 dill‘ert
1993 2507 2063 2563 ab

464 2595 548 2651 bis
572 2598 791 2668 quidem
814 2613 931 2668 quae
954 2600 1023 2654 de
1050 2612 1155 2653 uno
1177 2606 1384 2654 tantum
1418 2598 1800 2668 praedicantur,
1833 2614 2062 2669 quaeque

463 2703 625 2745 unum
683 2691 962 2760 quodlibet
1021 2690 1221 2746 habent
1272 2691 1606 2747 individuum
1667 2706 1733 2747 ac
1788 2692 2063 2762 singulare

461 2772 757 2851 subjectum
805 2798 820 2836 :
867 2783 962 2838 sed
1004 2783 1120 2838 haec
1159 2782 1464 2839 differentia
1489 2786 1705 2854 generis
1730 2784 1799 2839 ab
1828 2784 1915 2839 his
1943 2801 2063 2848 quae

462 2864 529 2928 de
571 2888 677 2928 uno
715 2874 833 2929 solo
872 2874 1233 2945 praedicantur
1272 2876 1577 2931 communis
1612 2884 1695 2931 est
1723 2877 1771 2932 ei
1802 2891 1927 2931 cum
1958 2892 2087 2941 cte-~

462 2962 625 3031 teris,
662 2968 711 3021 id
741 2979 825 3022 est
865 2969 1081 3039 specie,
1111 2969 1447 3036 dill'erentia,
1479 2971 1697 3041 proprio
1733 2981 1895 3041 atque
1923 2972 2065 3026 acci-

462 3058 653 3123 denti,
708 3058 909 3115 idcirco
960 3062 1213 3130 quoniam
1266 3062 1649 3139 ipsaequoque
1703 3064 2064 3133 de-pluribus

464 3151 847 3219 praedicantur.
882 3152 1081 3207 Horum
1110 3153 1271 3222 igitur
1299 3152 1636 3225 singulorum
1667 3154 2003 3211 differentias
2031 3172 2061 3210 a

2166 1959 2273 2015 que
2303 1946 2483 2019 igitur.
2503 1961 2703 2016 genere
2731 1946 2922 2001 eadem
2949 1956 3104 2012 sunt,
3141 1960 3245 2000 non
3276 1958 3501 2000 necesse
3527 1954 3610 1998 est
3647 1957 3765 2004 esse

2166 2037 2357 2093 eadem
2406 2039 2625 2109 specie,
2675 2049 2732 2094 ut
2782 2039 2827 2094 si
2882 2037 3071 2094 eadem
3118 2039 3229 2095 sint
3275 2053 3479 2109 genere
3516 2037 3766 2093 differant

2165 2134 2381 2202 specie;
2430 2134 2475 2186 si
2522 2148 2651 2188 vero
2690 2131 2879 2188 eadem
2922 2141 3048 2187 sunt
3070 2132 3273 2202 specie,
3317 2146 3518 2203 genere
3551 2146 3766 2203 quoque

2066 2276 2073 2283 .
2166 2225 2359 2282 eadem
2390 2217 2515 2282 esse
2540 2241 2765 2284 necesse
2791 2235 2876 2283 est
2905 2244 2920 2282 :
2951 2236 3010 2281 ut
3035 2241 3159 2282 cum
3188 2226 3351 2281 homo
3398 2235 3561 2296 atque
3598 2240 3766 2295 equus

2167 2319 2310 2374 idem
2340 2328 2466 2373 sunt
2492 2334 2691 2390 genere
2720 2319 3152 2391 (uterqueenim
3179 2320 3377 2375 animal
3407 2321 3766 2389 nuncupatur)

2166 2411 2422 2469 diﬂ‘crttnt
2450 2414 2628 2485 specie
2648 2454 2663 2479 ,
2695 2413 2951 2485 quoniam
2982 2415 3086 2469 alia
3117 2424 3203 2470 est
3239 2413 3493 2469 hominist
3524 2413 3760 2483 species,

2169 2505 2268 2558 alia
2313 2504 2459 2574 equi.
2503 2505 2757 2561 Socrates
2795 2520 2926 2561 vero
2966 2514 3127 2576 atqtte
3159 2506 3310 2561 Plato
3336 2520 3458 2560 cum
3491 2504 3633 2560 idem
3662 2504 3766 2560 sint

2170 2596 2383 2665 specie,
2414 2595 2557 2652 idem
2589 2612 2805 2666 quoque
2829 2605 2955 2652 sunt
2979 2611 3211 2669 genere,
3235 2606 3463 2668 uterque
3493 2597 3638 2653 enim
3667 2599 3768 2654 sub

2171 2687 2416 2744 animalis
2445 2688 2830 2759 praedicatione
2862 2690 3079 2759 ponitur
3112 2708 3125 2744 :
3159 2690 3205 2744 si
3235 2691 3364 2760 quid
3394 2706 3523 2746 vero
3557 2690 3639 2745 vel
3671 2704 3766 2760 ge-

2171 2795 2300 2837 nere
2328 2781 2412 2836 vel
2441 2781 2804 2859 specieidem
2832 2782 2933 2848 sit,
2966 2798 3077 2838 non
3108 2798 3330 2840 necesse
3358 2791 3443 2839 est
3472 2782 3612 2839 idem
3645 2796 3768 2838 esse

2172 2887 2427 2938 numero,
2459 2882 2519 2928 ut
2561 2872 2815 2929 Socrates
2842 2884 2900 2930 et
2928 2873 3119 2943 Plato,
3149 2890 3273 2932 cum
3314 2885 3369 2931 et
3411 2890 3609 2944 genere
3654 2876 3768 2929 ani--

2172 2965 2327 3019 malis
2357 2972 2413 3019 et
2451 2965 2633 3035 specie
2674 2964 2909 3021 hominis
2953 2964 3102 3022 idem
3132 2965 3273 3035 sint,
3320 2982 3547 3023 numero
3590 2976 3765 3022 tamen

2171 3058 2520 3127 reperiuntur
2546 3071 2670 3113 esse
2696 3057 2972 3129 disiuncti.
3001 3058 3156 3127 Quod
3186 3060 3231 3114 si
3259 3059 3400 3115 idem
3426 3059 3497 3114 sit
3516 3074 3791 3123 numero,»

2128 3166 2137 3177 π
2171 3145 2315 3201 idem
2346 3155 2400 3201 et
2428 3160 2627 3216 genere
2658 3156 2713 3202 ει
2755 3147 2935 3216 specie
2975 3163 3097 3204 esse
3136 3164 3359 3205 necesse
3386 3157 3490 3204 est.
3547 3147 3769 3203 Gladius

463 3255 660 3311 genere
690 3242 923 3313 colligit,
957 3251 1017 3297 ut
1045 3243 1219 3299 solum
1263 3244 1669 3316 intelligendum
1704 3260 1875 3317 genus
1903 3248 2062 3316 quale
2089 3244 2136 3309 C
2171 3230 2313 3295 cnim
2341 3249 2502 3309 atque
2529 3240 2675 3319 ensis
2700 3241 2839 3297 idem
2865 3245 2990 3298 Sunt
3021 3258 3267 3311 numero,
3313 3244 3445 3298 nihil
3473 3244 3616 3298 enim
3645 3258 3767 3298 om-
3792 3294 3797 3303 .

463 3334 537 3399 sit
564 3334 666 3391 sub
696 3336 862 3390 animi
902 3336 1136 3391 deducat
1162 3346 1440 3406 aspectum
1470 3340 1659 3393 dicens
1692 3356 1707 3392 :
1739 3339 1823 3394 Ab
1856 3337 1939 3393 his
1969 3355 2063 3393 au—
2090 3394 2091 3397 η

463 3437 569 3482 tem
596 3442 716 3498 qua:
747 3426 813 3482 de
859 3426 1101 3496 pluribus
1145 3427 1508 3497 praedicantur
1550 3428 1733 3485 (ἥσει-ι
1772 3444 1944 3499 genus
1987 3447 1999 3482 :
2033 3445 2093 3484 a.

462 3522 741 3589 speciebus
771 3520 990 3591 quidem
1024 3521 1286 3589 primum,
1316 3523 1570 3592 quoniam
1611 3521 1821 3592 species
1855 3522 1960 3577 etsi
1998 3521 2097 3589 de,

462 3613 700 3683 pluribus
745 3614 1129 3684 praedicantur,
1182 3631 1288 3670 non
1338 3626 1517 3671 tamen
1564 3614 1632 3670 de
1676 3615 2097 3681 dillerentibus

460 3707 675 3776 specie,
706 3705 801 3762 sed
844 3722 1090 3762 numero.
1136 3708 1356 3778 Species
1399 3710 1546 3763 enim
1574 3708 1676 3763 sub
1701 3724 1762 3764 se
1804 3707 2065 3778 plurimas
2094 3764 2097 3769 ,

462 3799 667 3869 species
708 3799 905 3854 habere
947 3814 1051 3854 non
1092 3803 1321 3867 poterit,
1368 3802 1566 3871 alioqui
1598 3816 1765 3871 genus
1803 3817 1911 3855 non
1941 3816 2103 3870 spe-,

450 3891 570 3943 cies
594 3889 981 3960 appellaretur.
1012 3890 1069 3946 Si
1092 3890 1235 3946 enim
1258 3907 1428 3961 genus
1450 3903 1532 3950 est
1552 3893 1697 3963 quod
1722 3895 1785 3947 de
1815 3895 2065 3963 pluribus

465 3983 648 4052 specie
680 3984 1053 4039 dill‘erentibus
1088 3985 1142 4040 in
1194 4000 1259 4040 eo
1289 3986 1432 4055 quod
1464 3987 1589 4056 quid
1620 3987 1689 4041 sit
1718 3987 2061 4057 praedicatur,
2096 4036 2103 4045 .

463 4092 580 4131 cum
611 4078 819 4146 species
854 4078 921 4133 de
966 4063 1210 4148 pluribus
1232 4079 1597 4155 praedicatur,
1630 4090 1683 4135 et
1730 4083 1784 4134 in
1829 4096 1895 4135 eo
1920 4080 2063 4150 quod

464 4169 587 4238 quid
619 4170 725 4233 sit,
766 4169 891 4224 huic
917 4170 962 4225 si
1002 4170 1229 4225 addatur
1269 4181 1343 4235 ut.
1367 4172 1435 4227 de
1476 4172 1657 4247 specie
1689 4171 2065 4228 dili‘erentibus

464 4264 805 4333 praedicetur,
834 4266 1034 4336 speciei
1067 4263 1239 4321 forma
1273 4269 1463 4322 transit
1505 4268 1561 4322 in
1587 4282 1792 4338 genus,
1826 4268 1878 4320 id
1918 4264 2063 4336 quod
2096 4308 2102 4331 λ

464 4362 709 4428 exemplo
758 4369 971 4433 quoque
1011 4360 1237 4430 intelligi
1268 4360 1347 4415 las
1372 4396 1377 4397 κ
1400 4370 1503 4416 sst.
1534 4360 1719 4435 .Homo
1748 4360 1893 4415 enim
1937 4374 2062 4415 cum
2097 4398 2104 4409 .

464 4449 534 4502 sit
564 4450 772 4518 Species
792 4491 807 4517 ,
838 4450 1163 4519 praedicatur
1194 4452 1260 4507 de
1323 4451 1545 4523 Sperate
1565 4494 1581 4518 ,
1616 4452 1838 4506 Platone
1877 4463 1932 4507 et
1960 4467 2065 4506 ca:-

465 4541 589 4595 teris
620 4556 737 4611 qua:
769 4558 797 4596 a
824 4557 884 4598 se
912 4557 1018 4597 non
1046 4545 1226 4614 specie
1255 4544 1522 4616 disjuncta
1545 4553 1704 4612 sunt,
1732 4544 1871 4598 sicut
1898 4545 2061 4598 homo

2168 3334 2296 3389 nino
2343 3333 2491 3389 aliud
2530 3342 2614 3391 est
2652 3335 2799 3390 ensis
2845 3351 3004 3407 quam
3043 3335 3280 3406 gladius;
3318 3336 3413 3392 sed
3457 3351 3555 3406 nec
3586 3337 3769 3406 specie

2170 3426 2364 3501 diversi
2388 3435 2547 3492 sunt,
2569 3435 2858 3497 utrumque
2882 3431 3026 3483 enini
3047 3426 3257 3499 gladius
3277 3437 3387 3491 est;
3415 3444 3513 3484 nec
3533 3443 3759 3499 genere,

2168 3527 2458 3586 utrimque
2502 3518 2649 3572 enim
2692 3519 3109 3575 instrumentum
3156 3530 3272 3587 εει,
3304 3519 3448 3590 quod
3491 3535 3578 3575 εει
3605 3518 3769 3590 gladii

2167 3623 2354 3678 genus.
2404 3609 2670 3678 Quoniam
2702 3610 2867 3681 igitur
2906 3612 3099 3675 homo,
3136 3612 3233 3667 bos
3271 3622 3433 3682 atque
3459 3627 3659 3683 equus,
3697 3610 3767 3667 de

2165 3707 2360 3776 quibus
2388 3707 2585 3763 animal
2615 3709 2960 3778 pmdicatur,
2994 3709 3178 3775 specie
3203 3707 3493 3776 dill'erunt,
3536 3723 3761 3763 numero

2165 3806 2325 3858 etiam
2356 3819 2451 3859 eos
2480 3803 2703 3860 differre
2732 3819 2958 3860 necesse
2989 3812 3075 3859 est
3105 3820 3121 3859 :
3162 3803 3363 3859 idcirco
3391 3804 3492 3860 huc
3524 3804 3642 3874 plus
3677 3804 3770 3859 lia-

2167 3895 2260 3950 bet
2283 3910 2453 3965 genus
2476 3912 2508 3950 a
2533 3897 2716 3966 specie
2733 3938 2749 3964 ,
2777 3896 2918 3965 quod
2940 3895 3010 3951 de
3030 3895 3405 3953 dill‘erentibus
3427 3897 3604 3965 specie
3635 3911 3770 3965 prte-

2166 3986 2423 4041 dicatur..
2449 3987 2581 4042 Nam
2614 3988 2952 4057 silintegram
2992 3988 3209 4058 generis
3242 3987 3618 4044 dilllnitionem
3669 3988 3764 4043 de-

2167 4096 2307 4147 mus,
2331 4070 2579 4135 dabimus
2603 4080 2705 4135 hoc
2727 4079 2888 4134 modo
2915 4097 2927 4131 :
2970 4094 3142 4149 genus
3164 4090 3248 4135 est
3269 4079 3411 4151 quod
3434 4080 3502 4134 de
3531 4079 3772 4147 pluribus

2167 4171 2540 4227 dill'erentibus
2562 4172 2775 4242 specie,
2805 4187 2913 4227 non
2938 4174 3054 4227 solo
3080 4187 3307 4228 numero
3332 4213 3349 4237 ,
3377 4184 3429 4228 et
3459 4173 3513 4227 in
3537 4187 3605 4227 eo
3627 4168 3772 4242 quod

2167 4267 2295 4336 quid
2328 4267 2399 4321 sit
2431 4266 2774 4331 praedicatur.
2804 4267 2877 4322 At
2906 4281 3037 4321 vero
3065 4267 3143 4322 sic
3170 4267 3379 4337 species
3407 4284 3419 4320 :
3454 4268 3664 4336 species
3688 4276 3774 4324 est
3800 4312 3805 4317 .

2167 4361 2308 4430 quod
2354 4361 2530 4415 solum
2571 4360 2639 4416 de
2687 4360 2931 4431 pluribus
2962 4376 3190 4416 numero
3219 4359 3591 4417 dili‘erentibus
3620 4360 3677 4415 in
3706 4375 3774 4415 eo

2167 4454 2310 4523 quod
2342 4453 2467 4522 quid
2501 4454 2570 4507 sit
2610 4454 2953 4523 prmdicatur.
2987 4456 3027 4507 Α
3062 4455 3280 4524 proprio
3304 4469 3435 4509 vero
3472 4453 3649 4508 (ἥσει-ι
3682 4468 3774 4523 εε-

2136 4552 2272 4600 ‘nus
2301 4548 2554 4615 quoniam
2584 4547 2857 4615 prOprium
2888 4546 2954 4600 de
2983 4561 3086 4601 una
3114 4547 3229 4601 sola
3274 4546 3455 4616 specie
3496 4545 3650 4616 cujus
3678 4554 3773 4601 est
3810 4608 3813 4615 η

465 4624 622 4701 atque
648 4648 818 4704 equus
850 4634 933 4689 vel
962 4634 1057 4690 bos
1077 4676 1091 4699 .
1120 4635 1215 4691 sed
1250 4651 1473 4691 numero
1494 4677 1510 4703 ,
1542 4636 1683 4707 quod
1712 4636 1929 4706 quidem
1965 4636 2061 4690 ha-
2085 4624 2140 4687 D
2168 4639 2448 4709 proprium
2480 4637 2829 4706 prtedicatur,
2863 4648 2918 4692 ει
2948 4641 3015 4693 de
3048 4638 3132 4693 his
3164 4653 3283 4708 quae
3312 4638 3411 4692 sub
3452 4652 3557 4691 una
3587 4639 3774 4707 specie

465 4724 552 4778 bet
576 4708 973 4781 dubitationem
1005 4726 1131 4797 quid
1163 4728 1233 4782 sit
1264 4729 1364 4782 hoc
1410 4728 1553 4799 quod
1596 4743 1823 4783 numero
1863 4728 2063 4782 dicitur
2106 4774 2111 4797 τ

465 4812 702 4874 differre.
734 4820 966 4875 Numero
990 4821 1136 4876 enim
1163 4820 1383 4877 dill‘erre
1406 4821 1613 4891 aliquid
1638 4822 1906 4877 videbitur
1927 4837 2063 4892 quo-
2103 4853 2111 4861 -

467 4911 566 4965 ties
598 4927 855 4985 numerus
895 4926 925 4966 a
963 4928 1188 4969 numero
1226 4913 1438 4983 differt,
1498 4924 1555 4968 ut
1599 4930 1731 4984 grex
1765 4915 1928 4971 boum
1969 4915 2062 4985 qui
2106 4906 2120 4921 ’

467 5003 693 5059 fortasse
713 5006 951 5061 continet
973 5008 1187 5078 triginta
1232 5010 1396 5064 boves
1419 5008 1598 5063 dill‘ert
1624 5023 1849 5064 numero
1873 5009 2061 5064 abalio

467 5095 629 5150 boum
657 5112 819 5167 grege
840 5138 857 5165 ,
889 5099 934 5153 si
963 5108 1180 5154 centum
1216 5101 1459 5154 continet
1490 5100 1634 5175 inzse
1666 5101 1831 5154 boves
1864 5118 1878 5151 :
1911 5098 1964 5153 in
1994 5115 2061 5154 eo

465 5190 609 5245 enim
636 5193 777 5261 quod
809 5207 941 5262 grex
984 5206 1099 5263 est,
1133 5211 1237 5249 non
1266 5194 1449 5249 dillert
1471 5234 1488 5261 ,
1520 5210 1692 5267 neque
1724 5194 1786 5268 in,
1808 5209 1874 5248 eo
1913 5192 2059 5263 quod
2112 5246 2118 5253 ,

467 5283 632 5341 boves
654 5326 670 5351 ,
702 5301 804 5342 nec
832 5288 937 5341 nisi
978 5303 1203 5342 numero
1240 5287 1455 5357 quidem
1491 5287 1779 5352 dill’erunt,
1812 5285 1954 5355 quod
1985 5284 2062 5339 illi
2108 5328 2109 5335 η

469 5378 684 5447 plures,
718 5381 793 5434 illi
821 5370 949 5436 vero
976 5390 1101 5435 sunt
1130 5383 1430 5451 pauciores.
1455 5379 1735 5451 Quomodo
1764 5379 1927 5449 igitur
1957 5378 2064 5433 Su—

469 5474 645 5528 crates
687 5483 741 5529 et
783 5473 935 5529 Plato
974 5473 1155 5544 specie
1195 5489 1298 5528 non
1340 5472 1625 5538 diderunt,
1659 5470 1752 5527 sed
1805 5487 2061 5539 numero,

471 5580 591 5621 cum
635 5578 689 5620 et
718 5554 1149 5623 Socrates‘unus
1178 5569 1281 5634 sit,
1318 5577 1372 5622 et
1402 5566 1557 5621 Plato
1586 5581 1756 5629 unus,
1799 5574 1853 5619 et
1894 5566 2069 5618 unitas

475 5675 697 5716 numero
725 5662 793 5717 ab
833 5646 1048 5737 unitate'
1081 5678 1186 5719 non
1222 5660 1467 5717 dill‘erat?
1501 5659 1597 5713 sed
1649 5659 1735 5727 ita.
1768 5657 2070 5726 intelligen-

442 5753 600 5807 'dt'nn
633 5763 715 5809 est
753 5755 895 5825 quod
938 5756 1140 5812 dictum
1171 5765 1286 5823 est,
1321 5768 1545 5809 numero
1572 5749 1982 5829 differentibus,
2019 5745 2071 5801 id

472 5857 557 5906 est
585 5847 640 5906 in
665 5850 997 5910 numerando
1032 5850 1436 5918 dill‘erentibus,
1473 5834 1575 5907 hoc
1613 5854 1696 5906 est
1724 5845 1851 5904 dum
1879 5857 2072 5903 nume-

2168 4739 2297 4785 sunt
2327 4730 2615 4784 individuis
2656 4752 2670 4785 :
2704 4730 2981 4799 preprium
3013 4730 3155 4785 enim
3188 4728 3405 4799 semper
3444 4729 3643 4798 speciei
3677 4731 3771 4783 uni
3812 4772 3815 4781 ί

2169 4826 2359 4880 adesse
2397 4834 2613 4896 potest,
2656 4839 2830 4892 neque
2861 4839 2980 4879 eam
3010 4824 3302 4893 relinquit,
3334 4830 3433 4877 nec
3473 4822 3679 4883 transit,
3707 4821 3773 4876 ad

2169 4917 2366 4979 aliam,
2398 4926 2560 4987 atque
2603 4917 2810 4974 idcirco
2850 4918 3127 4988 proprium
3172 4927 3538 4987 nuncupatum
3570 4925 3681 4979 est,
3719 4927 3773 4973 ut
3810 4940 3823 4975 :

2112 5080 2117 5085 ι
2166 5008 2374 5065 risibile
2402 5007 2638 5064 hominis
2664 5019 2778 5075 est;
2822 5010 3003 5080 itaque
3038 5006 3187 5064 etde
3216 5024 3283 5063 ea
3307 5009 3487 5080 specie
3509 5006 3665 5079 cujus
3692 5017 3773 5064 est

2180 5089 2450 5159 proprium
2486 5091 2822 5155 praedicatur.
2858 5106 2913 5145 et
2943 5093 3009 5144 de
3060 5093 3141 5145 Itis
3202 5093 3482 5146 indmduis
3524 5113 3639 5163 qua:
3666 5098 3769 5148 sub

2179 5174 2268 5230 illa
2299 5188 2422 5231 sunt
2450 5180 2651 5247 specie,
2689 5180 2998 5257 uthrisibile
3016 5183 3081 5236 de
3122 5184 3335 5238 lmmine
3372 5185 3585 5251 dicitur,
3619 5197 3672 5241 et
3700 5189 3769 5243 dc

2179 5268 2422 5346 socrate,
2450 5283 2500 5325 et
2533 5272 2600 5326 de
2632 5256 2876 5338 Platone,
2907 5287 2959 5329 et
3002 5256 3211 5332 Caeleris
3265 5280 3331 5333 de
3385 5281 3486 5334 sub
3537 5282 3768 5336 hominis
3822 5336 3825 5343 ,

2179 5365 2396 5418 nomine
2418 5367 2764 5421 continentur
2794 5386 2806 5420 :
2837 5385 3007 5438 genus
3036 5388 3162 5426 vero
3188 5388 3290 5427 non
3319 5374 3385 5428 de
3416 5390 3516 5429 una
3559 5384 3763 5429 tantum
3824 5438 3825 5441 η

2177 5460 2380 5526 specie,
2412 5464 2687 5517 utdictum
2716 5474 2820 5532 est,
2854 5468 2946 5520 sed
2994 5468 3362 5540 depluribus.
3424 5472 3611 5535 Differt
3666 5475 3762 5543 igi-
3822 5516 3829 5535 ς

2176 5560 2263 5637 tur
2288 5567 2456 5622 genus
2481 5569 2511 5609 a
2542 5557 2778 5627 proprio,
2800 5573 2865 5613 eo
2896 5564 3035 5629 quod
3078 5564 3145 5617 de
3188 5564 3429 5632 pluribus
3480 5566 3762 5634 speciebus

2176 5643 2516 5711 pra-dicetur.
2544 5663 2664 5702 cum
2703 5652 2975 5719 proprium
3009 5655 3074 5708 de
3097 5670 3199 5709 una
3241 5666 3443 5710 tantum
3482 5659 3661 5724 Specie
3695 5659 3763 5711 de
3812 5646 3815 5647 ⁷

2172 5753 2274 5831 qua
2301 5738 2496 5831 dicitur
2521 5742 2843 5813 appellatur,
2884 5749 3025 5803 etde
3054 5749 3118 5803 iis
3172 5767 3291 5821 qua:
3337 5754 3447 5819 sub
3497 5755 3601 5807 illa.
3636 5764 3763 5808 sunt
3810 5784 3823 5831 ,ν
3894 5810 3905 5825 ,

2173 5826 2484 5907 individuis,
2513 5833 2849 5911 .ditl‘erentite
2897 5850 3056 5916 atque
3103 5844 3393 5906 accidentis
3448 5845 3759 5922 discrepan-
