4106 6336
359 386 427 445 37
1302 376 1368 433 IN
1407 375 1855 436 PORPHYRIUM
1893 373 2544 434 COMMENTARIORUM
2586 373 2714 431 LIB.
2757 375 2846 432 ιιι.
3583 374 3650 431 98

356 502 434 559 tie
476 515 508 556 a
553 511 753 572 genere
793 511 897 552 una
940 492 1282 566 separatione
1322 493 1681 550 concluditur.
1714 491 1946 548 Omnino
1972 490 2247 557 Asitnilia
2275 505 2381 547 non
2413 493 2684 562 convenit,
2717 501 2776 547 ut
2807 493 3060 550 Socrates
3087 509 3100 546 :
3135 509 3262 551 nam
3288 508 3411 552 cum
3442 493 3518 548 illi
3538 496 3648 550 sint

355 595 502 653 enim
546 593 672 664 quia
718 592 832 647 hac
875 591 929 646 in
969 603 1036 645 eo
1079 585 1222 659 quod
1268 586 1398 658 quid
1442 587 1513 642 sit
1554 585 1778 642 minime
1821 585 1959 654 pra:-

355 687 624 752 dicantur,
665 699 730 738 eo
782 683 895 752 ipso
943 689 1295 752 segregantur
1341 694 1374 734 a
1419 693 1621 750 genere
1672 697 1688 734 :
1735 694 1860 734 nam
1901 677 1972 733 in.

357 777 572 835 caeteris
600 777 896 846 propinqua
928 783 1054 828 sunt
1083 770 1292 842 generi,
1337 786 1462 826 nam
1512 779 1568 827 et
1612 771 1682 826 de
1716 771 1960 840 pluribus

361 869 738 941 pradicantur,
782 876 838 922 et
861 866 930 922 de
959 865 1141 934 specie
1171 863 1577 931 differentibus,
1605 863 1703 920 sed
1747 879 1854 920 non
1900 863 1956 918 in

363 976 430 1016 eo
468 959 608 1016 uuod
635 958 762 1029 quid
793 957 884 1012 sit.
917 957 973 1012 Si
1007 958 1126 1026 quis
1167 957 1310 1012 enim
1355 957 1649 1028 interroget
1677 956 1850 1028 qualis
1876 964 1962 1013 est

363 1054 551 1115 homo,
584 1050 944 1120 respondetur
975 1049 1284 1115 rationalis,
1316 1048 1462 1120 quod
1505 1059 1592 1105 est
1630 1049 1979 1106 differentia.-

362 1145 414 1200 Si
451 1145 563 1212 quis
595 1144 890 1214 interroget
915 1143 1092 1213 qualis
1138 1153 1221 1198 est
1271 1158 1497 1209 corvus,
1538 1141 1739 1198 dicitur
1784 1142 1980 1214 niger,-

360 1241 503 1308 quod
533 1249 609 1294 est
633 1237 904 1292 accidens.
950 1235 1008 1292 Si
1039 1245 1216 1292 autem
1252 1238 1555 1306 interroges
1582 1236 1710 1307 quid
1738 1245 1821 1292 est
1862 1238 1959 1290 ho-

360 1348 488 1399 mo,
538 1332 735 1388 animal
781 1331 1219 1402 respondebitur,
1267 1332 1408 1400 quod
1458 1342 1543 1388 est
1581 1347 1772 1402 genus.
1805 1333 1958 1399 Quod

361 1438 492 1480 vero
519 1424 627 1492 ait,
657 1440 766 1480 non
799 1425 852 1479 in
877 1438 945 1480 eo
970 1424 1110 1494 quod
1132 1424 1259 1494 quid
1287 1424 1358 1480 sit
1382 1424 1661 1495 przedicari
1694 1425 1956 1491 dicimus,

363 1519 459 1574 sed
485 1519 652 1590 magis
683 1517 738 1572 in
767 1533 834 1574 eo
860 1517 999 1588 quod
1027 1519 1183 1588 quale
1210 1519 1313 1583 sit,
1347 1521 1451 1574 hoc
1481 1520 1651 1590 magis
1677 1521 1958 1590 quaestioni

367 1613 602 1664 occurrit
641 1609 966 1681 liujusmudi.
999 1610 1318 1666 Aristoteles
1357 1610 1500 1666 enim
1543 1611 1878 1667 differentias
1905 1614 1988 1667 in:

368 1702 669 1756 substantia
697 1711 844 1772 putat
873 1714 1124 1772 Oportere
1153 1702 1466 1772 praedicari,
1497 1703 1642 1775 quod
1683 1714 1861 1759 autem
1907 1707 1958 1759 in

367 1792 667 1848 substantia
695 1791 1032 1862 praedicatur,
1065 1793 1166 1849 hoc
1195 1810 1308 1850 rem
1349 1794 1419 1852 de
1461 1811 1566 1867 qua
1609 1796 1955 1867 praedicatur,

2060 586 2244 643 caeteri
2289 587 2535 642 homines
2574 586 2809 655 similes,
2840 603 2946 643 non
2981 589 3231 644 convenit
3263 588 3561 658 proprietas
3596 592 3656 640 et

2063 677 2375 747 praedicatio
2413 675 2651 734 Socratis
2681 677 2733 732 in
2780 679 3025 743 caeteris;
3055 694 3184 750 ergo
3219 680 3288 734 ab
3329 680 3397 733 iis
3426 693 3544 749 quae
3586 677 3657 732 de

2065 785 2172 825 uno
2221 777 2428 825 tantum
2479 768 2838 838 praedicantur
2882 787 3051 841 genus
3093 771 3292 837 differt,
3322 785 3392 827 eo
3419 769 3559 840 quod
3589 768 3658 827 de

2065 863 2309 936 pluribus
2336 863 2679 934 praedicetur.
2714 867 3119 935 Restantigitur
3148 874 3401 936 quatuor,
3424 865 3658 934 species,

2064 967 2120 1014 et
2160 958 2459 1029 proprium,
2505 967 2563 1012 et
2601 957 2929 1024 differentia,
2961 966 3017 1013 et
3041 959 3317 1022 accidens,
3359 970 3589 1028 quorum
3625 973 3658 1010 a

2063 1067 2265 1123 genere
2301 1050 2635 1108 differentias
2664 1052 3004 1122 colligamus.
3047 1051 3286 1122 Singulis
3317 1051 3480 1121 igitur
3503 1049 3660 1106 diffe-

2064 1146 2255 1202 rentiis
2286 1131 2355 1199 ab
2384 1144 2469 1200 bis
2507 1145 2671 1201 rebus
2693 1144 3062 1215 segregabitur
3085 1161 3257 1214 genus
3285 1161 3302 1202 :
3345 1159 3408 1200 ea
3445 1144 3662 1214 quidem

2064 1238 2366 1294 differentia
2395 1253 2499 1310 qua
2524 1239 2594 1295 de
2631 1241 2818 1309 specie
2855 1238 3232 1306 differentibus
3260 1238 3542 1310 praedicari
3568 1253 3660 1308 ge-

2066 1345 2167 1385 nus
2197 1330 2418 1396 dicitur,
2456 1330 2833 1399 separatureab
2856 1330 2940 1384 bis
2969 1346 3091 1400 qua:
3115 1331 3254 1384 sicut
3283 1331 3496 1399 species
3527 1344 3664 1398 pra:-

2065 1421 2346 1490 dicantur,
2401 1422 2486 1477 vel
2535 1423 2677 1477 sicut
2721 1423 2970 1492 propria;
3016 1423 3222 1492 species
3257 1422 3400 1477 enim
3438 1420 3664 1477 omnino

2064 1514 2132 1568 de
2160 1514 2305 1568 nulla
2348 1514 2450 1568 alia
2496 1515 2677 1584 specie
2715 1515 2959 1579 dicetur,
3001 1515 3275 1584 proprium
3305 1530 3434 1572 vero
3463 1515 3534 1572 de
3561 1531 3665 1571 una

2065 1616 2272 1662 tantum
2299 1608 2480 1676 specie
2509 1608 2858 1678 praedicatur,
2908 1619 3068 1673 atque
3097 1607 3219 1664 ideo
3251 1619 3358 1663 non
3387 1607 3456 1664 de
3480 1608 3666 1674 specie

2065 1699 2456 1755 differentibus.
2501 1700 2634 1755 Item
2678 1715 2848 1770 genus
2876 1716 2920 1758 ,a
2961 1699 3267 1756 differentia
3305 1711 3361 1756 et
3403 1699 3666 1756 accidenti

2067 1794 2266 1861 differt,
2298 1792 2441 1863 quod
2469 1792 2520 1848 in
2549 1808 2616 1847 eo
2640 1793 2784 1864 quod
2808 1793 2937 1863 quid
2961 1793 3029 1847 sit
3051 1793 3396 1862 prmdicatbr,
3422 1793 3509 1848 illa
3539 1809 3667 1850 vero

366 1901 474 1939 non
506 1885 662 1956 quale
690 1885 794 1954 sit,
823 1885 918 1942 sed
945 1887 1071 1957 quid
1101 1889 1171 1942 sit
1199 1888 1463 1956 ostendit;
1507 1889 1651 1946 unde
1680 1906 1786 1947 non
1816 1890 1967 1946 vide-
1998 1889 2046 1951 Β
2075 1889 2127 1943 iu
2151 1903 2217 1942 eo
2241 1885 2384 1958 quod
2407 1886 2566 1956 quale
2591 1887 2662 1941 sit
2683 1887 3020 1957 appellantur
3043 1896 3097 1942 ut
3123 1887 3323 1942 dictum
3345 1896 3459 1953 est;
3486 1887 3668 1957 itaque

363 1987 452 2030 tur
497 1975 797 2032 differentia
830 1977 882 2032 in
926 1993 990 2033 eo
1020 1979 1163 2048 quod
1202 1981 1361 2050 quale
1399 1981 1468 2035 sit
1510 1982 1822 2050 praedicari,
1867 1985 1962 2040 sed

366 2066 542 2134 potius
573 2068 624 2121 in
653 2083 718 2122 eo
744 2067 888 2138 quod
919 2068 1046 2139 quid
1077 2070 1182 2135 sit,
1214 2071 1309 2126 sed
1341 2071 1568 2127 solvitur
1609 2074 1711 2129 hoc
1754 2076 1916 2130 modo
1950 2095 1964 2130 :

365 2160 663 2215 differentia
698 2161 842 2216 enim
885 2161 959 2216 ita
1002 2162 1355 2218 substantiam
1387 2163 1766 2223 demonstrare
1797 2168 1965 2236 solet,

364 2263 423 2306 ut
465 2253 608 2306 circa
657 2251 1014 2306 substantiam
1058 2255 1372 2323 qualitatem
1413 2256 1770 2324 determinet,
1803 2258 1854 2312 id
1887 2269 1970 2314 est

365 2346 770 2402 subsantialem
793 2347 1102 2415 qualitatem
1133 2347 1389 2418 proferat.
1433 2350 1584 2419 Quod
1611 2367 1740 2422 ergo
1763 2352 1966 2408 dictum

367 2447 450 2492 est
477 2437 644 2508 magis
667 2479 682 2502 ,
717 2439 821 2494 tale
849 2448 934 2494 est
962 2450 1213 2508 tanquam
1244 2442 1289 2496 si
1329 2441 1564 2510 diceret,
1599 2443 1810 2499 videtur
1846 2447 1969 2515 qui-

370 2532 492 2586 dem
533 2531 880 2586 substantiam
910 2533 1242 2602 significare,
1270 2543 1430 2606 atque
1459 2537 1514 2589 in
1544 2550 1610 2591 eo
1656 2537 1797 2607 quod
1841 2539 1970 2608 quid

374 2626 446 2677 sit
475 2623 779 2692 praedicari;
803 2626 893 2681 sed
917 2627 1088 2697 magis
1110 2626 1237 2682 illud
1259 2636 1344 2684 est
1368 2628 1571 2696 verius,
1609 2631 1736 2699 quia
1759 2630 1984 2687 tametsi

374 2718 721 2775 substantiam
765 2728 1061 2788 monstret,
1107 2729 1286 2776 tamen
1326 2720 1381 2777 in
1426 2736 1491 2778 eo
1531 2722 1673 2792 quod
1716 2724 1872 2794 quale
1902 2724 1972 2780 sit

370 2811 713 2881 przmlicatur.
1605 2812 1612 2820 ’

443 2903 613 2969 Quare
640 2920 796 2974 genus
823 2905 887 2958 de
917 2904 1152 2973 pluribus
1173 2905 1449 2976 praedicari
1478 2907 1664 2960 diuidit
1711 2907 1882 2977 ipsum
1907 2907 1970 2962 ab

369 2997 431 3050 iis
460 3012 571 3064 quae
595 2996 658 3048 de
687 3013 790 3050 uno
810 2995 921 3051 solo
951 2996 1216 3060 dicuntur,
1244 2998 1374 3050 sicut
1400 2997 1710 3064 individua;
1733 3001 1796 3052 de
1819 2998 1972 3067 diffe-

370 3090 594 3143 rentibus
623 3105 737 3144 vero
768 3090 958 3158 specie,
996 3097 1198 3161 separat
1228 3089 1460 3144 eumdem
1501 3090 1565 3143 ab
1594 3090 1658 3144 iis
1696 3107 1813 3160 qua:
1838 3093 1990 3146 sicut'

370 3185 559 3250 species
605 3183 971 3248 prwdii'antur,
1019 3182 1094 3238 rel
1137 3187 1268 3237 sicut
1297 3185 1513 3255 propria
1551 3199 1573 3240 :
1619 3187 1673 3238 in
1712 3202 1770 3239 eo
1797 3197 1987 3241 autem'

2069 1995 2239 2051 genus
2263 1978 2477 2049 quidem
2521 1978 2590 2034 ab
2611 1978 2675 2032 iis
2704 1994 2823 2048 quae
2863 1979 2930 2034 de
2961 1995 3068 2034 uno
3099 1978 3456 2048 praidicantur
3490 1979 3668 2037 differt

2070 2078 2122 2134 in
2155 2078 2455 2150 quantitate
2491 2075 2906 2146 praedicationis,
2936 2076 3078 2146 quod
3109 2076 3178 2133 de
3211 2077 3450 2144 pluribus
3479 2076 3668 2146 praedi-

2072 2181 2254 2235 cetur;
2297 2185 2328 2225 a
2367 2169 2652 2240 speciebus
2694 2184 2822 2225 vero
2850 2180 2905 2225 et
2945 2169 3164 2239 proprio
3203 2171 3257 2224 in
3303 2169 3666 2238 subjectorum

2074 2274 2287 2325 natura.
2318 2265 2572 2335 quoniam
2604 2279 2776 2334 genus
2812 2263 2882 2318 de
2908 2264 3091 2334 specie
3121 2262 3495 2349 differentibus
3530 2262 3667 2317 dici-

2074 2369 2182 2429 tur,
2229 2358 2508 2429 proprium
2549 2372 2678 2414 vero
2721 2366 2778 2412 et
2819 2357 3029 2429 species
3061 2356 3297 2412 minime.
3346 2355 3474 2410 Item
3501 2370 3670 2424 genus

2074 2457 2125 2511 in
2161 2458 2415 2528 qualitate
2454 2456 2853 2527 pradicationis
2879 2471 2930 2509 a»
2953 2453 3251 2509 differentia
3285 2452 3671 2520 accidenleque

2075 2550 2349 2606 dividitur.
2403 2549 2647 2617 Qualitas
2677 2549 2822 2604 enim
2852 2545 3252 2616 praedicationis
3280 2544 3523 2612 quaedam
3545 2553 3670 2608 est,

2077 2643 2163 2698 vel
2193 2644 2244 2697 in
2273 2657 2338 2698 eo
2365 2642 2504 2714 quod
2533 2640 2662 2712 quid
2686 2641 2777 2705 sit,
2801 2640 2887 2695 vel
2916 2641 2969 2694 in
2999 2654 3065 2695 eo
3084 2637 3229 2710 quod
3254 2637 3411 2708 quale
3437 2637 3507 2692 sit
3531 2652 3670 2706 prae-

2075 2733 2263 2790 dicari.

2152 2825 2299 2879 Nihil
2324 2825 2480 2896 igitur
2509 2840 2668 2892 neque
2697 2823 3040 2894 superﬂuum,
3068 2837 3231 2891 neque
3260 2821 3428 2876 minus
3448 2821 3671 2876 continet

2069 2917 2276 3019 generis
2305 2918 2444 2970 dicta
2472 2916 2768 2987 descriptio.

2095 3003 2102 3046 ἶ
2144 3008 2333 3064 Omnis
2363 3009 2507 3063 enim
2539 3005 2834 3076 descriptio
2863 3005 2950 3062 vel
2979 3004 3233 3061 diffinitio
3264 3004 3424 3060 debet
3453 3004 3502 3060 ei
3530 3003 3669 3075 quod

2073 3100 2334 3155 diffinitur
2364 3099 2567 3168 aequari
2599 3116 2613 3153 :
2643 3099 2685 3153 si
2717 3098 2864 3154 enim
2895 3098 3154 3154 diffinitio
3180 3097 3425 3154 diffinita:
3456 3099 3533 3153 rei
3566 3114 3670 3155 non

2073 3193 2144 3248 sit
2177 3191 2418 3262 :equalis,
2449 3191 2575 3245 etsi
2618 3189 2834 3260 quidem
2880 3189 3054 3259 major
3081 3190 3174 3255 sit,
3219 3189 3381 3245 etiam
3429 3188 3672 3259 quardam

371 3279 503 3344 quod
532 3275 654 3343 quid
683 3278 748 3329 sit
781 3274 1078 3345 praedicari,
1119 3275 1303 3330 dividit
1325 3277 1496 3346 ipsum
1526 3294 1556 3330 a
1587 3278 1894 3345 diﬂerentiis
1921 3291 1970 3336 et
1995 3282 2046 3348 C
2073 3285 2177 3341 alia
2208 3283 2531 3346 continebit,
2564 3291 2619 3336 et
2649 3298 2755 3338 non
2783 3296 3005 3338 necesse
3033 3292 3118 3336 est
3143 3292 3198 3336 ut
3218 3295 3433 3351 semper
3459 3280 3672 3336 diffiniti

371 3370 702 3424 communiter
741 3355 1113 3436 accidentibus,
1150 3385 1266 3440 quae
1292 3371 1499 3441 singula
1523 3387 1628 3426 non
1661 3373 1715 3426 in
1737 3390 1802 3429 eo
1829 3377 1968 3445 quod

373 3463 494 3533 quid
520 3462 850 3532 prwdicatur,
878 3463 968 3515 sed
990 3462 1044 3515 in
1071 3479 1129 3517 eo
1148 3465 1286 3532 quod
1308 3466 1461 3532 quale
1482 3476 1577 3532 est,
1611 3465 1691 3519 vel
1711 3468 1982 3535 quomodo“

374 3571 422 3608 re
449 3554 620 3608 habet.
769 3614 779 3623 _

442 3647 566 3702 Tria
600 3647 713 3701 haec
755 3659 877 3700 esse
911 3645 1143 3702 diximus
1172 3663 1294 3717 quas
1333 3648 1785 3720 significationem
1830 3651 1969 3708 hanc

376 3740 585 3796 tertiam
611 3741 827 3808 generis
854 3738 1232 3805 informarent,
1265 3739 1319 3795 id
1345 3750 1428 3796 est
1457 3741 1526 3797 de
1553 3743 1798 3812 pluribus
1830 3760 1987 3811 prter

378 3832 560 3897 dicari,
588 3831 656 3884 de
684 3830 865 3896 specie
887 3829 1279 3899 differentibus,
1305 3841 1358 3886 et
1379 3832 1430 3887 in
1463 3848 1530 3889 eo
1555 3834 1697 3898 quod
1720 3835 1846 3904 quid
1874 3836 1990 3900 sit,-

376 3941 492 3993 quae
532 3925 757 3994 singulae
789 3934 968 3994 partes
1001 3940 1171 3996 genus
1207 3942 1237 3980 a
1278 3927 1493 3983 caeteris
1521 3945 1641 3998 quae
1668 3927 1988 3999 quomodo-'

381 4018 516 4075 libet
565 4019 928 4086 prmdicantur
963 4018 1294 4075 distribuunt
1337 4037 1402 4076 ac
1448 4033 1776 4092 secernunt,
1823 4027 1992 4096 quod'

382 4109 497 4176 ipse
528 4109 755 4164 breviter
776 4109 1034 4179 colligens
1066 4110 1195 4165 dicit
1227 4129 1242 4167 :
1284 4113 1337 4167 id
1360 4113 1503 4168 enim
1536 4116 1678 4184 quod
1704 4115 1772 4172 de
1801 4118 1973 4186 pluri-

388 4197 490 4254 bus
512 4200 824 4266 praedicatur
859 4217 1029 4270 genus
1050 4203 1118 4257 ab
1145 4205 1228 4259 liis
1257 4203 1452 4258 dividit
1487 4221 1609 4276 qua:
1634 4206 1703 4262 de
1727 4223 1835 4263 uno
1858 4218 1976 4262 tan-

388 4299 498 4360 tum
532 4292 880 4360 praedicantur
911 4294 1203 4349 individuo.
1236 4295 1569 4352 lndividuum
1597 4309 1779 4356 autem
1809 4301 1995 4370 pluri-'

384 4383 484 4440 bus
511 4385 705 4439 dicitur
732 4387 902 4442 modis
934 4405 948 4440 :
977 4386 1175 4442 dicitur
1202 4387 1533 4444 individuum
1576 4393 1720 4460 quod
1748 4395 1994 4448 omnino

382 4479 553 4534 secari
583 4493 688 4534 non
719 4486 918 4548 potest,
959 4489 1016 4536 nt
1051 4481 1228 4536 unitas
1257 4483 1342 4537 vel
1385 4498 1573 4550 mens;
1604 4485 1799 4541 dicitur
1836 4487 1976 4543 iudi-

384 4569 604 4625 viduum
654 4571 792 4640 quod
825 4571 896 4626 ob
933 4572 1260 4629 soliditatem
1299 4574 1465 4630 dividi
1507 4579 1713 4648 nequit,
1752 4588 1810 4633 ut
1846 4581 1998 4635 ada-’

2073 3377 2430 3433 substantiam
2469 3384 2760 3440 monstret;
2801 3375 2845 3429 si
2877 3375 3051 3429 minor
3079 3374 3171 3437 sit,
3198 3374 3263 3430 ad
3292 3388 3504 3428 omnem
3535 3374 3672 3426 diffi.

2071 3473 2332 3528 nitionem
2357 3466 2676 3525 substantia:
2701 3481 2806 3520 neu
2843 3465 3105 3536 pervenit.
3155 3463 3345 3520 Omnia
3377 3465 3520 3522 enim
3553 3480 3673 3535 quin

1983 3569 1992 3578 λ’
2074 3563 2279 3634 majora
2312 3571 2437 3616 sunt
2462 3561 2530 3614 de
2556 3556 2859 3612 minoribus
2885 3556 3272 3626 praedicantur,
3304 3565 3360 3609 ut
3381 3558 3580 3610 animal
3605 3558 3674 3612 de

2075 3644 2324 3721 homine;
2361 3654 2568 3708 minora
2598 3665 2727 3705 vero
2755 3650 2824 3704 de
2864 3647 3161 3717 majoribus
3201 3648 3420 3702 minime
3460 3666 3471 3701 :
3507 3665 3668 3704 nemo

2073 3749 2218 3804 enim
2265 3762 2394 3802 vere
2436 3745 2621 3800 dicere
2661 3752 2860 3814 potest,
2903 3756 3065 3797 omne
3107 3741 3307 3795 animal
3353 3734 3514 3795 homo
3560 3753 3668 3807 est,

2074 3853 2234 3911 atque
2247 3839 2448 3895 idcirco
2467 3838 2511 3893 si
2535 3835 2640 3892 sibi
2663 3835 2971 3904 praedicatio
2984 3835 3346 3891 convertenda
3364 3843 3468 3899 est,
3492 3850 3672 3906 mqua-

2073 3934 2142 3990 lis
2165 3942 2382 4002 oportet
2408 3940 2467 3985 ut
2497 3933 2585 3987 sit.
2639 3930 2696 3988 Id
2725 3942 2904 3986 autem
2938 3933 3047 3986 fieri
3077 3942 3273 4003 potcSI,
3302 3933 3344 3985 si
3379 3948 3549 4002 neque
3575 3947 3668 3986 sn-

2078 4024 2338 4096 perﬂuum
2368 4023 2661 4093 quidquam
2685 4023 2853 4078 habet
2877 4037 3053 4091 neque
3075 4023 3414 4088 diminutum,
3435 4033 3501 4076 -ut
3531 4024 3582 4074 in
3607 4038 3669 4076 ea

2077 4120 2192 4188 ipsa
2237 4117 2450 4188 generis
2504 4115 2896 4185 descriptione;
2938 4113 3139 4168 dictum
3181 4123 3264 4168 est
3305 4117 3446 4169 enim
3495 4128 3665 4183 genus

2075 4226 2198 4267 esse
2226 4211 2366 4280 quod
2391 4209 2459 4262 de
2487 4207 2740 4277 pluribus
2757 4206 3131 4262 differentibus
3151 4208 3330 4276 specie
3358 4207 3414 4261 in
3440 4222 3504 4262 eo
3527 4206 3669 4275 quod

2079 4304 2203 4374 quid
2233 4303 2303 4357 sit
2333 4301 2671 4371 praedicatur,
2698 4315 2817 4370 quae
2847 4293 3139 4368 descriptio
3166 4317 3287 4355 cum
3312 4315 3511 4370 genere
3544 4315 3674 4356 con~

2077 4399 2214 4451 verti
2245 4404 2437 4466 potest,
2472 4404 2528 4447 ut
2557 4393 2600 4448 si
2647 4392 2893 4448 dicamus
2936 4392 3078 4462 quod
3109 4389 3185 4448 de.
3214 4392 3460 4463 pluribus
3495 4394 3676 4462 specie

2079 4489 2453 4546 differentibus
2483 4487 2534 4540 in
2563 4501 2629 4541 eo
2652 4483 2940 4555 quodquid
2971 4486 3044 4542 sit
3067 4485 3409 4554 praedicetur,
3429 4486 3478 4540 id
3503 4500 3676 4554 genus

2082 4600 2204 4640 esse
2250 4602 2262 4635 :
2307 4581 2448 4652 quod
2489 4582 2532 4635 si
2564 4576 2807 4635 converti
2848 4587 3024 4648 potest
3058 4578 3140 4648 (ut
3167 4577 3265 4648 ait)
3299 4592 3400 4634 nec
3435 4579 3552 4648 plus
3582 4593 3676 4632 nec

383 4678 539 4728 nias;
570 4662 766 4720 dicitur
790 4663 1123 4720 individuum
1149 4666 1305 4736 cujus
1339 4668 1652 4738 praedicatio
1683 4673 1736 4726 iu
1766 4674 1973 4744 reliqua
2001 4672 2261 4736 D'minns
2287 4668 2779 4744 continet‘generis'
2799 4670 2937 4726 facta
2965 4670 3279 4741 descriptio.

419 4797 3677 4830 Mm

1519 4899 1898 5007 LIBER
1939 4902 2540 5060 TERTIUS.

403 5155 406 5160 r
465 5125 724 5195 Superior
774 5127 1068 5196 disputatio
1126 5127 1193 5186 de
1249 5145 1449 5201 genere
1503 5130 1716 5186 videtur
1761 5132 1983 5185 forsitan

393 5233 608 5273 omnem
634 5220 792 5274 etiam
829 5222 1024 5290 speciei
1052 5226 1459 5293 consumpsisse
1489 5233 1774 5279 tractatum
1812 5246 1824 5282 :
1861 5240 1983 5280 nam

391 5328 516 5366 cum
546 5329 715 5382 genus
741 5316 808 5369 ad
836 5316 1037 5384 aliquid
1071 5318 1408 5385 praedicetur,
1443 5318 1492 5372 id
1521 5330 1603 5373 est
1632 5318 1696 5372 ad
1723 5319 1982 5388 speciem,

394 5406 645 5475 cognosci
675 5416 860 5478 natura
881 5410 1091 5476 generis
1119 5424 1224 5463 non
1257 5422 1452 5478 pote5t,
1480 5412 1525 5466 si
1554 5413 1751 5480 speciei
1775 5428 1894 5482 quae
1918 5412 2000 5464 sit'

396 5498 744 5567 intelligentia
787 5499 1082 5554 nesciatur.
1129 5499 1236 5555 Sed
1269 5503 1526 5571 quoniam
1573 5503 1785 5559 diversa
1818 5513 1898 5558 est
1929 5505 1987 5558 in

395 5592 510 5645 suis
548 5591 754 5646 naturis
785 5606 971 5646 eorum
1010 5591 1374 5647 consideratio
1404 5604 1566 5662 atque
1591 5594 1870 5656 discretio,
1901 5594 2000 5647 di-r

400 5695 560 5736 versa
591 5682 643 5736 in
673 5683 964 5752 permistis,
993 5681 1192 5737 idcirco
1217 5682 1355 5738 sicut
1395 5683 1602 5753 singula
1635 5685 1686 5738 in
1729 5685 1993 5753 procemio

403 5775 694 5843 proposuit,
716 5776 788 5832 ita
810 5776 1053 5833 dividere
1073 5787 1264 5834 cuncta
1290 5778 1652 5849 prosequitur,
1673 5793 1737 5833 ac
1760 5780 1994 5850 primum

402 5882 520 5940 post
549 5871 764 5941 generis
792 5872 1212 5946 disputationem
1238 5871 1307 5930 de
1335 5873 1518 5944 specie
1546 5880 1759 5938 tractat,
1790 5872 1858 5929 de
1887 5886 1991 5941 qua

2093 5131 2309 5200 quidem
2339 5132 2570 5188 dubitari
2611 5139 2828 5202 potest:
2858 5133 2907 5188 si
2946 5130 3088 5190 enim
3120 5131 3235 5186 haec
3261 5130 3362 5187 fuit
3398 5132 3533 5188 ratio
3563 5147 3682 5201 pro.

2099 5225 2764 5295 ponendigenus-‘reliquis
2777 5223 3050 5290 omnibus,
3071 5223 3211 5295 quod
3229 5235 3432 5278 natura:
3448 5239 3558 5278 sua:
3578 5240 3682 5277 ma-

2093 5316 2593 5387 gnitudine'cse'tera
2621 5317 2968 5381 contineret,
2996 5334 3100 5371 non
3141 5330 3352 5386 aequum
3381 5324 3496 5369 erat
3529 5317 3684 5369 diffe-

2097 5410 2282 5464 rentiae
2313 5413 2547 5479 speciem
2583 5411 2634 5463 in
2661 5410 2850 5465 ordine
2879 5402 3134 5463 tractatus
3160 5418 3511 5475 anteponere,
3542 5409 3685 5477 quod

2096 5501 2659 5572 differentia'speciem
2686 5502 3010 5566 contineret,
3043 5514 3161 5554 cum
3198 5499 3496 5568 praesertim
3529 5499 3686 5555 diffe-

2100 5595 2284 5649 rentia:
2309 5594 2452 5664 ipsas
2475 5595 2692 5665 species
2719 5594 3010 5650 informent
3033 5609 3046 5643 :
3074 5591 3220 5659 prius
3240 5599 3422 5646 autem
3442 5601 3526 5647 est
3548 5593 3688 5662 quod

2099 5682 2354 5744 informat
2376 5703 2537 5758 quam
2569 5687 2622 5742 id
2654 5687 2798 5758 quod
2833 5685 2951 5758 ejus
2991 5683 3368 5740 informatione
3394 5688 3687 5753 perficitur.

2099 5778 2372 5834 Posterior
2409 5780 2569 5851 igitur
2597 5779 2809 5848 species
2847 5786 2930 5831 est
2968 5775 3272 5832 differentia
3309 5793 3324 5832 :
3359 5780 3505 5848 prius
3533 5780 3689 5848 igitur

2100 5872 2168 5925 de
2191 5870 2489 5929 differentia
2515 5869 2855 5926 tractandum
2871 5870 3000 5936 fuit;
3035 5869 3233 5929 etenim
3253 5874 3513 5942 procemio
3529 5871 3688 5930 etiam
