4066 6328
381 396 451 454 99

1611 396 1721 453 AN.
1762 395 1971 452 MANL.
2010 394 2164 454 θεν.
2209 396 2438 455 ΒΟΕΤΙῙ

3573 392 3675 468 tos

380 514 730 578 consentiret,
764 514 819 570 in
867 527 973 587 quo
1014 526 1136 567 eum
1180 511 1425 567 ordinem
1475 511 1763 567 collocavit
1816 526 1973 582 quem
2002 513 2245 596 A‘tntem
2268 556 2281 580 ,
2314 515 2472 569 aliam
2503 516 2792 586 cujuslibet
2822 516 3351 588 proprism‘formam
3385 522 3670 596 individui,

381 608 647 665 naturalis
672 608 806 662 ordo
832 606 1122 676 suggessit,
1144 603 1332 665 dicens
1360 605 1488 660 utile
1516 620 1634 660 esse
1670 619 1832 660 nosse
1855 604 1997 673 quid

380 715 553 770 genus
584 702 675 764 sit,
702 710 753 753 et
778 699 904 769 quid
936 697 1260 752 differentia.
1288 696 1424 751 Huic
1444 697 1879 765 respondendum
1902 708 1987 751 est

382 794 690 863 quaestioni,
705 793 957 861 quoniam
981 792 1158 846 omnia
1182 806 1517 861 quaecunque
1538 791 1603 849 ad
1622 793 1821 863 aliquid
1837 807 1987 868 prat-

384 886 654 951 dicantur,
698 884 1053 941 substantiam
1079 899 1298 954 semper
1324 899 1393 940 ex
1436 886 1701 956 oppositis
1723 894 1980 952 sumunt;

382 989 440 1033 ut
468 979 627 1049 igitur
647 993 751 1032 non
782 985 957 1047 potest
982 992 1105 1033 esse
1133 986 1293 1048 pater
1317 978 1421 1033 nisi
1446 979 1588 1033 filius
1609 980 1818 1045 sit,nec
1840 980 1999 1037 filius"

385 1072 490 1127 nisi
542 1070 810 1140 praecedat
856 1080 1028 1141 pater,
1064 1073 1394 1142 alteriusque
1439 1087 1636 1128 nomen
1676 1073 1877 1143 pendet
1912 1089 1980 1131 ex

382 1163 575 1235 altero,
607 1162 679 1217 ita
728 1163 890 1219 etiam
940 1164 996 1218 in
1027 1167 1235 1233 'genere
1276 1179 1341 1220 ac
1384 1165 1567 1236 specie
1611 1165 1797 1221 videre
1828 1165 1976 1234 licet,

382 1256 593 1327 species
615 1256 811 1327 quippe
835 1255 936 1312 nisi
968 1259 1185 1327 generis
1215 1274 1321 1312 non
1351 1266 1455 1325 est,
1484 1273 1781 1331 rursusque
1807 1276 1980 1332 genus

381 1366 505 1409 esse
534 1367 640 1407 non
670 1360 850 1422 potest
879 1353 981 1407 nisi
1008 1351 1278 1407 referatur
1304 1353 1369 1407 ad
1403 1354 1641 1421 speciem
1668 1370 1683 1407 :
1717 1369 1819 1409 nec
1849 1368 1979 1409 vero

382 1444 698 1501 substantiae
732 1446 978 1515 quaedam
1011 1453 1105 1500 aut
1139 1460 1229 1499 res
1266 1445 1527 1501 absolutae.
1567 1459 1688 1501 esse
1728 1447 1978 1516 putandae

383 1549 506 1594 sunt
528 1554 698 1609 genus
720 1553 785 1591 ac
804 1540 1037 1607 species,
1060 1548 1121 1593 ut
1140 1539 1388 1607 superius
1409 1553 1626 1609 quoque
1645 1540 1844 1594 dictum
1869 1549 1972 1605 est,

383 1630 483 1687 sed
524 1631 786 1703 quidquid
832 1631 962 1687 illud
1006 1641 1092 1687 est
1127 1632 1268 1701 quod
1306 1632 1359 1686 in
1399 1641 1610 1688 natura;
1650 1636 1977 1703 proprietate

2096 592 2306 661 tertiam
2340 608 2407 662 de
2434 624 2537 678 qua
2570 625 2711 665 nunc
2738 614 2990 683 loquitur,
3025 633 3142 687 quae
3168 614 3268 671 sub
3286 632 3484 688 genere
3512 620 3680 675 collu-

2088 702 2263 749 catur.
2285 696 2625 755 Crodeudutn
2651 716 2779 757 vero
2802 713 2882 758 est
2908 719 3125 776 propter
3150 708 3530 765 obscuritatem
3561 713 3677 780 ejus

2086 802 2250 855 quam
2300 804 2400 842 nos
2434 791 2753 860 adjeci-mus,
2783 798 2905 865 quia
2948 798 3200 854 nimirum
3244 800 3489 858 altiorem
3520 817 3678 875 atque

2087 878 2441 935 eruditiorem
2470 892 2739 952 quaereret
2770 886 3122 954 intellectum,
3155 906 3216 944 ea
3251 893 3408 946 tacita
3453 903 3677 965 praetcr-

2085 970 2358 1039 missaqne
2381 984 2607 1030 caeteras
2628 977 2863 1033 edidisse
2888 997 2900 1032 :
2928 981 3081 1050 cujus
3102 984 3314 1051 quidem
3341 988 3536 1053 speciei
3565 987 3680 1043 hec

2083 1068 2328 1133 exempla
2358 1069 2607 1136 subjecit,
2642 1082 2697 1125 ut
2729 1073 3001 1129 hominem
3035 1077 3250 1143 quidem
3282 1080 3530 1135 animalis
3557 1097 3680 1150 spe-

2081 1161 2245 1227 ciem,
2277 1163 2457 1218 album
2482 1177 2659 1220 autem
2690 1168 2908 1232 coloris,
2949 1170 3264 1241 Iriaugulum
3302 1189 3428 1227 vero
3455 1175 3676 1243 figuras;

2082 1252 2201 1309 haec
2221 1256 2367 1310 enim
2390 1258 2569 1312 omnia
2591 1261 2797 1327 species
2823 1275 3197 1331 nuncupantur
3212 1280 3399 1320 eorum
3420 1282 3541 1338 qua:
3558 1280 3680 1325 sunt

2079 1359 2301 1414 genera,
2347 1348 2548 1403 animal
2590 1350 2806 1420 quidem
2851 1352 3110 1418 hominis,
3149 1356 3303 1411 coior
3332 1366 3509 1413 autem
3550 1361 3679 1427 albi,

2079 1436 2248 1508 ﬁgura
2282 1454 2412 1494 vero
2438 1441 2712 1511 trianguli.

2154 1531 2305 1597 Quod
2326 1534 2370 1587 si
2395 1534 2551 1588 etiam
2580 1553 2739 1607 genus
2772 1549 3096 1608 assignantes
3123 1539 3309 1612 speciei
3339 1543 3680 1609 meminimus,

2078 1622 2301 1677 dicentes
2330 1627 2470 1689 quod
2499 1628 2562 1680 de
2596 1630 2832 1696 pluribus
2869 1642 2917 1683 et
2957 1631 3314 1699 differentibus
3345 1638 3512 1705 specie
3543 1638 3592 1691 in
3624 1656 3680 1691 eo

385 1724 665 1789 consistat,
708 1724 761 1778 id
806 1733 933 1778 tunc
966 1739 1135 1795 genus
1164 1722 1223 1778 fit
1256 1737 1320 1778 ac
1348 1725 1593 1795 species,
1638 1739 1760 1780 cum
1791 1725 1874 1779 vel
1905 1724 1972 1779 ad

2096 1716 2213 1780 yuod
2237 1716 2360 1785 quid
2387 1718 2724 1787 prtedicalur,
2755 1732 2804 1775 et
2833 1724 3051 1791 speciem
3084 1725 3306 1780 dicimus
3336 1728 3392 1780 id
3423 1731 3562 1796 quod
3592 1731 3680 1783 sub

385 1815 640 1872 inferiora
680 1816 763 1872 vel
807 1817 874 1871 ad
919 1818 1198 1887 superiora
1236 1818 1493 1873 refertur.
1526 1819 1764 1887 Quorum
1812 1820 1975 1888 igitur

2078 1808 2346 1879 assignato
2372 1824 2555 1880 genere
2574 1814 2804 1882 ponitur.

385 1909 581 1965 relatio
606 1911 924 1965 alterutrum
954 1911 1254 1975 constituit,
1277 1925 1465 1965 eorum
1487 1910 1776 1966 continens
1801 1910 1971 1966 factus

2156 1898 2362 1954 Dudum
2391 1915 2513 1954 cum
2541 1905 2756 1970 generis
2793 1902 3210 1975 descriptionem
3242 1910 3577 1978 assignaret,
3632 1913 3701 1967 in‘

388 2011 474 2057 est
501 2002 620 2071 jure
650 2009 947 2067 tractatus;
977 2000 1046 2057 de
1075 2002 1261 2073 specie
1283 2001 1452 2071 igitur
1480 2001 1861 2058 inclioans~ait
1890 2001 1993 2057 hoc

388 2094 552 2149 modo
579 2109 595 2151 :

413 2234 421 2243 .
995 2184 1085 2240 DE
1121 2183 1387 2241 SPECIE.

412 2320 421 2327 .
458 2274 673 2346 Species
695 2284 870 2331 autem
905 2276 1095 2331 dicitur
1134 2276 1341 2347 quidem
1381 2284 1429 2329 et
1484 2275 1550 2329 de
1585 2276 1992 2346 uniuscujusque

387 2370 575 2441 forma,
616 2370 898 2427 secundum
932 2386 1087 2438 quam
1122 2370 1317 2441 dictum
1360 2380 1433 2424 est
1471 2383 1489 2422 :
1521 2369 1746 2439 primum
1781 2370 1991 2440 quidem

389 2465 583 2536 species
612 2465 771 2536 digna
794 2475 865 2520 est
887 2465 1107 2535 imperio
1142 2479 1161 2517 :
1201 2463 1391 2517 dicitur
1417 2472 1586 2519 autem
1612 2465 1822 2533 species,
1850 2473 1899 2517 et
1928 2479 1997 2517 ea.

389 2574 505 2631 qua
526 2569 600 2614 est
627 2561 722 2615 sub
745 2560 1005 2631 assignato
1029 2574 1232 2630 genere,
1275 2558 1555 2615 secundum
1579 2574 1734 2629 quam
1765 2559 1989 2613 solemus

397 2651 568 2707 dicere
596 2653 861 2723 hominem:
874 2651 1078 2727 quidem
1092 2653 1310 2721 speciem
1333 2651 1723 2725 animaiis,cutu
1741 2652 1808 2706 sit
1827 2668 1997 2723 genus

388 2743 618 2811 animal;
662 2743 835 2797 album
856 2754 1024 2798 autem
1052 2744 1238 2799 coloris
1260 2745 1498 2815 speciem,
1525 2746 1846 2816 triangufum
1870 2761 2001 2801 vero

394 2836 582 2908 figurae
609 2840 863 2908 speciem,
994 2910 1019 2917 δη
1042 2898 1047 2903 ,

462 2928 614 2983 Sicut
642 2928 855 2997 generis
884 2941 1043 2996 supra
1077 2927 1501 2997 signiﬁcationes
1531 2926 1779 2983 distinxit
1813 2930 1986 2998 tuqui-

392 3032 581 3083 vocas,
634 3019 704 3072 ita
733 3018 874 3072 idem
903 3019 957 3071 in
987 3018 1170 3085 specie
1193 3017 1321 3073 facit
1347 3018 1538 3074 dicens
1585 3034 1693 3074 non
1720 3034 1842 3075 esse
1865 3006 2013 3089 spe:

520 3106 819 3176 simplicem
836 3106 1309 3177 significationem,
1324 3118 1376 3162 et
1399 3109 1552 3176 ponit
1570 3107 1791 3179 quidem
1812 3111 1949 3164 duas
1970 3128 1983 3163 :

391 3200 565 3270 longa:
587 3208 763 3254 autem
788 3198 971 3266 plures
992 3213 1114 3253 esse
1142 3199 1485 3257 manifestum
1507 3210 1610 3267 est,
1629 3216 1762 3271 quas
1782 3202 1987 3259 idcirco

2093 1989 2309 2057 generis
2348 1989 2667 2047 diffinitione
2705 1996 2904 2064 speciei
2953 2012 3147 2051 nomen
3198 1999 3380 2068 injecit
3410 2002 3595 2058 dicens
3630 2004 3680 2059 id

2092 2094 2215 2138 esse
2244 2094 2413 2150 genus
2442 2082 2587 2151 quod
2617 2084 2687 2138 de
2715 2085 2956 2150 pluribus
3009 2088 3189 2156 specie
3218 2089 3589 2146 differentibus
3634 2095 3682 2148 in

2091 2185 2159 2241 eo
2189 2171 2335 2239 quod
2362 2171 2491 2240 quid
2513 2174 2580 2226 sit
2607 2175 3008 2242 praedicaretur,
3044 2188 3098 2231 ut
3130 2180 3339 2233 scilicet
3366 2196 3462 2250 per
3488 2184 3705 2252 speciei”

2092 2278 2289 2320 nomen
2314 2265 2578 2321 diffiniret
2605 2283 2774 2336 genus
2802 2287 2814 2332 ;
2845 2286 2987 2325 nunc
3015 2288 3143 2325 vero
3172 2289 3291 2327 cum
3318 2277 3551 2338 speciem
3585 2279 3682 2331 dif-

2092 2353 2248 2416 finire
2287 2357 2596 2420 contendat,
2628 2359 2842 2428 generis
2877 2363 3040 2414 utitur
3080 2368 3474 2434 nttnCnpalione
3499 2368 3681 2424 direus

2091 2447 2339 2514 speciem
2371 2462 2519 2511 esse
2547 2463 2665 2517 quae
2694 2452 2795 2505 sub
2821 2468 3019 2522 genere
3061 2466 3306 2523 ponatur,
3352 2458 3438 2511 cui
3472 2460 3699 2519 quidem

2090 2538 2236 2599 dicto
2265 2539 2355 2593 illa
2380 2544 2609 2611 qutestio
2641 2542 2763 2611 jure
2805 2546 3019 2599 videtur
3057 2550 3278 2615 opponi.
3327 2550 3516 2603 Omnis
3543 2553 3683 2605 enim

2091 2630 2343 2691 diffinitio
2374 2649 2489 2691 rem
2510 2635 2985 2692 debetdeclarare
3020 2649 3178 2706 quam
3209 2642 3506 2707 concludit,
3541 2658 3685 2698 eam-

2091 2740 2199 2793 que
2225 2726 2551 2793 apertiorem
2583 2727 2814 2784 reddere
2839 2745 2998 2800 quam
3033 2746 3133 2785 suo
3161 2735 3377 2787 nomine
3416 2748 3685 2789 monStra-

2092 2816 2205 2872 bat.
2258 2818 2335 2872 Ex
2368 2820 2671 2875 notioribus
2697 2822 2856 2892 igitur
2887 2822 2999 2877 ﬁeri
3047 2833 3257 2891 Oportet
3301 2826 3680 2883 difﬂuitionem

2091 2925 2251 2980 quam
2279 2925 2367 2967 res
2396 2912 2485 2966 illa
2517 2914 2587 2967 sit
2616 2929 2735 2983 qua:
2765 2915 3047 2970 diffinitur.
3080 2915 3214 2970 Cum
3247 2917 3408 2986 igitur
3438 2936 3534 2988 per
3561 2934 3684 2989 spe-

2091 3003 2191 3058 ciei
2236 3018 2439 3059 nomen
2461 3003 2794 3061 describeret
2848 3008 2930 3062 vel
2963 3007 3219 3062 diffiniret
3249 3024 3438 3080 genus,
3486 3011 3687 3067 abusus

2090 3101 2173 3149 est
2190 3095 2449 3151 vocabulo
2469 3098 2667 3165 speciei
2692 3099 2839 3152 velut
2860 3098 3072 3155 notiore
3092 3117 3250 3172 quam
3274 3104 3505 3171 generis,
3523 3114 3685 3174 atque

2090 3185 2163 3243 ita
2190 3201 2257 3240 ex
2286 3187 2587 3245 notioribus
2626 3187 2911 3259 descripsit
2948 3208 3119 3262 genus
3157 3211 3169 3246 :
3220 3209 3361 3249 nunc
3391 3210 3521 3249 vero
3557 3212 3682 3252 cum

392 3292 654 3363 prseteriit
674 3306 741 3346 ne
764 3290 982 3347 lectoris
1003 3291 1240 3346 animum
1264 3294 1567 3362 prolixitate
1601 3294 1980 3353 confunderet.

2096 3278 2325 3346 speciem
2345 3280 2510 3335 vellet
2536 3282 2763 3336 termino
2784 3282 3163 3352 descriptionis
3195 3287 3488 3353 includere,
3516 3304 3684 3358 gene-

391 3389 529 3444 Dicit
551 3398 728 3443 autem
756 3388 988 3458 primum
1019 3386 1231 3457 quidem
1262 3390 1501 3458 speciem
1531 3390 1754 3459 ﬁguram
1798 3394 1988 3449 unius-

390 3482 653 3548 cujusque
682 3479 859 3535 uocari
883 3518 898 3542 ,
928 3494 1049 3546 qua:
1079 3494 1142 3534 ex
1173 3480 1535 3535 accidentium
1565 3485 1990 3552 congregatione

390 3570 686 3643 perficitur.
718 3570 1042 3631 Cautissime
1069 3580 1249 3626 autem
1279 3572 1481 3629 dictum
1514 3585 1596 3628 est
1644 3576 2005 3647 uniuscujus-

391 3678 515 3732 que,
549 3663 665 3717 haic
689 3664 830 3719 enim
859 3663 1151 3720 secundum
1176 3664 1430 3720 accidens
1457 3665 1675 3735 dicitur,
1704 3684 1823 3738 quae
1875 3660 1990 3724 cui-

393 3773 498 3826 que
524 3756 800 3813 individuo
822 3757 990 3812 forma
1021 3766 1134 3823 cst;
1159 3761 1397 3815 eaeoim.
1421 3775 1527 3815 non
1554 3776 1616 3815 es
1648 3762 2005 3819 substantiali.

392 3849 623 3921 quadam
647 3849 819 3907 forma
862 3852 1089 3920 species,
1138 3854 1232 3908 sed
1273 3870 1338 3908 ex
1368 3856 1735 3912 accidentibus
1781 3859 1985 3914 evenit.

392 3941 508 3997 Alia
526 3952 607 3997 est
631 3943 776 3997 enim
800 3944 1167 4003 substantialis
1189 3945 1378 4002 formae
1400 3950 1632 4017 species,
1658 3966 1779 4021 qua:
1800 3951 1989 4005 huma-

396 4035 536 4089 nitas
575 4043 951 4104 nuncupatur,
979 4051 1043 4091 ea
1080 4052 1198 4106 quae
1243 4053 1351 4092 non
1390 4042 1475 4092 est
1516 4042 1667 4108 quasi
1712 4044 1986 4112 supposita

394 4127 633 4187 animali,
680 4128 775 4183 sed
803 4135 887 4182 est
930 4139 1179 4198 tanquam
1222 4130 1334 4199 ipsa
1377 4132 1604 4202 qualitas
1635 4134 1986 4193 substantiam

398 4229 739 4283 monstrans;
789 4218 905 4275 haec
950 4222 1095 4276 enim
1139 4230 1195 4278 et
1238 4223 1306 4278 ab
1346 4223 1444 4278 hac
1474 4224 1683 4280 diversa
1732 4236 1813 4280 est
1865 4242 2011 4296 qusi

393 4312 812 4382 uniuscujusque
838 4313 1051 4381 corpori
1072 4314 1476 4372 accidentaiiter
1504 4318 1663 4372 insita
1696 4330 1799 4381 est,
1839 4330 1897 4375 et
1918 4320 1989 4375 ab

392 4419 453 4472 ea
480 4420 596 4472 qua:
622 4420 792 4475 genus
812 4404 1029 4462 deducit
1051 4408 1104 4461 in
1129 4418 1342 4476 partes;
1366 4421 1804 4481 postremumque
1827 4413 1999 4482 plura.

392 4503 519 4555 sunt
542 4509 662 4564 qua:
684 4510 806 4549 cum
837 4496 1022 4553 eadem
1053 4498 1183 4565 sint,
1223 4499 1453 4555 diversis
1478 4510 1654 4557 tamen
1703 4505 1879 4560 modis
1912 4504 1979 4559 ad

393 4582 536 4637 aliud
586 4594 745 4653 atque
789 4585 856 4639 ad
899 4586 1040 4643 aliud
1088 4588 1254 4642 relata
1302 4591 1687 4661 intelliguntur,
1737 4604 1798 4650 ut
1846 4596 1986 4652 hanc

2096 3370 2171 3424 ris
2200 3371 2367 3435 utitur
2398 3373 2637 3437 nomine,
2667 3388 2953 3445 rerumque
2982 3380 3244 3432 convertit
3278 3381 3575 3449 notionem,
3629 3393 3686 3439 ut

2096 3461 2149 3527 in
2175 3461 2390 3529 generis
2415 3464 2632 3533 quidem
2662 3464 3028 3535 descriptione
3053 3470 3126 3523 sit
3154 3474 3330 3527 notius
3361 3476 3561 3541 Speciei
3596 3492 3686 3529 vo-

2092 3554 2374 3617 cabulum,
2424 3556 2475 3609 in
2517 3558 2717 3625 speciei
2760 3569 2938 3615 autem
2983 3561 3344 3631 descriptione
3393 3566 3464 3620 sit
3509 3569 3701 3622 notius

2092 3650 2330 3720 generis,
2349 3652 2490 3721 quod
2513 3652 2628 3709 fieri
2654 3655 2873 3724 nequit:
2897 3657 2940 3710 si
2969 3655 3112 3711 enim
3134 3660 3345 3728 generis
3368 3661 3686 3715 vocabulum

2094 3746 2273 3800 notius
2304 3754 2389 3805 est
2417 3762 2576 3816 quam
2622 3749 2859 3817 speciei,
2889 3750 2939 3803 in
2971 3750 3296 3805 diffinitione
3324 3755 3537 3823 generis
3566 3754 3705 3823 spe-'

2092 3838 2194 3903 ciei
2237 3838 2455 3895 nomine
2485 3841 2559 3895 uti
2605 3855 2711 3895 non
2749 3841 2955 3897 debuit.
2986 3843 3139 3911 Quod
3171 3845 3213 3898 si
3256 3847 3454 3914 speciei
3488 3863 3687 3905 nomen

2092 3931 2304 3987 facilius
2334 3932 2649 4003 intelligitur
2676 3949 2835 4004 quam
2864 3937 3098 4004 generis,
3135 3938 3188 3991 in
3218 3937 3539 3994 diffinitione
3563 3956 3688 4010 spe-

2092 4023 2199 4079 ciei
2229 4039 2426 4081 nomen
2453 4027 2671 4097 generis
2711 4042 2819 4081 non
2850 4027 2957 4082 fuit.
2992 4031 3393 4101 apponendum,
3423 4036 3507 4089 cui
3543 4052 3687 4105 quae.

2091 4118 2251 4174 stioni
2283 4120 2519 4174 occurrit
2547 4119 2733 4175 dicens
2766 4137 2781 4174 :

2118 4254 2121 4257 ι
2167 4209 2333 4268 Nosse
2349 4222 2545 4283 oportet
2566 4212 2704 4284 quod
2722 4216 2967 4285 quoniam
2988 4232 3144 4286 genus
3165 4217 3388 4291 alicujus
3410 4230 3482 4275 est
3506 4238 3685 4292 genus,

2092 4312 2140 4357 et
2166 4303 2358 4373 species
2385 4304 2713 4377 alicujusest
2738 4307 2950 4375 species,
2982 4307 3176 4363 idcirco
3216 4325 3415 4365 necesse
3448 4320 3521 4366 est
3556 4322 3606 4367 et
3635 4316 3687 4369 in

2092 4404 2424 4466 utrorumque
2447 4397 2734 4452 rationibus
2764 4398 2995 4468 utrisque
3022 4400 3117 4453 uti.

2161 4485 2351 4542 Omnia
2379 4503 2711 4558 quazcunque
2749 4490 3044 4560 adaliquid
3077 4491 3459 4561 praedicantur,
3503 4512 3567 4551 ex
3600 4497 3703 4552 bis

2092 4576 2161 4633 de
2191 4578 2383 4646 quibus
2404 4580 2767 4648 praedicantur.
2789 4582 3145 4639 substantiam
3175 4587 3504 4653 sortiuntur;
3541 4588 3701 4659 quod“

393 4674 563 4740 ipsam
597 4675 1063 4743 humanitatemrin
1095 4694 1162 4733 eo
1183 4682 1322 4748 quod
1356 4683 1467 4752 ipsa
1486 4695 1570 4740 est
1615 4690 1658 4742 si
1689 4683 1985 4758 pe'rspexe-
2012 4670 2139 4736 Dsi
2185 4668 2435 4723 diffinitio
2484 4671 2906 4741 uniuscujusque
2946 4676 3261 4732 substantiae
3307 4683 3703 4749 proprietatem-

393 4760 484 4815 ris.
536 4763 756 4841 Species
800 4774 882 4821 est
932 4781 995 4819 ea
1037 4782 1156 4839 quae
1203 4772 1611 4839 substantialem
1661 4777 1988 4834 determinat

393 4854 734 4921 qualitatem:
754 4854 795 4908 si
821 4854 923 4910 sub
950 4858 1165 4911 animali
1198 4875 1314 4914 eam
1344 4862 1986 4937 iutelligendolocaveris,

398 4944 620 4999 deducit
646 4946 893 5001 animalis
923 4948 974 5001 in
1002 4963 1061 5004 se
1085 4952 1570 5022 participationem,
1601 4972 1989 5032 separaturque

326 5056 329 5059 π
393 5051 423 5089 a
459 5037 669 5090 caeteris
709 5038 1051 5102 animalibus,
1075 5056 1138 5095 ac
1161 5042 1217 5095 fit
1246 5046 1455 5113 species
1478 5050 1732 5117 generis;
1766 5055 1906 5122 quod
1941 5056 1988 5112 si

396 5128 818 5197 uniuscujusque
850 5132 1233 5203 proprietatem
1265 5137 1599 5205 consideres,
1630 5142 1679 5197 id
1710 5153 1796 5198 est
1822 5162 1984 5216 quam

396 5221 562 5274 virilis
585 5220 782 5280 vultus.
798 5238 956 5288 quam
984 5224 1170 5281 firmus
1189 5226 1452 5295 incessus.
1470 5241 1770 5304 cteteraque
1791 5238 1989 5307 quibus

397 5312 665 5365 individua
699 5314 1103 5375 conformantur
1125 5360 1139 5381 ,
1169 5329 1222 5374 et
1250 5315 1657 5391 quodammodo
1686 5328 1989 5400 depingun-

397 5411 482 5454 tur
503 5444 515 5464 ,
548 5401 660 5458 haec
690 5416 771 5458 est
795 5405 1092 5462 accidentis
1113 5412 1321 5477 species
1343 5413 1637 5475 secundum
1664 5432 1826 5485 quam
1855 5419 1991 5475 dici-

396 5509 516 5548 mus
556 5497 847 5565 quemlibet
893 5499 1044 5554 illum
1096 5502 1323 5573 imperio
1369 5520 1489 5567 esse
1537 5519 1720 5576 aptum
1773 5525 1994 5582 propter

399 5584 588 5639 formae
608 5587 857 5642 eximiam
882 5588 1234 5663 dignitatem;
1261 5592 1382 5648 huic
1412 5594 1571 5649 aliam
1601 5599 1849 5666 adjungit
1869 5618 1995 5672 spe-

399 5677 500 5731 ciei
534 5677 999 5746 signiﬁcationem,
1046 5681 1098 5736 id
1143 5691 1226 5737 est
1268 5699 1387 5737 eam
1431 5702 1591 5755 quam
1632 5694 1996 5758 supponimus

398 5770 769 5851 generi..Nos
814 5786 939 5825 vero
988 5772 1248 5847 triplicem
1297 5777 1497 5843 speciei
1546 5780 1993 5849 significationem

402 5872 522 5914 εε-›ο
550 5861 889 5929 subjtcimus,
919 5878 1080 5918 uuam
1111 5865 1325 5941 quidem
1366 5870 1769 5929 substantialem
1819 5879 1990 5946 quali-

2095 4762 2256 4817 debet
2281 4763 2585 4830 ostendere,
2608 4765 2731 4834 jure
2752 4781 2819 4823 ex
2839 4769 3099 4826 alterutro
3122 4772 3181 4826 fit
3209 4772 3504 4844 descriptio
3527 4776 3580 4830 iu
3609 4776 3691 4833 his

2096 4871 2216 4928 quae
2256 4857 2323 4913 ad
2358 4872 2419 4913 se
2452 4858 2680 4914 invicem
2714 4860 3041 4918 referuntur.
3077 4864 3216 4933 Ergo
3241 4867 3491 4936 quoniam
3524 4885 3691 4939 genus

2094 4951 2294 5020 speciei
2319 4966 2487 5021 genus
2510 4962 2612 5020 est,
2640 4964 2694 5009 et
2721 4954 3077 5012 substantiam
3102 4973 3254 5014 suam
3281 4971 3336 5016 et
3366 4963 3685 5019 vocabulum

2092 5057 2266 5112 genus
2291 5058 2323 5097 a
2351 5043 2531 5113 specie
2562 5045 2747 5109 sumit.
2782 5046 2835 5101 in
2878 5047 3205 5106 diffinitione
3233 5054 3449 5122 generis
3489 5055 3692 5124 speciei

2094 5148 2292 5189 nomen
2323 5134 2422 5213 fuit
2465 5134 2857 5193 advocandum.
2907 5139 3174 5205 Quoniam
3204 5157 3335 5198 vero
3378 5147 3589 5213 species
3642 5146 3695 5205 id

2093 5225 2237 5294 quod
2266 5236 2350 5281 est
2377 5227 2540 5283 sumit
2562 5242 2630 5284 ex
2658 5244 2880 5299 genere,
2917 5247 3114 5289 nomen
3157 5236 3371 5306 generis
3407 5238 3458 5291 in
3488 5237 3695 5294 descri-

2097 5318 2282 5389 ptione
2306 5320 2505 5391 speciei
2530 5337 2637 5378 non
2666 5319 2766 5378 fuit
2792 5324 3205 5396 relinquendum
3236 5346 3250 5382 :
3282 5330 3534 5400 quoniam
3558 5346 3692 5387 vero

2097 5410 2324 5467 diversa:
2362 5422 2487 5467 sunt
2525 5415 2832 5483 specierum
2873 5419 3190 5487 qualitates;
3228 5421 3350 5477 alia;
3393 5423 3537 5478 enim
3568 5435 3723 5505 sunt,

2099 5502 2329 5572 species,
2353 5517 2472 5573 quae
2493 5514 2545 5558 et
2564 5520 2771 5576 genera
2790 5522 2911 5564 esse
2934 5522 3187 5581 possunt;
3211 5514 3331 5569 aliae
3354 5530 3473 5586 qum
3503 5517 3555 5571 in
3580 5518 3695 5573 sola

2097 5595 2296 5665 speciei
2326 5600 2656 5669 proprietate
2683 5614 3017 5671 permanent,
3052 5621 3225 5677 neque
3248 5609 3302 5663 in
3324 5621 3569 5666 naturam
3596 5628 3693 5684 ge.

2099 5694 2249 5749 neris
2279 5701 2594 5762 transeunt,
2641 5696 2847 5755 idcirco
2871 5697 3222 5771 multiplicem
3252 5705 3453 5774 speciei
3484 5705 3692 5763 difflui-

2101 5788 2301 5844 tionetn
2330 5788 2481 5847 dedit
2502 5791 2693 5855 dicens
2721 5810 2737 5847 :

2170 5880 2448 5953 Assignant
2475 5900 2595 5956 ergo
2622 5896 2672 5941 et
2692 5888 2768 5943 sic
2791 5888 3009 5959 speciem
3048 5904 3064 5943 :
3102 5887 3315 5959 Species
3350 5902 3424 5948 est
3450 5909 3561 5960 qua
3600 5893 3698 5950 sub
