  <div class='ocr_page' id='page_1' title='image "/cluster/home/n/w/nwhite01/storage/ocr_20150623/64/hvd.32044024222309/058.png"; bbox 0 0 4106 6336; ppageno 0'>
   <div class='ocr_carea' id='block_1_1' title="bbox 346 324 445 379">
    <p class='ocr_par' dir='ltr' id='par_1_1' title="bbox 346 324 445 379">
     <span class='ocr_line' id='line_1_1' title="bbox 346 324 445 379; baseline -0.02 0"><span class='ocrx_word' id='word_1_1' title='bbox 346 324 445 379; x_wconf 65' lang='lat'><strong>{01</strong></span> 
     </span>
    </p>
   </div>
   <div class='ocr_carea' id='block_1_2' title="bbox 1159 283 2711 397">
    <p class='ocr_par' dir='ltr' id='par_1_2' title="bbox 1159 283 2711 397">
     <span class='ocr_line' id='line_1_2' title="bbox 1159 283 2711 397; baseline 0.004 -14"><span class='ocrx_word' id='word_1_2' title='bbox 1159 326 1230 383; x_wconf 82' lang='lat' dir='ltr'><strong>IN</strong></span> <span class='ocrx_word' id='word_1_3' title='bbox 1265 324 1714 397; x_wconf 71' lang='lat' dir='ltr'><strong>PORPHYBIUM</strong></span> <span class='ocrx_word' id='word_1_4' title='bbox 1756 283 2410 388; x_wconf 65' lang='lat' dir='ltr'><strong>COMbiENTARlORUM</strong></span> <span class='ocrx_word' id='word_1_5' title='bbox 2447 327 2581 389; x_wconf 69' lang='grc' dir='ltr'><strong>ΠΒ.</strong></span> <span class='ocrx_word' id='word_1_6' title='bbox 2621 329 2711 390; x_wconf 83' lang='lat' dir='ltr'><strong>Ill.</strong></span> 
     </span>
    </p>
   </div>
   <div class='ocr_carea' id='block_1_3' title="bbox 3466 341 3627 398">
    <p class='ocr_par' dir='ltr' id='par_1_3' title="bbox 3466 341 3627 398">
     <span class='ocr_line' id='line_1_3' title="bbox 3466 341 3627 398; baseline 0.031 -5"><span class='ocrx_word' id='word_1_7' title='bbox 3466 341 3627 398; x_wconf 71' lang='grc' dir='ltr'><strong>,ιω</strong></span> 
     </span>
    </p>
   </div>
   <div class='ocr_carea' id='block_1_4' title="bbox 332 439 3632 522">
    <p class='ocr_par' dir='ltr' id='par_1_4' title="bbox 332 439 3632 522">
     <span class='ocr_line' id='line_1_4' title="bbox 332 439 3632 522; baseline 0.003 -24"><span class='ocrx_word' id='word_1_8' title='bbox 332 441 594 511; x_wconf 83' lang='lat' dir='ltr'><strong>assignato</strong></span> <span class='ocrx_word' id='word_1_9' title='bbox 620 456 804 514; x_wconf 81' lang='lat' dir='ltr'><strong><em>genere</em></strong></span> <span class='ocrx_word' id='word_1_10' title='bbox 827 439 1055 513; x_wconf 82' lang='lat' dir='ltr'><strong>ponitur,</strong></span> <span class='ocrx_word' id='word_1_11' title='bbox 1082 448 1128 495; x_wconf 88' lang='lat' dir='ltr'><strong>et</strong></span> <span class='ocrx_word' id='word_1_12' title='bbox 1170 442 1231 498; x_wconf 88' lang='lat' dir='ltr'><strong>de</strong></span> <span class='ocrx_word' id='word_1_13' title='bbox 1269 459 1371 515; x_wconf 90' lang='lat' dir='ltr'><strong>qua</strong></span> <span class='ocrx_word' id='word_1_14' title='bbox 1410 459 1568 515; x_wconf 85' lang='lat' dir='ltr'><strong>genus</strong></span> <span class='ocrx_word' id='word_1_15' title='bbox 1606 445 1660 498; x_wconf 89' lang='lat' dir='ltr'><strong>in</strong></span> <span class='ocrx_word' id='word_1_16' title='bbox 1696 460 1755 498; x_wconf 89' lang='lat' dir='ltr'><strong>eo</strong></span> <span class='ocrx_word' id='word_1_17' title='bbox 1790 444 1928 516; x_wconf 87' lang='lat' dir='ltr'><strong>quod</strong></span> <span class='ocrx_word' id='word_1_18' title='bbox 1958 452 2014 509; x_wconf 75' lang='grc' dir='ltr'><strong>Α</strong></span> <span class='ocrx_word' id='word_1_19' title='bbox 2033 441 2476 512; x_wconf 85' lang='lat' dir='ltr'><strong>specialissimum,</strong></span> <span class='ocrx_word' id='word_1_20' title='bbox 2508 445 2614 499; x_wconf 89' lang='lat' dir='ltr'><strong>alia</strong></span> <span class='ocrx_word' id='word_1_21' title='bbox 2638 453 2756 501; x_wconf 87' lang='lat' dir='ltr'><strong>sunt</strong></span> <span class='ocrx_word' id='word_1_22' title='bbox 2780 463 2895 519; x_wconf 70' lang='lat' dir='ltr'><strong>qua:</strong></span> <span class='ocrx_word' id='word_1_23' title='bbox 2919 459 2968 515; x_wconf 85' lang='lat' dir='ltr'><strong>et</strong></span> <span class='ocrx_word' id='word_1_24' title='bbox 2989 465 3176 522; x_wconf 85' lang='lat' dir='ltr'><strong>genera</strong></span> <span class='ocrx_word' id='word_1_25' title='bbox 3201 457 3253 505; x_wconf 90' lang='lat' dir='ltr'><strong>et</strong></span> <span class='ocrx_word' id='word_1_26' title='bbox 3282 451 3480 522; x_wconf 87' lang='lat' dir='ltr'><strong>species</strong></span> <span class='ocrx_word' id='word_1_27' title='bbox 3507 462 3632 509; x_wconf 87' lang='lat' dir='ltr'><strong>sunt</strong></span> 
     </span>
    </p>
   </div>
   <div class='ocr_carea' id='block_1_5' title="bbox 330 533 1932 608">
    <p class='ocr_par' dir='ltr' id='par_1_5' title="bbox 330 533 1932 608">
     <span class='ocr_line' id='line_1_5' title="bbox 330 533 1932 608; baseline 0.002 -21"><span class='ocrx_word' id='word_1_28' title='bbox 330 533 459 603; x_wconf 88' lang='lat' dir='ltr'><strong>quid</strong></span> <span class='ocrx_word' id='word_1_29' title='bbox 479 535 545 588; x_wconf 86' lang='lat' dir='ltr'><strong>sit</strong></span> <span class='ocrx_word' id='word_1_30' title='bbox 576 534 910 602; x_wconf 72' lang='lat' dir='ltr'><strong>pra&#39;dicatur.</strong></span> <span class='ocrx_word' id='word_1_31' title='bbox 930 534 1165 605; x_wconf 76' lang='lat' dir='ltr'><strong>Amplius</strong></span> <span class='ocrx_word' id='word_1_32' title='bbox 1190 544 1355 588; x_wconf 89' lang='lat' dir='ltr'><strong>autem</strong></span> <span class='ocrx_word' id='word_1_33' title='bbox 1372 536 1445 588; x_wconf 87' lang='lat' dir='ltr'><strong>sic</strong></span> <span class='ocrx_word' id='word_1_34' title='bbox 1470 553 1672 607; x_wconf 88' lang='lat' dir='ltr'><strong>quoque</strong></span> <span class='ocrx_word' id='word_1_35' title='bbox 1694 552 1712 590; x_wconf 92' lang='lat'><strong><em>:</em></strong></span> <span class='ocrx_word' id='word_1_36' title='bbox 1742 538 1932 608; x_wconf 77' lang='lat' dir='ltr'><strong>species</strong></span> 
     </span>
    </p>
   </div>
   <div class='ocr_carea' id='block_1_6' title="bbox 329 624 1934 696">
    <p class='ocr_par' dir='ltr' id='par_1_6' title="bbox 329 624 1934 696">
     <span class='ocr_line' id='line_1_6' title="bbox 329 624 1934 696; baseline 0.002 -17"><span class='ocrx_word' id='word_1_37' title='bbox 329 635 404 680; x_wconf 86' lang='lat' dir='ltr'><strong>est</strong></span> <span class='ocrx_word' id='word_1_38' title='bbox 428 640 544 694; x_wconf 70' lang='lat' dir='ltr'><strong>quae</strong></span> <span class='ocrx_word' id='word_1_39' title='bbox 569 626 632 677; x_wconf 85' lang='lat' dir='ltr'><strong>de</strong></span> <span class='ocrx_word' id='word_1_40' title='bbox 663 624 892 687; x_wconf 75' lang='lat' dir='ltr'><strong>pluribus</strong></span> <span class='ocrx_word' id='word_1_41' title='bbox 913 635 959 678; x_wconf 88' lang='lat' dir='ltr'><strong>et</strong></span> <span class='ocrx_word' id='word_1_42' title='bbox 982 624 1336 693; x_wconf 74' lang='lat' dir='ltr'><strong>differentibus</strong></span> <span class='ocrx_word' id='word_1_43' title='bbox 1365 643 1577 681; x_wconf 88' lang='lat' dir='ltr'><strong>numero</strong></span> <span class='ocrx_word' id='word_1_44' title='bbox 1628 628 1682 681; x_wconf 89' lang='lat' dir='ltr'><strong>in</strong></span> <span class='ocrx_word' id='word_1_45' title='bbox 1708 644 1766 682; x_wconf 89' lang='lat' dir='ltr'><strong>eo</strong></span> <span class='ocrx_word' id='word_1_46' title='bbox 1794 630 1934 696; x_wconf 85' lang='lat' dir='ltr'><strong>quod</strong></span> 
     </span>
    </p>
   </div>
   <div class='ocr_carea' id='block_1_7' title="bbox 328 716 1934 791">
    <p class='ocr_par' dir='ltr' id='par_1_7' title="bbox 328 716 1934 791">
     <span class='ocr_line' id='line_1_7' title="bbox 328 716 1934 791; baseline 0.003 -21"><span class='ocrx_word' id='word_1_47' title='bbox 328 718 456 783; x_wconf 87' lang='lat' dir='ltr'><strong>quid</strong></span> <span class='ocrx_word' id='word_1_48' title='bbox 482 716 548 770; x_wconf 86' lang='lat' dir='ltr'><strong>sit</strong></span> <span class='ocrx_word' id='word_1_49' title='bbox 574 718 885 787; x_wconf 70' lang='lat' dir='ltr'><strong>praedicatur</strong></span> <span class='ocrx_word' id='word_1_50' title='bbox 906 734 925 781; x_wconf 88' lang='lat'><strong><em>;</em></strong></span> <span class='ocrx_word' id='word_1_51' title='bbox 950 716 1040 772; x_wconf 87' lang='lat' dir='ltr'><strong>sed</strong></span> <span class='ocrx_word' id='word_1_52' title='bbox 1064 717 1172 771; x_wconf 79' lang='lat' dir='ltr'><strong>hwc</strong></span> <span class='ocrx_word' id='word_1_53' title='bbox 1199 719 1404 788; x_wconf 71' lang='lat' dir='ltr'><strong>quidem</strong></span> <span class='ocrx_word' id='word_1_54' title='bbox 1428 720 1707 791; x_wconf 85' lang='lat' dir='ltr'><strong>assignatio</strong></span> <span class='ocrx_word' id='word_1_55' title='bbox 1734 722 1934 791; x_wconf 85' lang='lat' dir='ltr'><strong>specia-</strong></span> 
     </span>
    </p>
   </div>
   <div class='ocr_carea' id='block_1_8' title="bbox 328 812 1931 883">
    <p class='ocr_par' dir='ltr' id='par_1_8' title="bbox 328 812 1931 883">
     <span class='ocr_line' id='line_1_8' title="bbox 328 812 1931 883; baseline 0.002 -17"><span class='ocrx_word' id='word_1_56' title='bbox 328 813 524 866; x_wconf 84' lang='lat' dir='ltr'><strong>lissima</strong></span> <span class='ocrx_word' id='word_1_57' title='bbox 551 820 663 876; x_wconf 87' lang='lat' dir='ltr'><strong>est,</strong></span> <span class='ocrx_word' id='word_1_58' title='bbox 695 820 740 864; x_wconf 89' lang='lat' dir='ltr'><strong>et</strong></span> <span class='ocrx_word' id='word_1_59' title='bbox 770 812 882 876; x_wconf 87' lang='lat' dir='ltr'><strong>eius</strong></span> <span class='ocrx_word' id='word_1_60' title='bbox 912 827 1023 880; x_wconf 71' lang='lat' dir='ltr'><strong>qua:</strong></span> <span class='ocrx_word' id='word_1_61' title='bbox 1052 812 1217 866; x_wconf 91' lang='lat' dir='ltr'><strong>solum</strong></span> <span class='ocrx_word' id='word_1_62' title='bbox 1257 814 1446 883; x_wconf 75' lang='lat' dir='ltr'><strong>species</strong></span> <span class='ocrx_word' id='word_1_63' title='bbox 1488 824 1583 876; x_wconf 90' lang='lat' dir='ltr'><strong>est,</strong></span> <span class='ocrx_word' id='word_1_64' title='bbox 1633 831 1736 869; x_wconf 88' lang='lat' dir='ltr'><strong>non</strong></span> <span class='ocrx_word' id='word_1_65' title='bbox 1777 817 1931 869; x_wconf 86' lang='lat' dir='ltr'><strong>etiam</strong></span> 
     </span>
    </p>
   </div>
   <div class='ocr_carea' id='block_1_9' title="bbox 331 900 1929 979">
    <p class='ocr_par' dir='ltr' id='par_1_9' title="bbox 331 900 1929 979">
     <span class='ocr_line' id='line_1_9' title="bbox 331 900 1929 979; baseline 0.001 -20"><span class='ocrx_word' id='word_1_66' title='bbox 331 920 532 976; x_wconf 83' lang='lat' dir='ltr'><strong>genus;</strong></span> <span class='ocrx_word' id='word_1_67' title='bbox 558 904 676 958; x_wconf 71' lang='lat' dir='ltr'><strong>alia:</strong></span> <span class='ocrx_word' id='word_1_68' title='bbox 702 919 820 957; x_wconf 80' lang='lat' dir='ltr'><strong>vero</strong></span> <span class='ocrx_word' id='word_1_69' title='bbox 847 912 897 957; x_wconf 90' lang='lat' dir='ltr'><strong>et</strong></span> <span class='ocrx_word' id='word_1_70' title='bbox 928 920 1029 958; x_wconf 91' lang='lat' dir='ltr'><strong>non</strong></span> <span class='ocrx_word' id='word_1_71' title='bbox 1055 900 1540 975; x_wconf 84' lang='lat' dir='ltr'><strong>specialissimarum</strong></span> <span class='ocrx_word' id='word_1_72' title='bbox 1569 923 1674 961; x_wconf 86' lang='lat' dir='ltr'><strong>esse</strong></span> <span class='ocrx_word' id='word_1_73' title='bbox 1692 918 1929 979; x_wconf 65' lang='lat' dir='ltr'><strong>possunt,</strong></span> 
     </span>
    </p>
   </div>
   <div class='ocr_carea' id='block_1_10' title="bbox 403 998 1927 1073">
    <p class='ocr_par' dir='ltr' id='par_1_10' title="bbox 403 998 1927 1073">
     <span class='ocr_line' id='line_1_10' title="bbox 403 998 1927 1073; baseline 0.002 -19"><span class='ocrx_word' id='word_1_74' title='bbox 403 998 595 1055; x_wconf 85' lang='lat' dir='ltr'><strong>Tribus</strong></span> <span class='ocrx_word' id='word_1_75' title='bbox 615 999 849 1068; x_wconf 82' lang='lat' dir='ltr'><strong>speciem</strong></span> <span class='ocrx_word' id='word_1_76' title='bbox 877 998 1288 1054; x_wconf 82' lang='lat' dir='ltr'><strong>diflinitionibus</strong></span> <span class='ocrx_word' id='word_1_77' title='bbox 1321 1000 1658 1071; x_wconf 85' lang='lat' dir='ltr'><strong>informavit,</strong></span> <span class='ocrx_word' id='word_1_78' title='bbox 1695 1018 1927 1073; x_wconf 90' lang='lat' dir='ltr'><strong>quarum</strong></span> 
     </span>
    </p>
   </div>
   <div class='ocr_carea' id='block_1_11' title="bbox 330 1091 1985 1167">
    <p class='ocr_par' dir='ltr' id='par_1_11' title="bbox 330 1091 1985 1167">
     <span class='ocr_line' id='line_1_11' title="bbox 330 1091 1985 1167; baseline 0.002 -19"><span class='ocrx_word' id='word_1_79' title='bbox 330 1092 547 1165; x_wconf 85' lang='lat' dir='ltr'><strong>quidem</strong></span> <span class='ocrx_word' id='word_1_80' title='bbox 574 1091 695 1148; x_wconf 74' lang='lat' dir='ltr'><strong>dua:</strong></span> <span class='ocrx_word' id='word_1_81' title='bbox 716 1093 862 1148; x_wconf 91' lang='lat' dir='ltr'><strong>omni</strong></span> <span class='ocrx_word' id='word_1_82' title='bbox 890 1093 1092 1162; x_wconf 80' lang='lat' dir='ltr'><strong>speciei</strong></span> <span class='ocrx_word' id='word_1_83' title='bbox 1120 1094 1464 1159; x_wconf 79' lang='lat' dir='ltr'><strong>conveniunt,</strong></span> <span class='ocrx_word' id='word_1_84' title='bbox 1490 1109 1787 1166; x_wconf 87' lang='lat' dir='ltr'><strong>omnesque</strong></span> <span class='ocrx_word' id='word_1_85' title='bbox 1807 1110 1929 1167; x_wconf 65' lang='lat' dir='ltr'><strong>quae</strong></span> <span class='ocrx_word' id='word_1_86' title='bbox 1978 1148 1985 1158; x_wconf 22' lang='grc' dir='ltr'><em>ζ</em></span> 
     </span>
    </p>
   </div>
   <div class='ocr_carea' id='block_1_12' title="bbox 328 1180 1989 1256">
    <p class='ocr_par' dir='ltr' id='par_1_12' title="bbox 328 1180 1989 1256">
     <span class='ocr_line' id='line_1_12' title="bbox 328 1180 1989 1256; baseline 0.002 -17"><span class='ocrx_word' id='word_1_87' title='bbox 328 1180 569 1255; x_wconf 83' lang='lat' dir='ltr'><strong>quolibet</strong></span> <span class='ocrx_word' id='word_1_88' title='bbox 607 1185 766 1240; x_wconf 93' lang='lat' dir='ltr'><strong>modo</strong></span> <span class='ocrx_word' id='word_1_89' title='bbox 809 1186 1019 1254; x_wconf 84' lang='lat' dir='ltr'><strong>species</strong></span> <span class='ocrx_word' id='word_1_90' title='bbox 1061 1187 1400 1256; x_wconf 80' lang='lat' dir='ltr'><strong>appellantur</strong></span> <span class='ocrx_word' id='word_1_91' title='bbox 1441 1201 1537 1241; x_wconf 87' lang='lat' dir='ltr'><strong>sua</strong></span> <span class='ocrx_word' id='word_1_92' title='bbox 1583 1187 1929 1244; x_wconf 88' lang='lat' dir='ltr'><strong>conclusione</strong></span> <span class='ocrx_word' id='word_1_93' title='bbox 1980 1244 1989 1249; x_wconf 91' lang='lat'><strong><em>_</em></strong></span> 
     </span>
    </p>
   </div>
   <div class='ocr_carea' id='block_1_13' title="bbox 322 1275 1928 1333">
    <p class='ocr_par' dir='ltr' id='par_1_13' title="bbox 322 1275 1928 1333">
     <span class='ocr_line' id='line_1_13' title="bbox 322 1275 1928 1333; baseline 0.001 -1"><span class='ocrx_word' id='word_1_94' title='bbox 322 1277 710 1332; x_wconf 89' lang='lat' dir='ltr'><strong>determinant.</strong></span> <span class='ocrx_word' id='word_1_95' title='bbox 733 1275 913 1331; x_wconf 90' lang='lat' dir='ltr'><strong>Tertia</strong></span> <span class='ocrx_word' id='word_1_96' title='bbox 937 1293 1065 1331; x_wconf 84' lang='lat' dir='ltr'><strong>vero</strong></span> <span class='ocrx_word' id='word_1_97' title='bbox 1091 1292 1196 1331; x_wconf 91' lang='lat' dir='ltr'><strong>non</strong></span> <span class='ocrx_word' id='word_1_98' title='bbox 1222 1277 1295 1331; x_wconf 93' lang='lat' dir='ltr'><strong>ita</strong></span> <span class='ocrx_word' id='word_1_99' title='bbox 1324 1295 1336 1330; x_wconf 86' lang='lat'><strong>:</strong></span> <span class='ocrx_word' id='word_1_100' title='bbox 1366 1293 1488 1332; x_wconf 91' lang='lat' dir='ltr'><strong>cum</strong></span> <span class='ocrx_word' id='word_1_101' title='bbox 1510 1278 1652 1333; x_wconf 89' lang='lat' dir='ltr'><strong>enim</strong></span> <span class='ocrx_word' id='word_1_102' title='bbox 1677 1278 1799 1333; x_wconf 72' lang='lat' dir='ltr'><strong>dua:</strong></span> <span class='ocrx_word' id='word_1_103' title='bbox 1820 1279 1928 1333; x_wconf 90' lang='lat' dir='ltr'><strong>sint</strong></span> 
     </span>
    </p>
   </div>
   <div class='ocr_carea' id='block_1_14' title="bbox 323 1369 1985 1445">
    <p class='ocr_par' dir='ltr' id='par_1_14' title="bbox 323 1369 1985 1445">
     <span class='ocr_line' id='line_1_14' title="bbox 323 1369 1985 1445; baseline 0.001 -20"><span class='ocrx_word' id='word_1_104' title='bbox 323 1370 635 1440; x_wconf 86' lang='lat' dir='ltr'><strong>specierum</strong></span> <span class='ocrx_word' id='word_1_105' title='bbox 678 1369 888 1434; x_wconf 76' lang='lat' dir='ltr'><strong>formae,</strong></span> <span class='ocrx_word' id='word_1_106' title='bbox 926 1385 1028 1423; x_wconf 93' lang='lat' dir='ltr'><strong>una</strong></span> <span class='ocrx_word' id='word_1_107' title='bbox 1059 1370 1277 1440; x_wconf 72' lang='lat' dir='ltr'><strong>quidem</strong></span> <span class='ocrx_word' id='word_1_108' title='bbox 1307 1384 1427 1424; x_wconf 94' lang='lat' dir='ltr'><strong>cum</strong></span> <span class='ocrx_word' id='word_1_109' title='bbox 1457 1371 1664 1441; x_wconf 82' lang='lat' dir='ltr'><strong>species</strong></span> <span class='ocrx_word' id='word_1_110' title='bbox 1697 1371 1925 1441; x_wconf 86' lang='lat' dir='ltr'><strong>alicujus</strong></span> <span class='ocrx_word' id='word_1_111' title='bbox 1982 1424 1985 1445; x_wconf 13' lang='grc' dir='ltr'>ζ</span> 
     </span>
    </p>
   </div>
   <div class='ocr_carea' id='block_1_15' title="bbox 319 1460 1987 1532">
    <p class='ocr_par' dir='ltr' id='par_1_15' title="bbox 319 1460 1987 1532">
     <span class='ocr_line' id='line_1_15' title="bbox 319 1460 1987 1532; baseline 0.001 -17"><span class='ocrx_word' id='word_1_112' title='bbox 319 1460 615 1531; x_wconf 84' lang='lat' dir='ltr'><strong>aliquando</strong></span> <span class='ocrx_word' id='word_1_113' title='bbox 656 1461 817 1515; x_wconf 89' lang='lat' dir='ltr'><strong>etiam</strong></span> <span class='ocrx_word' id='word_1_114' title='bbox 858 1460 1079 1516; x_wconf 74' lang='lat' dir='ltr'><strong>alterius</strong></span> <span class='ocrx_word' id='word_1_115' title='bbox 1118 1476 1287 1532; x_wconf 86' lang='lat' dir='ltr'><strong>genus</strong></span> <span class='ocrx_word' id='word_1_116' title='bbox 1331 1477 1453 1517; x_wconf 90' lang='lat' dir='ltr'><strong>esse</strong></span> <span class='ocrx_word' id='word_1_117' title='bbox 1496 1473 1707 1529; x_wconf 89' lang='lat' dir='ltr'><strong>potest;</strong></span> <span class='ocrx_word' id='word_1_118' title='bbox 1757 1463 1921 1518; x_wconf 90' lang='lat' dir='ltr'><strong>altera</strong></span> <span class='ocrx_word' id='word_1_119' title='bbox 1982 1520 1987 1523; x_wconf 58' lang='grc'><strong>,</strong></span> 
     </span>
    </p>
   </div>
   <div class='ocr_carea' id='block_1_16' title="bbox 317 1549 1922 1625">
    <p class='ocr_par' dir='ltr' id='par_1_16' title="bbox 317 1549 1922 1625">
     <span class='ocr_line' id='line_1_16' title="bbox 317 1549 1922 1625; baseline 0.002 -18"><span class='ocrx_word' id='word_1_120' title='bbox 317 1565 446 1607; x_wconf 83' lang='lat' dir='ltr'><strong>cum</strong></span> <span class='ocrx_word' id='word_1_121' title='bbox 473 1549 679 1607; x_wconf 83' lang='lat' dir='ltr'><strong>ta‘ntum</strong></span> <span class='ocrx_word' id='word_1_122' title='bbox 711 1554 921 1622; x_wconf 86' lang='lat' dir='ltr'><strong>species</strong></span> <span class='ocrx_word' id='word_1_123' title='bbox 947 1563 1051 1617; x_wconf 89' lang='lat' dir='ltr'><strong>est,</strong></span> <span class='ocrx_word' id='word_1_124' title='bbox 1098 1569 1273 1622; x_wconf 88' lang='lat' dir='ltr'><strong>neque</strong></span> <span class='ocrx_word' id='word_1_125' title='bbox 1324 1554 1374 1607; x_wconf 91' lang='lat' dir='ltr'><strong>in</strong></span> <span class='ocrx_word' id='word_1_126' title='bbox 1432 1554 1659 1609; x_wconf 81' lang='lat' dir='ltr'><strong>formam</strong></span> <span class='ocrx_word' id='word_1_127' title='bbox 1707 1557 1922 1625; x_wconf 79' lang='lat' dir='ltr'><strong>generis</strong></span> 
     </span>
    </p>
   </div>
   <div class='ocr_carea' id='block_1_17' title="bbox 282 1645 1991 1719">
    <p class='ocr_par' dir='ltr' id='par_1_17' title="bbox 282 1645 1991 1719">
     <span class='ocr_line' id='line_1_17' title="bbox 282 1645 1991 1719; baseline 0.005 -21"><span class='ocrx_word' id='word_1_128' title='bbox 282 1706 299 1713; x_wconf 28' lang='grc' dir='ltr'>μ</span> <span class='ocrx_word' id='word_1_129' title='bbox 323 1645 540 1700; x_wconf 86' lang='lat' dir='ltr'><strong>transit.</strong></span> <span class='ocrx_word' id='word_1_130' title='bbox 566 1645 779 1699; x_wconf 88' lang='lat' dir='ltr'><strong>Priores</strong></span> <span class='ocrx_word' id='word_1_131' title='bbox 806 1645 947 1711; x_wconf 79' lang='lat' dir='ltr'><strong>date,</strong></span> <span class='ocrx_word' id='word_1_132' title='bbox 976 1646 1064 1700; x_wconf 87' lang='lat' dir='ltr'><strong>illa</strong></span> <span class='ocrx_word' id='word_1_133' title='bbox 1090 1648 1296 1702; x_wconf 77' lang='lat' dir='ltr'><strong>scilicet</strong></span> <span class='ocrx_word' id='word_1_134' title='bbox 1324 1648 1375 1701; x_wconf 92' lang='lat' dir='ltr'><strong>in</strong></span> <span class='ocrx_word' id='word_1_135' title='bbox 1403 1663 1506 1719; x_wconf 89' lang='lat' dir='ltr'><strong>qna</strong></span> <span class='ocrx_word' id='word_1_136' title='bbox 1537 1650 1734 1703; x_wconf 90' lang='lat' dir='ltr'><strong>dictum</strong></span> <span class='ocrx_word' id='word_1_137' title='bbox 1759 1660 1839 1704; x_wconf 90' lang='lat' dir='ltr'><strong>est</strong></span> <span class='ocrx_word' id='word_1_138' title='bbox 1867 1651 1918 1704; x_wconf 90' lang='lat' dir='ltr'><strong>id</strong></span> <span class='ocrx_word' id='word_1_139' title='bbox 1988 1702 1991 1707; x_wconf 39' lang='grc' dir='ltr'><strong><em>λ</em></strong></span> 
     </span>
    </p>
   </div>
   <div class='ocr_carea' id='block_1_18' title="bbox 327 1735 1987 1808">
    <p class='ocr_par' dir='ltr' id='par_1_18' title="bbox 327 1735 1987 1808">
     <span class='ocr_line' id='line_1_18' title="bbox 327 1735 1987 1808; baseline 0.004 -19"><span class='ocrx_word' id='word_1_140' title='bbox 327 1748 452 1789; x_wconf 87' lang='lat' dir='ltr'><strong>esse</strong></span> <span class='ocrx_word' id='word_1_141' title='bbox 482 1735 714 1805; x_wconf 90' lang='lat' dir='ltr'><strong>speciem</strong></span> <span class='ocrx_word' id='word_1_142' title='bbox 748 1736 884 1807; x_wconf 91' lang='lat' dir='ltr'><strong>quod</strong></span> <span class='ocrx_word' id='word_1_143' title='bbox 919 1736 1019 1791; x_wconf 91' lang='lat' dir='ltr'><strong>sub</strong></span> <span class='ocrx_word' id='word_1_144' title='bbox 1046 1752 1247 1807; x_wconf 90' lang='lat' dir='ltr'><strong>genere</strong></span> <span class='ocrx_word' id='word_1_145' title='bbox 1272 1740 1489 1808; x_wconf 78' lang='lat' dir='ltr'><strong>ponitur</strong></span> <span class='ocrx_word' id='word_1_146' title='bbox 1514 1785 1527 1808; x_wconf 89' lang='lat'><strong>,</strong></span> <span class='ocrx_word' id='word_1_147' title='bbox 1574 1750 1627 1795; x_wconf 88' lang='lat' dir='ltr'><strong>et</strong></span> <span class='ocrx_word' id='word_1_148' title='bbox 1654 1756 1840 1795; x_wconf 83' lang='lat' dir='ltr'><strong>rursus</strong></span> <span class='ocrx_word' id='word_1_149' title='bbox 1864 1742 1915 1796; x_wconf 93' lang='lat' dir='ltr'><strong>in</strong></span> <span class='ocrx_word' id='word_1_150' title='bbox 1980 1804 1987 1807; x_wconf 90' lang='lat'><em>_</em></span> 
     </span>
    </p>
   </div>
   <div class='ocr_carea' id='block_1_19' title="bbox 323 1827 1999 1901">
    <p class='ocr_par' dir='ltr' id='par_1_19' title="bbox 323 1827 1999 1901">
     <span class='ocr_line' id='line_1_19' title="bbox 323 1827 1999 1901; baseline 0.005 -20"><span class='ocrx_word' id='word_1_151' title='bbox 323 1842 428 1897; x_wconf 88' lang='lat' dir='ltr'><strong>qua</strong></span> <span class='ocrx_word' id='word_1_152' title='bbox 458 1827 657 1882; x_wconf 91' lang='lat' dir='ltr'><strong>dictum</strong></span> <span class='ocrx_word' id='word_1_153' title='bbox 686 1838 764 1883; x_wconf 90' lang='lat' dir='ltr'><strong>est</strong></span> <span class='ocrx_word' id='word_1_154' title='bbox 802 1828 850 1881; x_wconf 91' lang='lat' dir='ltr'><strong>id</strong></span> <span class='ocrx_word' id='word_1_155' title='bbox 890 1842 1011 1883; x_wconf 90' lang='lat' dir='ltr'><strong>esse</strong></span> <span class='ocrx_word' id='word_1_156' title='bbox 1041 1830 1275 1898; x_wconf 87' lang='lat' dir='ltr'><strong>speciem</strong></span> <span class='ocrx_word' id='word_1_157' title='bbox 1317 1830 1381 1885; x_wconf 91' lang='lat' dir='ltr'><strong>de</strong></span> <span class='ocrx_word' id='word_1_158' title='bbox 1407 1846 1509 1901; x_wconf 87' lang='lat' dir='ltr'><strong>qua</strong></span> <span class='ocrx_word' id='word_1_159' title='bbox 1556 1847 1725 1901; x_wconf 87' lang='lat' dir='ltr'><strong>genus</strong></span> <span class='ocrx_word' id='word_1_160' title='bbox 1755 1834 1807 1887; x_wconf 92' lang='lat' dir='ltr'><strong>in</strong></span> <span class='ocrx_word' id='word_1_161' title='bbox 1854 1848 1921 1889; x_wconf 90' lang='lat' dir='ltr'><strong>eo</strong></span> <span class='ocrx_word' id='word_1_162' title='bbox 1948 1833 1999 1895; x_wconf 89' lang='lat' dir='ltr'><strong>B</strong></span> 
     </span>
    </p>
   </div>
   <div class='ocr_carea' id='block_1_20' title="bbox 278 1908 1915 1993">
    <p class='ocr_par' dir='ltr' id='par_1_20' title="bbox 278 1908 1915 1993">
     <span class='ocr_line' id='line_1_20' title="bbox 278 1908 1915 1993; baseline 0.005 -21"><span class='ocrx_word' id='word_1_163' title='bbox 278 1908 283 1917; x_wconf 78' lang='grc'><em>’</em></span> <span class='ocrx_word' id='word_1_164' title='bbox 320 1918 467 1989; x_wconf 91' lang='lat' dir='ltr'><strong>quod</strong></span> <span class='ocrx_word' id='word_1_165' title='bbox 494 1919 619 1989; x_wconf 89' lang='lat' dir='ltr'><strong>quid</strong></span> <span class='ocrx_word' id='word_1_166' title='bbox 650 1922 723 1977; x_wconf 88' lang='lat' dir='ltr'><strong>sit</strong></span> <span class='ocrx_word' id='word_1_167' title='bbox 760 1920 1104 1991; x_wconf 72' lang='lat' dir='ltr'><strong>praedicetur,</strong></span> <span class='ocrx_word' id='word_1_168' title='bbox 1145 1923 1291 1976; x_wconf 92' lang='lat' dir='ltr'><strong>omni</strong></span> <span class='ocrx_word' id='word_1_169' title='bbox 1333 1925 1534 1993; x_wconf 88' lang='lat' dir='ltr'><strong>speciei</strong></span> <span class='ocrx_word' id='word_1_170' title='bbox 1567 1928 1915 1981; x_wconf 86' lang='lat' dir='ltr'><strong>conveniunt.</strong></span> 
     </span>
    </p>
   </div>
   <div class='ocr_carea' id='block_1_21' title="bbox 278 2000 1987 2090">
    <p class='ocr_par' dir='ltr' id='par_1_21' title="bbox 278 2000 1987 2090">
     <span class='ocr_line' id='line_1_21' title="bbox 278 2000 1987 2090; baseline 0.004 -24"><span class='ocrx_word' id='word_1_171' title='bbox 278 2000 285 2003; x_wconf 57' lang='grc'><strong>’</strong></span> <span class='ocrx_word' id='word_1_172' title='bbox 318 2009 376 2066; x_wconf 87' lang='lat' dir='ltr'><strong>ld</strong></span> <span class='ocrx_word' id='word_1_173' title='bbox 407 2012 550 2067; x_wconf 90' lang='lat' dir='ltr'><strong>enim</strong></span> <span class='ocrx_word' id='word_1_174' title='bbox 579 2022 785 2069; x_wconf 88' lang='lat' dir='ltr'><strong>tantum</strong></span> <span class='ocrx_word' id='word_1_175' title='bbox 820 2014 904 2068; x_wconf 75' lang='lat' dir='ltr'><strong>lue</strong></span> <span class='ocrx_word' id='word_1_176' title='bbox 930 2014 1282 2071; x_wconf 84' lang='lat' dir='ltr'><strong>dimnitiones</strong></span> <span class='ocrx_word' id='word_1_177' title='bbox 1308 2020 1789 2090; x_wconf 90' lang='lat' dir='ltr'><strong>monStrant,quod</strong></span> <span class='ocrx_word' id='word_1_178' title='bbox 1822 2019 1920 2073; x_wconf 88' lang='lat' dir='ltr'><strong>sub</strong></span> <span class='ocrx_word' id='word_1_179' title='bbox 1984 2077 1987 2080; x_wconf 8' lang='grc' dir='ltr'><em>ἠ</em></span> 
     </span>
    </p>
   </div>
   <div class='ocr_carea' id='block_1_22' title="bbox 318 2106 1917 2182">
    <p class='ocr_par' dir='ltr' id='par_1_22' title="bbox 318 2106 1917 2182">
     <span class='ocr_line' id='line_1_22' title="bbox 318 2106 1917 2182; baseline 0.006 -25"><span class='ocrx_word' id='word_1_180' title='bbox 318 2118 515 2174; x_wconf 88' lang='lat' dir='ltr'><strong>genere</strong></span> <span class='ocrx_word' id='word_1_181' title='bbox 537 2106 755 2172; x_wconf 89' lang='lat' dir='ltr'><strong>ponitur</strong></span> <span class='ocrx_word' id='word_1_182' title='bbox 779 2123 793 2159; x_wconf 88' lang='lat'><strong>:</strong></span> <span class='ocrx_word' id='word_1_183' title='bbox 818 2121 939 2160; x_wconf 88' lang='lat' dir='ltr'><strong>nam</strong></span> <span class='ocrx_word' id='word_1_184' title='bbox 968 2114 1023 2161; x_wconf 88' lang='lat' dir='ltr'><strong>et</strong></span> <span class='ocrx_word' id='word_1_185' title='bbox 1047 2122 1109 2162; x_wconf 86' lang='lat' dir='ltr'><strong>ea</strong></span> <span class='ocrx_word' id='word_1_186' title='bbox 1133 2123 1253 2174; x_wconf 78' lang='lat' dir='ltr'><strong>quze</strong></span> <span class='ocrx_word' id='word_1_187' title='bbox 1280 2107 1430 2175; x_wconf 88' lang='lat' dir='ltr'><strong>dicit,</strong></span> <span class='ocrx_word' id='word_1_188' title='bbox 1457 2108 1507 2162; x_wconf 91' lang='lat' dir='ltr'><strong>id</strong></span> <span class='ocrx_word' id='word_1_189' title='bbox 1536 2125 1655 2164; x_wconf 90' lang='lat' dir='ltr'><strong>esse</strong></span> <span class='ocrx_word' id='word_1_190' title='bbox 1684 2111 1917 2182; x_wconf 83' lang='lat' dir='ltr'><strong>Speciem</strong></span> 
     </span>
    </p>
   </div>
   <div class='ocr_carea' id='block_1_23' title="bbox 319 2198 1917 2273">
    <p class='ocr_par' dir='ltr' id='par_1_23' title="bbox 319 2198 1917 2273">
     <span class='ocr_line' id='line_1_23' title="bbox 319 2198 1917 2273; baseline 0.004 -21"><span class='ocrx_word' id='word_1_191' title='bbox 319 2198 461 2267; x_wconf 79' lang='lat' dir='ltr'><strong>quod</strong></span> <span class='ocrx_word' id='word_1_192' title='bbox 488 2200 587 2254; x_wconf 88' lang='lat' dir='ltr'><strong>sub</strong></span> <span class='ocrx_word' id='word_1_193' title='bbox 615 2215 814 2269; x_wconf 80' lang='lat' dir='ltr'><strong>genere</strong></span> <span class='ocrx_word' id='word_1_194' title='bbox 844 2200 1079 2270; x_wconf 86' lang='lat' dir='ltr'><strong>ponitur,</strong></span> <span class='ocrx_word' id='word_1_195' title='bbox 1118 2217 1239 2256; x_wconf 87' lang='lat' dir='ltr'><strong>eam</strong></span> <span class='ocrx_word' id='word_1_196' title='bbox 1267 2201 1373 2256; x_wconf 86' lang='lat' dir='ltr'><strong>vim</strong></span> <span class='ocrx_word' id='word_1_197' title='bbox 1408 2203 1671 2273; x_wconf 81' lang='lat' dir='ltr'><strong>Signiﬁcat</strong></span> <span class='ocrx_word' id='word_1_198' title='bbox 1697 2207 1917 2273; x_wconf 83' lang='lat' dir='ltr'><strong>speciei,</strong></span> 
     </span>
    </p>
   </div>
   <div class='ocr_carea' id='block_1_24' title="bbox 320 2290 1919 2367">
    <p class='ocr_par' dir='ltr' id='par_1_24' title="bbox 320 2290 1919 2367">
     <span class='ocr_line' id='line_1_24' title="bbox 320 2290 1919 2367; baseline 0.004 -21"><span class='ocrx_word' id='word_1_199' title='bbox 320 2306 425 2361; x_wconf 87' lang='lat' dir='ltr'><strong>qua</strong></span> <span class='ocrx_word' id='word_1_200' title='bbox 449 2290 679 2347; x_wconf 79' lang='lat' dir='ltr'><strong>refertur</strong></span> <span class='ocrx_word' id='word_1_201' title='bbox 702 2293 765 2345; x_wconf 93' lang='lat' dir='ltr'><strong>ad</strong></span> <span class='ocrx_word' id='word_1_202' title='bbox 789 2307 990 2364; x_wconf 89' lang='lat' dir='ltr'><strong>genus;</strong></span> <span class='ocrx_word' id='word_1_203' title='bbox 1010 2304 1066 2349; x_wconf 87' lang='lat' dir='ltr'><strong>et</strong></span> <span class='ocrx_word' id='word_1_204' title='bbox 1087 2308 1147 2349; x_wconf 90' lang='lat' dir='ltr'><strong>ea</strong></span> <span class='ocrx_word' id='word_1_205' title='bbox 1161 2310 1281 2365; x_wconf 75' lang='lat' dir='ltr'><strong>qua:</strong></span> <span class='ocrx_word' id='word_1_206' title='bbox 1303 2296 1454 2363; x_wconf 83' lang='lat' dir='ltr'><strong>dicit,</strong></span> <span class='ocrx_word' id='word_1_207' title='bbox 1472 2296 1521 2350; x_wconf 93' lang='lat' dir='ltr'><strong>id</strong></span> <span class='ocrx_word' id='word_1_208' title='bbox 1546 2292 1663 2351; x_wconf 84' lang='lat' dir='ltr'><strong>esSe</strong></span> <span class='ocrx_word' id='word_1_209' title='bbox 1682 2299 1919 2367; x_wconf 88' lang='lat' dir='ltr'><strong>speciem</strong></span> 
     </span>
    </p>
   </div>
   <div class='ocr_carea' id='block_1_25' title="bbox 319 2385 1917 2459">
    <p class='ocr_par' dir='ltr' id='par_1_25' title="bbox 319 2385 1917 2459">
     <span class='ocr_line' id='line_1_25' title="bbox 319 2385 1917 2459; baseline 0.004 -20"><span class='ocrx_word' id='word_1_210' title='bbox 319 2385 388 2441; x_wconf 87' lang='lat' dir='ltr'><strong>de</strong></span> <span class='ocrx_word' id='word_1_211' title='bbox 413 2399 514 2455; x_wconf 89' lang='lat' dir='ltr'><strong>qua</strong></span> <span class='ocrx_word' id='word_1_212' title='bbox 542 2400 713 2454; x_wconf 88' lang='lat' dir='ltr'><strong>genus</strong></span> <span class='ocrx_word' id='word_1_213' title='bbox 759 2385 813 2441; x_wconf 91' lang='lat' dir='ltr'><strong>in</strong></span> <span class='ocrx_word' id='word_1_214' title='bbox 850 2401 916 2442; x_wconf 88' lang='lat' dir='ltr'><strong>eo</strong></span> <span class='ocrx_word' id='word_1_215' title='bbox 962 2386 1106 2459; x_wconf 90' lang='lat' dir='ltr'><strong>quod</strong></span> <span class='ocrx_word' id='word_1_216' title='bbox 1135 2389 1263 2458; x_wconf 89' lang='lat' dir='ltr'><strong>quid</strong></span> <span class='ocrx_word' id='word_1_217' title='bbox 1295 2389 1364 2444; x_wconf 85' lang='lat' dir='ltr'><strong>sit</strong></span> <span class='ocrx_word' id='word_1_218' title='bbox 1407 2390 1756 2459; x_wconf 84' lang='lat' dir='ltr'><strong>praedicatur,</strong></span> <span class='ocrx_word' id='word_1_219' title='bbox 1798 2406 1917 2447; x_wconf 88' lang='lat' dir='ltr'><strong>eam</strong></span> 
     </span>
    </p>
   </div>
   <div class='ocr_carea' id='block_1_26' title="bbox 319 2464 1921 2555">
    <p class='ocr_par' dir='ltr' id='par_1_26' title="bbox 319 2464 1921 2555">
     <span class='ocr_line' id='line_1_26' title="bbox 319 2464 1921 2555; baseline 0.006 -24"><span class='ocrx_word' id='word_1_220' title='bbox 319 2491 509 2531; x_wconf 87' lang='lat' dir='ltr'><strong>rursus</strong></span> <span class='ocrx_word' id='word_1_221' title='bbox 534 2476 800 2545; x_wconf 83' lang='lat' dir='ltr'><strong>Signiﬁcat</strong></span> <span class='ocrx_word' id='word_1_222' title='bbox 826 2480 1026 2548; x_wconf 81' lang='lat' dir='ltr'><strong>Speciei</strong></span> <span class='ocrx_word' id='word_1_223' title='bbox 1062 2478 1290 2535; x_wconf 83' lang='lat' dir='ltr'><strong>formam</strong></span> <span class='ocrx_word' id='word_1_224' title='bbox 1322 2496 1477 2551; x_wconf 91' lang='lat' dir='ltr'><strong>quam</strong></span> <span class='ocrx_word' id='word_1_225' title='bbox 1511 2464 1713 2539; x_wconf 76' lang='lat' dir='ltr'><strong>retinet</strong></span> <span class='ocrx_word' id='word_1_226' title='bbox 1737 2500 1803 2539; x_wconf 83' lang='lat' dir='ltr'><strong>ex</strong></span> <span class='ocrx_word' id='word_1_227' title='bbox 1828 2500 1921 2555; x_wconf 86' lang='lat' dir='ltr'><strong>ge-</strong></span> 
     </span>
    </p>
   </div>
   <div class='ocr_carea' id='block_1_27' title="bbox 274 2560 1918 2645">
    <p class='ocr_par' dir='ltr' id='par_1_27' title="bbox 274 2560 1918 2645">
     <span class='ocr_line' id='line_1_27' title="bbox 274 2560 1918 2645; baseline 0.007 -25"><span class='ocrx_word' id='word_1_228' title='bbox 274 2560 279 2565; x_wconf 65' lang='grc'><strong>⁷</strong></span> <span class='ocrx_word' id='word_1_229' title='bbox 322 2565 470 2620; x_wconf 87' lang='lat' dir='ltr'><strong>neris</strong></span> <span class='ocrx_word' id='word_1_230' title='bbox 516 2566 918 2631; x_wconf 69' lang='lat' dir='ltr'><strong>praedicatione.</strong></span> <span class='ocrx_word' id='word_1_231' title='bbox 973 2568 1117 2624; x_wconf 89' lang='lat' dir='ltr'><strong>ldem</strong></span> <span class='ocrx_word' id='word_1_232' title='bbox 1166 2580 1253 2625; x_wconf 90' lang='lat' dir='ltr'><strong>est</strong></span> <span class='ocrx_word' id='word_1_233' title='bbox 1303 2580 1481 2629; x_wconf 88' lang='lat' dir='ltr'><strong>autem</strong></span> <span class='ocrx_word' id='word_1_234' title='bbox 1533 2582 1588 2628; x_wconf 88' lang='lat' dir='ltr'><strong>et</strong></span> <span class='ocrx_word' id='word_1_235' title='bbox 1642 2576 1767 2645; x_wconf 88' lang='lat' dir='ltr'><strong>poni</strong></span> <span class='ocrx_word' id='word_1_236' title='bbox 1816 2578 1918 2633; x_wconf 86' lang='lat' dir='ltr'><strong>sub</strong></span> 
     </span>
    </p>
   </div>
   <div class='ocr_carea' id='block_1_28' title="bbox 324 2661 1920 2740">
    <p class='ocr_par' dir='ltr' id='par_1_28' title="bbox 324 2661 1920 2740">
     <span class='ocr_line' id='line_1_28' title="bbox 324 2661 1920 2740; baseline 0.008 -28"><span class='ocrx_word' id='word_1_237' title='bbox 324 2673 543 2727; x_wconf 85' lang='lat' dir='ltr'><strong>genere,</strong></span> <span class='ocrx_word' id='word_1_238' title='bbox 570 2668 623 2714; x_wconf 88' lang='lat' dir='ltr'><strong>et</strong></span> <span class='ocrx_word' id='word_1_239' title='bbox 652 2661 718 2714; x_wconf 88' lang='lat' dir='ltr'><strong>de</strong></span> <span class='ocrx_word' id='word_1_240' title='bbox 744 2675 808 2715; x_wconf 90' lang='lat' dir='ltr'><strong>eo</strong></span> <span class='ocrx_word' id='word_1_241' title='bbox 841 2661 1123 2733; x_wconf 72' lang='lat' dir='ltr'><strong>praedicari</strong></span> <span class='ocrx_word' id='word_1_242' title='bbox 1152 2666 1498 2735; x_wconf 87' lang='lat' dir='ltr'><strong>genus,sicut</strong></span> <span class='ocrx_word' id='word_1_243' title='bbox 1520 2666 1661 2721; x_wconf 91' lang='lat' dir='ltr'><strong>idem</strong></span> <span class='ocrx_word' id='word_1_244' title='bbox 1689 2678 1773 2723; x_wconf 89' lang='lat' dir='ltr'><strong>est</strong></span> <span class='ocrx_word' id='word_1_245' title='bbox 1793 2674 1920 2740; x_wconf 86' lang='lat' dir='ltr'><strong>sup-</strong></span> 
     </span>
    </p>
   </div>
   <div class='ocr_carea' id='block_1_29' title="bbox 278 2746 1921 2838">
    <p class='ocr_par' dir='ltr' id='par_1_29' title="bbox 278 2746 1921 2838">
     <span class='ocr_line' id='line_1_29' title="bbox 278 2746 1921 2838; baseline 0.012 -33"><span class='ocrx_word' id='word_1_246' title='bbox 278 2746 281 2749; x_wconf 65' lang='grc'><em>’</em></span> <span class='ocrx_word' id='word_1_247' title='bbox 322 2754 450 2821; x_wconf 91' lang='lat' dir='ltr'><strong>poni</strong></span> <span class='ocrx_word' id='word_1_248' title='bbox 473 2760 677 2823; x_wconf 88' lang='lat' dir='ltr'><strong>generi,</strong></span> <span class='ocrx_word' id='word_1_249' title='bbox 696 2764 751 2810; x_wconf 90' lang='lat' dir='ltr'><strong>et</strong></span> <span class='ocrx_word' id='word_1_250' title='bbox 776 2757 826 2813; x_wconf 91' lang='lat' dir='ltr'><strong>ei</strong></span> <span class='ocrx_word' id='word_1_251' title='bbox 857 2774 1027 2828; x_wconf 87' lang='lat' dir='ltr'><strong>genus</strong></span> <span class='ocrx_word' id='word_1_252' title='bbox 1047 2763 1310 2830; x_wconf 69' lang='lat' dir='ltr'><strong>praeponi.</strong></span> <span class='ocrx_word' id='word_1_253' title='bbox 1339 2762 1491 2830; x_wconf 86' lang='lat' dir='ltr'><strong>Quod</strong></span> <span class='ocrx_word' id='word_1_254' title='bbox 1511 2766 1553 2820; x_wconf 90' lang='lat' dir='ltr'><strong>si</strong></span> <span class='ocrx_word' id='word_1_255' title='bbox 1584 2780 1773 2822; x_wconf 88' lang='lat' dir='ltr'><strong>omnes</strong></span> <span class='ocrx_word' id='word_1_256' title='bbox 1797 2784 1921 2838; x_wconf 85' lang='lat' dir='ltr'><strong>spe-</strong></span> 
     </span>
    </p>
   </div>
   <div class='ocr_carea' id='block_1_30' title="bbox 319 2846 1919 2921">
    <p class='ocr_par' dir='ltr' id='par_1_30' title="bbox 319 2846 1919 2921">
     <span class='ocr_line' id='line_1_30' title="bbox 319 2846 1919 2921; baseline 0.013 -23"><span class='ocrx_word' id='word_1_257' title='bbox 319 2846 435 2901; x_wconf 83' lang='lat' dir='ltr'><strong>cies</strong></span> <span class='ocrx_word' id='word_1_258' title='bbox 462 2846 798 2903; x_wconf 88' lang='lat' dir='ltr'><strong>collocantur</strong></span> <span class='ocrx_word' id='word_1_259' title='bbox 826 2850 929 2906; x_wconf 90' lang='lat' dir='ltr'><strong>sub</strong></span> <span class='ocrx_word' id='word_1_260' title='bbox 958 2866 1179 2921; x_wconf 87' lang='lat' dir='ltr'><strong>genere,</strong></span> <span class='ocrx_word' id='word_1_261' title='bbox 1214 2855 1555 2913; x_wconf 82' lang='lat' dir='ltr'><strong>manil’estum</strong></span> <span class='ocrx_word' id='word_1_262' title='bbox 1586 2867 1671 2914; x_wconf 86' lang='lat' dir='ltr'><strong>est</strong></span> <span class='ocrx_word' id='word_1_263' title='bbox 1700 2876 1919 2917; x_wconf 81' lang='lat' dir='ltr'><strong>omnem</strong></span> 
     </span>
    </p>
   </div>
   <div class='ocr_carea' id='block_1_31' title="bbox 272 2924 1915 3018">
    <p class='ocr_par' dir='ltr' id='par_1_31' title="bbox 272 2924 1915 3018">
     <span class='ocr_line' id='line_1_31' title="bbox 272 2924 1915 3018; baseline 0.013 -26"><span class='ocrx_word' id='word_1_264' title='bbox 272 2924 275 2929; x_wconf 23' lang='grc' dir='ltr'><strong><em>ί</em></strong></span> <span class='ocrx_word' id='word_1_265' title='bbox 321 2939 555 3009; x_wconf 89' lang='lat' dir='ltr'><strong>speciem</strong></span> <span class='ocrx_word' id='word_1_266' title='bbox 585 2942 686 2998; x_wconf 84' lang='lat' dir='ltr'><strong>hoc</strong></span> <span class='ocrx_word' id='word_1_267' title='bbox 712 2944 915 2999; x_wconf 87' lang='lat' dir='ltr'><strong>ambitu</strong></span> <span class='ocrx_word' id='word_1_268' title='bbox 945 2946 1325 3018; x_wconf 87' lang='lat' dir='ltr'><strong>descriptionis</strong></span> <span class='ocrx_word' id='word_1_269' title='bbox 1354 2950 1577 3008; x_wconf 90' lang='lat' dir='ltr'><strong>includi.</strong></span> <span class='ocrx_word' id='word_1_270' title='bbox 1610 2953 1725 3010; x_wconf 89' lang='lat' dir='ltr'><strong>Sed</strong></span> <span class='ocrx_word' id='word_1_271' title='bbox 1758 2957 1915 3013; x_wconf 86' lang='lat' dir='ltr'><strong>tertia</strong></span> 
     </span>
    </p>
   </div>
   <div class='ocr_carea' id='block_1_32' title="bbox 320 3031 1915 3120">
    <p class='ocr_par' dir='ltr' id='par_1_32' title="bbox 320 3031 1915 3120">
     <span class='ocr_line' id='line_1_32' title="bbox 320 3031 1915 3120; baseline 0.012 -34"><span class='ocrx_word' id='word_1_272' title='bbox 320 3031 573 3087; x_wconf 84' lang='lat' dir='ltr'><strong>difiinitio</strong></span> <span class='ocrx_word' id='word_1_273' title='bbox 599 3035 665 3089; x_wconf 87' lang='lat' dir='ltr'><strong>de</strong></span> <span class='ocrx_word' id='word_1_274' title='bbox 687 3051 748 3091; x_wconf 89' lang='lat' dir='ltr'><strong>ea</strong></span> <span class='ocrx_word' id='word_1_275' title='bbox 775 3046 979 3094; x_wconf 90' lang='lat' dir='ltr'><strong>tantum</strong></span> <span class='ocrx_word' id='word_1_276' title='bbox 1007 3041 1191 3109; x_wconf 88' lang='lat' dir='ltr'><strong>specie</strong></span> <span class='ocrx_word' id='word_1_277' title='bbox 1214 3041 1608 3115; x_wconf 77' lang='lat' dir='ltr'><strong>loquitur,quae</strong></span> <span class='ocrx_word' id='word_1_278' title='bbox 1641 3064 1915 3120; x_wconf 87' lang='lat' dir='ltr'><strong>nunquam</strong></span> 
     </span>
    </p>
   </div>
   <div class='ocr_carea' id='block_1_33' title="bbox 319 3132 1913 3201">
    <p class='ocr_par' dir='ltr' id='par_1_33' title="bbox 319 3132 1913 3201">
     <span class='ocr_line' id='line_1_33' title="bbox 319 3132 1913 3201; baseline 0.012 -23"><span class='ocrx_word' id='word_1_279' title='bbox 319 3140 491 3195; x_wconf 91' lang='lat' dir='ltr'><strong>genus</strong></span> <span class='ocrx_word' id='word_1_280' title='bbox 520 3136 622 3191; x_wconf 88' lang='lat' dir='ltr'><strong>est,</strong></span> <span class='ocrx_word' id='word_1_281' title='bbox 655 3137 708 3183; x_wconf 89' lang='lat' dir='ltr'><strong>et</strong></span> <span class='ocrx_word' id='word_1_282' title='bbox 734 3145 853 3199; x_wconf 76' lang='lat' dir='ltr'><strong>qua:</strong></span> <span class='ocrx_word' id='word_1_283' title='bbox 883 3132 1057 3186; x_wconf 90' lang='lat' dir='ltr'><strong>solum</strong></span> <span class='ocrx_word' id='word_1_284' title='bbox 1099 3134 1309 3201; x_wconf 86' lang='lat' dir='ltr'><strong>species</strong></span> <span class='ocrx_word' id='word_1_285' title='bbox 1336 3144 1504 3190; x_wconf 89' lang='lat' dir='ltr'><strong>restat</strong></span> <span class='ocrx_word' id='word_1_286' title='bbox 1534 3154 1547 3190; x_wconf 86' lang='lat'><strong><em>:</em></strong></span> <span class='ocrx_word' id='word_1_287' title='bbox 1586 3137 1702 3193; x_wconf 63' lang='lat' dir='ltr'><strong>haec</strong></span> <span class='ocrx_word' id='word_1_288' title='bbox 1731 3152 1913 3196; x_wconf 80' lang='lat' dir='ltr'><strong>autem</strong></span> 
     </span>
    </p>
   </div>
   <div class='ocr_carea' id='block_1_34' title="bbox 2036 535 3630 613">
    <p class='ocr_par' dir='ltr' id='par_1_34' title="bbox 2036 535 3630 613">
     <span class='ocr_line' id='line_1_34' title="bbox 2036 535 3630 613; baseline 0.008 -25"><span class='ocrx_word' id='word_1_289' title='bbox 2036 535 2234 603; x_wconf 82' lang='lat' dir='ltr'><strong>eadem,</strong></span> <span class='ocrx_word' id='word_1_290' title='bbox 2267 536 2335 589; x_wconf 90' lang='lat' dir='ltr'><strong>ad</strong></span> <span class='ocrx_word' id='word_1_291' title='bbox 2373 537 2518 589; x_wconf 82' lang='lat' dir='ltr'><strong>aliud</strong></span> <span class='ocrx_word' id='word_1_292' title='bbox 2545 546 2712 592; x_wconf 90' lang='lat' dir='ltr'><strong>tamen</strong></span> <span class='ocrx_word' id='word_1_293' title='bbox 2748 549 2793 593; x_wconf 90' lang='lat' dir='ltr'><strong>et</strong></span> <span class='ocrx_word' id='word_1_294' title='bbox 2828 540 2899 595; x_wconf 87' lang='lat' dir='ltr'><strong>ad</strong></span> <span class='ocrx_word' id='word_1_295' title='bbox 2925 543 3069 595; x_wconf 86' lang='lat' dir='ltr'><strong>aliud</strong></span> <span class='ocrx_word' id='word_1_296' title='bbox 3092 553 3295 613; x_wconf 87' lang='lat' dir='ltr'><strong>sumpta</strong></span> <span class='ocrx_word' id='word_1_297' title='bbox 3352 544 3432 601; x_wconf 86' lang='lat' dir='ltr'><strong>Sit</strong></span> <span class='ocrx_word' id='word_1_298' title='bbox 3459 555 3630 600; x_wconf 86' lang='lat' dir='ltr'><strong>autem</strong></span> 
     </span>
    </p>
   </div>
   <div class='ocr_carea' id='block_1_35' title="bbox 2034 627 3630 702">
    <p class='ocr_par' dir='ltr' id='par_1_35' title="bbox 2034 627 3630 702">
     <span class='ocr_line' id='line_1_35' title="bbox 2034 627 3630 702; baseline 0.006 -23"><span class='ocrx_word' id='word_1_299' title='bbox 2034 627 2365 697; x_wconf 78' lang='lat' dir='ltr'><strong>manifestum</strong></span> <span class='ocrx_word' id='word_1_300' title='bbox 2392 628 2447 680; x_wconf 85' lang='lat' dir='ltr'><strong>in</strong></span> <span class='ocrx_word' id='word_1_301' title='bbox 2475 644 2576 681; x_wconf 87' lang='lat' dir='ltr'><strong>uno</strong></span> <span class='ocrx_word' id='word_1_302' title='bbox 2597 630 2994 698; x_wconf 77' lang='lat' dir='ltr'><strong>prtedicamento</strong></span> <span class='ocrx_word' id='word_1_303' title='bbox 3015 632 3150 702; x_wconf 90' lang='lat' dir='ltr'><strong>quod</strong></span> <span class='ocrx_word' id='word_1_304' title='bbox 3172 633 3361 686; x_wconf 88' lang='lat' dir='ltr'><strong>dicitur</strong></span> <span class='ocrx_word' id='word_1_305' title='bbox 3388 634 3630 688; x_wconf 81' lang='lat' dir='ltr'><strong>substan-</strong></span> 
     </span>
    </p>
   </div>
   <div class='ocr_carea' id='block_1_36' title="bbox 2035 718 3632 797">
    <p class='ocr_par' dir='ltr' id='par_1_36' title="bbox 2035 718 3632 797">
     <span class='ocr_line' id='line_1_36' title="bbox 2035 718 3632 797; baseline 0.004 -26"><span class='ocrx_word' id='word_1_306' title='bbox 2035 718 2108 771; x_wconf 88' lang='lat' dir='ltr'><strong>tia</strong></span> <span class='ocrx_word' id='word_1_307' title='bbox 2138 735 2155 773; x_wconf 90' lang='lat'><strong><em>:</em></strong></span> <span class='ocrx_word' id='word_1_308' title='bbox 2186 728 2258 773; x_wconf 88' lang='lat' dir='ltr'><strong>est</strong></span> <span class='ocrx_word' id='word_1_309' title='bbox 2287 718 2492 789; x_wconf 79' lang='lat' dir='ltr'><strong>quidem</strong></span> <span class='ocrx_word' id='word_1_310' title='bbox 2519 729 2566 771; x_wconf 86' lang='lat' dir='ltr'><strong>et</strong></span> <span class='ocrx_word' id='word_1_311' title='bbox 2596 719 2710 789; x_wconf 89' lang='lat' dir='ltr'><strong>ipsa</strong></span> <span class='ocrx_word' id='word_1_312' title='bbox 2736 739 2916 793; x_wconf 88' lang='lat' dir='ltr'><strong>genus,</strong></span> <span class='ocrx_word' id='word_1_313' title='bbox 2962 724 3053 776; x_wconf 90' lang='lat' dir='ltr'><strong>sub</strong></span> <span class='ocrx_word' id='word_1_314' title='bbox 3083 724 3178 777; x_wconf 90' lang='lat' dir='ltr'><strong>hac</strong></span> <span class='ocrx_word' id='word_1_315' title='bbox 3207 736 3376 778; x_wconf 77' lang='lat' dir='ltr'><strong>autem</strong></span> <span class='ocrx_word' id='word_1_316' title='bbox 3404 736 3476 797; x_wconf 89' lang='lat' dir='ltr'><strong>est</strong></span> <span class='ocrx_word' id='word_1_317' title='bbox 3517 743 3632 779; x_wconf 82' lang='lat' dir='ltr'><strong>cor-</strong></span> 
     </span>
    </p>
   </div>
   <div class='ocr_carea' id='block_1_37' title="bbox 2035 807 3629 885">
    <p class='ocr_par' dir='ltr' id='par_1_37' title="bbox 2035 807 3629 885">
     <span class='ocr_line' id='line_1_37' title="bbox 2035 807 3629 885; baseline 0.006 -25"><span class='ocrx_word' id='word_1_318' title='bbox 2035 824 2153 878; x_wconf 91' lang='lat' dir='ltr'><strong>pus,</strong></span> <span class='ocrx_word' id='word_1_319' title='bbox 2182 817 2227 861; x_wconf 92' lang='lat' dir='ltr'><strong>et</strong></span> <span class='ocrx_word' id='word_1_320' title='bbox 2258 807 2351 861; x_wconf 87' lang='lat' dir='ltr'><strong>sub</strong></span> <span class='ocrx_word' id='word_1_321' title='bbox 2378 823 2592 878; x_wconf 88' lang='lat' dir='ltr'><strong>corpore</strong></span> <span class='ocrx_word' id='word_1_322' title='bbox 2617 811 2899 865; x_wconf 86' lang='lat' dir='ltr'><strong>animatum</strong></span> <span class='ocrx_word' id='word_1_323' title='bbox 2925 814 3241 885; x_wconf 86' lang='lat' dir='ltr'><strong>corpus,sub</strong></span> <span class='ocrx_word' id='word_1_324' title='bbox 3263 831 3363 881; x_wconf 88' lang='lat' dir='ltr'><strong>quo</strong></span> <span class='ocrx_word' id='word_1_325' title='bbox 3388 816 3582 869; x_wconf 86' lang='lat' dir='ltr'><strong>animal</strong></span> <span class='ocrx_word' id='word_1_326' title='bbox 3609 832 3629 881; x_wconf 87' lang='lat'><strong><em>;</em></strong></span> 
     </span>
    </p>
   </div>
   <div class='ocr_carea' id='block_1_38' title="bbox 2032 900 3630 977">
    <p class='ocr_par' dir='ltr' id='par_1_38' title="bbox 2032 900 3630 977">
     <span class='ocr_line' id='line_1_38' title="bbox 2032 900 3630 977; baseline 0.007 -23"><span class='ocrx_word' id='word_1_327' title='bbox 2032 900 2126 954; x_wconf 87' lang='lat' dir='ltr'><strong>sub</strong></span> <span class='ocrx_word' id='word_1_328' title='bbox 2149 901 2364 953; x_wconf 85' lang='lat' dir='ltr'><strong>animali</strong></span> <span class='ocrx_word' id='word_1_329' title='bbox 2383 917 2519 966; x_wconf 72' lang='lat' dir='ltr'><strong>vero,</strong></span> <span class='ocrx_word' id='word_1_330' title='bbox 2551 903 2804 957; x_wconf 78' lang='lat' dir='ltr'><strong>rationale</strong></span> <span class='ocrx_word' id='word_1_331' title='bbox 2826 909 3038 976; x_wconf 83' lang='lat' dir='ltr'><strong>animal,</strong></span> <span class='ocrx_word' id='word_1_332' title='bbox 3064 908 3156 961; x_wconf 89' lang='lat' dir='ltr'><strong>sub</strong></span> <span class='ocrx_word' id='word_1_333' title='bbox 3178 925 3299 977; x_wconf 87' lang='lat' dir='ltr'><strong>quo,</strong></span> <span class='ocrx_word' id='word_1_334' title='bbox 3327 909 3511 973; x_wconf 85' lang='lat' dir='ltr'><strong>homo;</strong></span> <span class='ocrx_word' id='word_1_335' title='bbox 3540 913 3630 965; x_wconf 78' lang='lat' dir='ltr'><strong>sub</strong></span> 
     </span>
    </p>
   </div>
   <div class='ocr_carea' id='block_1_39' title="bbox 2032 990 3631 1069">
    <p class='ocr_par' dir='ltr' id='par_1_39' title="bbox 2032 990 3631 1069">
     <span class='ocr_line' id='line_1_39' title="bbox 2032 990 3631 1069; baseline 0.008 -24"><span class='ocrx_word' id='word_1_336' title='bbox 2032 990 2240 1046; x_wconf 80' lang='lat' dir='ltr'><strong>homine</strong></span> <span class='ocrx_word' id='word_1_337' title='bbox 2263 1008 2404 1057; x_wconf 83' lang='lat' dir='ltr'><strong>vero,</strong></span> <span class='ocrx_word' id='word_1_338' title='bbox 2437 991 2677 1049; x_wconf 84' lang='lat' dir='ltr'><strong>Socrates</strong></span> <span class='ocrx_word' id='word_1_339' title='bbox 2702 1004 2749 1048; x_wconf 90' lang='lat' dir='ltr'><strong>et</strong></span> <span class='ocrx_word' id='word_1_340' title='bbox 2772 994 2947 1063; x_wconf 84' lang='lat' dir='ltr'><strong>Plato,</strong></span> <span class='ocrx_word' id='word_1_341' title='bbox 2971 1007 3017 1051; x_wconf 84' lang='lat' dir='ltr'><strong>et</strong></span> <span class='ocrx_word' id='word_1_342' title='bbox 3040 998 3127 1065; x_wconf 89' lang='lat' dir='ltr'><strong>qui</strong></span> <span class='ocrx_word' id='word_1_343' title='bbox 3154 1011 3270 1051; x_wconf 84' lang='lat' dir='ltr'><strong>sunt</strong></span> <span class='ocrx_word' id='word_1_344' title='bbox 3299 1001 3631 1069; x_wconf 77' lang='lat' dir='ltr'><strong>particulures</strong></span> 
     </span>
    </p>
   </div>
   <div class='ocr_carea' id='block_1_40' title="bbox 2032 1084 3628 1164">
    <p class='ocr_par' dir='ltr' id='par_1_40' title="bbox 2032 1084 3628 1164">
     <span class='ocr_line' id='line_1_40' title="bbox 2032 1084 3628 1164; baseline 0.005 -27"><span class='ocrx_word' id='word_1_345' title='bbox 2032 1084 2280 1140; x_wconf 80' lang='lat' dir='ltr'><strong>homines.</strong></span> <span class='ocrx_word' id='word_1_346' title='bbox 2324 1085 2431 1140; x_wconf 87' lang='lat' dir='ltr'><strong>Sed</strong></span> <span class='ocrx_word' id='word_1_347' title='bbox 2476 1084 2664 1141; x_wconf 91' lang='lat' dir='ltr'><strong>horum</strong></span> <span class='ocrx_word' id='word_1_348' title='bbox 2716 1090 2999 1143; x_wconf 83' lang='lat' dir='ltr'><strong>substantia</strong></span> <span class='ocrx_word' id='word_1_349' title='bbox 3052 1093 3257 1161; x_wconf 85' lang='lat' dir='ltr'><strong>quidem</strong></span> <span class='ocrx_word' id='word_1_350' title='bbox 3295 1097 3628 1164; x_wconf 61' lang='lat' dir='ltr'><strong>generalissi-</strong></span> 
     </span>
    </p>
   </div>
   <div class='ocr_carea' id='block_1_41' title="bbox 2029 1176 3631 1254">
    <p class='ocr_par' dir='ltr' id='par_1_41' title="bbox 2029 1176 3631 1254">
     <span class='ocr_line' id='line_1_41' title="bbox 2029 1176 3631 1254; baseline 0.007 -26"><span class='ocrx_word' id='word_1_351' title='bbox 2029 1191 2166 1229; x_wconf 89' lang='lat' dir='ltr'><strong>mum</strong></span> <span class='ocrx_word' id='word_1_352' title='bbox 2192 1185 2264 1230; x_wconf 90' lang='lat' dir='ltr'><strong>est</strong></span> <span class='ocrx_word' id='word_1_353' title='bbox 2293 1185 2341 1229; x_wconf 89' lang='lat' dir='ltr'><strong>et</strong></span> <span class='ocrx_word' id='word_1_354' title='bbox 2382 1192 2542 1247; x_wconf 83' lang='lat' dir='ltr'><strong>genus</strong></span> <span class='ocrx_word' id='word_1_355' title='bbox 2595 1178 2801 1245; x_wconf 88' lang='lat' dir='ltr'><strong>solum;</strong></span> <span class='ocrx_word' id='word_1_356' title='bbox 2854 1180 3006 1233; x_wconf 81' lang='lat' dir='ltr'><strong>homo</strong></span> <span class='ocrx_word' id='word_1_357' title='bbox 3038 1197 3154 1235; x_wconf 83' lang='lat' dir='ltr'><strong>vero</strong></span> <span class='ocrx_word' id='word_1_358' title='bbox 3206 1176 3631 1254; x_wconf 85' lang='lat' dir='ltr'><strong>specialissimum</strong></span> 
     </span>
    </p>
   </div>
   <div class='ocr_carea' id='block_1_42' title="bbox 2028 1268 3733 1349">
    <p class='ocr_par' dir='ltr' id='par_1_42' title="bbox 2028 1268 3733 1349">
     <span class='ocr_line' id='line_1_42' title="bbox 2028 1268 3733 1349; baseline 0.009 -30"><span class='ocrx_word' id='word_1_359' title='bbox 2028 1274 2077 1319; x_wconf 88' lang='lat' dir='ltr'><strong>et</strong></span> <span class='ocrx_word' id='word_1_360' title='bbox 2106 1268 2273 1321; x_wconf 89' lang='lat' dir='ltr'><strong>solum</strong></span> <span class='ocrx_word' id='word_1_361' title='bbox 2304 1272 2528 1341; x_wconf 87' lang='lat' dir='ltr'><strong>species;</strong></span> <span class='ocrx_word' id='word_1_362' title='bbox 2587 1288 2770 1344; x_wconf 84' lang='lat' dir='ltr'><strong>corpus</strong></span> <span class='ocrx_word' id='word_1_363' title='bbox 2807 1288 2924 1327; x_wconf 78' lang='lat' dir='ltr'><strong>vero</strong></span> <span class='ocrx_word' id='word_1_364' title='bbox 2962 1274 3153 1343; x_wconf 86' lang='lat' dir='ltr'><strong>species</strong></span> <span class='ocrx_word' id='word_1_365' title='bbox 3183 1277 3386 1349; x_wconf 86' lang='lat' dir='ltr'><strong>quidem</strong></span> <span class='ocrx_word' id='word_1_366' title='bbox 3420 1290 3489 1331; x_wconf 84' lang='lat' dir='ltr'><strong>est</strong></span> <span class='ocrx_word' id='word_1_367' title='bbox 3512 1280 3631 1332; x_wconf 85' lang='lat' dir='ltr'><strong>sub-</strong></span> <span class='ocrx_word' id='word_1_368' title='bbox 3726 1280 3733 1301; x_wconf 83' lang='lat'><strong><em>‘</em></strong></span> 
     </span>
    </p>
   </div>
   <div class='ocr_carea' id='block_1_43' title="bbox 2036 1360 3629 1433">
    <p class='ocr_par' dir='ltr' id='par_1_43' title="bbox 2036 1360 3629 1433">
     <span class='ocr_line' id='line_1_43' title="bbox 2036 1360 3629 1433; baseline 0.008 -22"><span class='ocrx_word' id='word_1_369' title='bbox 2036 1360 2238 1413; x_wconf 72' lang='lat' dir='ltr'><strong>stantiae</strong></span> <span class='ocrx_word' id='word_1_370' title='bbox 2256 1401 2270 1425; x_wconf 92' lang='lat'><strong>,</strong></span> <span class='ocrx_word' id='word_1_371' title='bbox 2296 1376 2456 1433; x_wconf 88' lang='lat' dir='ltr'><strong>genus</strong></span> <span class='ocrx_word' id='word_1_372' title='bbox 2482 1376 2597 1415; x_wconf 83' lang='lat' dir='ltr'><strong>vero</strong></span> <span class='ocrx_word' id='word_1_373' title='bbox 2626 1364 2857 1432; x_wconf 88' lang='lat' dir='ltr'><strong>corporis</strong></span> <span class='ocrx_word' id='word_1_374' title='bbox 2884 1366 3096 1418; x_wconf 88' lang='lat' dir='ltr'><strong>animati</strong></span> <span class='ocrx_word' id='word_1_375' title='bbox 3115 1382 3133 1430; x_wconf 81' lang='lat'><strong>,&#39;</strong></span> <span class='ocrx_word' id='word_1_376' title='bbox 3160 1370 3247 1419; x_wconf 89' lang='lat' dir='ltr'><strong>sed</strong></span> <span class='ocrx_word' id='word_1_377' title='bbox 3273 1377 3317 1419; x_wconf 88' lang='lat' dir='ltr'><strong>et</strong></span> <span class='ocrx_word' id='word_1_378' title='bbox 3345 1364 3629 1423; x_wconf 87' lang='lat' dir='ltr'><strong>animatum</strong></span> 
     </span>
    </p>
   </div>
   <div class='ocr_carea' id='block_1_44' title="bbox 2027 1452 3627 1531">
    <p class='ocr_par' dir='ltr' id='par_1_44' title="bbox 2027 1452 3627 1531">
     <span class='ocr_line' id='line_1_44' title="bbox 2027 1452 3627 1531; baseline 0.009 -31"><span class='ocrx_word' id='word_1_379' title='bbox 2027 1464 2234 1519; x_wconf 87' lang='lat' dir='ltr'><strong>corpus,</strong></span> <span class='ocrx_word' id='word_1_380' title='bbox 2270 1452 2463 1521; x_wconf 83' lang='lat' dir='ltr'><strong>species</strong></span> <span class='ocrx_word' id='word_1_381' title='bbox 2491 1453 2700 1523; x_wconf 86' lang='lat' dir='ltr'><strong>quidem</strong></span> <span class='ocrx_word' id='word_1_382' title='bbox 2727 1465 2799 1507; x_wconf 89' lang='lat' dir='ltr'><strong>est</strong></span> <span class='ocrx_word' id='word_1_383' title='bbox 2831 1456 3085 1523; x_wconf 89' lang='lat' dir='ltr'><strong>corporis,</strong></span> <span class='ocrx_word' id='word_1_384' title='bbox 3108 1473 3269 1526; x_wconf 87' lang='lat' dir='ltr'><strong>genus</strong></span> <span class='ocrx_word' id='word_1_385' title='bbox 3292 1475 3407 1531; x_wconf 80' lang='lat' dir='ltr'><strong>vero</strong></span> <span class='ocrx_word' id='word_1_386' title='bbox 3429 1462 3627 1515; x_wconf 87' lang='lat' dir='ltr'><strong>anima-</strong></span> 
     </span>
    </p>
   </div>
   <div class='ocr_carea' id='block_1_45' title="bbox 2027 1538 3624 1631">
    <p class='ocr_par' dir='ltr' id='par_1_45' title="bbox 2027 1538 3624 1631">
     <span class='ocr_line' id='line_1_45' title="bbox 2027 1538 3624 1631; baseline 0.011 -41"><span class='ocrx_word' id='word_1_387' title='bbox 2027 1538 2113 1592; x_wconf 88' lang='lat' dir='ltr'><strong>lis.</strong></span> <span class='ocrx_word' id='word_1_388' title='bbox 2147 1539 2346 1593; x_wconf 81' lang='lat' dir='ltr'><strong>Rursus</strong></span> <span class='ocrx_word' id='word_1_389' title='bbox 2372 1542 2569 1595; x_wconf 87' lang='lat' dir='ltr'><strong>animal</strong></span> <span class='ocrx_word' id='word_1_390' title='bbox 2592 1546 2785 1614; x_wconf 82' lang='lat' dir='ltr'><strong>species</strong></span> <span class='ocrx_word' id='word_1_391' title='bbox 2810 1547 3015 1618; x_wconf 88' lang='lat' dir='ltr'><strong>quidem</strong></span> <span class='ocrx_word' id='word_1_392' title='bbox 3043 1558 3115 1601; x_wconf 89' lang='lat' dir='ltr'><strong>est</strong></span> <span class='ocrx_word' id='word_1_393' title='bbox 3138 1552 3366 1620; x_wconf 84' lang='lat' dir='ltr'><strong>corporis</strong></span> <span class='ocrx_word' id='word_1_394' title='bbox 3390 1538 3624 1631; x_wconf 53' lang='lat' dir='ltr'><strong>animati,</strong></span> 
     </span>
    </p>
   </div>
   <div class='ocr_carea' id='block_1_46' title="bbox 2022 1622 3627 1704">
    <p class='ocr_par' dir='ltr' id='par_1_46' title="bbox 2022 1622 3627 1704">
     <span class='ocr_line' id='line_1_46' title="bbox 2022 1622 3627 1704; baseline 0.01 -19"><span class='ocrx_word' id='word_1_395' title='bbox 2022 1647 2184 1699; x_wconf 87' lang='lat' dir='ltr'><strong>genus</strong></span> <span class='ocrx_word' id='word_1_396' title='bbox 2226 1622 2346 1686; x_wconf 79' lang='lat' dir='ltr'><strong>vero</strong></span> <span class='ocrx_word' id='word_1_397' title='bbox 2390 1636 2631 1690; x_wconf 89' lang='lat' dir='ltr'><strong>animalis</strong></span> <span class='ocrx_word' id='word_1_398' title='bbox 2667 1638 2977 1704; x_wconf 85' lang='lat' dir='ltr'><strong>rationalis;</strong></span> <span class='ocrx_word' id='word_1_399' title='bbox 3015 1640 3103 1693; x_wconf 86' lang='lat' dir='ltr'><strong>sed</strong></span> <span class='ocrx_word' id='word_1_400' title='bbox 3144 1643 3396 1698; x_wconf 85' lang='lat' dir='ltr'><strong>rationale</strong></span> <span class='ocrx_word' id='word_1_401' title='bbox 3432 1647 3627 1702; x_wconf 89' lang='lat' dir='ltr'><strong>animal</strong></span> 
     </span>
    </p>
   </div>
   <div class='ocr_carea' id='block_1_47' title="bbox 2022 1723 3653 1809">
    <p class='ocr_par' dir='ltr' id='par_1_47' title="bbox 2022 1723 3653 1809">
     <span class='ocr_line' id='line_1_47' title="bbox 2022 1723 3653 1809; baseline 0.01 -34"><span class='ocrx_word' id='word_1_402' title='bbox 2022 1723 2217 1790; x_wconf 86' lang='lat' dir='ltr'><strong>species</strong></span> <span class='ocrx_word' id='word_1_403' title='bbox 2264 1726 2471 1795; x_wconf 87' lang='lat' dir='ltr'><strong>quidem</strong></span> <span class='ocrx_word' id='word_1_404' title='bbox 2518 1737 2591 1783; x_wconf 88' lang='lat' dir='ltr'><strong>est</strong></span> <span class='ocrx_word' id='word_1_405' title='bbox 2630 1730 2901 1797; x_wconf 86' lang='lat' dir='ltr'><strong>animalis,</strong></span> <span class='ocrx_word' id='word_1_406' title='bbox 2946 1749 3106 1802; x_wconf 88' lang='lat' dir='ltr'><strong>genus</strong></span> <span class='ocrx_word' id='word_1_407' title='bbox 3155 1745 3326 1799; x_wconf 81' lang='lat' dir='ltr'><strong>autem</strong></span> <span class='ocrx_word' id='word_1_408' title='bbox 3367 1736 3653 1809; x_wconf 48' lang='lat' dir='ltr'><strong>homini“,</strong></span> 
     </span>
    </p>
   </div>
   <div class='ocr_carea' id='block_1_48' title="bbox 2024 1811 3624 1892">
    <p class='ocr_par' dir='ltr' id='par_1_48' title="bbox 2024 1811 3624 1892">
     <span class='ocr_line' id='line_1_48' title="bbox 2024 1811 3624 1892; baseline 0.013 -29"><span class='ocrx_word' id='word_1_409' title='bbox 2024 1811 2177 1867; x_wconf 86' lang='lat' dir='ltr'><strong>homo</strong></span> <span class='ocrx_word' id='word_1_410' title='bbox 2206 1831 2325 1868; x_wconf 87' lang='lat' dir='ltr'><strong>vero</strong></span> <span class='ocrx_word' id='word_1_411' title='bbox 2363 1818 2558 1885; x_wconf 82' lang='lat' dir='ltr'><strong>species</strong></span> <span class='ocrx_word' id='word_1_412' title='bbox 2595 1830 2669 1873; x_wconf 87' lang='lat' dir='ltr'><strong>est</strong></span> <span class='ocrx_word' id='word_1_413' title='bbox 2705 1823 2977 1876; x_wconf 85' lang='lat' dir='ltr'><strong>rationalis</strong></span> <span class='ocrx_word' id='word_1_414' title='bbox 3017 1826 3277 1892; x_wconf 80' lang='lat' dir='ltr'><strong>animalis,</strong></span> <span class='ocrx_word' id='word_1_415' title='bbox 3312 1843 3412 1880; x_wconf 86' lang='lat' dir='ltr'><strong>non</strong></span> <span class='ocrx_word' id='word_1_416' title='bbox 3454 1820 3624 1883; x_wconf 86' lang='lat' dir='ltr'><strong>autem</strong></span> 
     </span>
    </p>
   </div>
   <div class='ocr_carea' id='block_1_49' title="bbox 2024 1906 3621 1990">
    <p class='ocr_par' dir='ltr' id='par_1_49' title="bbox 2024 1906 3621 1990">
     <span class='ocr_line' id='line_1_49' title="bbox 2024 1906 3621 1990; baseline 0.013 -32"><span class='ocrx_word' id='word_1_417' title='bbox 2024 1906 2177 1959; x_wconf 89' lang='lat' dir='ltr'><strong>etiam</strong></span> <span class='ocrx_word' id='word_1_418' title='bbox 2199 1924 2360 1977; x_wconf 88' lang='lat' dir='ltr'><strong>genus</strong></span> <span class='ocrx_word' id='word_1_419' title='bbox 2381 1911 2773 1981; x_wconf 69' lang='lat' dir='ltr'><strong>particu’larium</strong></span> <span class='ocrx_word' id='word_1_420' title='bbox 2798 1915 3081 1983; x_wconf 82' lang='lat' dir='ltr'><strong>hominum,</strong></span> <span class='ocrx_word' id='word_1_421' title='bbox 3106 1919 3196 1972; x_wconf 88' lang='lat' dir='ltr'><strong>sed</strong></span> <span class='ocrx_word' id='word_1_422' title='bbox 3218 1921 3381 1973; x_wconf 84' lang='lat' dir='ltr'><strong>solum</strong></span> <span class='ocrx_word' id='word_1_423' title='bbox 3409 1922 3621 1990; x_wconf 82' lang='lat' dir='ltr'><strong>species.</strong></span> 
     </span>
    </p>
   </div>
   <div class='ocr_carea' id='block_1_50' title="bbox 2024 1998 3622 2085">
    <p class='ocr_par' dir='ltr' id='par_1_50' title="bbox 2024 1998 3622 2085">
     <span class='ocr_line' id='line_1_50' title="bbox 2024 1998 3622 2085; baseline 0.013 -32"><span class='ocrx_word' id='word_1_424' title='bbox 2024 2001 2097 2053; x_wconf 84' lang='lat' dir='ltr'><strong>Ac</strong></span> <span class='ocrx_word' id='word_1_425' title='bbox 2124 2017 2271 2056; x_wconf 89' lang='lat' dir='ltr'><strong>omne</strong></span> <span class='ocrx_word' id='word_1_426' title='bbox 2292 2004 2433 2074; x_wconf 88' lang='lat' dir='ltr'><strong>quod</strong></span> <span class='ocrx_word' id='word_1_427' title='bbox 2467 2015 2543 2060; x_wconf 85' lang='lat' dir='ltr'><strong>est</strong></span> <span class='ocrx_word' id='word_1_428' title='bbox 2568 2017 2686 2060; x_wconf 90' lang='lat' dir='ltr'><strong>ante</strong></span> <span class='ocrx_word' id='word_1_429' title='bbox 2716 2009 3008 2077; x_wconf 85' lang='lat' dir='ltr'><strong>individua,</strong></span> <span class='ocrx_word' id='word_1_430' title='bbox 3044 2004 3377 2085; x_wconf 71' lang='lat' dir='ltr'><strong>proximeque</strong></span> <span class='ocrx_word' id='word_1_431' title='bbox 3405 2010 3479 2071; x_wconf 83' lang='lat' dir='ltr'><strong>de</strong></span> <span class='ocrx_word' id='word_1_432' title='bbox 3497 1998 3622 2085; x_wconf 81' lang='lat' dir='ltr'><strong>ipsis</strong></span> 
     </span>
    </p>
   </div>
   <div class='ocr_carea' id='block_1_51' title="bbox 2025 2090 3561 2175">
    <p class='ocr_par' dir='ltr' id='par_1_51' title="bbox 2025 2090 3561 2175">
     <span class='ocr_line' id='line_1_51' title="bbox 2025 2090 3561 2175; baseline 0.012 -32"><span class='ocrx_word' id='word_1_433' title='bbox 2025 2096 2355 2164; x_wconf 76' lang='lat' dir='ltr'><strong>prtedicatur,</strong></span> <span class='ocrx_word' id='word_1_434' title='bbox 2383 2098 2575 2165; x_wconf 86' lang='lat' dir='ltr'><strong>species</strong></span> <span class='ocrx_word' id='word_1_435' title='bbox 2598 2099 2693 2153; x_wconf 86' lang='lat' dir='ltr'><strong>erit</strong></span> <span class='ocrx_word' id='word_1_436' title='bbox 2722 2100 2908 2166; x_wconf 87' lang='lat' dir='ltr'><strong>solum,</strong></span> <span class='ocrx_word' id='word_1_437' title='bbox 2940 2119 3043 2156; x_wconf 89' lang='lat' dir='ltr'><strong>non</strong></span> <span class='ocrx_word' id='word_1_438' title='bbox 3068 2105 3221 2157; x_wconf 83' lang='lat' dir='ltr'><strong>etiam</strong></span> <span class='ocrx_word' id='word_1_439' title='bbox 3251 2122 3438 2175; x_wconf 86' lang='lat' dir='ltr'><strong>genus.</strong></span> <span class='ocrx_word' id='word_1_440' title='bbox 3552 2090 3561 2099; x_wconf 9' lang='lat' dir='ltr'><em>ﬁ</em></span> 
     </span>
    </p>
   </div>
   <div class='ocr_carea' id='block_1_52' title="bbox 2096 2202 3612 2283">
    <p class='ocr_par' dir='ltr' id='par_1_52' title="bbox 2096 2202 3612 2283">
     <span class='ocr_line' id='line_1_52' title="bbox 2096 2202 3612 2283; baseline 0.014 -28"><span class='ocrx_word' id='word_1_441' title='bbox 2096 2202 2449 2262; x_wconf 79' lang='lat' dir='ltr'><strong>Praediximus</strong></span> <span class='ocrx_word' id='word_1_442' title='bbox 2497 2207 2567 2261; x_wconf 90' lang='lat' dir='ltr'><strong>ab</strong></span> <span class='ocrx_word' id='word_1_443' title='bbox 2614 2210 2906 2283; x_wconf 68' lang='lat' dir='ltr'><strong>Aristotele</strong></span> <span class='ocrx_word' id='word_1_444' title='bbox 2951 2214 3137 2268; x_wconf 88' lang='lat' dir='ltr'><strong>decem</strong></span> <span class='ocrx_word' id='word_1_445' title='bbox 3191 2217 3612 2281; x_wconf 64' lang='lat' dir='ltr'><strong>praedicamcuta</strong></span> 
     </span>
    </p>
   </div>
   <div class='ocr_carea' id='block_1_53' title="bbox 2024 2297 3616 2387">
    <p class='ocr_par' dir='ltr' id='par_1_53' title="bbox 2024 2297 3616 2387">
     <span class='ocr_line' id='line_1_53' title="bbox 2024 2297 3616 2387; baseline 0.013 -38"><span class='ocrx_word' id='word_1_446' title='bbox 2024 2310 2145 2351; x_wconf 88' lang='lat' dir='ltr'><strong>esse</strong></span> <span class='ocrx_word' id='word_1_447' title='bbox 2170 2297 2454 2367; x_wconf 89' lang='lat' dir='ltr'><strong>disposita,</strong></span> <span class='ocrx_word' id='word_1_448' title='bbox 2488 2316 2609 2370; x_wconf 65' lang='lat' dir='ltr'><strong>quas</strong></span> <span class='ocrx_word' id='word_1_449' title='bbox 2648 2302 2848 2361; x_wconf 90' lang='lat' dir='ltr'><strong>idcirco</strong></span> <span class='ocrx_word' id='word_1_450' title='bbox 2879 2306 3294 2385; x_wconf 75' lang='lat' dir='ltr'><strong>praedicamenta</strong></span> <span class='ocrx_word' id='word_1_451' title='bbox 3323 2315 3616 2387; x_wconf 83' lang='lat' dir='ltr'><strong>vocaverit,</strong></span> 
     </span>
    </p>
   </div>
   <div class='ocr_carea' id='block_1_54' title="bbox 2023 2390 3613 2477">
    <p class='ocr_par' dir='ltr' id='par_1_54' title="bbox 2023 2390 3613 2477">
     <span class='ocr_line' id='line_1_54' title="bbox 2023 2390 3613 2477; baseline 0.013 -33"><span class='ocrx_word' id='word_1_452' title='bbox 2023 2390 2277 2457; x_wconf 87' lang='lat' dir='ltr'><strong>quoniam</strong></span> <span class='ocrx_word' id='word_1_453' title='bbox 2306 2392 2375 2445; x_wconf 86' lang='lat' dir='ltr'><strong>de</strong></span> <span class='ocrx_word' id='word_1_454' title='bbox 2400 2395 2613 2450; x_wconf 82' lang='lat' dir='ltr'><strong>caeteris</strong></span> <span class='ocrx_word' id='word_1_455' title='bbox 2643 2397 2895 2465; x_wconf 89' lang='lat' dir='ltr'><strong>omnibus</strong></span> <span class='ocrx_word' id='word_1_456' title='bbox 2927 2400 3286 2468; x_wconf 65' lang='lat' dir='ltr'><strong>praedicantur</strong></span> <span class='ocrx_word' id='word_1_457' title='bbox 3313 2421 3324 2456; x_wconf 90' lang='lat'>:</span> <span class='ocrx_word' id='word_1_458' title='bbox 3356 2407 3613 2477; x_wconf 89' lang='lat' dir='ltr'><strong>quidquid</strong></span> 
     </span>
    </p>
   </div>
   <div class='ocr_carea' id='block_1_55' title="bbox 2023 2482 3614 2566">
    <p class='ocr_par' dir='ltr' id='par_1_55' title="bbox 2023 2482 3614 2566">
     <span class='ocr_line' id='line_1_55' title="bbox 2023 2482 3614 2566; baseline 0.016 -34"><span class='ocrx_word' id='word_1_459' title='bbox 2023 2495 2154 2536; x_wconf 83' lang='lat' dir='ltr'><strong>vero</strong></span> <span class='ocrx_word' id='word_1_460' title='bbox 2175 2482 2242 2537; x_wconf 91' lang='lat' dir='ltr'><strong>de</strong></span> <span class='ocrx_word' id='word_1_461' title='bbox 2284 2483 2390 2539; x_wconf 91' lang='lat' dir='ltr'><strong>alio</strong></span> <span class='ocrx_word' id='word_1_462' title='bbox 2434 2485 2775 2555; x_wconf 64' lang='lat' dir='ltr'><strong>praedicatur,</strong></span> <span class='ocrx_word' id='word_1_463' title='bbox 2822 2493 2867 2544; x_wconf 87' lang='lat' dir='ltr'><strong>si</strong></span> <span class='ocrx_word' id='word_1_464' title='bbox 2900 2506 3005 2546; x_wconf 90' lang='lat' dir='ltr'><strong>non</strong></span> <span class='ocrx_word' id='word_1_465' title='bbox 3047 2496 3274 2562; x_wconf 87' lang='lat' dir='ltr'><strong>potuerit</strong></span> <span class='ocrx_word' id='word_1_466' title='bbox 3308 2499 3614 2566; x_wconf 69' lang='lat' dir='ltr'><strong>prmdicatio</strong></span> 
     </span>
    </p>
   </div>
   <div class='ocr_carea' id='block_1_56' title="bbox 2023 2576 3613 2656">
    <p class='ocr_par' dir='ltr' id='par_1_56' title="bbox 2023 2576 3613 2656">
     <span class='ocr_line' id='line_1_56' title="bbox 2023 2576 3613 2656; baseline 0.016 -30"><span class='ocrx_word' id='word_1_467' title='bbox 2023 2576 2297 2643; x_wconf 84' lang='lat' dir='ltr'><strong>converti,</strong></span> <span class='ocrx_word' id='word_1_468' title='bbox 2342 2579 2517 2647; x_wconf 88' lang='lat' dir='ltr'><strong>major</strong></span> <span class='ocrx_word' id='word_1_469' title='bbox 2543 2588 2630 2636; x_wconf 88' lang='grc' dir='ltr'><strong>εει</strong></span> <span class='ocrx_word' id='word_1_470' title='bbox 2655 2595 2745 2637; x_wconf 88' lang='lat' dir='ltr'><strong>res</strong></span> <span class='ocrx_word' id='word_1_471' title='bbox 2783 2582 2873 2638; x_wconf 90' lang='lat' dir='ltr'><strong>illa</strong></span> <span class='ocrx_word' id='word_1_472' title='bbox 2911 2601 3032 2655; x_wconf 73' lang='lat' dir='ltr'><strong>quae</strong></span> <span class='ocrx_word' id='word_1_473' title='bbox 3075 2590 3396 2656; x_wconf 58' lang='lat' dir='ltr'><strong>praedicatur</strong></span> <span class='ocrx_word' id='word_1_474' title='bbox 3438 2595 3507 2649; x_wconf 90' lang='lat' dir='ltr'><strong>ab</strong></span> <span class='ocrx_word' id='word_1_475' title='bbox 3551 2612 3613 2651; x_wconf 85' lang='lat' dir='ltr'><strong>ea</strong></span> 
     </span>
    </p>
   </div>
   <div class='ocr_carea' id='block_1_57' title="bbox 1993 2666 3612 2748">
    <p class='ocr_par' dir='ltr' id='par_1_57' title="bbox 1993 2666 3612 2748">
     <span class='ocr_line' id='line_1_57' title="bbox 1993 2666 3612 2748; baseline 0.017 -29"><span class='ocrx_word' id='word_1_476' title='bbox 1993 2696 2000 2705; x_wconf 89' lang='lat'><strong><em>-</em></strong></span> <span class='ocrx_word' id='word_1_477' title='bbox 2023 2666 2091 2720; x_wconf 90' lang='lat' dir='ltr'><strong>de</strong></span> <span class='ocrx_word' id='word_1_478' title='bbox 2112 2681 2215 2736; x_wconf 88' lang='lat' dir='ltr'><strong>qua</strong></span> <span class='ocrx_word' id='word_1_479' title='bbox 2239 2669 2580 2738; x_wconf 71' lang='lat' dir='ltr'><strong>prazdicatur.</strong></span> <span class='ocrx_word' id='word_1_480' title='bbox 2606 2672 2787 2743; x_wconf 87' lang='lat' dir='ltr'><strong>Itaque</strong></span> <span class='ocrx_word' id='word_1_481' title='bbox 2808 2666 2923 2732; x_wconf 65' lang='lat' dir='ltr'><strong>haec</strong></span> <span class='ocrx_word' id='word_1_482' title='bbox 2946 2681 3356 2748; x_wconf 59' lang='lat' dir='ltr'><strong>praedicamenta</strong></span> <span class='ocrx_word' id='word_1_483' title='bbox 3383 2694 3612 2746; x_wconf 78' lang='lat' dir='ltr'><strong>maxima</strong></span> 
     </span>
    </p>
   </div>
   <div class='ocr_carea' id='block_1_58' title="bbox 2022 2761 3609 2848">
    <p class='ocr_par' dir='ltr' id='par_1_58' title="bbox 2022 2761 3609 2848">
     <span class='ocr_line' id='line_1_58' title="bbox 2022 2761 3609 2848; baseline 0.015 -37"><span class='ocrx_word' id='word_1_484' title='bbox 2022 2771 2202 2813; x_wconf 90' lang='lat' dir='ltr'><strong>rerum</strong></span> <span class='ocrx_word' id='word_1_485' title='bbox 2241 2761 2480 2816; x_wconf 87' lang='lat' dir='ltr'><strong>omnium</strong></span> <span class='ocrx_word' id='word_1_486' title='bbox 2502 2803 2517 2827; x_wconf 92' lang='lat'><strong>,</strong></span> <span class='ocrx_word' id='word_1_487' title='bbox 2558 2768 2810 2831; x_wconf 88' lang='lat' dir='ltr'><strong>quoniam</strong></span> <span class='ocrx_word' id='word_1_488' title='bbox 2852 2768 2921 2823; x_wconf 87' lang='lat' dir='ltr'><strong>de</strong></span> <span class='ocrx_word' id='word_1_489' title='bbox 2950 2773 3201 2828; x_wconf 87' lang='lat' dir='ltr'><strong>omnibus</strong></span> <span class='ocrx_word' id='word_1_490' title='bbox 3230 2778 3609 2848; x_wconf 68' lang='lat' dir='ltr'><strong>praedicantur,</strong></span> 
     </span>
    </p>
   </div>
   <div class='ocr_carea' id='block_1_59' title="bbox 2022 2854 3611 2936">
    <p class='ocr_par' dir='ltr' id='par_1_59' title="bbox 2022 2854 3611 2936">
     <span class='ocr_line' id='line_1_59' title="bbox 2022 2854 3611 2936; baseline 0.014 -33"><span class='ocrx_word' id='word_1_491' title='bbox 2022 2862 2241 2905; x_wconf 87' lang='lat' dir='ltr'><strong>ostensa</strong></span> <span class='ocrx_word' id='word_1_492' title='bbox 2271 2861 2422 2907; x_wconf 87' lang='lat' dir='ltr'><strong>sunt.</strong></span> <span class='ocrx_word' id='word_1_493' title='bbox 2466 2854 2523 2907; x_wconf 85' lang='lat' dir='ltr'><strong>In</strong></span> <span class='ocrx_word' id='word_1_494' title='bbox 2563 2870 2669 2909; x_wconf 92' lang='lat' dir='ltr'><strong>uno</strong></span> <span class='ocrx_word' id='word_1_495' title='bbox 2697 2871 2909 2926; x_wconf 89' lang='lat' dir='ltr'><strong>quoque</strong></span> <span class='ocrx_word' id='word_1_496' title='bbox 2940 2860 3100 2930; x_wconf 90' lang='lat' dir='ltr'><strong>igitur</strong></span> <span class='ocrx_word' id='word_1_497' title='bbox 3129 2863 3320 2920; x_wconf 86' lang='lat' dir='ltr'><strong>borum</strong></span> <span class='ocrx_word' id='word_1_498' title='bbox 3352 2870 3611 2936; x_wconf 76' lang='lat' dir='ltr'><strong>praedica-</strong></span> 
     </span>
    </p>
   </div>
   <div class='ocr_carea' id='block_1_60' title="bbox 2021 2946 3613 3027">
    <p class='ocr_par' dir='ltr' id='par_1_60' title="bbox 2021 2946 3613 3027">
     <span class='ocr_line' id='line_1_60' title="bbox 2021 2946 3613 3027; baseline 0.015 -31"><span class='ocrx_word' id='word_1_499' title='bbox 2021 2954 2327 3000; x_wconf 87' lang='lat' dir='ltr'><strong>mentorum</strong></span> <span class='ocrx_word' id='word_1_500' title='bbox 2355 2946 2601 3015; x_wconf 64' lang='lat' dir='ltr'><strong>quaedam</strong></span> <span class='ocrx_word' id='word_1_501' title='bbox 2627 2950 3032 3018; x_wconf 88' lang='lat' dir='ltr'><strong>generalissima</strong></span> <span class='ocrx_word' id='word_1_502' title='bbox 3063 2965 3188 3010; x_wconf 91' lang='lat' dir='ltr'><strong>sunt</strong></span> <span class='ocrx_word' id='word_1_503' title='bbox 3209 2974 3428 3027; x_wconf 87' lang='lat' dir='ltr'><strong>genera,</strong></span> <span class='ocrx_word' id='word_1_504' title='bbox 3448 2973 3503 3017; x_wconf 89' lang='lat' dir='ltr'><strong>et</strong></span> <span class='ocrx_word' id='word_1_505' title='bbox 3531 2976 3613 3027; x_wconf 80' lang='lat' dir='ltr'><strong>est</strong></span> 
     </span>
    </p>
   </div>
   <div class='ocr_carea' id='block_1_61' title="bbox 2022 3034 3611 3115">
    <p class='ocr_par' dir='ltr' id='par_1_61' title="bbox 2022 3034 3611 3115">
     <span class='ocr_line' id='line_1_61' title="bbox 2022 3034 3611 3115; baseline 0.016 -27"><span class='ocrx_word' id='word_1_506' title='bbox 2022 3034 2177 3105; x_wconf 88' lang='lat' dir='ltr'><strong>longa</strong></span> <span class='ocrx_word' id='word_1_507' title='bbox 2202 3038 2373 3093; x_wconf 88' lang='lat' dir='ltr'><strong>series</strong></span> <span class='ocrx_word' id='word_1_508' title='bbox 2395 3040 2721 3110; x_wconf 86' lang='lat' dir='ltr'><strong>specierum,</strong></span> <span class='ocrx_word' id='word_1_509' title='bbox 2743 3050 2903 3113; x_wconf 89' lang='lat' dir='ltr'><strong>atque</strong></span> <span class='ocrx_word' id='word_1_510' title='bbox 2928 3060 2959 3100; x_wconf 90' lang='lat' dir='ltr'><strong>a</strong></span> <span class='ocrx_word' id='word_1_511' title='bbox 2990 3048 3232 3104; x_wconf 87' lang='lat' dir='ltr'><strong>maximo</strong></span> <span class='ocrx_word' id='word_1_512' title='bbox 3262 3052 3522 3110; x_wconf 78' lang='lat' dir='ltr'><strong>decursus</strong></span> <span class='ocrx_word' id='word_1_513' title='bbox 3545 3058 3611 3115; x_wconf 89' lang='lat' dir='ltr'><strong>ad</strong></span> 
     </span>
    </p>
   </div>
   <div class='ocr_carea' id='block_1_62' title="bbox 2022 3129 3611 3216">
    <p class='ocr_par' dir='ltr' id='par_1_62' title="bbox 2022 3129 3611 3216">
     <span class='ocr_line' id='line_1_62' title="bbox 2022 3129 3611 3216; baseline 0.017 -36"><span class='ocrx_word' id='word_1_514' title='bbox 2022 3129 2263 3183; x_wconf 86' lang='lat' dir='ltr'><strong>minima.</strong></span> <span class='ocrx_word' id='word_1_515' title='bbox 2298 3131 2365 3186; x_wconf 87' lang='lat' dir='ltr'><strong>Et</strong></span> <span class='ocrx_word' id='word_1_516' title='bbox 2393 3132 2483 3187; x_wconf 92' lang='lat' dir='ltr'><strong>illa</strong></span> <span class='ocrx_word' id='word_1_517' title='bbox 2513 3134 2728 3204; x_wconf 90' lang='lat' dir='ltr'><strong>quidem</strong></span> <span class='ocrx_word' id='word_1_518' title='bbox 2770 3153 2889 3207; x_wconf 86' lang='lat' dir='ltr'><strong>quae</strong></span> <span class='ocrx_word' id='word_1_519' title='bbox 2921 3140 2988 3194; x_wconf 88' lang='lat' dir='ltr'><strong>de</strong></span> <span class='ocrx_word' id='word_1_520' title='bbox 3017 3144 3229 3199; x_wconf 66' lang='lat' dir='ltr'><strong>caeteris</strong></span> <span class='ocrx_word' id='word_1_521' title='bbox 3257 3149 3611 3216; x_wconf 61' lang='lat' dir='ltr'><strong>praedicantur</strong></span> 
     </span>
    </p>
   </div>
   <div class='ocr_carea' id='block_1_63' title="bbox 270 3215 1935 3312">
    <p class='ocr_par' dir='ltr' id='par_1_63' title="bbox 270 3220 1931 3299">
     <span class='ocr_line' id='line_1_63' title="bbox 270 3220 1931 3299; baseline 0.01 -28"><span class='ocrx_word' id='word_1_522' title='bbox 270 3298 273 3299; x_wconf 10' lang='grc' dir='ltr'><em>γ</em></span> <span class='ocrx_word' id='word_1_523' title='bbox 318 3220 527 3286; x_wconf 85' lang='lat' dir='ltr'><strong>species</strong></span> <span class='ocrx_word' id='word_1_524' title='bbox 570 3230 653 3274; x_wconf 90' lang='lat' dir='ltr'><strong>est</strong></span> <span class='ocrx_word' id='word_1_525' title='bbox 693 3237 752 3277; x_wconf 87' lang='lat' dir='ltr'><strong>ea</strong></span> <span class='ocrx_word' id='word_1_526' title='bbox 815 3238 933 3294; x_wconf 78' lang='lat' dir='ltr'><strong>quae</strong></span> <span class='ocrx_word' id='word_1_527' title='bbox 970 3223 1037 3279; x_wconf 91' lang='lat' dir='ltr'><strong>de</strong></span> <span class='ocrx_word' id='word_1_528' title='bbox 1069 3224 1438 3281; x_wconf 74' lang='lat' dir='ltr'><strong>differentibus</strong></span> <span class='ocrx_word' id='word_1_529' title='bbox 1481 3231 1662 3299; x_wconf 85' lang='lat' dir='ltr'><strong>specie</strong></span> <span class='ocrx_word' id='word_1_530' title='bbox 1690 3232 1931 3288; x_wconf 74' lang='lat' dir='ltr'><strong>minime:</strong></span> 
     </span>
    </p>
   </div>
   <div class='ocr_carea' id='block_1_64' title="bbox 2015 3215 3611 3312">
    <p class='ocr_par' dir='ltr' id='par_1_64' title="bbox 2020 3215 3611 3312">
     <span class='ocr_line' id='line_1_64' title="bbox 2020 3215 3611 3312; baseline 0.018 -38"><span class='ocrx_word' id='word_1_531' title='bbox 2020 3228 2080 3275; x_wconf 89' lang='lat' dir='ltr'><strong>ut</strong></span> <span class='ocrx_word' id='word_1_532' title='bbox 2107 3236 2324 3291; x_wconf 85' lang='lat' dir='ltr'><strong>genera,</strong></span> <span class='ocrx_word' id='word_1_533' title='bbox 2359 3240 2534 3296; x_wconf 87' lang='lat' dir='ltr'><strong>neque</strong></span> <span class='ocrx_word' id='word_1_534' title='bbox 2562 3226 2687 3283; x_wconf 89' lang='lat' dir='ltr'><strong>ullis</strong></span> <span class='ocrx_word' id='word_1_535' title='bbox 2718 3231 2839 3285; x_wconf 89' lang='lat' dir='ltr'><strong>aliis</strong></span> <span class='ocrx_word' id='word_1_536' title='bbox 2881 3215 3268 3304; x_wconf 11' lang='lat' dir='ltr'><strong>supponuntur,</strong></span> <span class='ocrx_word' id='word_1_537' title='bbox 3290 3250 3345 3296; x_wconf 89' lang='lat' dir='ltr'><strong>ut</strong></span> <span class='ocrx_word' id='word_1_538' title='bbox 3382 3247 3611 3312; x_wconf 81' lang='lat' dir='ltr'><strong>Species,</strong></span> 
     </span>
    </p>
   </div>
   <div class='ocr_carea' id='block_1_65' title="bbox 319 3313 1912 3395">
    <p class='ocr_par' dir='ltr' id='par_1_65' title="bbox 319 3313 1912 3395">
     <span class='ocr_line' id='line_1_65' title="bbox 319 3313 1912 3395; baseline 0.009 -29"><span class='ocrx_word' id='word_1_539' title='bbox 319 3313 657 3380; x_wconf 73' lang='lat' dir='ltr'><strong>prmdicatur.</strong></span> <span class='ocrx_word' id='word_1_540' title='bbox 701 3315 831 3371; x_wconf 78' lang='lat' dir='ltr'><strong>Nam</strong></span> <span class='ocrx_word' id='word_1_541' title='bbox 853 3317 895 3372; x_wconf 91' lang='lat' dir='ltr'><strong>si</strong></span> <span class='ocrx_word' id='word_1_542' title='bbox 924 3317 973 3370; x_wconf 92' lang='lat' dir='ltr'><strong>id</strong></span> <span class='ocrx_word' id='word_1_543' title='bbox 999 3318 1157 3374; x_wconf 86' lang='lat' dir='ltr'><strong>habet</strong></span> <span class='ocrx_word' id='word_1_544' title='bbox 1177 3335 1344 3389; x_wconf 86' lang='lat' dir='ltr'><strong>genus</strong></span> <span class='ocrx_word' id='word_1_545' title='bbox 1368 3321 1487 3390; x_wconf 89' lang='lat' dir='ltr'><strong>plus</strong></span> <span class='ocrx_word' id='word_1_546' title='bbox 1507 3338 1529 3373; x_wconf 75' lang='lat' dir='ltr'><strong>rt</strong></span> <span class='ocrx_word' id='word_1_547' title='bbox 1555 3323 1912 3395; x_wconf 87' lang='lat' dir='ltr'><strong>Specie,quod</strong></span> 
     </span>
    </p>
   </div>
   <div class='ocr_carea' id='block_1_66' title="bbox 268 3405 1911 3485">
    <p class='ocr_par' dir='ltr' id='par_1_66' title="bbox 268 3405 1911 3485">
     <span class='ocr_line' id='line_1_66' title="bbox 268 3405 1911 3485; baseline 0.009 -29"><span class='ocrx_word' id='word_1_548' title='bbox 268 3470 279 3473; x_wconf 96' lang='lat'><em>_</em></span> <span class='ocrx_word' id='word_1_549' title='bbox 318 3405 387 3457; x_wconf 87' lang='lat' dir='ltr'><strong>de</strong></span> <span class='ocrx_word' id='word_1_550' title='bbox 429 3405 798 3461; x_wconf 78' lang='lat' dir='ltr'><strong>diﬂ&#39;erentibus</strong></span> <span class='ocrx_word' id='word_1_551' title='bbox 836 3408 1017 3477; x_wconf 88' lang='lat' dir='ltr'><strong>specie</strong></span> <span class='ocrx_word' id='word_1_552' title='bbox 1064 3410 1409 3478; x_wconf 78' lang='lat' dir='ltr'><strong>praedicatur,</strong></span> <span class='ocrx_word' id='word_1_553' title='bbox 1456 3413 1502 3467; x_wconf 88' lang='lat' dir='ltr'><strong>si</strong></span> <span class='ocrx_word' id='word_1_554' title='bbox 1550 3429 1654 3484; x_wconf 90' lang='lat' dir='ltr'><strong>qua</strong></span> <span class='ocrx_word' id='word_1_555' title='bbox 1699 3412 1911 3485; x_wconf 85' lang='lat' dir='ltr'><strong>species</strong></span> 
     </span>
    </p>
   </div>
   <div class='ocr_carea' id='block_1_67' title="bbox 268 3497 1911 3578">
    <p class='ocr_par' dir='ltr' id='par_1_67' title="bbox 268 3497 1911 3578">
     <span class='ocr_line' id='line_1_67' title="bbox 268 3497 1911 3578; baseline 0.012 -33"><span class='ocrx_word' id='word_1_556' title='bbox 268 3562 273 3565; x_wconf 94' lang='lat'>_</span> <span class='ocrx_word' id='word_1_557' title='bbox 318 3497 531 3564; x_wconf 84' lang='lat' dir='ltr'><strong>quidem</strong></span> <span class='ocrx_word' id='word_1_558' title='bbox 573 3498 891 3567; x_wconf 66' lang='lat' dir='ltr'><strong>prtedicetur</strong></span> <span class='ocrx_word' id='word_1_559' title='bbox 929 3501 996 3555; x_wconf 88' lang='lat' dir='ltr'><strong>de</strong></span> <span class='ocrx_word' id='word_1_560' title='bbox 1024 3502 1304 3573; x_wconf 79' lang='lat' dir='ltr'><strong>subjectis,</strong></span> <span class='ocrx_word' id='word_1_561' title='bbox 1339 3504 1431 3557; x_wconf 90' lang='lat' dir='ltr'><strong>sed</strong></span> <span class='ocrx_word' id='word_1_562' title='bbox 1470 3506 1591 3560; x_wconf 84' lang='lat' dir='ltr'><strong>non</strong></span> <span class='ocrx_word' id='word_1_563' title='bbox 1616 3507 1682 3561; x_wconf 86' lang='lat' dir='ltr'><strong>de</strong></span> <span class='ocrx_word' id='word_1_564' title='bbox 1726 3508 1911 3578; x_wconf 84' lang='lat' dir='ltr'><strong>Specie</strong></span> 
     </span>
    </p>
   </div>
   <div class='ocr_carea' id='block_1_68' title="bbox 255 3584 1911 3671">
    <p class='ocr_par' dir='ltr' id='par_1_68' title="bbox 255 3584 1911 3671">
     <span class='ocr_line' id='line_1_68' title="bbox 255 3584 1911 3671; baseline 0.01 -31"><span class='ocrx_word' id='word_1_565' title='bbox 255 3584 273 3645; x_wconf 66' lang='grc' dir='ltr'>ί</span> <span class='ocrx_word' id='word_1_566' title='bbox 318 3586 709 3656; x_wconf 64' lang='lat' dir='ltr'><strong>dim-rentibus,</strong></span> <span class='ocrx_word' id='word_1_567' title='bbox 754 3606 816 3645; x_wconf 90' lang='lat' dir='ltr'><strong>ea</strong></span> <span class='ocrx_word' id='word_1_568' title='bbox 845 3592 1015 3646; x_wconf 91' lang='lat' dir='ltr'><strong>solum</strong></span> <span class='ocrx_word' id='word_1_569' title='bbox 1044 3595 1145 3648; x_wconf 89' lang='lat' dir='ltr'><strong>erit</strong></span> <span class='ocrx_word' id='word_1_570' title='bbox 1175 3594 1384 3662; x_wconf 86' lang='lat' dir='ltr'><strong>Species</strong></span> <span class='ocrx_word' id='word_1_571' title='bbox 1411 3598 1710 3666; x_wconf 90' lang='lat' dir='ltr'><strong>superioris</strong></span> <span class='ocrx_word' id='word_1_572' title='bbox 1743 3616 1911 3671; x_wconf 91' lang='lat' dir='ltr'><strong>gene-</strong></span> 
     </span>
    </p>
   </div>
   <div class='ocr_carea' id='block_1_69' title="bbox 320 3681 1912 3762">
    <p class='ocr_par' dir='ltr' id='par_1_69' title="bbox 320 3681 1912 3762">
     <span class='ocr_line' id='line_1_69' title="bbox 320 3681 1912 3762; baseline 0.008 -30"><span class='ocrx_word' id='word_1_573' title='bbox 320 3682 413 3743; x_wconf 87' lang='lat' dir='ltr'><strong>ris,</strong></span> <span class='ocrx_word' id='word_1_574' title='bbox 450 3681 814 3751; x_wconf 87' lang='lat' dir='ltr'><strong>snbjectorum</strong></span> <span class='ocrx_word' id='word_1_575' title='bbox 852 3700 980 3738; x_wconf 88' lang='lat' dir='ltr'><strong>vero</strong></span> <span class='ocrx_word' id='word_1_576' title='bbox 1007 3700 1113 3739; x_wconf 91' lang='lat' dir='ltr'><strong>non</strong></span> <span class='ocrx_word' id='word_1_577' title='bbox 1149 3687 1253 3740; x_wconf 88' lang='lat' dir='ltr'><strong>erit</strong></span> <span class='ocrx_word' id='word_1_578' title='bbox 1294 3703 1485 3757; x_wconf 77' lang='lat' dir='ltr'><strong>genus.</strong></span> <span class='ocrx_word' id='word_1_579' title='bbox 1523 3689 1686 3760; x_wconf 85' lang='lat' dir='ltr'><strong>Igitur</strong></span> <span class='ocrx_word' id='word_1_580' title='bbox 1717 3694 1912 3762; x_wconf 69' lang='lat' dir='ltr'><strong>przcdi-</strong></span> 
     </span>
    </p>
   </div>
   <div class='ocr_carea' id='block_1_70' title="bbox 270 3760 1911 3849">
    <p class='ocr_par' dir='ltr' id='par_1_70' title="bbox 270 3760 1911 3849">
     <span class='ocr_line' id='line_1_70' title="bbox 270 3760 1911 3849; baseline 0.012 -28"><span class='ocrx_word' id='word_1_581' title='bbox 270 3760 277 3767; x_wconf 83' lang='grc'><em>’</em></span> <span class='ocrx_word' id='word_1_582' title='bbox 318 3760 458 3825; x_wconf 72' lang='lat' dir='ltr'><strong>ratio</strong></span> <span class='ocrx_word' id='word_1_583' title='bbox 489 3788 550 3827; x_wconf 88' lang='lat' dir='ltr'><strong>ea</strong></span> <span class='ocrx_word' id='word_1_584' title='bbox 581 3789 739 3842; x_wconf 92' lang='lat' dir='ltr'><strong>quam</strong></span> <span class='ocrx_word' id='word_1_585' title='bbox 774 3775 981 3844; x_wconf 72' lang='lat' dir='ltr'><strong>species</strong></span> <span class='ocrx_word' id='word_1_586' title='bbox 1013 3777 1173 3831; x_wconf 81' lang='lat' dir='ltr'><strong>habet</strong></span> <span class='ocrx_word' id='word_1_587' title='bbox 1203 3778 1268 3831; x_wconf 92' lang='lat' dir='ltr'><strong>ad</strong></span> <span class='ocrx_word' id='word_1_588' title='bbox 1300 3779 1578 3849; x_wconf 71' lang='lat' dir='ltr'><strong>subjecxa,</strong></span> <span class='ocrx_word' id='word_1_589' title='bbox 1613 3784 1657 3836; x_wconf 93' lang='lat' dir='ltr'><strong>Si</strong></span> <span class='ocrx_word' id='word_1_590' title='bbox 1692 3784 1812 3839; x_wconf 87' lang='lat' dir='ltr'><strong>talis</strong></span> <span class='ocrx_word' id='word_1_591' title='bbox 1841 3786 1911 3840; x_wconf 89' lang='lat' dir='ltr'><strong>Sit</strong></span> 
     </span>
    </p>
   </div>
   <div class='ocr_carea' id='block_1_71' title="bbox 320 3863 1911 3946">
    <p class='ocr_par' dir='ltr' id='par_1_71' title="bbox 320 3863 1911 3946">
     <span class='ocr_line' id='line_1_71' title="bbox 320 3863 1911 3946; baseline 0.011 -32"><span class='ocrx_word' id='word_1_592' title='bbox 320 3872 373 3915; x_wconf 89' lang='lat' dir='ltr'><strong>ut</strong></span> <span class='ocrx_word' id='word_1_593' title='bbox 397 3863 868 3921; x_wconf 75' lang='lat' dir='ltr'><strong>de.diﬂ&#39;erentibus</strong></span> <span class='ocrx_word' id='word_1_594' title='bbox 898 3868 1080 3936; x_wconf 88' lang='lat' dir='ltr'><strong>specie</strong></span> <span class='ocrx_word' id='word_1_595' title='bbox 1110 3886 1213 3923; x_wconf 91' lang='lat' dir='ltr'><strong>non</strong></span> <span class='ocrx_word' id='word_1_596' title='bbox 1251 3870 1595 3944; x_wconf 70' lang='lat' dir='ltr'><strong>prmdicetur,</strong></span> <span class='ocrx_word' id='word_1_597' title='bbox 1627 3873 1911 3946; x_wconf 86' lang='lat' dir='ltr'><strong>distinguit</strong></span> 
     </span>
    </p>
   </div>
   <div class='ocr_carea' id='block_1_72' title="bbox 264 3952 1911 4036">
    <p class='ocr_par' dir='ltr' id='par_1_72' title="bbox 264 3952 1911 4036">
     <span class='ocr_line' id='line_1_72' title="bbox 264 3952 1911 4036; baseline 0.009 -28"><span class='ocrx_word' id='word_1_598' title='bbox 264 3952 269 3955; x_wconf 41' lang='grc'><strong>⁴</strong></span> <span class='ocrx_word' id='word_1_599' title='bbox 314 3970 433 4009; x_wconf 60' lang='grc' dir='ltr'>εηιιι</span> <span class='ocrx_word' id='word_1_600' title='bbox 470 3959 536 4011; x_wconf 89' lang='lat' dir='ltr'><strong>ab</strong></span> <span class='ocrx_word' id='word_1_601' title='bbox 577 3958 659 4012; x_wconf 89' lang='lat' dir='ltr'><strong>his</strong></span> <span class='ocrx_word' id='word_1_602' title='bbox 702 3959 985 4030; x_wconf 80' lang='lat' dir='ltr'><strong>speciebus</strong></span> <span class='ocrx_word' id='word_1_603' title='bbox 1025 3977 1143 4031; x_wconf 72' lang='lat' dir='ltr'><strong>qure</strong></span> <span class='ocrx_word' id='word_1_604' title='bbox 1188 3977 1384 4032; x_wconf 88' lang='lat' dir='ltr'><strong>genera</strong></span> <span class='ocrx_word' id='word_1_605' title='bbox 1415 3978 1535 4018; x_wconf 91' lang='lat' dir='ltr'><strong>esse</strong></span> <span class='ocrx_word' id='word_1_606' title='bbox 1567 3977 1811 4036; x_wconf 87' lang='lat' dir='ltr'><strong>possunt,</strong></span> <span class='ocrx_word' id='word_1_607' title='bbox 1855 3977 1911 4024; x_wconf 91' lang='lat' dir='ltr'><strong>et</strong></span> 
     </span>
    </p>
   </div>
   <div class='ocr_carea' id='block_1_73' title="bbox 315 4051 1906 4127">
    <p class='ocr_par' dir='ltr' id='par_1_73' title="bbox 315 4051 1906 4127">
     <span class='ocr_line' id='line_1_73' title="bbox 315 4051 1906 4127; baseline 0.008 -28"><span class='ocrx_word' id='word_1_608' title='bbox 315 4057 582 4102; x_wconf 70' lang='lat' dir='ltr'><strong>monstrnt</strong></span> <span class='ocrx_word' id='word_1_609' title='bbox 608 4065 723 4104; x_wconf 87' lang='lat' dir='ltr'><strong>eam</strong></span> <span class='ocrx_word' id='word_1_610' title='bbox 750 4051 925 4105; x_wconf 91' lang='lat' dir='ltr'><strong>solum</strong></span> <span class='ocrx_word' id='word_1_611' title='bbox 959 4054 1196 4122; x_wconf 87' lang='lat' dir='ltr'><strong>speciem</strong></span> <span class='ocrx_word' id='word_1_612' title='bbox 1230 4068 1371 4120; x_wconf 87' lang='lat' dir='ltr'><strong>esse,</strong></span> <span class='ocrx_word' id='word_1_613' title='bbox 1409 4069 1508 4109; x_wconf 87' lang='lat' dir='ltr'><strong>nec</strong></span> <span class='ocrx_word' id='word_1_614' title='bbox 1536 4058 1750 4125; x_wconf 90' lang='lat' dir='ltr'><strong>generis</strong></span> <span class='ocrx_word' id='word_1_615' title='bbox 1772 4074 1906 4127; x_wconf 69' lang='lat' dir='ltr'><strong>prie-</strong></span> 
     </span>
    </p>
   </div>
   <div class='ocr_carea' id='block_1_74' title="bbox 315 4137 1905 4217">
    <p class='ocr_par' dir='ltr' id='par_1_74' title="bbox 315 4137 1905 4217">
     <span class='ocr_line' id='line_1_74' title="bbox 315 4137 1905 4217; baseline 0.006 -24"><span class='ocrx_word' id='word_1_616' title='bbox 315 4137 635 4194; x_wconf 82' lang='lat' dir='ltr'><strong>dicatiOnem</strong></span> <span class='ocrx_word' id='word_1_617' title='bbox 660 4150 864 4198; x_wconf 83' lang='lat' dir='ltr'><strong>tenere.</strong></span> <span class='ocrx_word' id='word_1_618' title='bbox 912 4142 999 4197; x_wconf 65' lang='lat' dir='ltr'><strong>Illa</strong></span> <span class='ocrx_word' id='word_1_619' title='bbox 1027 4144 1187 4213; x_wconf 82' lang='lat' dir='ltr'><strong>igitur</strong></span> <span class='ocrx_word' id='word_1_620' title='bbox 1216 4147 1369 4199; x_wconf 87' lang='lat' dir='ltr'><strong>tertia</strong></span> <span class='ocrx_word' id='word_1_621' title='bbox 1392 4145 1682 4216; x_wconf 86' lang='lat' dir='ltr'><strong>descriptio</strong></span> <span class='ocrx_word' id='word_1_622' title='bbox 1708 4150 1905 4217; x_wconf 89' lang='lat' dir='ltr'><strong>speciei</strong></span> 
     </span>
    </p>
   </div>
   <div class='ocr_carea' id='block_1_75' title="bbox 318 4230 1909 4303">
    <p class='ocr_par' dir='ltr' id='par_1_75' title="bbox 318 4230 1909 4303">
     <span class='ocr_line' id='line_1_75' title="bbox 318 4230 1909 4303; baseline 0.011 -24"><span class='ocrx_word' id='word_1_623' title='bbox 318 4244 440 4297; x_wconf 73' lang='lat' dir='ltr'><strong>qua:</strong></span> <span class='ocrx_word' id='word_1_624' title='bbox 469 4230 636 4300; x_wconf 88' lang='lat' dir='ltr'><strong>magis</strong></span> <span class='ocrx_word' id='word_1_625' title='bbox 661 4234 866 4303; x_wconf 89' lang='lat' dir='ltr'><strong>species</strong></span> <span class='ocrx_word' id='word_1_626' title='bbox 890 4250 951 4287; x_wconf 89' lang='lat' dir='ltr'><strong>ac</strong></span> <span class='ocrx_word' id='word_1_627' title='bbox 983 4235 1368 4303; x_wconf 87' lang='lat' dir='ltr'><strong>specialissima</strong></span> <span class='ocrx_word' id='word_1_628' title='bbox 1393 4236 1611 4299; x_wconf 88' lang='lat' dir='ltr'><strong>dicitur.</strong></span> <span class='ocrx_word' id='word_1_629' title='bbox 1642 4238 1909 4296; x_wconf 82' lang='lat' dir='ltr'><strong>difﬁnitur</strong></span> 
     </span>
    </p>
   </div>
   <div class='ocr_carea' id='block_1_76' title="bbox 317 4321 1908 4399">
    <p class='ocr_par' dir='ltr' id='par_1_76' title="bbox 317 4321 1908 4399">
     <span class='ocr_line' id='line_1_76' title="bbox 317 4321 1908 4399; baseline 0.008 -24"><span class='ocrx_word' id='word_1_630' title='bbox 317 4321 422 4376; x_wconf 90' lang='lat' dir='ltr'><strong>hoc</strong></span> <span class='ocrx_word' id='word_1_631' title='bbox 469 4324 626 4378; x_wconf 91' lang='lat' dir='ltr'><strong>modo</strong></span> <span class='ocrx_word' id='word_1_632' title='bbox 669 4342 682 4378; x_wconf 91' lang='lat'><strong>:</strong></span> <span class='ocrx_word' id='word_1_633' title='bbox 720 4325 944 4396; x_wconf 87' lang='lat' dir='ltr'><strong>Species</strong></span> <span class='ocrx_word' id='word_1_634' title='bbox 973 4332 1057 4380; x_wconf 87' lang='lat' dir='ltr'><strong>est</strong></span> <span class='ocrx_word' id='word_1_635' title='bbox 1094 4328 1235 4396; x_wconf 86' lang='lat' dir='ltr'><strong>quod</strong></span> <span class='ocrx_word' id='word_1_636' title='bbox 1284 4328 1353 4383; x_wconf 85' lang='lat' dir='ltr'><strong>de</strong></span> <span class='ocrx_word' id='word_1_637' title='bbox 1392 4329 1638 4399; x_wconf 86' lang='lat' dir='ltr'><strong>pluribus</strong></span> <span class='ocrx_word' id='word_1_638' title='bbox 1681 4348 1908 4389; x_wconf 89' lang='lat' dir='ltr'><strong>numero</strong></span> 
     </span>
    </p>
   </div>
   <div class='ocr_carea' id='block_1_77' title="bbox 313 4414 1903 4490">
    <p class='ocr_par' dir='ltr' id='par_1_77' title="bbox 313 4414 1903 4490">
     <span class='ocr_line' id='line_1_77' title="bbox 313 4414 1903 4490; baseline 0.008 -21"><span class='ocrx_word' id='word_1_639' title='bbox 313 4414 680 4471; x_wconf 72' lang='lat' dir='ltr'><strong>differentibus</strong></span> <span class='ocrx_word' id='word_1_640' title='bbox 702 4418 753 4472; x_wconf 87' lang='lat' dir='ltr'><strong>in</strong></span> <span class='ocrx_word' id='word_1_641' title='bbox 776 4434 841 4473; x_wconf 84' lang='lat' dir='ltr'><strong>eo</strong></span> <span class='ocrx_word' id='word_1_642' title='bbox 863 4419 1005 4489; x_wconf 90' lang='lat' dir='ltr'><strong>quod</strong></span> <span class='ocrx_word' id='word_1_643' title='bbox 1024 4419 1148 4488; x_wconf 90' lang='lat' dir='ltr'><strong>quid</strong></span> <span class='ocrx_word' id='word_1_644' title='bbox 1173 4421 1242 4474; x_wconf 91' lang='lat' dir='ltr'><strong>sit</strong></span> <span class='ocrx_word' id='word_1_645' title='bbox 1263 4421 1610 4490; x_wconf 57' lang='lat' dir='ltr'><strong>praedicatur,</strong></span> <span class='ocrx_word' id='word_1_646' title='bbox 1626 4432 1684 4479; x_wconf 89' lang='lat' dir='ltr'><strong>ut</strong></span> <span class='ocrx_word' id='word_1_647' title='bbox 1708 4426 1903 4481; x_wconf 88' lang='lat' dir='ltr'><strong>homo:</strong></span> 
     </span>
    </p>
   </div>
   <div class='ocr_carea' id='block_1_78' title="bbox 244 4510 1899 4579">
    <p class='ocr_par' dir='ltr' id='par_1_78' title="bbox 244 4510 1899 4579">
     <span class='ocr_line' id='line_1_78' title="bbox 244 4510 1899 4579; baseline 0.007 -16"><span class='ocrx_word' id='word_1_648' title='bbox 244 4550 247 4551; x_wconf 36' lang='grc' dir='ltr'><em>γ</em></span> <span class='ocrx_word' id='word_1_649' title='bbox 313 4510 633 4579; x_wconf 68' lang='lat' dir='ltr'><strong>prredicatur</strong></span> <span class='ocrx_word' id='word_1_650' title='bbox 658 4512 803 4567; x_wconf 87' lang='lat' dir='ltr'><strong>enim</strong></span> <span class='ocrx_word' id='word_1_651' title='bbox 829 4512 895 4566; x_wconf 85' lang='lat' dir='ltr'><strong>de</strong></span> <span class='ocrx_word' id='word_1_652' title='bbox 922 4513 1183 4569; x_wconf 88' lang='lat' dir='ltr'><strong>Cicerone</strong></span> <span class='ocrx_word' id='word_1_653' title='bbox 1221 4530 1285 4571; x_wconf 90' lang='lat' dir='ltr'><strong>ac</strong></span> <span class='ocrx_word' id='word_1_654' title='bbox 1315 4515 1677 4574; x_wconf 88' lang='lat' dir='ltr'><strong>Demosthene</strong></span> <span class='ocrx_word' id='word_1_655' title='bbox 1706 4528 1761 4575; x_wconf 90' lang='lat' dir='ltr'><strong>et</strong></span> <span class='ocrx_word' id='word_1_656' title='bbox 1790 4535 1899 4575; x_wconf 68' lang='lat' dir='ltr'><strong>cte-</strong></span> 
     </span>
    </p>
   </div>
   <div class='ocr_carea' id='block_1_79' title="bbox 2015 3317 3613 3407">
    <p class='ocr_par' dir='ltr' id='par_1_79' title="bbox 2015 3317 3613 3407">
     <span class='ocr_line' id='line_1_79' title="bbox 2015 3317 3613 3407; baseline 0.018 -39"><span class='ocrx_word' id='word_1_657' title='bbox 2015 3317 2415 3383; x_wconf 82' lang='lat' dir='ltr'><strong>generalissima</strong></span> <span class='ocrx_word' id='word_1_658' title='bbox 2443 3334 2640 3388; x_wconf 88' lang='lat' dir='ltr'><strong>genera</strong></span> <span class='ocrx_word' id='word_1_659' title='bbox 2672 3336 3070 3397; x_wconf 85' lang='lat' dir='ltr'><strong>nuncupantur,</strong></span> <span class='ocrx_word' id='word_1_660' title='bbox 3118 3330 3340 3401; x_wconf 90' lang='lat' dir='ltr'><strong>idcirco,</strong></span> <span class='ocrx_word' id='word_1_661' title='bbox 3370 3338 3491 3407; x_wconf 88' lang='lat' dir='ltr'><strong>quia</strong></span> <span class='ocrx_word' id='word_1_662' title='bbox 3530 3341 3613 3397; x_wconf 81' lang='lat' dir='ltr'><strong>bis</strong></span> 
     </span>
    </p>
   </div>
   <div class='ocr_carea' id='block_1_80' title="bbox 2015 3406 3609 3500">
    <p class='ocr_par' dir='ltr' id='par_1_80' title="bbox 2015 3406 3609 3500">
     <span class='ocr_line' id='line_1_80' title="bbox 2015 3406 3609 3500; baseline 0.018 -41"><span class='ocrx_word' id='word_1_663' title='bbox 2015 3406 2218 3462; x_wconf 89' lang='lat' dir='ltr'><strong>nullum</strong></span> <span class='ocrx_word' id='word_1_664' title='bbox 2259 3407 2404 3464; x_wconf 88' lang='lat' dir='ltr'><strong>aliud</strong></span> <span class='ocrx_word' id='word_1_665' title='bbox 2450 3416 2835 3484; x_wconf 88' lang='lat' dir='ltr'><strong>superponitur</strong></span> <span class='ocrx_word' id='word_1_666' title='bbox 2864 3433 3055 3488; x_wconf 83' lang='lat' dir='ltr'><strong>genus.</strong></span> <span class='ocrx_word' id='word_1_667' title='bbox 3103 3423 3289 3480; x_wconf 82' lang='lat' dir='ltr'><strong>intima</strong></span> <span class='ocrx_word' id='word_1_668' title='bbox 3334 3406 3462 3483; x_wconf 80' lang='lat' dir='ltr'><strong>vero</strong></span> <span class='ocrx_word' id='word_1_669' title='bbox 3487 3449 3609 3500; x_wconf 74' lang='lat' dir='ltr'><strong>quae</strong></span> 
     </span>
    </p>
   </div>
   <div class='ocr_carea' id='block_1_81' title="bbox 2014 3498 3606 3591">
    <p class='ocr_par' dir='ltr' id='par_1_81' title="bbox 2014 3498 3606 3591">
     <span class='ocr_line' id='line_1_81' title="bbox 2014 3498 3606 3591; baseline 0.02 -41"><span class='ocrx_word' id='word_1_670' title='bbox 2014 3498 2082 3552; x_wconf 90' lang='lat' dir='ltr'><strong>de</strong></span> <span class='ocrx_word' id='word_1_671' title='bbox 2120 3499 2278 3554; x_wconf 89' lang='lat' dir='ltr'><strong>nullis</strong></span> <span class='ocrx_word' id='word_1_672' title='bbox 2312 3502 2592 3571; x_wconf 88' lang='lat' dir='ltr'><strong>speciebus</strong></span> <span class='ocrx_word' id='word_1_673' title='bbox 2629 3507 2905 3575; x_wconf 89' lang='lat' dir='ltr'><strong>dicuntur,</strong></span> <span class='ocrx_word' id='word_1_674' title='bbox 2948 3515 3353 3581; x_wconf 69' lang='lat' dir='ltr'><strong>specialissiuni:</strong></span> <span class='ocrx_word' id='word_1_675' title='bbox 3397 3498 3606 3591; x_wconf 81' lang='lat' dir='ltr'><strong>Species</strong></span> 
     </span>
    </p>
   </div>
   <div class='ocr_carea' id='block_1_82' title="bbox 2013 3594 3606 3682">
    <p class='ocr_par' dir='ltr' id='par_1_82' title="bbox 2013 3594 3606 3682">
     <span class='ocr_line' id='line_1_82' title="bbox 2013 3594 3606 3682; baseline 0.018 -36"><span class='ocrx_word' id='word_1_676' title='bbox 2013 3594 2378 3663; x_wconf 88' lang='lat' dir='ltr'><strong>appellantur,</strong></span> <span class='ocrx_word' id='word_1_677' title='bbox 2416 3597 2620 3654; x_wconf 88' lang='lat' dir='ltr'><strong>idcirco</strong></span> <span class='ocrx_word' id='word_1_678' title='bbox 2640 3604 2891 3670; x_wconf 88' lang='lat' dir='ltr'><strong>quoniam</strong></span> <span class='ocrx_word' id='word_1_679' title='bbox 2923 3605 3186 3675; x_wconf 89' lang='lat' dir='ltr'><strong>integrum</strong></span> <span class='ocrx_word' id='word_1_680' title='bbox 3214 3612 3492 3682; x_wconf 85' lang='lat' dir='ltr'><strong>cujuslibet</strong></span> <span class='ocrx_word' id='word_1_681' title='bbox 3528 3622 3606 3674; x_wconf 85' lang='lat' dir='ltr'><strong>rei</strong></span> 
     </span>
    </p>
   </div>
   <div class='ocr_carea' id='block_1_83' title="bbox 2014 3686 3606 3775">
    <p class='ocr_par' dir='ltr' id='par_1_83' title="bbox 2014 3686 3606 3775">
     <span class='ocr_line' id='line_1_83' title="bbox 2014 3686 3606 3775; baseline 0.018 -37"><span class='ocrx_word' id='word_1_682' title='bbox 2014 3686 2330 3741; x_wconf 82' lang='lat' dir='ltr'><strong>vocabulum</strong></span> <span class='ocrx_word' id='word_1_683' title='bbox 2380 3689 2469 3744; x_wconf 89' lang='lat' dir='ltr'><strong>illa</strong></span> <span class='ocrx_word' id='word_1_684' title='bbox 2500 3693 2818 3763; x_wconf 87' lang='lat' dir='ltr'><strong>suscipiunt,</strong></span> <span class='ocrx_word' id='word_1_685' title='bbox 2848 3713 2969 3767; x_wconf 73' lang='lat' dir='ltr'><strong>quae</strong></span> <span class='ocrx_word' id='word_1_686' title='bbox 3010 3716 3139 3767; x_wconf 88' lang='lat' dir='ltr'><strong>pura</strong></span> <span class='ocrx_word' id='word_1_687' title='bbox 3174 3703 3510 3775; x_wconf 84' lang='lat' dir='ltr'><strong>immislaque</strong></span> <span class='ocrx_word' id='word_1_688' title='bbox 3555 3718 3606 3767; x_wconf 88' lang='lat' dir='ltr'><strong>in</strong></span> 
     </span>
    </p>
   </div>
   <div class='ocr_carea' id='block_1_84' title="bbox 2013 3779 3607 3860">
    <p class='ocr_par' dir='ltr' id='par_1_84' title="bbox 2013 3779 3607 3860">
     <span class='ocr_line' id='line_1_84' title="bbox 2013 3779 3607 3860; baseline 0.018 -29"><span class='ocrx_word' id='word_1_689' title='bbox 2013 3792 2075 3832; x_wconf 88' lang='lat' dir='ltr'><strong>ea</strong></span> <span class='ocrx_word' id='word_1_690' title='bbox 2115 3779 2183 3834; x_wconf 91' lang='lat' dir='ltr'><strong>de</strong></span> <span class='ocrx_word' id='word_1_691' title='bbox 2217 3796 2320 3850; x_wconf 91' lang='lat' dir='ltr'><strong>qua</strong></span> <span class='ocrx_word' id='word_1_692' title='bbox 2363 3784 2621 3852; x_wconf 64' lang='lat' dir='ltr'><strong>quaeritur</strong></span> <span class='ocrx_word' id='word_1_693' title='bbox 2659 3794 2985 3857; x_wconf 81' lang='lat' dir='ltr'><strong>proprietate</strong></span> <span class='ocrx_word' id='word_1_694' title='bbox 3022 3803 3146 3848; x_wconf 90' lang='lat' dir='ltr'><strong>sunt</strong></span> <span class='ocrx_word' id='word_1_695' title='bbox 3183 3799 3469 3852; x_wconf 87' lang='lat' dir='ltr'><strong>constituta</strong></span> <span class='ocrx_word' id='word_1_696' title='bbox 3505 3820 3518 3854; x_wconf 90' lang='lat'><strong>:</strong></span> <span class='ocrx_word' id='word_1_697' title='bbox 3551 3815 3607 3860; x_wconf 82' lang='lat' dir='ltr'><strong>at</strong></span> 
     </span>
    </p>
   </div>
   <div class='ocr_carea' id='block_1_85' title="bbox 2012 3871 3606 3950">
    <p class='ocr_par' dir='ltr' id='par_1_85' title="bbox 2012 3871 3606 3950">
     <span class='ocr_line' id='line_1_85' title="bbox 2012 3871 3606 3950; baseline 0.018 -28"><span class='ocrx_word' id='word_1_698' title='bbox 2012 3871 2264 3947; x_wconf 89' lang='lat' dir='ltr'><strong>quoniam</strong></span> <span class='ocrx_word' id='word_1_699' title='bbox 2294 3876 2504 3942; x_wconf 90' lang='lat' dir='ltr'><strong>species</strong></span> <span class='ocrx_word' id='word_1_700' title='bbox 2534 3876 2585 3930; x_wconf 92' lang='lat' dir='ltr'><strong>id</strong></span> <span class='ocrx_word' id='word_1_701' title='bbox 2616 3880 2759 3947; x_wconf 89' lang='lat' dir='ltr'><strong>quod</strong></span> <span class='ocrx_word' id='word_1_702' title='bbox 2785 3883 2993 3950; x_wconf 90' lang='lat' dir='ltr'><strong>species</strong></span> <span class='ocrx_word' id='word_1_703' title='bbox 3019 3895 3100 3939; x_wconf 88' lang='lat' dir='ltr'><strong>est</strong></span> <span class='ocrx_word' id='word_1_704' title='bbox 3138 3894 3203 3941; x_wconf 75' lang='lat' dir='ltr'><strong>ex</strong></span> <span class='ocrx_word' id='word_1_705' title='bbox 3232 3904 3297 3942; x_wconf 90' lang='lat' dir='ltr'><strong>eo</strong></span> <span class='ocrx_word' id='word_1_706' title='bbox 3326 3889 3485 3946; x_wconf 84' lang='lat' dir='ltr'><strong>habet</strong></span> <span class='ocrx_word' id='word_1_707' title='bbox 3516 3909 3606 3949; x_wconf 88' lang='lat' dir='ltr'><strong>no-</strong></span> 
     </span>
    </p>
   </div>
   <div class='ocr_carea' id='block_1_86' title="bbox 2012 3964 3605 4057">
    <p class='ocr_par' dir='ltr' id='par_1_86' title="bbox 2012 3964 3605 4057">
     <span class='ocr_line' id='line_1_86' title="bbox 2012 3964 3605 4057; baseline 0.018 -43"><span class='ocrx_word' id='word_1_708' title='bbox 2012 3977 2157 4031; x_wconf 89' lang='lat' dir='ltr'><strong>men,</strong></span> <span class='ocrx_word' id='word_1_709' title='bbox 2190 3965 2312 4035; x_wconf 90' lang='lat' dir='ltr'><strong>quia</strong></span> <span class='ocrx_word' id='word_1_710' title='bbox 2340 3970 2661 4037; x_wconf 82' lang='lat' dir='ltr'><strong>supponitui-</strong></span> <span class='ocrx_word' id='word_1_711' title='bbox 2690 3976 2901 4042; x_wconf 88' lang='lat' dir='ltr'><strong>generi,</strong></span> <span class='ocrx_word' id='word_1_712' title='bbox 2937 3977 3046 4048; x_wconf 88' lang='lat' dir='ltr'><strong>ipsa</strong></span> <span class='ocrx_word' id='word_1_713' title='bbox 3078 3980 3181 4033; x_wconf 91' lang='lat' dir='ltr'><strong>erit</strong></span> <span class='ocrx_word' id='word_1_714' title='bbox 3222 3964 3445 4052; x_wconf 72' lang='lat' dir='ltr'><strong>Simplex</strong></span> <span class='ocrx_word' id='word_1_715' title='bbox 3478 4002 3605 4057; x_wconf 88' lang='lat' dir='ltr'><strong>Spe-</strong></span> 
     </span>
    </p>
   </div>
   <div class='ocr_carea' id='block_1_87' title="bbox 2010 4053 3603 4146">
    <p class='ocr_par' dir='ltr' id='par_1_87' title="bbox 2010 4053 3603 4146">
     <span class='ocr_line' id='line_1_87' title="bbox 2010 4053 3603 4146; baseline 0.018 -39"><span class='ocrx_word' id='word_1_716' title='bbox 2010 4053 2146 4119; x_wconf 88' lang='lat' dir='ltr'><strong>cies,</strong></span> <span class='ocrx_word' id='word_1_717' title='bbox 2175 4057 2220 4111; x_wconf 91' lang='lat' dir='ltr'><strong>si</strong></span> <span class='ocrx_word' id='word_1_718' title='bbox 2254 4058 2325 4111; x_wconf 90' lang='lat' dir='ltr'><strong>ita</strong></span> <span class='ocrx_word' id='word_1_719' title='bbox 2356 4063 2540 4128; x_wconf 84' lang='lat' dir='ltr'><strong>generi</strong></span> <span class='ocrx_word' id='word_1_720' title='bbox 2572 4074 2928 4133; x_wconf 87' lang='lat' dir='ltr'><strong>supponatur,</strong></span> <span class='ocrx_word' id='word_1_721' title='bbox 2962 4078 3020 4122; x_wconf 89' lang='lat' dir='ltr'><strong>ut</strong></span> <span class='ocrx_word' id='word_1_722' title='bbox 3060 4071 3217 4126; x_wconf 70' lang='lat' dir='ltr'><strong>inullis</strong></span> <span class='ocrx_word' id='word_1_723' title='bbox 3249 4074 3372 4129; x_wconf 85' lang='lat' dir='ltr'><strong>aliis</strong></span> <span class='ocrx_word' id='word_1_724' title='bbox 3390 4053 3603 4146; x_wconf 82' lang='lat' dir='ltr'><strong>specie—</strong></span> 
     </span>
    </p>
   </div>
   <div class='ocr_carea' id='block_1_88' title="bbox 2012 4142 3604 4235">
    <p class='ocr_par' dir='ltr' id='par_1_88' title="bbox 2012 4142 3604 4235">
     <span class='ocr_line' id='line_1_88' title="bbox 2012 4142 3604 4235; baseline 0.019 -38"><span class='ocrx_word' id='word_1_725' title='bbox 2012 4142 2110 4197; x_wconf 92' lang='lat' dir='ltr'><strong>bus</strong></span> <span class='ocrx_word' id='word_1_726' title='bbox 2160 4161 2505 4216; x_wconf 82' lang='lat' dir='ltr'><strong>praeponatur</strong></span> <span class='ocrx_word' id='word_1_727' title='bbox 2553 4161 2611 4207; x_wconf 91' lang='lat' dir='ltr'><strong>ut</strong></span> <span class='ocrx_word' id='word_1_728' title='bbox 2666 4170 2854 4224; x_wconf 88' lang='lat' dir='ltr'><strong>genus.</strong></span> <span class='ocrx_word' id='word_1_729' title='bbox 2903 4157 3125 4227; x_wconf 82' lang='lat' dir='ltr'><strong>Species</strong></span> <span class='ocrx_word' id='word_1_730' title='bbox 3168 4165 3310 4218; x_wconf 92' lang='lat' dir='ltr'><strong>enim</strong></span> <span class='ocrx_word' id='word_1_731' title='bbox 3364 4142 3481 4235; x_wconf 74' lang='lat' dir='ltr'><strong>qua:</strong></span> <span class='ocrx_word' id='word_1_732' title='bbox 3526 4171 3604 4228; x_wconf 90' lang='lat' dir='ltr'><strong>sic</strong></span> 
     </span>
    </p>
   </div>
   <div class='ocr_carea' id='block_1_89' title="bbox 2009 4239 3602 4320">
    <p class='ocr_par' dir='ltr' id='par_1_89' title="bbox 2009 4239 3602 4320">
     <span class='ocr_line' id='line_1_89' title="bbox 2009 4239 3602 4320; baseline 0.018 -32"><span class='ocrx_word' id='word_1_733' title='bbox 2009 4239 2193 4304; x_wconf 86' lang='lat' dir='ltr'><strong>generi</strong></span> <span class='ocrx_word' id='word_1_734' title='bbox 2241 4242 2564 4308; x_wconf 88' lang='lat' dir='ltr'><strong>supponitur</strong></span> <span class='ocrx_word' id='word_1_735' title='bbox 2590 4244 2704 4309; x_wconf 88' lang='lat' dir='ltr'><strong>alii,</strong></span> <span class='ocrx_word' id='word_1_736' title='bbox 2748 4258 2807 4300; x_wconf 91' lang='lat' dir='ltr'><strong>ut</strong></span> <span class='ocrx_word' id='word_1_737' title='bbox 2846 4249 2936 4311; x_wconf 90' lang='lat' dir='ltr'><strong>alii</strong></span> <span class='ocrx_word' id='word_1_738' title='bbox 2980 4264 3340 4320; x_wconf 76' lang='lat' dir='ltr'><strong>praeponatur,</strong></span> <span class='ocrx_word' id='word_1_739' title='bbox 3382 4273 3487 4314; x_wconf 92' lang='lat' dir='ltr'><strong>non</strong></span> <span class='ocrx_word' id='word_1_740' title='bbox 3518 4272 3602 4319; x_wconf 87' lang='lat' dir='ltr'><strong>est</strong></span> 
     </span>
    </p>
   </div>
   <div class='ocr_carea' id='block_1_90' title="bbox 2009 4327 3599 4413">
    <p class='ocr_par' dir='ltr' id='par_1_90' title="bbox 2009 4327 3599 4413">
     <span class='ocr_line' id='line_1_90' title="bbox 2009 4327 3599 4413; baseline 0.017 -34"><span class='ocrx_word' id='word_1_741' title='bbox 2009 4327 2237 4396; x_wconf 85' lang='lat' dir='ltr'><strong>simplex</strong></span> <span class='ocrx_word' id='word_1_742' title='bbox 2266 4332 2494 4399; x_wconf 86' lang='lat' dir='ltr'><strong>Species,</strong></span> <span class='ocrx_word' id='word_1_743' title='bbox 2525 4336 2618 4387; x_wconf 89' lang='lat' dir='ltr'><strong>sed</strong></span> <span class='ocrx_word' id='word_1_744' title='bbox 2650 4335 2812 4391; x_wconf 86' lang='lat' dir='ltr'><strong>habet</strong></span> <span class='ocrx_word' id='word_1_745' title='bbox 2838 4339 3125 4408; x_wconf 88' lang='lat' dir='ltr'><strong>quamdam</strong></span> <span class='ocrx_word' id='word_1_746' title='bbox 3154 4348 3367 4413; x_wconf 85' lang='lat' dir='ltr'><strong>generis</strong></span> <span class='ocrx_word' id='word_1_747' title='bbox 3390 4349 3599 4406; x_wconf 80' lang='lat' dir='ltr'><strong>admix-</strong></span> 
     </span>
    </p>
   </div>
   <div class='ocr_carea' id='block_1_91' title="bbox 2010 4417 3594 4510">
    <p class='ocr_par' dir='ltr' id='par_1_91' title="bbox 2010 4417 3594 4510">
     <span class='ocr_line' id='line_1_91' title="bbox 2010 4417 3594 4510; baseline 0.017 -39"><span class='ocrx_word' id='word_1_748' title='bbox 2010 4417 2213 4473; x_wconf 88' lang='lat' dir='ltr'><strong>tionem</strong></span> <span class='ocrx_word' id='word_1_749' title='bbox 2244 4435 2259 4474; x_wconf 88' lang='lat'><strong>:</strong></span> <span class='ocrx_word' id='word_1_750' title='bbox 2294 4422 2380 4476; x_wconf 90' lang='lat' dir='ltr'><strong>illa</strong></span> <span class='ocrx_word' id='word_1_751' title='bbox 2414 4437 2542 4477; x_wconf 89' lang='lat' dir='ltr'><strong>vero</strong></span> <span class='ocrx_word' id='word_1_752' title='bbox 2571 4427 2780 4494; x_wconf 85' lang='lat' dir='ltr'><strong>species</strong></span> <span class='ocrx_word' id='word_1_753' title='bbox 2803 4444 2921 4497; x_wconf 72' lang='lat' dir='ltr'><strong>quae</strong></span> <span class='ocrx_word' id='word_1_754' title='bbox 2952 4431 3024 4485; x_wconf 83' lang='lat' dir='ltr'><strong>ita</strong></span> <span class='ocrx_word' id='word_1_755' title='bbox 3047 4437 3367 4502; x_wconf 87' lang='lat' dir='ltr'><strong>supponitur</strong></span> <span class='ocrx_word' id='word_1_756' title='bbox 3387 4444 3594 4510; x_wconf 89' lang='lat' dir='ltr'><strong>generi,</strong></span> 
     </span>
    </p>
   </div>
   <div class='ocr_carea' id='block_1_92' title="bbox 2009 4510 3598 4595">
    <p class='ocr_par' dir='ltr' id='par_1_92' title="bbox 2009 4510 3598 4595">
     <span class='ocr_line' id='line_1_92' title="bbox 2009 4510 3598 4595; baseline 0.021 -34"><span class='ocrx_word' id='word_1_757' title='bbox 2009 4516 2068 4563; x_wconf 87' lang='lat' dir='ltr'><strong>ut</strong></span> <span class='ocrx_word' id='word_1_758' title='bbox 2110 4510 2333 4568; x_wconf 88' lang='lat' dir='ltr'><strong>minime</strong></span> <span class='ocrx_word' id='word_1_759' title='bbox 2379 4515 2661 4584; x_wconf 88' lang='lat' dir='ltr'><strong>speciebus</strong></span> <span class='ocrx_word' id='word_1_760' title='bbox 2707 4520 2827 4575; x_wconf 88' lang='lat' dir='ltr'><strong>aliis</strong></span> <span class='ocrx_word' id='word_1_761' title='bbox 2874 4536 3237 4595; x_wconf 65' lang='lat' dir='ltr'><strong>praeponatur,</strong></span> <span class='ocrx_word' id='word_1_762' title='bbox 3285 4530 3369 4583; x_wconf 89' lang='lat' dir='ltr'><strong>illa</strong></span> <span class='ocrx_word' id='word_1_763' title='bbox 3422 4535 3598 4593; x_wconf 88' lang='lat' dir='ltr'><strong>solum</strong></span> 
     </span>
    </p>
   </div>
   <div class='ocr_carea' id='block_1_93' title="bbox 313 4589 1935 4699">
    <p class='ocr_par' dir='ltr' id='par_1_93' title="bbox 313 4602 1935 4677">
     <span class='ocr_line' id='line_1_93' title="bbox 313 4602 1935 4677; baseline 0.008 -23"><span class='ocrx_word' id='word_1_764' title='bbox 313 4602 442 4656; x_wconf 86' lang='lat' dir='ltr'><strong>teris</strong></span> <span class='ocrx_word' id='word_1_765' title='bbox 464 4603 554 4671; x_wconf 87' lang='lat' dir='ltr'><strong>qui</strong></span> <span class='ocrx_word' id='word_1_766' title='bbox 584 4617 613 4654; x_wconf 91' lang='lat' dir='ltr'><strong>a</strong></span> <span class='ocrx_word' id='word_1_767' title='bbox 638 4618 693 4658; x_wconf 78' lang='lat' dir='ltr'><strong>se</strong></span> <span class='ocrx_word' id='word_1_768' title='bbox 727 4604 809 4673; x_wconf 91' lang='lat' dir='ltr'><strong>(ut</strong></span> <span class='ocrx_word' id='word_1_769' title='bbox 838 4603 1037 4659; x_wconf 90' lang='lat' dir='ltr'><strong>dictum</strong></span> <span class='ocrx_word' id='word_1_770' title='bbox 1063 4606 1165 4675; x_wconf 91' lang='lat' dir='ltr'><strong>est)</strong></span> <span class='ocrx_word' id='word_1_771' title='bbox 1189 4622 1293 4662; x_wconf 92' lang='lat' dir='ltr'><strong>non</strong></span> <span class='ocrx_word' id='word_1_772' title='bbox 1319 4608 1521 4677; x_wconf 87' lang='lat' dir='ltr'><strong>specie,</strong></span> <span class='ocrx_word' id='word_1_773' title='bbox 1550 4610 1645 4665; x_wconf 90' lang='lat' dir='ltr'><strong>sed</strong></span> <span class='ocrx_word' id='word_1_774' title='bbox 1676 4626 1905 4667; x_wconf 85' lang='lat' dir='ltr'><strong>numero</strong></span> <span class='ocrx_word' id='word_1_775' title='bbox 1930 4639 1935 4650; x_wconf 57' lang='grc' dir='ltr'><strong><em>η</em></strong></span> 
     </span>
    </p>
   </div>
   <div class='ocr_carea' id='block_1_94' title="bbox 2015 4589 3599 4699">
    <p class='ocr_par' dir='ltr' id='par_1_94' title="bbox 2015 4604 3599 4699">
     <span class='ocr_line' id='line_1_94' title="bbox 2015 4604 3599 4699; baseline 0.018 -44"><span class='ocrx_word' id='word_1_776' title='bbox 2015 4604 2345 4676; x_wconf 85' lang='lat' dir='ltr'><strong>simplexque</strong></span> <span class='ocrx_word' id='word_1_777' title='bbox 2369 4610 2577 4676; x_wconf 88' lang='lat' dir='ltr'><strong>Species</strong></span> <span class='ocrx_word' id='word_1_778' title='bbox 2607 4622 2691 4665; x_wconf 90' lang='lat' dir='ltr'><strong>est</strong></span> <span class='ocrx_word' id='word_1_779' title='bbox 2722 4623 2883 4685; x_wconf 88' lang='lat' dir='ltr'><strong>atque</strong></span> <span class='ocrx_word' id='word_1_780' title='bbox 2912 4615 3113 4672; x_wconf 85' lang='lat' dir='ltr'><strong>idcirco</strong></span> <span class='ocrx_word' id='word_1_781' title='bbox 3142 4632 3196 4675; x_wconf 89' lang='lat' dir='ltr'><strong>et</strong></span> <span class='ocrx_word' id='word_1_782' title='bbox 3223 4626 3452 4681; x_wconf 81' lang='lat' dir='ltr'><strong>maxime</strong></span> <span class='ocrx_word' id='word_1_783' title='bbox 3478 4644 3599 4699; x_wconf 76' lang='lat' dir='ltr'><strong>spe-</strong></span> 
     </span>
    </p>
   </div>
   <div class='ocr_carea' id='block_1_95' title="bbox 256 4692 1937 4780">
    <p class='ocr_par' dir='ltr' id='par_1_95' title="bbox 256 4692 1937 4780">
     <span class='ocr_line' id='line_1_95' title="bbox 256 4692 1937 4780; baseline 0.008 -36"><span class='ocrx_word' id='word_1_784' title='bbox 256 4692 259 4699; x_wconf 88' lang='grc'><em>’</em></span> <span class='ocrx_word' id='word_1_785' title='bbox 310 4692 638 4764; x_wconf 86' lang='lat' dir='ltr'><strong>discrepant.</strong></span> <span class='ocrx_word' id='word_1_786' title='bbox 673 4695 747 4748; x_wconf 77' lang='lat' dir='ltr'><strong>Ex</strong></span> <span class='ocrx_word' id='word_1_787' title='bbox 782 4694 951 4749; x_wconf 87' lang='lat' dir='ltr'><strong>tribus</strong></span> <span class='ocrx_word' id='word_1_788' title='bbox 983 4697 1142 4765; x_wconf 80' lang='lat' dir='ltr'><strong>igitur</strong></span> <span class='ocrx_word' id='word_1_789' title='bbox 1171 4697 1584 4754; x_wconf 83' lang='lat' dir='ltr'><strong>difﬁnitionibus</strong></span> <span class='ocrx_word' id='word_1_790' title='bbox 1610 4700 1746 4759; x_wconf 84' lang='lat' dir='ltr'><strong>duas</strong></span> <span class='ocrx_word' id='word_1_791' title='bbox 1775 4704 1899 4772; x_wconf 87' lang='lat' dir='ltr'><strong>qui-</strong></span> <span class='ocrx_word' id='word_1_792' title='bbox 1931 4774 1937 4780; x_wconf 25' lang='lat'><em>.</em></span> 
     </span>
    </p>
   </div>
   <div class='ocr_carea' id='block_1_96' title="bbox 309 4788 1900 4866">
    <p class='ocr_par' dir='ltr' id='par_1_96' title="bbox 309 4788 1900 4866">
     <span class='ocr_line' id='line_1_96' title="bbox 309 4788 1900 4866; baseline 0.008 -25"><span class='ocrx_word' id='word_1_793' title='bbox 309 4788 431 4841; x_wconf 73' lang='lat' dir='ltr'><strong>dem</strong></span> <span class='ocrx_word' id='word_1_794' title='bbox 468 4797 523 4844; x_wconf 85' lang='lat' dir='ltr'><strong>et</strong></span> <span class='ocrx_word' id='word_1_795' title='bbox 562 4788 973 4858; x_wconf 86' lang='lat' dir='ltr'><strong>spccialissimas</strong></span> <span class='ocrx_word' id='word_1_796' title='bbox 1010 4802 1062 4845; x_wconf 90' lang='lat' dir='ltr'><strong>et</strong></span> <span class='ocrx_word' id='word_1_797' title='bbox 1093 4807 1197 4844; x_wconf 93' lang='lat' dir='ltr'><strong>non</strong></span> <span class='ocrx_word' id='word_1_798' title='bbox 1238 4792 1657 4860; x_wconf 88' lang='lat' dir='ltr'><strong>specialissimas</strong></span> <span class='ocrx_word' id='word_1_799' title='bbox 1686 4798 1900 4866; x_wconf 65' lang='lat' dir='ltr'><strong>species</strong></span> 
     </span>
    </p>
   </div>
   <div class='ocr_carea' id='block_1_97' title="bbox 256 4862 1904 4957">
    <p class='ocr_par' dir='ltr' id='par_1_97' title="bbox 256 4862 1904 4957">
     <span class='ocr_line' id='line_1_97' title="bbox 256 4862 1904 4957; baseline 0.006 -23"><span class='ocrx_word' id='word_1_800' title='bbox 256 4862 259 4863; x_wconf 14' lang='grc' dir='ltr'><em>ν</em></span> <span class='ocrx_word' id='word_1_801' title='bbox 308 4880 530 4947; x_wconf 88' lang='lat' dir='ltr'><strong>claudit,</strong></span> <span class='ocrx_word' id='word_1_802' title='bbox 567 4882 680 4935; x_wconf 68' lang='lat' dir='ltr'><strong>bare</strong></span> <span class='ocrx_word' id='word_1_803' title='bbox 708 4896 834 4936; x_wconf 85' lang='lat' dir='ltr'><strong>vero</strong></span> <span class='ocrx_word' id='word_1_804' title='bbox 859 4884 1012 4936; x_wconf 90' lang='lat' dir='ltr'><strong>tertia</strong></span> <span class='ocrx_word' id='word_1_805' title='bbox 1050 4883 1225 4937; x_wconf 90' lang='lat' dir='ltr'><strong>solum</strong></span> <span class='ocrx_word' id='word_1_806' title='bbox 1257 4885 1494 4940; x_wconf 86' lang='lat' dir='ltr'><strong>ultimam</strong></span> <span class='ocrx_word' id='word_1_807' title='bbox 1531 4888 1765 4957; x_wconf 91' lang='lat' dir='ltr'><strong>speciem</strong></span> <span class='ocrx_word' id='word_1_808' title='bbox 1796 4906 1809 4941; x_wconf 90' lang='lat'><strong>:</strong></span> <span class='ocrx_word' id='word_1_809' title='bbox 1844 4897 1904 4944; x_wconf 85' lang='lat' dir='ltr'><strong>ut</strong></span> 
     </span>
    </p>
   </div>
   <div class='ocr_carea' id='block_1_98' title="bbox 309 4973 1894 5048">
    <p class='ocr_par' dir='ltr' id='par_1_98' title="bbox 309 4973 1894 5048">
     <span class='ocr_line' id='line_1_98' title="bbox 309 4973 1894 5048; baseline 0.007 -24"><span class='ocrx_word' id='word_1_810' title='bbox 309 4984 488 5027; x_wconf 88' lang='lat' dir='ltr'><strong>autem</strong></span> <span class='ocrx_word' id='word_1_811' title='bbox 526 4973 766 5043; x_wconf 87' lang='lat' dir='ltr'><strong>apertius</strong></span> <span class='ocrx_word' id='word_1_812' title='bbox 797 4973 846 5027; x_wconf 93' lang='lat' dir='ltr'><strong>id</strong></span> <span class='ocrx_word' id='word_1_813' title='bbox 877 4973 1095 5045; x_wconf 89' lang='lat' dir='ltr'><strong>liqueat,</strong></span> <span class='ocrx_word' id='word_1_814' title='bbox 1123 4991 1235 5030; x_wconf 91' lang='lat' dir='ltr'><strong>rem</strong></span> <span class='ocrx_word' id='word_1_815' title='bbox 1280 4977 1441 5046; x_wconf 90' lang='lat' dir='ltr'><strong>paulo</strong></span> <span class='ocrx_word' id='word_1_816' title='bbox 1470 4977 1633 5033; x_wconf 88' lang='lat' dir='ltr'><strong>altius</strong></span> <span class='ocrx_word' id='word_1_817' title='bbox 1662 4978 1894 5048; x_wconf 89' lang='lat' dir='ltr'><strong>orditur,</strong></span> 
     </span>
    </p>
   </div>
   <div class='ocr_carea' id='block_1_99' title="bbox 311 5064 1414 5137">
    <p class='ocr_par' dir='ltr' id='par_1_99' title="bbox 311 5064 1414 5137">
     <span class='ocr_line' id='line_1_99' title="bbox 311 5064 1414 5137; baseline 0.006 -22"><span class='ocrx_word' id='word_1_818' title='bbox 311 5079 533 5133; x_wconf 85' lang='lat' dir='ltr'><strong>eamque</strong></span> <span class='ocrx_word' id='word_1_819' title='bbox 562 5065 818 5133; x_wconf 82' lang='lat' dir='ltr'><strong>congruis</strong></span> <span class='ocrx_word' id='word_1_820' title='bbox 848 5064 1079 5120; x_wconf 76' lang='lat' dir='ltr'><strong>illustrat</strong></span> <span class='ocrx_word' id='word_1_821' title='bbox 1108 5069 1376 5137; x_wconf 88' lang='lat' dir='ltr'><strong>exemplis</strong></span> <span class='ocrx_word' id='word_1_822' title='bbox 1402 5087 1414 5122; x_wconf 93' lang='lat'>:</span> 
     </span>
    </p>
   </div>
   <div class='ocr_carea' id='block_1_100' title="bbox 258 5135 1897 5227">
    <p class='ocr_par' dir='ltr' id='par_1_100' title="bbox 258 5135 1897 5227">
     <span class='ocr_line' id='line_1_100' title="bbox 258 5135 1897 5227; baseline 0.009 -23"><span class='ocrx_word' id='word_1_823' title='bbox 258 5135 271 5140; x_wconf 48' lang='grc'><strong>’</strong></span> <span class='ocrx_word' id='word_1_824' title='bbox 387 5152 608 5208; x_wconf 87' lang='lat' dir='ltr'><strong>Planum</strong></span> <span class='ocrx_word' id='word_1_825' title='bbox 661 5166 829 5209; x_wconf 76' lang='lat' dir='ltr'><strong>autem</strong></span> <span class='ocrx_word' id='word_1_826' title='bbox 878 5157 971 5210; x_wconf 88' lang='lat' dir='ltr'><strong>erit</strong></span> <span class='ocrx_word' id='word_1_827' title='bbox 1026 5159 1162 5227; x_wconf 86' lang='lat' dir='ltr'><strong>quod</strong></span> <span class='ocrx_word' id='word_1_828' title='bbox 1206 5135 1393 5213; x_wconf 78' lang='lat' dir='ltr'><strong>dicitur</strong></span> <span class='ocrx_word' id='word_1_829' title='bbox 1449 5162 1545 5215; x_wconf 86' lang='lat' dir='ltr'><strong>hoc</strong></span> <span class='ocrx_word' id='word_1_830' title='bbox 1610 5164 1782 5218; x_wconf 87' lang='lat' dir='ltr'><strong>modo.</strong></span> <span class='ocrx_word' id='word_1_831' title='bbox 1831 5163 1897 5221; x_wconf 82' lang='lat' dir='ltr'><strong>In</strong></span> 
     </span>
    </p>
   </div>
   <div class='ocr_carea' id='block_1_101' title="bbox 304 5247 1895 5325">
    <p class='ocr_par' dir='ltr' id='par_1_101' title="bbox 304 5247 1895 5325">
     <span class='ocr_line' id='line_1_101' title="bbox 304 5247 1895 5325; baseline 0.011 -31"><span class='ocrx_word' id='word_1_832' title='bbox 304 5261 606 5315; x_wconf 85' lang='lat' dir='ltr'><strong>unoquoque</strong></span> <span class='ocrx_word' id='word_1_833' title='bbox 640 5247 1035 5315; x_wconf 73' lang='lat' dir='ltr'><strong>prtedicamento</strong></span> <span class='ocrx_word' id='word_1_834' title='bbox 1059 5259 1180 5303; x_wconf 88' lang='lat' dir='ltr'><strong>sunt</strong></span> <span class='ocrx_word' id='word_1_835' title='bbox 1218 5252 1453 5322; x_wconf 62' lang='lat' dir='ltr'><strong>quadam</strong></span> <span class='ocrx_word' id='word_1_836' title='bbox 1492 5256 1895 5325; x_wconf 84' lang='lat' dir='ltr'><strong>generalissima,</strong></span> 
     </span>
    </p>
   </div>
   <div class='ocr_carea' id='block_1_102' title="bbox 252 5336 1896 5417">
    <p class='ocr_par' dir='ltr' id='par_1_102' title="bbox 252 5336 1896 5417">
     <span class='ocr_line' id='line_1_102' title="bbox 252 5336 1896 5417; baseline 0.009 -31"><span class='ocrx_word' id='word_1_837' title='bbox 252 5336 263 5345; x_wconf 76' lang='grc'><em>“</em></span> <span class='ocrx_word' id='word_1_838' title='bbox 298 5348 345 5387; x_wconf 84' lang='lat' dir='ltr'><strong>et</strong></span> <span class='ocrx_word' id='word_1_839' title='bbox 410 5351 587 5389; x_wconf 86' lang='lat' dir='ltr'><strong>rursus</strong></span> <span class='ocrx_word' id='word_1_840' title='bbox 625 5339 729 5390; x_wconf 90' lang='lat' dir='ltr'><strong>alia</strong></span> <span class='ocrx_word' id='word_1_841' title='bbox 767 5338 1169 5409; x_wconf 87' lang='lat' dir='ltr'><strong>specialissima,</strong></span> <span class='ocrx_word' id='word_1_842' title='bbox 1225 5355 1272 5395; x_wconf 86' lang='lat' dir='ltr'><strong>et</strong></span> <span class='ocrx_word' id='word_1_843' title='bbox 1326 5344 1457 5397; x_wconf 88' lang='lat' dir='ltr'><strong>inter</strong></span> <span class='ocrx_word' id='word_1_844' title='bbox 1510 5346 1896 5417; x_wconf 86' lang='lat' dir='ltr'><strong>generalissima</strong></span> 
     </span>
    </p>
   </div>
   <div class='ocr_carea' id='block_1_103' title="bbox 260 5428 1893 5506">
    <p class='ocr_par' dir='ltr' id='par_1_103' title="bbox 260 5428 1893 5506">
     <span class='ocr_line' id='line_1_103' title="bbox 260 5428 1893 5506; baseline 0.012 -31"><span class='ocrx_word' id='word_1_845' title='bbox 260 5430 351 5477; x_wconf 86' lang='lat' dir='ltr'><strong>’et</strong></span> <span class='ocrx_word' id='word_1_846' title='bbox 403 5428 772 5496; x_wconf 86' lang='lat' dir='ltr'><strong>specialissima</strong></span> <span class='ocrx_word' id='word_1_847' title='bbox 827 5438 944 5483; x_wconf 88' lang='lat' dir='ltr'><strong>sunt</strong></span> <span class='ocrx_word' id='word_1_848' title='bbox 991 5431 1094 5486; x_wconf 88' lang='lat' dir='ltr'><strong>alia</strong></span> <span class='ocrx_word' id='word_1_849' title='bbox 1125 5448 1238 5501; x_wconf 62' lang='lat' dir='ltr'><strong>qua?</strong></span> <span class='ocrx_word' id='word_1_850' title='bbox 1289 5444 1334 5487; x_wconf 89' lang='lat' dir='ltr'><strong>et</strong></span> <span class='ocrx_word' id='word_1_851' title='bbox 1378 5452 1565 5505; x_wconf 85' lang='lat' dir='ltr'><strong>genera</strong></span> <span class='ocrx_word' id='word_1_852' title='bbox 1613 5447 1659 5491; x_wconf 87' lang='lat' dir='ltr'><strong>et</strong></span> <span class='ocrx_word' id='word_1_853' title='bbox 1701 5440 1893 5506; x_wconf 84' lang='lat' dir='ltr'><strong>species</strong></span> 
     </span>
    </p>
   </div>
   <div class='ocr_carea' id='block_1_104' title="bbox 299 5518 1891 5598">
    <p class='ocr_par' dir='ltr' id='par_1_104' title="bbox 299 5518 1891 5598">
     <span class='ocr_line' id='line_1_104' title="bbox 299 5518 1891 5598; baseline 0.008 -28"><span class='ocrx_word' id='word_1_854' title='bbox 299 5519 477 5571; x_wconf 81' lang='lat' dir='ltr'><strong>eadem</strong></span> <span class='ocrx_word' id='word_1_855' title='bbox 530 5518 789 5575; x_wconf 89' lang='lat' dir='ltr'><strong>dicuntur.</strong></span> <span class='ocrx_word' id='word_1_856' title='bbox 838 5520 928 5574; x_wconf 88' lang='lat' dir='ltr'><strong>Est</strong></span> <span class='ocrx_word' id='word_1_857' title='bbox 984 5532 1152 5576; x_wconf 90' lang='lat' dir='ltr'><strong>autem</strong></span> <span class='ocrx_word' id='word_1_858' title='bbox 1203 5526 1637 5595; x_wconf 85' lang='lat' dir='ltr'><strong>generalissimum</strong></span> <span class='ocrx_word' id='word_1_859' title='bbox 1686 5530 1891 5598; x_wconf 86' lang='lat' dir='ltr'><strong>quidem</strong></span> 
     </span>
    </p>
   </div>
   <div class='ocr_carea' id='block_1_105' title="bbox 258 5613 1891 5688">
    <p class='ocr_par' dir='ltr' id='par_1_105' title="bbox 258 5613 1891 5688">
     <span class='ocr_line' id='line_1_105' title="bbox 258 5613 1891 5688; baseline 0.009 -25"><span class='ocrx_word' id='word_1_860' title='bbox 258 5616 457 5680; x_wconf 68' lang='lat' dir='ltr'><strong>‘supra</strong></span> <span class='ocrx_word' id='word_1_861' title='bbox 521 5613 658 5683; x_wconf 89' lang='lat' dir='ltr'><strong>quod</strong></span> <span class='ocrx_word' id='word_1_862' title='bbox 726 5631 828 5668; x_wconf 88' lang='lat' dir='ltr'><strong>non</strong></span> <span class='ocrx_word' id='word_1_863' title='bbox 901 5625 975 5669; x_wconf 90' lang='lat' dir='ltr'><strong>est</strong></span> <span class='ocrx_word' id='word_1_864' title='bbox 1037 5614 1183 5668; x_wconf 86' lang='lat' dir='ltr'><strong>aliud</strong></span> <span class='ocrx_word' id='word_1_865' title='bbox 1253 5616 1465 5685; x_wconf 79' lang='lat' dir='ltr'><strong>aliquod</strong></span> <span class='ocrx_word' id='word_1_866' title='bbox 1534 5624 1891 5688; x_wconf 84' lang='lat' dir='ltr'><strong>superveniens</strong></span> 
     </span>
    </p>
   </div>
   <div class='ocr_carea' id='block_1_106' title="bbox 296 5704 1892 5775">
    <p class='ocr_par' dir='ltr' id='par_1_106' title="bbox 296 5704 1892 5775">
     <span class='ocr_line' id='line_1_106' title="bbox 296 5704 1892 5775; baseline 0.009 -21"><span class='ocrx_word' id='word_1_867' title='bbox 296 5718 479 5775; x_wconf 87' lang='lat' dir='ltr'><strong>genus.</strong></span> <span class='ocrx_word' id='word_1_868' title='bbox 529 5704 967 5771; x_wconf 82' lang='lat' dir='ltr'><strong>Specialissimum</strong></span> <span class='ocrx_word' id='word_1_869' title='bbox 1002 5717 1169 5758; x_wconf 86' lang='lat' dir='ltr'><strong>autem</strong></span> <span class='ocrx_word' id='word_1_870' title='bbox 1210 5714 1324 5771; x_wconf 88' lang='lat' dir='ltr'><strong>post</strong></span> <span class='ocrx_word' id='word_1_871' title='bbox 1361 5707 1496 5774; x_wconf 84' lang='lat' dir='ltr'><strong>quod</strong></span> <span class='ocrx_word' id='word_1_872' title='bbox 1535 5725 1635 5761; x_wconf 88' lang='lat' dir='ltr'><strong>non</strong></span> <span class='ocrx_word' id='word_1_873' title='bbox 1686 5720 1757 5764; x_wconf 83' lang='lat' dir='ltr'><strong>est</strong></span> <span class='ocrx_word' id='word_1_874' title='bbox 1786 5712 1892 5768; x_wconf 88' lang='lat' dir='ltr'><strong>alia</strong></span> 
     </span>
    </p>
   </div>
   <div class='ocr_carea' id='block_1_107' title="bbox 250 5793 1888 5868">
    <p class='ocr_par' dir='ltr' id='par_1_107' title="bbox 250 5793 1888 5868">
     <span class='ocr_line' id='line_1_107' title="bbox 250 5793 1888 5868; baseline 0.009 -22"><span class='ocrx_word' id='word_1_875' title='bbox 250 5794 253 5795; x_wconf 62' lang='grc'><strong><em>⁷</em></strong></span> <span class='ocrx_word' id='word_1_876' title='bbox 296 5793 474 5863; x_wconf 85' lang='lat' dir='ltr'><strong>aliqua</strong></span> <span class='ocrx_word' id='word_1_877' title='bbox 501 5794 715 5865; x_wconf 77' lang='lat' dir='ltr'><strong>inferior</strong></span> <span class='ocrx_word' id='word_1_878' title='bbox 746 5797 953 5865; x_wconf 86' lang='lat' dir='ltr'><strong>species.</strong></span> <span class='ocrx_word' id='word_1_879' title='bbox 1000 5795 1140 5851; x_wconf 83' lang='lat' dir='ltr'><strong>Inter</strong></span> <span class='ocrx_word' id='word_1_880' title='bbox 1171 5798 1610 5868; x_wconf 82' lang='lat' dir='ltr'><strong>generalissimum</strong></span> <span class='ocrx_word' id='word_1_881' title='bbox 1641 5813 1808 5858; x_wconf 85' lang='lat' dir='ltr'><strong>autem</strong></span> <span class='ocrx_word' id='word_1_882' title='bbox 1840 5815 1888 5860; x_wconf 85' lang='lat' dir='ltr'><strong>et</strong></span> 
     </span>
    </p>
   </div>
   <div class='ocr_carea' id='block_1_108' title="bbox 2007 4696 3596 4785">
    <p class='ocr_par' dir='ltr' id='par_1_108' title="bbox 2007 4696 3596 4785">
     <span class='ocr_line' id='line_1_108' title="bbox 2007 4696 3596 4785; baseline 0.017 -35"><span class='ocrx_word' id='word_1_883' title='bbox 2007 4696 2120 4750; x_wconf 88' lang='lat' dir='ltr'><strong>cies</strong></span> <span class='ocrx_word' id='word_1_884' title='bbox 2149 4707 2265 4761; x_wconf 89' lang='lat' dir='ltr'><strong>est,</strong></span> <span class='ocrx_word' id='word_1_885' title='bbox 2307 4706 2362 4753; x_wconf 90' lang='lat' dir='ltr'><strong>et</strong></span> <span class='ocrx_word' id='word_1_886' title='bbox 2387 4704 2771 4767; x_wconf 85' lang='lat' dir='ltr'><strong>specialissima</strong></span> <span class='ocrx_word' id='word_1_887' title='bbox 2816 4719 3169 4779; x_wconf 76' lang='lat' dir='ltr'><strong>nuncupatur.</strong></span> <span class='ocrx_word' id='word_1_888' title='bbox 3232 4715 3373 4771; x_wconf 79' lang='lat' dir='ltr'><strong>inter</strong></span> <span class='ocrx_word' id='word_1_889' title='bbox 3400 4696 3596 4785; x_wconf 74' lang='lat' dir='ltr'><strong>genera</strong></span> 
     </span>
    </p>
   </div>
   <div class='ocr_carea' id='block_1_109' title="bbox 2013 4789 3597 4881">
    <p class='ocr_par' dir='ltr' id='par_1_109' title="bbox 2013 4789 3597 4881">
     <span class='ocr_line' id='line_1_109' title="bbox 2013 4789 3597 4881; baseline 0.019 -40"><span class='ocrx_word' id='word_1_890' title='bbox 2013 4789 2173 4857; x_wconf 89' lang='lat' dir='ltr'><strong>igitur</strong></span> <span class='ocrx_word' id='word_1_891' title='bbox 2202 4808 2320 4858; x_wconf 74' lang='lat' dir='ltr'><strong>qua:</strong></span> <span class='ocrx_word' id='word_1_892' title='bbox 2349 4803 2472 4847; x_wconf 91' lang='lat' dir='ltr'><strong>sunt</strong></span> <span class='ocrx_word' id='word_1_893' title='bbox 2502 4799 2933 4867; x_wconf 87' lang='lat' dir='ltr'><strong>generalissima,</strong></span> <span class='ocrx_word' id='word_1_894' title='bbox 2982 4815 3030 4857; x_wconf 86' lang='lat' dir='ltr'><strong>et</strong></span> <span class='ocrx_word' id='word_1_895' title='bbox 3073 4808 3283 4874; x_wconf 89' lang='lat' dir='ltr'><strong>species</strong></span> <span class='ocrx_word' id='word_1_896' title='bbox 3325 4826 3445 4881; x_wconf 65' lang='lat' dir='ltr'><strong>quae</strong></span> <span class='ocrx_word' id='word_1_897' title='bbox 3474 4823 3597 4874; x_wconf 82' lang='lat' dir='ltr'><strong>sunt</strong></span> 
     </span>
    </p>
   </div>
   <div class='ocr_carea' id='block_1_110' title="bbox 2010 4881 3596 4974">
    <p class='ocr_par' dir='ltr' id='par_1_110' title="bbox 2010 4881 3596 4974">
     <span class='ocr_line' id='line_1_110' title="bbox 2010 4881 3596 4974; baseline 0.016 -41"><span class='ocrx_word' id='word_1_898' title='bbox 2010 4881 2435 4949; x_wconf 73' lang='lat' dir='ltr'><strong>specialissimae,</strong></span> <span class='ocrx_word' id='word_1_899' title='bbox 2473 4890 2525 4940; x_wconf 90' lang='lat' dir='ltr'><strong>in</strong></span> <span class='ocrx_word' id='word_1_900' title='bbox 2557 4889 2733 4943; x_wconf 85' lang='lat' dir='ltr'><strong>medio</strong></span> <span class='ocrx_word' id='word_1_901' title='bbox 2764 4902 2886 4945; x_wconf 87' lang='lat' dir='ltr'><strong>sunt</strong></span> <span class='ocrx_word' id='word_1_902' title='bbox 2914 4897 3157 4962; x_wconf 63' lang='lat' dir='ltr'><strong>ques-dam</strong></span> <span class='ocrx_word' id='word_1_903' title='bbox 3192 4916 3308 4969; x_wconf 65' lang='lat' dir='ltr'><strong>qpaz</strong></span> <span class='ocrx_word' id='word_1_904' title='bbox 3352 4907 3596 4974; x_wconf 82' lang='lat' dir='ltr'><strong>superio-</strong></span> 
     </span>
    </p>
   </div>
   <div class='ocr_carea' id='block_1_111' title="bbox 2012 4971 3595 5053">
    <p class='ocr_par' dir='ltr' id='par_1_111' title="bbox 2012 4971 3595 5053">
     <span class='ocr_line' id='line_1_111' title="bbox 2012 4971 3595 5053; baseline 0.016 -28"><span class='ocrx_word' id='word_1_905' title='bbox 2012 4971 2162 5028; x_wconf 88' lang='lat' dir='ltr'><strong>ribus</strong></span> <span class='ocrx_word' id='word_1_906' title='bbox 2192 4976 2404 5044; x_wconf 89' lang='lat' dir='ltr'><strong>quidem</strong></span> <span class='ocrx_word' id='word_1_907' title='bbox 2437 4980 2645 5032; x_wconf 77' lang='lat' dir='ltr'><strong>collatn-</strong></span> <span class='ocrx_word' id='word_1_908' title='bbox 2676 4993 2799 5034; x_wconf 89' lang='lat' dir='ltr'><strong>sunt</strong></span> <span class='ocrx_word' id='word_1_909' title='bbox 2832 4988 3059 5053; x_wconf 83' lang='lat' dir='ltr'><strong>species,</strong></span> <span class='ocrx_word' id='word_1_910' title='bbox 3093 4971 3437 5048; x_wconf 81' lang='lat' dir='ltr'><strong>inferioribus</strong></span> <span class='ocrx_word' id='word_1_911' title='bbox 3467 5012 3595 5051; x_wconf 78' lang='lat' dir='ltr'><strong>vero</strong></span> 
     </span>
    </p>
   </div>
   <div class='ocr_carea' id='block_1_112' title="bbox 2003 5066 3592 5155">
    <p class='ocr_par' dir='ltr' id='par_1_112' title="bbox 2003 5066 3592 5155">
     <span class='ocr_line' id='line_1_112' title="bbox 2003 5066 3592 5155; baseline 0.016 -38"><span class='ocrx_word' id='word_1_912' title='bbox 2003 5078 2220 5133; x_wconf 88' lang='lat' dir='ltr'><strong>genera.</strong></span> <span class='ocrx_word' id='word_1_913' title='bbox 2249 5066 2372 5122; x_wconf 67' lang='lat' dir='ltr'><strong>Ilaec</strong></span> <span class='ocrx_word' id='word_1_914' title='bbox 2394 5071 2701 5126; x_wconf 75' lang='lat' dir='ltr'><strong>subalterna</strong></span> <span class='ocrx_word' id='word_1_915' title='bbox 2725 5089 2919 5143; x_wconf 88' lang='lat' dir='ltr'><strong>genera</strong></span> <span class='ocrx_word' id='word_1_916' title='bbox 2946 5093 3337 5150; x_wconf 87' lang='lat' dir='ltr'><strong>nuncupantur,</strong></span> <span class='ocrx_word' id='word_1_917' title='bbox 3357 5089 3497 5155; x_wconf 67' lang='lat' dir='ltr'><strong>quod</strong></span> <span class='ocrx_word' id='word_1_918' title='bbox 3524 5090 3592 5142; x_wconf 84' lang='lat' dir='ltr'><strong>ita</strong></span> 
     </span>
    </p>
   </div>
   <div class='ocr_carea' id='block_1_113' title="bbox 2008 5164 3593 5246">
    <p class='ocr_par' dir='ltr' id='par_1_113' title="bbox 2008 5164 3593 5246">
     <span class='ocr_line' id='line_1_113' title="bbox 2008 5164 3593 5246; baseline 0.016 -37"><span class='ocrx_word' id='word_1_919' title='bbox 2008 5168 2134 5211; x_wconf 88' lang='lat' dir='ltr'><strong>sunt</strong></span> <span class='ocrx_word' id='word_1_920' title='bbox 2159 5174 2378 5227; x_wconf 85' lang='lat' dir='ltr'><strong>genera,</strong></span> <span class='ocrx_word' id='word_1_921' title='bbox 2409 5174 2465 5217; x_wconf 93' lang='lat' dir='ltr'><strong>ut</strong></span> <span class='ocrx_word' id='word_1_922' title='bbox 2489 5164 2714 5220; x_wconf 72' lang='lat' dir='ltr'><strong>alterum</strong></span> <span class='ocrx_word' id='word_1_923' title='bbox 2751 5171 2849 5222; x_wconf 90' lang='lat' dir='ltr'><strong>sub</strong></span> <span class='ocrx_word' id='word_1_924' title='bbox 2877 5173 3047 5226; x_wconf 88' lang='lat' dir='ltr'><strong>altero</strong></span> <span class='ocrx_word' id='word_1_925' title='bbox 3089 5176 3401 5232; x_wconf 85' lang='lat' dir='ltr'><strong>collocetur.</strong></span> <span class='ocrx_word' id='word_1_926' title='bbox 3450 5180 3593 5246; x_wconf 60' lang='lat' dir='ltr'><strong>Quod</strong></span> 
     </span>
    </p>
   </div>
   <div class='ocr_carea' id='block_1_114' title="bbox 2001 5248 3591 5329">
    <p class='ocr_par' dir='ltr' id='par_1_114' title="bbox 2001 5248 3591 5329">
     <span class='ocr_line' id='line_1_114' title="bbox 2001 5248 3591 5329; baseline 0.013 -28"><span class='ocrx_word' id='word_1_927' title='bbox 2001 5248 2162 5317; x_wconf 81' lang='lat' dir='ltr'><strong>igitur</strong></span> <span class='ocrx_word' id='word_1_928' title='bbox 2207 5252 2382 5306; x_wconf 84' lang='lat' dir='ltr'><strong>solum</strong></span> <span class='ocrx_word' id='word_1_929' title='bbox 2423 5270 2595 5322; x_wconf 85' lang='lat' dir='ltr'><strong>genus</strong></span> <span class='ocrx_word' id='word_1_930' title='bbox 2629 5268 2731 5322; x_wconf 86' lang='lat' dir='ltr'><strong>est,</strong></span> <span class='ocrx_word' id='word_1_931' title='bbox 2777 5260 2827 5313; x_wconf 88' lang='lat' dir='ltr'><strong>id</strong></span> <span class='ocrx_word' id='word_1_932' title='bbox 2880 5263 3074 5317; x_wconf 74' lang='lat' dir='ltr'><strong>dicitur</strong></span> <span class='ocrx_word' id='word_1_933' title='bbox 3122 5270 3591 5329; x_wconf 49' lang='lat' dir='ltr'><strong>teneralissimnm</strong></span> 
     </span>
    </p>
   </div>
   <div class='ocr_carea' id='block_1_115' title="bbox 1999 5350 3593 5432">
    <p class='ocr_par' dir='ltr' id='par_1_115' title="bbox 1999 5350 3593 5432">
     <span class='ocr_line' id='line_1_115' title="bbox 1999 5350 3593 5432; baseline 0.015 -36"><span class='ocrx_word' id='word_1_934' title='bbox 1999 5357 2199 5410; x_wconf 87' lang='lat' dir='ltr'><strong>genus;</strong></span> <span class='ocrx_word' id='word_1_935' title='bbox 2230 5361 2349 5414; x_wconf 76' lang='lat' dir='ltr'><strong>qua:</strong></span> <span class='ocrx_word' id='word_1_936' title='bbox 2371 5363 2499 5402; x_wconf 84' lang='lat' dir='ltr'><strong>vero</strong></span> <span class='ocrx_word' id='word_1_937' title='bbox 2528 5350 2595 5405; x_wconf 79' lang='lat' dir='ltr'><strong>ita</strong></span> <span class='ocrx_word' id='word_1_938' title='bbox 2628 5362 2753 5406; x_wconf 89' lang='lat' dir='ltr'><strong>sunt</strong></span> <span class='ocrx_word' id='word_1_939' title='bbox 2776 5371 2973 5422; x_wconf 86' lang='lat' dir='ltr'><strong>genera</strong></span> <span class='ocrx_word' id='word_1_940' title='bbox 3003 5370 3055 5412; x_wconf 91' lang='lat' dir='ltr'><strong>ut</strong></span> <span class='ocrx_word' id='word_1_941' title='bbox 3079 5375 3199 5414; x_wconf 88' lang='lat' dir='ltr'><strong>esse</strong></span> <span class='ocrx_word' id='word_1_942' title='bbox 3225 5365 3436 5427; x_wconf 82' lang='lat' dir='ltr'><strong>species</strong></span> <span class='ocrx_word' id='word_1_943' title='bbox 3467 5382 3593 5432; x_wconf 83' lang='lat' dir='ltr'><strong>pos-</strong></span> 
     </span>
    </p>
   </div>
   <div class='ocr_carea' id='block_1_116' title="bbox 2000 5436 3591 5522">
    <p class='ocr_par' dir='ltr' id='par_1_116' title="bbox 2000 5436 3591 5522">
     <span class='ocr_line' id='line_1_116' title="bbox 2000 5436 3591 5522; baseline 0.014 -33"><span class='ocrx_word' id='word_1_944' title='bbox 2000 5436 2129 5499; x_wconf 87' lang='lat' dir='ltr'><strong>Sint,</strong></span> <span class='ocrx_word' id='word_1_945' title='bbox 2162 5439 2244 5492; x_wconf 82' lang='lat' dir='ltr'><strong>vel</strong></span> <span class='ocrx_word' id='word_1_946' title='bbox 2274 5439 2342 5493; x_wconf 93' lang='lat' dir='ltr'><strong>ita</strong></span> <span class='ocrx_word' id='word_1_947' title='bbox 2368 5444 2574 5510; x_wconf 83' lang='lat' dir='ltr'><strong>species</strong></span> <span class='ocrx_word' id='word_1_948' title='bbox 2598 5456 2653 5498; x_wconf 89' lang='lat' dir='ltr'><strong>nt</strong></span> <span class='ocrx_word' id='word_1_949' title='bbox 2682 5450 2787 5499; x_wconf 85' lang='lat' dir='ltr'><strong>sint</strong></span> <span class='ocrx_word' id='word_1_950' title='bbox 2806 5463 2999 5517; x_wconf 83' lang='lat' dir='ltr'><strong>genera</strong></span> <span class='ocrx_word' id='word_1_951' title='bbox 3031 5470 3435 5522; x_wconf 85' lang='lat' dir='ltr'><strong>nonnunquam,</strong></span> <span class='ocrx_word' id='word_1_952' title='bbox 3463 5462 3591 5511; x_wconf 90' lang='lat' dir='ltr'><strong>sub-</strong></span> 
     </span>
    </p>
   </div>
   <div class='ocr_carea' id='block_1_117' title="bbox 2000 5526 3586 5607">
    <p class='ocr_par' dir='ltr' id='par_1_117' title="bbox 2000 5526 3586 5607">
     <span class='ocr_line' id='line_1_117' title="bbox 2000 5526 3586 5607; baseline 0.014 -27"><span class='ocrx_word' id='word_1_953' title='bbox 2000 5526 2205 5582; x_wconf 84' lang='lat' dir='ltr'><strong>alterna</strong></span> <span class='ocrx_word' id='word_1_954' title='bbox 2230 5546 2426 5600; x_wconf 88' lang='lat' dir='ltr'><strong>genera</strong></span> <span class='ocrx_word' id='word_1_955' title='bbox 2451 5535 2531 5588; x_wconf 87' lang='lat' dir='ltr'><strong>vel</strong></span> <span class='ocrx_word' id='word_1_956' title='bbox 2561 5538 2768 5603; x_wconf 88' lang='lat' dir='ltr'><strong>Species</strong></span> <span class='ocrx_word' id='word_1_957' title='bbox 2790 5542 3153 5607; x_wconf 81' lang='lat' dir='ltr'><strong>appellantur.</strong></span> <span class='ocrx_word' id='word_1_958' title='bbox 3176 5543 3329 5606; x_wconf 85' lang='lat' dir='ltr'><strong>Quod</strong></span> <span class='ocrx_word' id='word_1_959' title='bbox 3358 5562 3486 5600; x_wconf 87' lang='lat' dir='ltr'><strong>vero</strong></span> <span class='ocrx_word' id='word_1_960' title='bbox 3511 5549 3586 5603; x_wconf 83' lang='lat' dir='ltr'><strong>ita</strong></span> 
     </span>
    </p>
   </div>
   <div class='ocr_carea' id='block_1_118' title="bbox 1916 5620 3590 5705">
    <p class='ocr_par' dir='ltr' id='par_1_118' title="bbox 1916 5620 3590 5705">
     <span class='ocr_line' id='line_1_118' title="bbox 1916 5620 3590 5705; baseline 0.016 -35"><span class='ocrx_word' id='word_1_961' title='bbox 1916 5678 1921 5685; x_wconf 42' lang='grc'><strong>,</strong></span> <span class='ocrx_word' id='word_1_962' title='bbox 1962 5620 1969 5625; x_wconf 84' lang='grc'><em>’</em></span> <span class='ocrx_word' id='word_1_963' title='bbox 2000 5629 2085 5672; x_wconf 86' lang='grc' dir='ltr'><strong>εει</strong></span> <span class='ocrx_word' id='word_1_964' title='bbox 2110 5623 2336 5689; x_wconf 85' lang='lat' dir='ltr'><strong>Species,</strong></span> <span class='ocrx_word' id='word_1_965' title='bbox 2373 5635 2429 5678; x_wconf 88' lang='lat' dir='ltr'><strong>ut</strong></span> <span class='ocrx_word' id='word_1_966' title='bbox 2459 5627 2547 5679; x_wconf 91' lang='lat' dir='ltr'><strong>alii</strong></span> <span class='ocrx_word' id='word_1_967' title='bbox 2588 5643 2757 5695; x_wconf 84' lang='lat' dir='ltr'><strong>genus</strong></span> <span class='ocrx_word' id='word_1_968' title='bbox 2789 5644 2908 5685; x_wconf 89' lang='lat' dir='ltr'><strong>esse</strong></span> <span class='ocrx_word' id='word_1_969' title='bbox 2937 5648 3042 5686; x_wconf 86' lang='lat' dir='ltr'><strong>non</strong></span> <span class='ocrx_word' id='word_1_970' title='bbox 3077 5634 3262 5703; x_wconf 76' lang='lat' dir='ltr'><strong>possit,</strong></span> <span class='ocrx_word' id='word_1_971' title='bbox 3312 5640 3590 5705; x_wconf 72' lang='lat' dir='ltr'><strong>specialis~</strong></span> 
     </span>
    </p>
   </div>
   <div class='ocr_carea' id='block_1_119' title="bbox 1998 5712 3591 5793">
    <p class='ocr_par' dir='ltr' id='par_1_119' title="bbox 1998 5712 3591 5793">
     <span class='ocr_line' id='line_1_119' title="bbox 1998 5712 3591 5793; baseline 0.014 -29"><span class='ocrx_word' id='word_1_972' title='bbox 1998 5712 2130 5766; x_wconf 86' lang='lat' dir='ltr'><strong>sima</strong></span> <span class='ocrx_word' id='word_1_973' title='bbox 2149 5717 2356 5784; x_wconf 85' lang='lat' dir='ltr'><strong>species</strong></span> <span class='ocrx_word' id='word_1_974' title='bbox 2376 5717 2591 5772; x_wconf 86' lang='lat' dir='ltr'><strong>dicitur.</strong></span> <span class='ocrx_word' id='word_1_975' title='bbox 2614 5719 2705 5773; x_wconf 85' lang='lat' dir='ltr'><strong>llis</strong></span> <span class='ocrx_word' id='word_1_976' title='bbox 2723 5736 2851 5790; x_wconf 86' lang='lat' dir='ltr'><strong>ergo</strong></span> <span class='ocrx_word' id='word_1_977' title='bbox 2870 5727 3124 5793; x_wconf 84' lang='lat' dir='ltr'><strong>cognitis,</strong></span> <span class='ocrx_word' id='word_1_978' title='bbox 3143 5740 3414 5781; x_wconf 88' lang='lat' dir='ltr'><strong>sumamus</strong></span> <span class='ocrx_word' id='word_1_979' title='bbox 3431 5734 3591 5790; x_wconf 76' lang='lat' dir='ltr'><strong>unius</strong></span> 
     </span>
    </p>
   </div>
   <div class='ocr_carea' id='block_1_120' title="bbox 1999 5805 3591 5889">
    <p class='ocr_par' dir='ltr' id='par_1_120' title="bbox 1999 5805 3591 5889">
     <span class='ocr_line' id='line_1_120' title="bbox 1999 5805 3591 5889; baseline 0.009 -32"><span class='ocrx_word' id='word_1_980' title='bbox 1999 5805 2397 5872; x_wconf 67' lang='lat' dir='ltr'><strong>praedicamenti</strong></span> <span class='ocrx_word' id='word_1_981' title='bbox 2421 5812 2756 5878; x_wconf 89' lang='lat' dir='ltr'><strong>exemplum,</strong></span> <span class='ocrx_word' id='word_1_982' title='bbox 2788 5823 2843 5864; x_wconf 87' lang='lat' dir='ltr'><strong>ut</strong></span> <span class='ocrx_word' id='word_1_983' title='bbox 2872 5816 2941 5867; x_wconf 85' lang='lat' dir='ltr'><strong>ab</strong></span> <span class='ocrx_word' id='word_1_984' title='bbox 2961 5831 3025 5873; x_wconf 85' lang='lat' dir='ltr'><strong>eo</strong></span> <span class='ocrx_word' id='word_1_985' title='bbox 3053 5820 3102 5873; x_wconf 90' lang='lat' dir='ltr'><strong>in</strong></span> <span class='ocrx_word' id='word_1_986' title='bbox 3134 5817 3348 5872; x_wconf 69' lang='lat' dir='ltr'><strong>caeteris</strong></span> <span class='ocrx_word' id='word_1_987' title='bbox 3374 5835 3591 5889; x_wconf 64' lang='lat' dir='ltr'><strong>quoqua</strong></span> 
     </span>
    </p>
   </div>
  </div>
