2053 3168
289 191 340 223 105

907 188 960 217 ΑΝ.
982 187 1087 217 MANL.

1131 187 1181 217 EV.
1203 187 1314 218 BOETII
1877 188 1926 216 «οι

288 247 504 286 [medicamentis
518 251 599 283 atque
618 246 644 275 in
658 245 763 275 emeris
778 245 921 281 generibus
936 251 962 273 et
977 245 1080 281 spccie-
1094 248 1119 276 Α
1133 246 1240 281 quidem
1267 246 1416 274 substantia
1441 245 1673 282 generalissitnum
1701 244 1799 273 dicitur
1823 251 1925 279 genus,

285 297 336 324 bus
360 295 406 322 ﬁlo
426 299 506 328 atque
524 292 618 320 ordine
640 291 703 328 quid
723 290 829 319 eveniat
851 292 936 326 possit
956 292 1078 326 agnosci.

284 339 438 369 Stabat-mia
447 339 527 374 igitur
537 337 768 373 generalissimum
780 344 864 372 genus
875 341 916 364 cst
925 345 933 369 ς
943 336 994 364 hoc
1007 336 1079 363 enim

285 386 321 415 de
333 382 434 415 eunetis
451 384 510 412 aliis
523 383 696 419 praedicatur,
710 391 742 411 ac
755 384 870 417 primum
882 382 962 416 huius
976 383 1080 416 species
1106 382 1109 384 ’

285 430 346 460 duae
359 435 432 463 sunt.
447 437 608 466 corporeum
624 433 652 457 et
666 429 856 465 incorporeum
869 448 875 461 .
893 436 954 456 nam
969 433 995 456 et
1008 428 1079 463 quod
1106 432 1109 437 ‘

1107 485 1110 489 λ
1131 475 1259 503 uiderunt
1283 476 1390 511 specie.
1415 475 1462 503 sed
1488 482 1600 502 numero
1623 479 1741 506 tantum;
1765 481 1926 508 corporeum

284 530 395 560 porcum
408 526 451 550 est
459 521 608 549 substantia
621 520 793 556 pmdicatur;
812 519 863 546 sub
874 525 1004 554 corporeo
1015 526 1079 545 vero
1108 525 1111 531 ι

285 484 445 514 corporeum
453 481 495 504 est
505 475 653 503 substantia
664 474 775 508 dicitur,
791 479 818 502 et
831 475 895 501 item
907 473 977 512 quod
991 474 1080 502 incor-

285 570 431 598 animatum
441 572 522 602 atque
531 566 707 594 inanimatum
717 572 814 600 corpus
826 564 947 600 ponitur:
960 564 1011 591 sub
1020 564 1080 591 ani-

282 663 360 698 jicias
381 661 498 689 animato
520 659 641 695 corpori,
662 658 761 686 animal
784 657 865 690 facis,
888 658 990 692 reliqua
1014 664 1080 684 vero

284 715 356 744 pars,
372 707 400 735 id
412 712 464 742 est,
472 705 587 741 species,
598 705 719 733 continet
732 704 905 732 inanimatum
915 707 943 730 et
951 702 1079 730 sensibile
1110 714 1112 716 -

281 760 397 788 corpus;
423 753 473 780 sub
491 752 601 779 animali
614 756 704 779 autem
725 749 855 777 rationale
870 753 950 784 atque
970 749 1078 776 irratio-

277 800 361 830 nale:
381 798 430 826 sub
445 797 565 826 rationali
588 797 660 824 Deus
674 800 702 824 et
722 796 818 828 homo,
835 802 895 822 nam
911 794 934 822 si
956 793 1078 821 rationali
1108 802 1110 806 ·

285 845 397 874 mortale
411 843 572 879 subjeceria,
587 842 725 871 hominem
739 842 904 873 constitues;
929 840 951 867 si
965 840 1078 867 immo’r-

285 891 349 924 tale,
363 890 460 922 Deum;
477 889 560 916 Deum
576 895 640 916 vero
651 888 712 915 dico
725 894 896 921 corporeum,
915 886 985 912 hunc
1005 884 1077 912 enim

285 937 413 966 mundum
424 941 528 963 veteres
539 935 623 962 Deum
633 934 775 968 vocabant,
786 937 813 961 et
825 933 898 960 Iovis
910 939 971 959 eum
985 931 1078 965 appel-
1092 938 1116 969 Β

259 986 262 989 ‘
285 982 385 1011 latione
405 981 505 1016 dignati
525 984 597 1013 sunt,
624 980 777 1015 Deumque,
803 979 901 1010 solem,
927 982 1079 1011 caeteraque

242 1027 265 1051 μ’
284 1027 403 1056 celestia
423 1033 548 1060 corpora,
561 1033 622 1060 qua:
634 1025 750 1052 animata
765 1031 825 1051 esse
840 1031 901 1051 cum
918 1023 1006 1053 Plato.
1023 1027 1078 1049 tum

285 1074 417 1109 plurimus
435 1072 574 1099 doctorum
595 1070 695 1098 chorus
713 1069 859 1097 arbitratus
882 1072 935 1099 est.
958 1068 1009 1095 sub
1031 1067 1079 1094 ho-
1110 1077 1112 1085 ι

262 1125 265 1136 ⁵
286 1123 358 1151 mine
371 1128 436 1149 vero
454 1119 583 1148 individui
596 1118 800 1154 singularesque
813 1116 937 1144 homines
950 1119 1023 1145 sunt,
1050 1117 1080 1141 ut

260 1181 264 1187 -
285 1167 378 1200 Plato,
399 1166 480 1198 Cato,
502 1164 615 1196 Cicero,
637 1170 750 1199 quorum
775 1168 916 1189 numerum
938 1159 1080 1195 pluralitas

286 1213 389 1241 inﬁnita
403 1219 456 1240 non
469 1211 576 1245 recipit.
590 1210 668 1245 cujus
682 1209 722 1238 rei
735 1208 855 1244 subjecta
868 1205 1080 1242 descriptioisub

260 1272 262 1275 -
285 1259 371 1286 oculis
382 1262 465 1292 ponat
477 1255 639 1289 exemplum.
872 1261 875 1264 ’

601 1417 717 1444 Sabaitis.
761 1434 765 1457 μ
963 1430 997 1437 ‘

643 1546 646 1549 μ
673 1537 737 1552 κ’*
827 1553 830 1557 -
865 1556 875 1565 κ
894 1563 902 1575 κ

307 1902 310 1905 ι
579 1793 886 2002 \

542 1954 546 1958 ι
752 1967 761 1975 η

622 2089 729 2119 Ammi

574 2193 589 2217 ὃ
619 2180 751 2204 \J/
807 2188 821 2211 η’
893 2173 969 2200 ,ιωΙο

536 2213 553 2238 .~‘
580 2229 739 2296 φὴς
894 2204 985 2260 \\.
1112 2240 1115 2243 '

413 2362 427 2375 .
597 2355 636 2381 κ²⁶
895 2363 900 2378 ¹
930 2352 1029 2403 [ἐπ”

305 2607 307 2609 -
365 2483 1028 2693 θῶ·
1114 2606 1117 2610 -

553 2639 573 2660 ο

353 2822 489 2852 Socrates.

635 2824 738 2851 Cicero.
897 2827 974 2854 (lato.

324 2877 453 2913 Superius
465 2880 550 2914 posita
560 2880 707 2916 descriptio
718 2881 841 2909 ordinem
854 2890 867 2909 a
879 2883 1083 2916 generalissimo

288 2931 372 2960 usque
394 2924 428 2952 ad
450 2925 588 2955 individea
613 2927 813 2962 pradicationis
832 2929 961 2963 ostendit,
984 2928 1010 2958 in
1029 2936 1080 2964 qua

1131 294 1255 327 quoniam
1273 293 1416 328 praeposita
1428 298 1468 321 est
1483 293 1619 325 omnibus,
1635 291 1700 319 nulli
1712 299 1776 319 vero
1789 292 1846 325 ipsa
1862 299 1928 326 sup-

1132 339 1249 374 ponitur,
1263 344 1291 366 et
1304 339 1390 366 solum
1404 346 1488 374 genus
1504 343 1614 373 propter
1627 336 1749 364 eamdem
1766 337 1869 364 scilicet
1883 337 1925 364 di-

1131 385 1199 411 citur
1213 392 1334 417 causam.
1352 384 1432 412 homo
1447 389 1537 412 autem
1556 383 1659 418 species
1675 383 1772 416 solum,
1796 382 1924 417 quoniam

1134 430 1218 461 I’Iato.
1241 429 1321 462 Cato,
1344 429 1450 461 Cicero.
1473 429 1568 464 quibus
1583 433 1624 455 est
1638 429 1695 463 ipsa
1713 428 1855 463 pra‘pusita
1871 435 1925 455 non

1131 532 1195 551 vero
1207 524 1277 558 quod
1292 524 1440 552 secundum
1458 532 1473 550 a
1488 522 1637 550 substantia
1651 522 1810 554 collocatur,
1824 525 1851 548 et
1864 529 1927 555 spe-

1107 575 1109 578 '
1130 572 1186 598 cies
1200 578 1260 597 esse
1272 570 1410 605 probatur,
1426 573 1453 597 et
1463 576 1559 604 genus,
1575 567 1733 595 substantia:
1748 567 1864 602 species.
1879 574 1928 601 ge-

284 622 356 642 mato
378 622 502 649 corpore,
519 613 617 641 animal
636 613 742 648 ponitur
756 622 763 640 :
779 620 841 640 nam
854 612 877 639 si
891 611 1017 639 sensibile
1032 611 1080 638 ad-
1106 610 1110 617 '

1132 623 1181 643 nus
1196 616 1322 647 animati;
1340 619 1367 642 at
1379 622 1442 642 vero
1457 614 1619 646 animatum,
1635 621 1720 648 genus
1735 618 1777 640 est
1788 612 1925 642 animalia.

1130 664 1252 699 corporei
1269 663 1383 698 species.
1404 663 1452 691 Est
1472 667 1562 690 autem
1582 661 1729 689 animatum
1741 668 1824 696 genus
1838 660 1927 687 sensi-

1131 712 1203 744 bilis,
1210 711 1356 739 animatum
1363 718 1427 738 vero
1437 709 1565 737 sensibile
1575 708 1673 736 animal
1680 713 1722 736 est
1730 716 1737 735 :
1745 708 1825 743 igitur
1836 708 1926 742 ipsum

1130 758 1287 790 animatum,
1303 760 1412 791 propter
1434 755 1569 790 propriam
1596 753 1777 781 diﬁerentiam
1800 760 1860 787 quas
1884 757 1928 779 est

1130 804 1269 837 sensibile,
1285 808 1357 831 recte
1377 810 1462 838 genus
1477 801 1576 829 dicitur
1586 808 1648 828 esse
1660 800 1795 827 animalis.
1818 799 1928 827 Animal

1131 858 1194 878 vero
1205 849 1342 878 rationalis
1355 856 1441 884 genus
1456 853 1508 880 est,
1518 852 1546 875 et
1557 846 1688 874 rationale
1701 853 1786 881 genus
1799 850 1841 873 est
1853 852 1930 872 mor-

1131 898 1208 930 talis;
1232 905 1346 932 cumque
1368 896 1500 923 rationale
1519 900 1548 923 et
1571 894 1683 922 mortale
1704 894 1769 922 nihil
1795 894 1866 922 aliud
1889 895 1929 923 sil

1130 953 1210 981 quam
1225 944 1317 976 homo,
1334 944 1464 971 rationale
1480 943 1509 970 Iit
1523 943 1648 970 animalis
1667 943 1782 976 species,
1809 943 1930 970 hominis

1131 1000 1196 1019 vero
1210 999 1312 1026 genus;
1328 991 1409 1018 homo
1424 991 1561 1025 vero,ipse
1575 990 1694 1023 Catonis,
1709 990 1838 1023 Pltonis,
1850 990 1930 1018 Cice-

1132 1038 1206 1065 ronis
1220 1045 1272 1064 non
1288 1038 1339 1065 erit
1352 1038 1394 1072 (ut
1407 1036 1576 1071 dictum_est)
1591 1044 1686 1072 genus,
1704 1036 1749 1063 sed
1765 1036 1851 1063 solum
1866 1043 1930 1070 spe-

1131 1085 1207 1115 cies;
1225 1091 1274 1111 nec
1298 1084 1384 1111 solum
1407 1082 1567 1111 ditl'erentite
1593 1082 1733 1110 rationalis
1756 1084 1860 1118 species
1885 1086 1929 1111 est

1132 1129 1222 1161 homo,
1239 1136 1332 1155 verum
1351 1128 1432 1155 etiam
1447 1128 1559 1156 Catonis
1574 1132 1601 1155 et
1620 1127 1739 1155 Platonis
1753 1133 1929 1155 ceterorum-

1131 1182 1183 1210 que
1206 1174 1311 1209 species
1336 1174 1501 1209 appellatur,
1529 1179 1638 1208 propter
1662 1173 1797 1201 diversam
1825 1174 1930 1203 scilicet

1131 1227 1251 1248 causam.
1273 1218 1338 1246 Nam
1354 1219 1490 1246 rationalis
1503 1218 1604 1246 idcirco
1619 1223 1661 1246 est
1675 1219 1789 1252 species,
1801 1218 1929 1254 quoniam

1132 1266 1261 1293 rationale
1275 1272 1322 1301 per
1337 1265 1452 1292 mortale
1463 1269 1543 1300 atque
1555 1264 1706 1292 immortale
1720 1265 1857 1299 dividitur,
1867 1273 1928 1294 cum

1123 1306 1163 1340 sit
1184 1313 1265 1340 hoino
1285 1311 1420 1344 mortale;
1435 1311 1505 1339 idem
1522 1319 1585 1339 vero
1599 1311 1680 1338 homo
1695 1312 1800 1346 species
1813 1317 1856 1339 est
1871 1312 1929 1340 Pia-

1133 1361 1205 1388 tonis
1212 1365 1294 1396 atqtte
1302 1365 1478 1392 cteterorum,
1486 1360 1513 1387 in
1524 1359 1609 1386 forma
1622 1358 1692 1385 enim
1701 1366 1795 1385 eorum
1807 1358 1929 1386 omnium

1133 1408 1215 1434 homo
1227 1407 1280 1434 erit
1299 1406 1485 1434 substantialis
1504 1410 1585 1440 atque
1600 1405 1692 1432 ultitna
1709 1404 1867 1432 similitudo.
1884 1405 1929 1432 Est

1133 1457 1223 1481 autem
1236 1453 1388 1480 communis
1402 1456 1430 1480 et
1439 1452 1559 1480 omnium
1573 1452 1675 1486 regula,
1690 1458 1751 1479 esse
1764 1458 1811 1478 eas
1825 1450 1929 1483 Species

1133 1499 1343 1533 specialissimas
1356 1506 1416 1534 qua:
1430 1505 1510 1533 supra
1525 1497 1582 1525 sola
1599 1497 1735 1524 individua
1752 1497 1928 1527 collocantur.

1134 1550 1163 1571 ut
1176 1544 1267 1575 homo,
1278 1551 1375 1579 equus,
1386 1551 1499 1577 corvus;
1511 1543 1558 1571 sed
1573 1550 1626 1570 non
1637 1543 1703 1574 aris,
1715 1543 1803 1570 avium
1814 1550 1930 1575 namque

1136 1591 1228 1618 multa:
1241 1594 1304 1617 sunt
1319 1590 1434 1624 species,
1452 1589 1500 1617 sed
1515 1590 1556 1616 lia).
1570 1593 1672 1617 tantum
1687 1589 1790 1624 species
1803 1588 1930 1616 dicuntur

1137 1643 1208 1669 esse,
1232 1643 1347 1670 quorum
1370 1635 1490 1669 subjecta
1513 1636 1548 1662 ita
1565 1635 1615 1662 sibi
1636 1639 1699 1662 sunt
1717 1633 1878 1664 consimilia.
1900 1636 1931 1661 ut

1136 1683 1339 1712 substantialem
1361 1682 1540 1710 dill‘erentiam
1563 1683 1663 1710 habere
1684 1689 1736 1710 non
1762 1681 1877 1717 possint.
1900 1680 1930 1708 In

1135 1730 1209 1757 omni
1225 1735 1315 1757 autem
1331 1729 1381 1756 hac
1396 1728 1572 1764 dispositione
1592 1728 1680 1763 priora
1696 1735 1794 1762 genera
1811 1735 1872 1754 cum
1886 1727 1930 1754 in-

1136 1775 1280 1803 ferioribus
1293 1774 1504 1810 conjunguntur,
1517 1779 1545 1801 ut
1560 1774 1723 1809 posteriores
1736 1773 1854 1801 efliciant
1868 1780 1931 1808 spec

1135 1821 1190 1848 cies
1204 1829 1209 1847 :
1224 1828 1285 1848 nam
1297 1825 1326 1848 ut
1340 1821 1376 1848 sit
1385 1827 1483 1855 corpus
1493 1820 1653 1852 substantia,
1667 1827 1728 1847 cum
1741 1820 1932 1855 corporalitate

1135 1869 1319 1903 coniungitur,
1342 1874 1369 1896 et
1383 1872 1425 1895 est
1435 1868 1581 1895 substantia
1595 1875 1724 1902 corporea
1738 1874 1847 1902 corpus.
1865 1867 1932 1896 Item

1136 1921 1164 1943 nt
1184 1916 1220 1942 sit
1241 1916 1399 1948 animatum,
1421 1922 1580 1949 corporeum
1604 1919 1684 1949 atque
1704 1914 1856 1942 substantia
1873 1915 1932 1943 ani-

1137 1968 1211 1990 mato
1221 1963 1373 1997 copulatur,
1385 1967 1411 1989 et
1422 1965 1465 1989 est
1475 1962 1620 1989 animatum
1635 1961 1785 1989 substantia
1800 1968 1932 1995 corporea

1136 2010 1239 2037 habens
1251 2009 1380 2036 animam.
1398 2007 1462 2036 Item
1479 2014 1507 2036 ut
1521 2009 1557 2036 sit
1571 2009 1708 2040 sensibile,
1720 2008 1808 2036 eidem
1822 2008 1874 2036 tria
1886 2007 1931 2037 illa

1135 2053 1276 2086 superiora
1286 2051 1519 2087 junguntur.Nam
1533 2051 1604 2086 quod
1620 2055 1663 2078 est
1673 2050 1814 2083 sensibile,
1826 2055 1931 2080 tantum

1135 2102 1187 2128 est.
1206 2101 1336 2132 quantum
1357 2097 1505 2125 substantia
1526 2104 1657 2133 corporea
1677 2097 1795 2124 animata
1810 2097 1931 2125 retinens

1135 2150 1257 2177 sensum,
1265 2143 1335 2177 quod
1347 2147 1433 2170 totum
1443 2143 1542 2170 animal
1553 2148 1604 2170 eat.
1614 2143 1678 2170 Item
1692 2143 1831 2178 superiora
1839 2144 1931 2171 omnia

1136 2189 1259 2216 rationali
1277 2189 1371 2223 juncta
1393 2189 1525 2216 rationale
1551 2188 1687 2221 efﬁciunt,
1710 2194 1931 2225 postretnutnque

1112 2240 1115 2243 ’
1135 2236 1272 2263 hominem
1287 2236 1427 2271 superiora
1441 2236 1531 2263 omnia
1543 2236 1718 2263 nihilominus
1733 2236 1889 2269 terminant,
1904 2235 1930 2264 id

1134 2287 1176 2309 est
1190 2282 1367 2310 substantiam
1381 2282 1498 2310 hominis
1509 2282 1600 2309 addito
1610 2286 1711 2309 tantum
1723 2282 1846 2309 rationali
1858 2289 1931 2310 mor-

1137 2329 1202 2361 tali;
1218 2333 1260 2356 est
1274 2329 1346 2356 enim
1369 2329 1450 2356 homo
1471 2329 1620 2355 subsuntia
1638 2335 1778 2363 corporea,
1802 2328 1931 2362 animata,

1135 2376 1285 2407 sensibilis,
1294 2376 1443 2408 rationalis,
1454 2376 1586 2403 mortalis.
1594 2375 1649 2402 Nos
1665 2383 1730 2403 vero
1743 2374 1930 2403 diﬂinitionem

1136 2423 1253 2451 hominis
1275 2422 1414 2450 reddimus
1432 2423 1564 2457 dicentes,
1585 2423 1684 2450 animal
1703 2422 1834 2450 rationale
1859 2430 1931 2450 mor-

1137 2469 1198 2501 tale.
1214 2469 1241 2496 in
1256 2468 1365 2495 animali
1380 2468 1485 2496 scilicet
1496 2468 1663 2496 includentes
1676 2473 1702 2495 et
1715 2468 1892 2496 substantiam
1905 2473 1931 2497 et

1135 2521 1293 2547 carpareum
1309 2518 1338 2541 et
1350 2514 1497 2541 animatum
1512 2518 1591 2549 atque
1605 2514 1751 2547 sensibile;
1766 2519 1795 2542 et
1808 2514 1835 2541 in
1850 2519 1932 2542 crte-

1138 2560 1174 2587 ris
1197 2559 1305 2593 quidem
1321 2559 1460 2594 speciebus
1478 2564 1557 2594 atque
1576 2560 1718 2593 generibus
1736 2559 1770 2587 ad
1788 2560 1860 2588 hunc
1874 2567 1932 2588 mo.

1114 2606 1117 2610 '
1136 2607 1198 2633 dum
1217 2606 1257 2634 \eI
1268 2605 1423 2633 dividuntur
1435 2614 1544 2641 genera,
1556 2606 1598 2634 vel
1609 2607 1714 2641 species
1728 2606 1929 2635 describuntur.

1173 2652 1394 2685 Quemadmodum
1410 2652 1488 2687 igilur
1507 2652 1648 2679 tribuamin
1667 2660 1724 2679 cum
1745 2661 1866 2688 suprema
1884 2653 1931 2687 ait,

1137 2706 1165 2725 eo
1177 2699 1246 2733 quod
1259 2697 1323 2725 nihil
1337 2706 1417 2733 supra
1429 2706 1487 2725 eam
1500 2699 1544 2731 sit,
1558 2707 1636 2734 genus
1650 2704 1688 2726 est
1697 2700 1930 2735 generalisaimttm,

1136 2745 1171 2770 sic
1184 2749 1208 2771 et
1219 2744 1305 2778 homo,
1318 2752 1375 2771 cum
1388 2745 1419 2771 sit
1429 2745 1524 2779 species
1537 2750 1593 2780 post
1604 2753 1680 2778 quant
1694 2754 1746 2772 non
1758 2750 1794 2773 est
1807 2746 1861 2773 alia
1871 2754 1928 2782 ape-

1134 2791 1195 2823 ct'et,
1211 2799 1291 2826 neque
1310 2791 1381 2818 aliud
1393 2800 1482 2818 eorum
1494 2800 1551 2827 quia
1570 2797 1675 2827 possunt
1687 2793 1768 2819 dividi
1779 2794 1805 2820 in
1820 2794 1930 2827 species.

1115 2875 1116 2878 η
1135 2838 1178 2865 δρα
1193 2839 1278 2866 solum
1292 2839 1424 2867 individua
1442 2839 1613 2875 (individuum
1633 2841 1700 2867 enim
1713 2846 1752 2868 est
1773 2841 1892 2869 Socrates
1905 2846 1930 2870 α

1137 2883 1225 2917 Plato,
1240 2889 1263 2911 et
1279 2883 1326 2911 hoc
1340 2885 1438 2919 album)
1452 2886 1548 2919 species
1560 2886 1608 2912 erit
1622 2886 1715 2919 solum,
1731 2891 1755 2914 et
1768 2887 1857 2914 ultima
1871 2896 1930 2921 ape-

1135 2931 1186 2965 cieq
1200 2932 1234 2964 (et
1246 2934 1274 2957 tu
1283 2930 1382 2959 dictum
1395 2931 1444 2965 est)
1454 2931 1636 2965 specialiut'ma
1647 2940 1656 2959 :
1670 2940 1728 2966 qua
1739 2941 1797 2961 vero
1808 2934 1833 2961 ἰη
1846 2934 1931 2962 media
