4106 6336
300 255 406 320 165

1137 254 1203 311 ΙΝ
1242 250 1684 310 PORPHYRIUM
1726 243 2371 305 COHMENTARIORUM
2410 243 2539 303 LIB.
2581 242 2666 302 ΙΙΙ.

3488 236 3592 297 106

297 388 441 446 sunt,
479 390 656 433 eorum
695 370 899 447 quidem
922 385 1039 443 qute
1063 386 1223 439 supra
1260 385 1313 424 se
1350 377 1468 423 sunt
1508 366 1699 435 species
1725 373 1894 430 erunt,
1920 366 1976 426 Α
2001 363 2209 433 species
2238 359 2588 416 substantiam
2637 364 2916 423 monstret,
2969 368 3180 428 unaque
3230 357 3299 413 sit
3345 356 3585 439 omnium

297 487 478 527 eorum
500 485 614 524 vero
643 483 760 538 qua:
786 474 897 532 post
940 479 1126 535 genera
1168 471 1309 529 sunt,
1354 476 1509 529 quare
1544 458 1654 514 ha’c
1691 459 1896 529 quidem

302 564 434 620 duas
474 561 657 631 habent
699 558 1044 621 habitudines,
1086 554 1230 609 illam
1266 570 1380 624 quce
1409 562 1481 609 est
1510 553 1578 608 ad
1606 551 1891 623 superiora,

298 658 584 723 secundum
612 670 768 726 quam
798 632 990 722 species
1021 650 1268 703 dicuntur
1295 662 1405 701 esse
1432 632 1683 715 ipsorum,
1712 652 1759 699 et
1785 659 1899 699 eam

306 766 420 819 quin
448 757 521 803 est
550 748 619 802 ad
646 741 1251 819 posterim'a,secundum
1280 756 1432 812 quam
1459 755 1645 810 genera
1670 739 1899 808 ipsorum

303 858 413 898 esse
439 841 698 895 dicuntur.
726 837 974 892 Extrema
996 850 1112 889 vero
1135 833 1320 887 habent
1344 848 1500 886 unam
1524 830 1896 894 habitudinem,

305 952 426 991 siam
455 944 499 987 et
529 930 970 1005 generalissimum
990 928 1056 982 ad
1083 944 1143 982 ea
1162 942 1274 997 qua:
1294 925 1577 998 posteriora
1597 933 1734 989 sunt,
1753 922 1899 977 habet

308 1026 683 1092 habitudinem,
711 1040 831 1079 eum
860 1039 1018 1095 genus
1049 1022 1114 1075 sit
1142 1020 1367 1074 omnium
1396 1033 1688 1089 supremum
1729 1032 1747 1071 :
1785 1031 1899 1069 eam

305 1136 422 1175 vero
457 1134 573 1191 qua:
601 1126 676 1172 est
706 1118 776 1169 ad
811 1115 1079 1184 superiora
1116 1129 1218 1166 non
1254 1110 1427 1177 habet,
1466 1125 1583 1164 cum
1611 1108 1689 1181 sit
1720 1122 1900 1177 supre-

307 1229 467 1277 mum,
517 1220 565 1265 et
610 1210 835 1281 primunt
877 1206 1209 1277 principium,
1253 1212 1301 1258 et
1343 1201 1420 1275 (ut
1447 1198 1696 1272 diximus)
1738 1214 1901 1269 supra

304 1306 443 1377 quod
476 1322 583 1358 non
611 1312 681 1357 est
710 1300 855 1355 aliud
880 1297 1240 1370 superveniens
1265 1312 1421 1367 genus
1458 1310 1477 1348 :
1510 1304 1554 1350 et
1584 1291 1897 1365 specialissi-

306 1416 448 1454 mum
494 1401 648 1453 etiam
681 1414 836 1452 unam
876 1395 1023 1450 habet
1058 1393 1430 1457 habitudinem,
1472 1407 1535 1445 ea
1576 1407 1689 1461 qua:
1721 1389 1809 1460 εειξ
1832 1390 1922 1455 σά,

305 1492 599 1561 superiora,
627 1505 845 1561 quarunt
881 1496 952 1541 est
992 1486 1182 1558 species
1226 1502 1243 1538 :
1290 1500 1403 1538 eam
1445 1500 1561 1538 vero
1591 1499 1705 1554 quis
1734 1491 1805 1537 est
1833 1482 1901 1536 ad

307 1584 601 1656 posteriora
622 1599 727 1636 non
751 1583 999 1635 diversam
1027 1578 1173 1632 habet
1199 1578 1288 1633 sed
1312 1578 1565 1641 eamdem,
1600 1593 1719 1631 nam
1749 1585 1794 1630 et
1820 1577 1903 1630 in—

311 1677 639 1729 dividuorum
665 1674 853 1743 species
879 1671 1085 1726 dicitur.
1119 1670 1224 1726 Sed
1254 1671 1445 1741 species
1473 1670 1680 1741 quidem
1714 1670 1902 1724 dicitur

2001 455 2395 511 individuorum
2431 454 2531 509 sub
2557 453 2738 524 specie
2762 452 3055 523 positorum
3081 451 3379 508 substantia
3398 493 3411 517 ,
3444 468 3583 522 quo-

1999 547 2288 606 dummodo
2312 546 2440 607 nulli
2470 547 2752 617 praeposita
2782 555 2888 614 est,
2919 544 2965 601 si
2989 546 3056 601 ad
3085 545 3435 602 substantiam
3460 544 3579 616 quis

2002 642 2129 698 velit
2156 641 2425 712 aspicere:
2458 647 2514 695 at
2552 638 2597 694 si
2626 638 2923 695 accidentia
2950 639 3071 710 quis
3098 628 3425 707 consideret,
3459 638 3581 708 plu-

1999 746 2090 791 res
2118 733 2186 791 de
2210 733 2402 805 quibus
2424 732 2749 804 praedicatur
2770 732 2979 803 species
3004 732 3155 799 ﬁunt,
3184 746 3291 788 non
3316 731 3583 788 substan-

2002 830 2090 885 tiae
2111 828 2452 898 diversitate,
2485 825 2580 883 sed
2608 826 2972 884 accidentium
2998 824 3368 893 multitudine;
3399 826 3583 898 itaque

2003 925 2063 981 tit
2088 934 2146 979 ut
2176 937 2346 996 genus
2374 921 2593 995 quidem
2623 935 2837 992 semper
2866 921 3125 992 plurimas
3152 922 3251 978 sub
3283 936 3342 978 se
3371 923 3584 992 species

2004 1019 2239 1076 habeat:
2273 1018 2341 1075 de
2385 1016 2756 1075 differentibus
2803 1016 2948 1075 enim
2997 1016 3177 1088 specie
3222 1016 3584 1089 praedicatur,

2002 1113 2308 1170 din‘erentia
2330 1128 2457 1170 vero
2484 1112 2587 1170 nisi
2615 1112 2907 1183 pluralitati
2930 1127 3039 1169 non
3062 1113 3315 1169 convenit
3336 1128 3354 1170 :
3382 1120 3439 1169 at
3457 1124 3587 1168 vero

2004 1205 2212 1276 species
2225 1206 2385 1262 etiam
2407 1204 2499 1261 uni
2524 1202 2812 1276 aliquando
2834 1202 3105 1260 individuo
3128 1218 3357 1275 praeesse
3379 1210 3589 1275 potest:

2003 1300 2048 1355 si
2079 1296 2222 1356 enim
2250 1313 2388 1355 unus
2422 1300 2523 1371 ‘(ut
2549 1297 2883 1370 perhibetur)
2924 1306 3007 1354 est
3032 1296 3282 1370 phoenix,
3302 1286 3586 1368 phoenicis

2004 1393 2215 1462 species
2243 1393 2311 1448 de
2342 1407 2449 1447 uno
2497 1399 2706 1447 tantum
2755 1390 3031 1447 individuo
3061 1390 3402 1461 praedicatur.
3452 1390 3594 1447 Solis

2005 1487 2167 1544 etiam
2194 1478 2401 1557 species
2434 1502 2599 1543 unum
2626 1485 2800 1543 solum
2827 1486 3140 1557 intelligitur
3168 1484 3370 1541 habere
3405 1484 3595 1553 subje-

2005 1589 2185 1637 ctum:
2218 1580 2291 1635 ita
2321 1580 2523 1635 nullam
2556 1578 2955 1635 multitudinem
3002 1580 3210 1649 species
3248 1591 3348 1648 per
3373 1590 3435 1632 se
3462 1590 3592 1631 con-

2007 1671 2170 1738 tinet,
2220 1687 2342 1729 cum
2373 1672 2535 1728 etiam
2584 1672 2630 1727 si
2678 1688 2841 1727 unum
2886 1672 2957 1727 sit
2983 1679 3189 1727 tantum
3219 1670 3593 1739 individuum,

310 1766 714 1833 individuorum,
746 1764 877 1820 velut
905 1781 975 1845 ea,
992 1764 1277 1832 continens,
1311 1764 1499 1836 species
1527 1778 1641 1819 vero
1671 1761 1902 1834 superio-
1931 1756 1981 1821 B
2008 1764 2207 1834 speciei
2231 1772 2409 1820 tamen
2427 1779 2535 1821 non
2557 1762 3086 1834 pereatintellectus,
3111 1761 3428 1834 quibusdam
3451 1763 3596 1819 enim

308 1875 446 1924 runt,
486 1868 539 1913 ut
575 1873 690 1928 qua:
721 1858 784 1910 ab
815 1857 922 1911 illis
951 1856 1293 1911 contineatur.

382 1953 463 2008 Ex
520 1953 879 2024 proportione,
935 1952 1135 2022 speciei
1197 1967 1395 2008 nomen
1454 1952 1614 2007 etiam
1683 1950 1901 2022 generis

308 2047 630 2114 ostenditur,
664 2061 786 2103 nam
820 2053 878 2102 ut
906 2060 1095 2118 genus,
1122 2046 1378 2116 quoniam
1408 2060 1515 2101 non
1547 2044 1709 2100 habet
1729 2056 1899 2114 genus

308 2155 468 2212 supra
496 2155 556 2195 se
574 2138 1044 2211 generalissimum
1069 2152 1235 2206 genus
1257 2137 1473 2203 dicitur,
1493 2136 1866 2203 utsubstantia
1882 2151 1900 2188 :

309 2234 382 2291 ita
404 2234 635 2304 species,
662 2232 916 2303 quoniam
938 2246 1048 2287 non
1081 2229 1244 2287 habet
1281 2230 1383 2285 sub
1412 2245 1471 2286 se
1501 2230 1737 2300 Speciem
1763 2271 1777 2296 ,
1806 2228 1900 2286 sed

308 2325 582 2401 individua
602 2368 617 2393 ,
649 2324 1057 2397 Specialissima,
1079 2322 1287 2394 species
1319 2321 1547 2391 dicitur,
1598 2330 1657 2376 ut
1698 2320 1898 2385 homo;

309 2419 448 2491 quod
480 2428 658 2474 autem
681 2428 765 2494 est
794 2416 1004 2490 species
1025 2429 1134 2472 non
1166 2414 1367 2471 habere
1394 2415 1495 2475 sub
1520 2429 1601 2484 se,
1628 2413 1682 2469 id
1710 2424 1793 2471 est
1818 2412 1905 2470 bis

309 2525 547 2582 praeesse
568 2555 584 2580 ,
618 2526 740 2582 quae
761 2524 937 2581 neque
965 2510 1020 2565 in
1049 2508 1336 2566 dissimilia
1371 2507 1537 2563 dividi
1568 2515 1813 2577 possunt,
1847 2513 1906 2562 ut

309 2617 507 2672 genera
535 2602 864 2668 dividuntur,
887 2618 1063 2674 neque
1094 2603 1147 2658 in
1168 2602 1365 2659 similia
1397 2613 1670 2667 secantur,
1691 2610 1752 2656 ut
1780 2615 1905 2670 spe-

310 2696 439 2752 cies.
476 2696 569 2752 llla
599 2710 729 2753 vero
758 2711 880 2767 qua:
925 2696 1066 2752 inter
1092 2710 1290 2768 genera
1316 2694 1719 2765 generalissima
1740 2734 1756 2760 ,
1791 2709 1908 2764 spe-

310 2789 525 2859 ciesque
553 2787 970 2858 specialissimas
996 2788 1289 2844 constituta
1316 2795 1462 2853 sunt,
1496 2785 1705 2857 species
1731 2794 1785 2841 et
1805 2800 1903 2856 ge-

310 2893 439 2934 nera
453 2889 850 2949 nuncupantur,
866 2893 987 2950 qua:
1001 2887 1051 2935 et
1071 2879 1184 2949 ipsa
1201 2878 1320 2933 aliis
1335 2876 1729 2949 supponuntur,
1748 2885 1803 2932 et
1821 2876 1904 2932 his

310 2971 413 3027 alia
438 2972 802 3043 subjiciuntur
823 3014 837 3041 ,
871 2987 1098 3042 quorum
1126 2972 1179 3027 in
1212 2970 1492 3028 dissimilia
1516 2971 1602 3026 vel
1628 2971 1681 3026 in
1707 2970 1903 3027 similia

311 3074 534 3134 possunt
562 3079 683 3121 esse
720 3064 1056 3141 partitiones.
1092 3065 1332 3135 Cumque
1377 3063 1503 3120 duae
1542 3065 1651 3120 sint
1691 3064 1920 3121 habitu-'

2005 1858 2117 1914 suis
2145 1857 2296 1929 quasi
2324 1858 2590 1914 similibus
2618 1858 2860 1929 partibus
2889 1866 3119 1929 praeest:
3151 1866 3209 1914 ut
3238 1854 3299 1913 δι’
3328 1858 3454 1914 teris
3483 1858 3595 1913 vir-

2003 1952 2183 2022 gulam
2212 1951 2441 2017 dividas,
2467 1950 2761 2008 secundum
2789 1950 2844 2007 id
2872 1950 3015 2022 quod
3044 1963 3118 2006 ωε
3139 1950 3355 2019 dicitur,
3382 1949 3521 2006 idem
3543 1955 3597 2009 et

2006 2036 2189 2115 partes
2217 2060 2339 2101 esse
2383 2044 2719 2116 intelligitur,
2754 2053 2811 2101 et
2836 2053 3029 2100 totum.
3060 2044 3269 2125 Idcirco
3290 2044 3492 2100 dictum
3514 2051 3598 2101 est

2005 2140 2265 2211 speciem,
2298 2140 2422 2197 licet
2447 2141 2517 2196 sit
2537 2139 2831 2197 individuis
2855 2138 3166 2211 praeposita,
3199 2155 3360 2195 unam
3392 2148 3600 2196 tantum

2006 2232 2377 2307 habitudinem
2408 2234 2714 2305 possidere,
2746 2235 2893 2291 illam
2924 2250 3087 2291 unam
3109 2235 3318 2291 scilicet
3348 2250 3450 2306 qua
3477 2250 3601 2304 spe-

2006 2326 2117 2381 cies
2162 2336 2278 2394 est;
2327 2327 2542 2399 quando
2572 2327 2715 2385 enim
2746 2318 3066 2400 ‘praipositis
3094 2328 3341 2384 subditur
3389 2327 3600 2398 species

2008 2426 2378 2488 nuncupatur,
2435 2426 2492 2476 et
2544 2428 2628 2475 est
2679 2420 3022 2490 superiorum
3078 2419 3291 2490 species
3338 2427 3601 2490 tanquam

2006 2513 2250 2583 subjecta
2275 2555 2290 2582 ,
2323 2512 2746 2586 interiorumque
2792 2514 3003 2585 species
3026 2557 3040 2582 ,
3078 2513 3283 2569 idcirco
3340 2512 3601 2585 quoniam

2006 2619 2197 2661 eorum
2250 2605 2553 2662 substantia
2583 2611 2961 2673 monstratur.‘,
2985 2606 3094 2663 Nec
3144 2608 3215 2664 ita
3265 2616 3349 2663 est
3392 2605 3602 2677 species

2008 2697 2424 2765 individuorum,
2469 2699 2924 2770 quemadmodum
2973 2700 3173 2771 speciei
3219 2713 3388 2770 genus
3420 2715 3436 2754 :
3468 2696 3606 2755 illud

2009 2790 2152 2845 enim
2171 2804 2294 2859 pars
2310 2800 2394 2847 est
2420 2790 2756 2857 substantia,
2778 2798 2838 2845 ut
2864 2790 3062 2845 animal
3083 2790 3337 2846 hominis.
3360 2790 3611 2871 Reliquas.

2009 2883 2153 2938 enim
2172 2880 2350 2953 partes
2379 2883 2641 2967 rationale
2657 2892 2817 2955 atque
2846 2883 3075 2940 mortale
3091 2882 3361 2940 adduntur
3382 2885 3608 2947 animali

2009 2969 2077 3026 ad
2132 2969 2499 3027 dilﬁniendam
2549 2971 2917 3028 substantiam
2959 2971 3192 3027 hominis
3225 2987 3240 3026 :
3273 2970 3434 3027 homo
3463 2987 3595 3028 vero

2010 3061 2250 3119 Socratis
2279 3073 2439 3134 atque
2470 3061 2746 3120 Ciceronis
2800 3073 2909 3121 tota
2943 3064 3247 3121 substantia
3290 3074 3374 3120 est
3411 3083 3423 3118 :
3457 3065 3607 3124 nulla

312 3159 548 3221 dineset
576 3160 1193 3232 quasicomparationes
1222 3161 1517 3232 oppositae,
1547 3174 1670 3231 qute
1702 3162 1753 3216 in
1784 3176 1904 3217 om-
1933 3147 1981 3214 C
2011 3155 2155 3210 enim
2184 3153 2397 3210 additur
2425 3153 2733 3212 differentia
2781 3154 3150 3233 substantialis
3178 3155 3247 3210 ad
3292 3155 3567 3213 hominem
3587 3199 3607 3227 ,

311 3250 470 3307 nibus
499 3251 788 3323 generibus
808 3252 1199 3323 speciebusque
1226 3261 1532 3321 versantur,
1554 3267 1661 3309 una
1684 3252 1923 3322 quidem
2006 3261 2069 3305 ut
2105 3248 2360 3305 Socrates
2391 3249 2486 3303 tiat
2532 3259 2625 3305 aut
2668 3248 2884 3316 Cicero,
2933 3251 3070 3305 sicut
3114 3249 3336 3307 additur
3383 3250 3607 3308 animali

312 3362 433 3419 quae
462 3349 528 3404 ad
556 3347 834 3419 superiora
866 3349 1149 3419 respiciat,
1181 3357 1238 3404 ut
1260 3340 1580 3420 ‘specierum
1624 3362 1744 3419 quae
1791 3347 1903 3403 suis
2007 3342 2276 3398 rationale
2304 3350 2467 3413 atque
2491 3342 2742 3409 mortale,
2777 3351 2837 3405 ιιι
2864 3342 3027 3400 homo
3048 3343 3257 3416 integra
3286 3342 3610 3400 diiﬁnitione

313 3440 601 3511 generibus
633 3448 1040 3511 supponuntur:
1072 3440 1177 3496 alia
1202 3455 1333 3497 vero
1360 3446 1490 3512 'quae
1518 3439 1583 3496 ad
1611 3439 1900 3508 inferiora,

314 3540 373 3588 ut
419 3547 677 3603 generum
720 3547 841 3589 cum
885 3533 1169 3610 speciebus
1201 3533 1433 3604 propriis
1476 3540 1900 3604 praeponuntur:

315 3626 717 3697 generalissima
758 3624 973 3697 quidem
1002 3641 1201 3697 genera
1230 3641 1392 3682 unam
1428 3634 1635 3681 tantum
1668 3626 1908 3681 retinent

317 3714 712 3785 habitudinem,
730 3731 850 3773 eam
870 3718 1078 3775 scilicet
1098 3732 1227 3789 qua:
1255 3716 1517 3774 inferiora
1534 3717 1905 3788 amplectitur,
1946 3736 1947 3739 η

318 3806 621 3871 ἰιιιιιιι,νει·ο
642 3824 765 3881 qua:
792 3810 858 3866 ad
884 3810 1173 3881 praeposita
1192 3814 1534 3881 comparatur
1552 3824 1661 3866 non
1684 3806 1904 3865 habent.

318 3898 1211 3983 Generalissimum,enim’genus'
1232 3903 1364 3959 nulli
1403 3903 1741 3974 supponitur.
1775 3901 1909 3957 Item
1956 3910 1960 3914 '

318 3993 531 4065 species
551 3994 941 4065 specialissima
956 3996 1120 4053 unam
1140 3996 1384 4067 possidet
1400 3996 1795 4063 habitudinem,
1816 4009 1913 4066 per

321 4096 483 4157 quam
514 4086 719 4144 scilicet
745 4088 812 4143 ad
842 4087 956 4144 sola
984 4103 1182 4160 genera
1211 4098 1577 4160 comparatur.
1608 4089 1758 4145 Illam
1783 4103 1914 4145 vero

322 4195 447 4251 quae
474 4180 540 4237 ad
566 4182 816 4240 inferiora
835 4183 1211 4251 committitur,
1233 4198 1340 4239 non
1372 4184 1557 4248 habet,
1575 4174 1739 4238 nullis
1760 4183 1911 4239 enim

321 4272 608 4343 speciebus
635 4273 752 4345 ipsa
779 4273 1141 4346 praeponitur;
1175 4283 1232 4330 at
1274 4289 1406 4332 vero
1448 4289 1571 4345 quae
1604 4274 1917 4331 subalterna

321 4373 451 4420 sunt
478 4379 672 4436 genera
699 4376 930 4439 utraque
976 4366 1294 4424 habitudine
1338 4366 1636 4438 funguntur
1659 4408 1674 4433 ,
1708 4382 1829 4422 nam
1862 4374 1921 4424 et

323 4459 471 4515 illam
499 4459 793 4541 possident,
825 4475 948 4532 quae
975 4461 1043 4517 ad
1070 4462 1347 4533 superiora
1370 4462 1626 4531 respicit,
1660 4458 1916 4533 quoniam

2010 3422 2323 3491 claudatur.
2342 3433 2549 3491 Idcirco
2571 3435 2734 3507 igitur
2754 3436 2963 3507 species
2986 3437 3374 3507 specialissima
3397 3447 3613 3496 tantum

2010 3535 2095 3582 est
2117 3526 2349 3596 species,
2396 3535 2559 3596 atque
2586 3526 2727 3583 hanc
2757 3528 2928 3583 solam
2960 3529 3199 3598 possidet
3232 3529 3613 3588 habitudinem

2010 3616 2077 3672 ad
2107 3618 2388 3687 superiora
2412 3616 2653 3687 quidem,
2686 3619 2940 3688 quoniam
2970 3617 3039 3676 ab
3068 3620 3149 3677 his
3173 3624 3510 3679 continetur:
3536 3604 3613 3681 ad

2012 3706 2270 3771 inferiora
2311 3722 2439 3769 vero
2460 3750 2475 3777 ,
2518 3709 2773 3779 quoniam
2804 3710 3161 3768 substantiam
3194 3729 3379 3770 eorum
3409 3715 3611 3775 format

2013 3810 2067 3856 et
2091 3802 2353 3857 continet.
2844 3800 2849 3805 ’
2874 3832 2875 3835 η

2089 3891 2440 3948 Determinant
2454 3910 2572 3965 ergo
2583 3897 3024 3967 generalissimum
3045 3900 3289 3971 ita,quod
3308 3918 3425 3956 cum
3445 3919 3610 3974 genus

2015 3987 2203 4069 sitnon
2230 3998 2303 4042 est
2327 3991 2516 4057 species
2540 4004 2561 4050 :
2587 3999 2636 4045 et
2654 4006 2855 4059 rursus,
2885 4007 3043 4063 supra
3070 3995 3208 4064 quod
3232 4012 3333 4050 non
3362 4006 3437 4051 est
3466 3998 3611 4052 aliud

2017 4082 2378 4148 supraveniens
2428 4098 2634 4153 genus:
2682 4085 3106 4153 specialissimum
3154 4104 3302 4155 vero,
3331 4091 3466 4160 quod
3494 4108 3613 4146 cum

2018 4174 2083 4226 sit
2109 4175 2319 4243 species,
2348 4191 2449 4229 non
2472 4186 2543 4231 est
2571 4194 2752 4247 genus,
2785 4179 2829 4232 et
2852 4178 2991 4249 quod
3012 4197 3129 4235 cum
3154 4185 3220 4237 sit
3244 4186 3435 4256 species
3456 4227 3470 4251 ,
3504 4203 3612 4243 non

2020 4265 2243 4336 amplius
2257 4267 2313 4321 in
2332 4268 2523 4338 species
2548 4268 2774 4339 dividere
2803 4287 3091 4339 possumus,
3119 4274 3274 4328 ethoc
3300 4277 3450 4337 modo
3473 4277 3617 4348 quod

2022 4360 2086 4414 de
2107 4359 2340 4431 pluribus
2376 4367 2425 4415 et
2474 4360 2824 4429 diﬂ'erentibus
2865 4380 3108 4431 numero,
3140 4366 3193 4419 in
3239 4384 3296 4422 eo
3323 4370 3460 4435 quod
3487 4370 3618 4439 quid

1968 4528 1973 4533 ‘
2024 4452 2111 4521 sit,
2128 4452 2460 4525 prtedicatur.
2477 4452 2555 4507 Ea
2580 4470 2695 4509 vero
2716 4457 3025 4523 quwsuntin
3050 4459 3218 4518 medio
3243 4467 3612 4530 extremorum,

324 4568 446 4623 qua:
467 4554 773 4611 subalterna
803 4548 929 4611 sunt
958 4555 1159 4617 habent
1186 4556 1585 4626 superpositum
1614 4570 1783 4627 genus
1806 4596 1821 4623 ,
1854 4563 1911 4612 et
1935 4546 1991 4609 D
2014 4544 2308 4602 subalterna
2337 4556 2580 4602 vocantur
2602 4564 2797 4619 genera
2815 4558 2864 4603 et
2892 4551 3107 4621 species,
3144 4560 3192 4607 et
3217 4557 3617 4626 unumquodque

323 4643 472 4701 illam
514 4661 635 4715 qua:
672 4645 739 4702 de
779 4644 1123 4704 inferioribus
1155 4647 1509 4718 praedicatur:
1544 4648 1743 4704 habent
1772 4649 1918 4709 enim

324 4736 644 4793 subalterna
659 4751 859 4808 genera
897 4739 1202 4811 suppositas
1228 4740 1435 4810 Species
1455 4780 1472 4807 ,
1504 4748 1565 4795 ut
1594 4754 1919 4811 corporeum

325 4825 396 4882 ad
425 4826 779 4884 substantiam
809 4829 1027 4900 quidem
1050 4845 1169 4887 eam
1194 4832 1393 4888 retinet
1415 4831 1788 4889 habitudinem
1811 4847 1920 4904 qua

326 4932 507 4995 potest
531 4925 657 4995 poni
687 4922 1044 5004 sub‘genere;
1075 4927 1143 4984 ad
1172 4928 1473 4984 animatum
1503 4944 1637 4986 vero
1664 4943 1783 5001 eam
1811 4943 1923 4999 qua

329 5026 508 5088 potest
528 5017 598 5079 de
623 5019 802 5091 specie
846 5020 1147 5090 praedicari.
1181 5020 1599 5092 Specialissimae
1623 5038 1753 5079 vero
1798 5037 1923 5094 spe-

325 5111 443 5167 cies
469 5110 592 5168 licet
622 5112 754 5183 ipsae
794 5112 1082 5171 individuis
1113 5126 1530 5187 praeponantur,
1565 5125 1745 5172 tamen
1781 5131 1919 5186 prte-

329 5205 494 5277 positi
516 5204 881 5263 habitudinem
910 5224 1019 5277 non
1052 5208 1270 5279 habent,
1306 5210 1509 5267 idcirco
1539 5212 1794 5282 quoniam
1828 5212 1920 5267 illa

327 5308 453 5365 qua:
469 5298 668 5369 speciei
694 5298 898 5355 ultimas
925 5312 1302 5373 supponuntur
1334 5302 1461 5357 talia
1484 5311 1631 5369 sunt,
1657 5312 1716 5359 ut
1744 5318 1921 5375 quan-

334 5397 450 5441 tum
478 5387 778 5445 substantia
820 5405 983 5445 unum
1032 5380 1305 5463 quiddam
1341 5402 1469 5450 sunt
1529 5410 1633 5449 non
1664 5395 1921 5453 habentia

321 5478 735 5535 substantialem
757 5480 1119 5538 ditierentiam
1138 5484 1231 5540 sed
1256 5484 1668 5554 accidentalem,
1694 5486 1926 5544 efﬁcitur

318 5579 472 5637 ergo,
526 5580 587 5625 ut
629 5587 858 5631 numero
887 5577 1077 5632 saltem
1109 5575 1311 5634 distare
1337 5577 1619 5633 videantur
1645 5621 1659 5647 ,
1685 5588 1743 5635 ut
1783 5596 1924 5652 pene

324 5658 432 5716 dici
457 5662 702 5733 possint,
731 5674 787 5721 et
811 5666 1056 5736 pluribus
1087 5682 1321 5740 praeesse
1350 5669 1668 5739 .speciebus,
1702 5679 1755 5726 et
1774 5674 1920 5743 quo-

324 5753 616 5813 dammodo
664 5756 796 5814 nulli
845 5761 1066 5817 omnino
1102 5775 1224 5818 esse
1266 5761 1607 5834 praepositas:
1645 5779 1768 5821 nam
1795 5780 1919 5824 cum

774 5873 1049 5942 Ριτιιοι..
1086 5875 1311 5944 LXIV.

1906 5984 1946 5992 ‘

2024 4657 2200 4698 eorum
2226 4641 2416 4712 species
2438 4658 2545 4697 esse
2568 4651 2731 4712 potest
2758 4636 2815 4698 et.
2832 4650 3012 4716 genus,
3043 4647 3114 4701 ad
3139 4648 3285 4703 aliud
3309 4652 3538 4721 quidem,
3561 4660 3613 4708 et

2025 4732 2094 4787 ad
2121 4734 2265 4788 aliud
2294 4743 2515 4805 sumpta.
2553 4735 2639 4789 Ea
2656 4753 2770 4791 vero
2794 4754 2908 4807 qua:
2924 4749 3041 4793 sunt
3061 4757 3221 4812 supra
3242 4744 3618 4813 specialissima

2025 4843 2185 4895 usque
2212 4827 2282 4881 ad
2321 4814 2761 4899 generalissimum
2784 4832 3111 4887 ascendentia
3130 4875 3146 4899 ,
3177 4835 3399 4891 vicissim
3427 4854 3617 4910 genera

2025 4920 2266 4975 dicuntur
2311 4929 2359 4975 et
2388 4920 2601 4991 species,
2634 4931 2689 4975 ut
2720 4922 3093 4995 Agamemnon,
3122 4927 3350 4997 Atrides,
3398 4929 3634 5005 Pelopi-5

2027 5012 2136 5078 des,
2161 5010 2480 5084 Tantalides,
2505 5020 2551 5066 et
2577 5012 2757 5091 ultimo
2781 5012 2942 5070 Jovis.
2971 5016 3077 5073 Sed
3102 5018 3155 5074 in
3174 5019 3389 5089 familiis
3412 5023 3621 5092 quidem

2028 5105 2333 5176 plerumque
2362 5106 2674 5161 reducuntur
2702 5108 2771 5162 ad
2792 5125 2949 5164 unum
2972 5111 3309 5185 principium,
3340 5113 3477 5169 verbi
3496 5130 3620 5185 ραις

2023 5201 2121 5267 tia,
2153 5200 2221 5254 ad
2240 5198 2439 5256 Jovem.

2101 5293 2393 5363 Postquam
2424 5304 2667 5351 naturam
2696 5311 2955 5367 generum
2999 5315 3063 5356 ac
3096 5300 3401 5372 specierum
3433 5299 3614 5359 diver-

2029 5388 2350 5460 sitatemque
2382 5390 2736 5460 monstravit,
2768 5405 2954 5448 eorum
2981 5393 3228 5449 ordinem
3276 5391 3616 5451 dilﬂnitionis

2029 5483 2517 5556 descriptionisqne
2564 5496 2991 5558 commemorat,
3043 5502 3106 5543 ac
3152 5488 3377 5556 primum
3399 5487 3620 5558 quidem

2029 5577 2422 5646 generalissimi
2460 5578 2676 5648 generis
2726 5582 3015 5637 terminum
3048 5580 3252 5636 inducit
3300 5580 3486 5636 dicens
3524 5596 3622 5652 ge-

2029 5674 2425 5730 neralissimum
2454 5689 2623 5745 genus
2650 5690 2773 5732 esse
2802 5675 2945 5745 quod
2975 5689 3097 5730 cum
3149 5675 3325 5746 ipsum
3355 5674 3425 5730 sit
3452 5689 3625 5746 genus

1970 5838 1989 5850 Α
2026 5781 2135 5825 non
2159 5766 2319 5825 habet
2345 5768 2741 5838 superpositum
2780 5781 2970 5840 genus,
3000 5766 3104 5825 hoc
3128 5777 3212 5827 est
3246 5767 3481 5840 speciem
3511 5779 3623 5855 non

3107 5882 3146 5952 lt
