4066 6328
458 242 555 300 107

1696 233 1801 290 ΔΝ.
1843 230 2050 293 MANL.
2090 230 2243 290 SEV.
2278 232 2501 291 BOETII

3619 224 3722 287 408

458 358 601 427 esse,
647 369 703 417 et
755 374 937 417 rursus
989 375 1150 431 supra
1197 359 1339 430 quod
1385 372 1494 414 non
1525 357 1631 413 erit
1676 356 1816 411 aliud
1866 355 2117 427 genusA
2143 372 2366 415 numero
2393 357 2763 416 differentibus
2801 358 3152 431 prmdicatur:
3184 354 3319 412 nihil
3363 353 3506 410 enim
3551 351 3727 408 minus

458 454 865 525 supraveniens.
887 454 940 510 Si
970 455 1113 509 enim
1164 453 1390 509 haberet
1419 453 1560 519 aliud
1590 467 1757 522 genus
1787 466 2043 521 superve-

457 550 614 606 niens
671 549 893 604 minime
966 548 1145 616 ipsum
1203 546 1674 617 generalissimum
1738 553 2041 601 vocaretur.

457 644 855 711 Speeialissima
902 657 1030 697 vero
1076 641 1285 711 species
1316 642 1417 697 hoc
1470 642 1635 697 modo
1679 639 2042 706 describitur,

459 735 603 806 quod
628 751 749 792 cum
773 735 845 790 sit
882 733 1089 802 Species
1117 750 1223 789 non
1252 743 1339 791 est
1375 749 1546 805 genus
1566 773 1582 800 ,
1614 734 1821 789 scilicet
1851 748 1917 787 ex
1945 746 2044 802 op-

459 828 660 901 posito,
685 825 937 894 quoniam
982 824 1230 895 opposita
1273 839 1343 881 ex
1383 825 1640 894 appositis
1667 823 2059 880 describuntur

460 918 762 985 interdum,
819 932 941 975 nam
994 916 1245 987 quoniam
1300 917 1617 987 praepositio
1669 917 1916 987 opposita
1965 924 2049 972 est

459 1011 841 1080 suppositioni:
869 1027 1037 1081 genus
1062 1020 1240 1075 autem
1288 1012 1648 1080 praeponitur,
1682 1010 1891 1080 species
1918 1023 2048 1065 vero

461 1103 805 1172 supponitur.
832 1101 888 1159 Si
935 1102 1137 1167 idcirco
1162 1102 1268 1158 erit
1295 1102 1526 1171 primum
1573 1114 1776 1171 genus,
1820 1100 1945 1170 quia
1972 1100 2048 1156 ita

459 1195 841 1264 superponitur
883 1204 942 1249 ut
969 1195 1192 1250 minime
1220 1203 1575 1265 supponatur,
1618 1192 1817 1249 idcirco
1842 1192 1947 1246 erit
1973 1191 2051 1246 ul-

460 1284 589 1338 tima
642 1286 873 1361 Species,
906 1285 1032 1357 quia
1064 1286 1138 1340 ita
1191 1284 1508 1354 supponitur
1528 1322 1543 1350 ,
1575 1291 1635 1337 ut
1670 1280 1909 1352 praepeni
1940 1296 2049 1338 non

462 1376 633 1447 possit
676 1394 687 1428 ε
740 1376 905 1447 igitur
934 1386 1082 1432 recte
1114 1376 1482 1446 oppositurum
1525 1390 1590 1431 ex
1621 1373 1879 1445 oppositis
1908 1372 2051 1429 facta

473 1477 559 1523 est
578 1467 849 1524 diffinitio.
872 1468 968 1525 Est
997 1471 1102 1524 alia
1130 1485 1317 1531 rursus
1341 1468 1629 1538 descriptio
1655 1466 1884 1537 speciei,
1908 1466 2050 1537 quod

462 1574 582 1614 cum
615 1560 684 1615 sit
728 1560 957 1631 species,
998 1576 1269 1632 nunquam
1321 1559 1577 1627 dividitur
1626 1562 1680 1614 in
1733 1559 1964 1630 species,
1996 1558 2049 1615 id

463 1661 545 1705 est
568 1668 734 1722 genus
755 1668 874 1709 esse
918 1668 1022 1708 non
1052 1663 1247 1724 potest.
1277 1654 1333 1710 Si
1360 1654 1503 1709 enim
1531 1669 1691 1711 omne
1722 1669 1891 1724 genus
1931 1668 2051 1723 spes

2149 451 2365 522 phoenix
2392 453 2462 509 de
2500 454 2741 525 pluribus
2782 451 3162 523 praedicaretur
3189 489 3203 514 ,
3250 447 3293 502 si
3321 447 3500 517 plures
3547 447 3726 499 essent

2146 560 2306 616 quam
2344 561 2485 602 nunc
2509 546 2721 617 quando
2761 561 2897 601 unus
2918 559 3040 600 esse
3071 541 3403 614 perhibetur.
3430 540 3561 594 Item
3594 534 3726 592 solis

2147 638 2356 708 species
2375 638 2443 693 de
2465 638 2566 694 hoc
2596 654 2704 694 uno
2732 638 2846 694 sole
2874 652 3032 709 quem
3056 637 3321 700 novimus,
3343 645 3481 687 nunc
3500 630 3725 685 dicitur:

2148 742 2204 785 at
2224 730 2271 785 si
2292 731 2346 785 in
2370 732 2549 787 animo
2571 732 2751 802 plures
2772 735 2915 786 soles
2936 739 2989 785 et
3011 729 3062 783 in
3084 726 3409 797 cogitatione
3437 723 3727 793 fingantur,

2148 824 2495 879 nihilominus
2536 824 2603 880 de
2649 824 2892 895 pluribus
2932 823 3137 878 solibus
3185 815 3478 876 individuis
3531 829 3727 869 nomen

2101 971 2105 976 .
2150 918 2280 974 solis
2309 933 2467 989 quam
2497 918 2565 974 de
2594 918 2697 973 hoc
2737 933 2843 973 uno
2892 915 3289 986 praedicabitur.
3340 910 3544 965 Idcirco
3569 908 3731 979 igitur

2150 1009 2360 1078 species
2382 1009 2449 1066 de
2471 1009 2709 1080 pluribus
2736 1022 2962 1064 numero
2987 1003 3364 1062 dilferentibus
3388 1001 3583 1056 dicitur
3600 1011 3731 1069 prae-

2148 1104 2358 1171 dicari,
2391 1118 2510 1159 cum
2542 1103 2651 1158 sint
2679 1103 2872 1173 aliquae
2901 1116 3019 1172 quae
3067 1100 3135 1155 de
3183 1095 3407 1168 singulis
3450 1091 3734 1148 individuis

2150 1198 2509 1266 appellentur.
2552 1196 2650 1251 llla
2696 1211 2826 1251 vero
2876 1210 2997 1265 quae
3026 1192 3331 1249 subalterna
3378 1195 3635 1245 vocantur
3664 1184 3734 1238 ita

2152 1286 2368 1342 diffiniri
2417 1297 2618 1358 queunt
2667 1286 3085 1343 :Subalternum
3131 1298 3298 1355 genus
3338 1288 3419 1336 est
3450 1277 3589 1350 quod
3620 1289 3735 1331 csso

2150 1394 2323 1449 genus
2354 1387 2409 1434 et
2453 1378 2667 1449 species
2706 1379 2904 1448 poterit
2945 1376 3011 1431 ad
3052 1391 3173 1431 eum
3206 1373 3422 1429 modum
3454 1370 3543 1441 qui
3573 1377 3655 1423 est
3684 1366 3736 1425 in

2152 1471 2369 1526 familiis
2399 1486 2517 1542 quae
2540 1478 2825 1542 procreant
2850 1476 2905 1525 et
2933 1476 3304 1539 procreantur,
3332 1472 3389 1519 ut
3416 1462 3578 1518 etiam
3608 1458 3738 1515 sub-

2150 1563 2355 1632 jectum
2387 1571 2653 1619 monstrat
2697 1562 3002 1631 exemplum
3022 1602 3037 1629 ,
3071 1570 3127 1615 ut
3157 1560 3523 1630 Agamemnon
3547 1597 3560 1621 ,
3589 1553 3739 1608 Atri-

2155 1659 2273 1725 des,
2308 1666 2361 1714 et
2382 1657 2669 1726 Pclopides
2690 1696 2705 1723 ,
2738 1664 2793 1711 et
2821 1653 3151 1721 Tantalides,
3184 1662 3237 1709 et
3284 1650 3526 1706 ultimum
3567 1646 3736 1702 Jovis.

463 1742 666 1798 cierum
694 1760 862 1813 genus
889 1752 991 1813 est,
1024 1745 1070 1801 si
1099 1746 1221 1815 quid
1252 1762 1359 1802 non
1388 1745 1644 1801 dividitur
1690 1745 1746 1800 in
1790 1746 2003 1815 species
2026 1787 2044 1814 ,
2082 1731 2134 1803 Β
2158 1755 2353 1809 Atreus
2383 1753 2525 1806 enim
2558 1750 2769 1821 Pelopis
2796 1750 2935 1805 ﬁlius
2965 1759 3215 1819 tanquam
3247 1745 3486 1817 ejusdem
3520 1744 3727 1813 species

463 1848 632 1902 genus
660 1850 905 1890 essenon
930 1844 1128 1904 potest.
1164 1838 1255 1891 Est
1279 1852 1467 1893 rursus
1486 1837 1591 1895 alia
1617 1837 1888 1905 diflinitio,
1908 1839 2051 1908 quod

463 1924 531 1978 de
560 1924 803 1995 pluribus
832 1925 1202 2001 differentibus
1226 1942 1452 1989 numero
1475 1928 1529 1984 in
1568 1943 1633 1985 eo
1657 1929 1799 1999 quod
1825 1928 1952 1999 quid
1981 1929 2054 1985 sit

462 2017 817 2087 praedicatur,
849 2019 915 2074 de
954 2034 1057 2090 qua
1109 2019 1431 2077 diffinitione
1473 2036 1617 2092 saepe
1665 2032 1748 2079 est
1803 2022 2053 2092 superius

466 2110 889 2166 demonstratum
926 2130 939 2164 :
972 2128 1113 2168 nunc
1155 2113 1285 2170 illud
1318 2113 1698 2185 attendendum
1748 2124 1830 2183 est
1876 2114 2055 2186 (sicut

463 2204 622 2271 paulo
676 2220 837 2274 supra
874 2203 1074 2260 dictum
1117 2205 1221 2276 est)
1252 2207 1452 2277 speciei
1504 2222 1665 2263 unum
1723 2206 2052 2263 individuum

463 2305 640 2364 potest
669 2297 967 2365 subjectum
1012 2312 1167 2362 esse,
1202 2308 1261 2361 ut
1309 2298 1549 2368 plimnici
1579 2310 1797 2357 atomus
1835 2313 1961 2364 sua,
1996 2311 2054 2357 nt

464 2386 563 2441 soli
595 2400 792 2457 corpus
818 2388 921 2443 hoc
942 2389 1196 2456 lucidum,
1224 2400 1281 2444 ut
1302 2390 1500 2445 mundo
1527 2391 1611 2446 vel
1640 2391 1802 2467 lupini
1824 2406 2051 2463 ειμοτιιιιι

465 2481 673 2547 species
702 2479 926 2550 singulis
949 2481 1061 2534 suis
1084 2479 1373 2535 individuis
1395 2490 1861 2552 superponuntur:
1908 2481 2051 2551 quod

466 2571 510 2627 si
539 2571 611 2626 ita
640 2580 724 2627 est
752 2580 811 2627 ut
838 2574 1046 2643 species
1067 2572 1135 2629 de
1163 2589 1271 2629 uno
1300 2573 1833 2649 quolibetindividuo
1854 2574 2048 2644 praedi-

468 2671 642 2733 cetur,
676 2675 732 2720 ut
760 2666 826 2721 de
850 2667 1114 2737 phoenice,
1139 2669 1410 2739 quomodo
1440 2669 1697 2725 convenit
1723 2670 1902 2727 dicere
1928 2684 2053 2741 spe-

466 2758 601 2812 ciem
637 2772 758 2813 esse
787 2774 905 2829 quia
934 2759 1001 2816 de
1054 2760 1294 2830 pluribus
1352 2776 1577 2818 numero
1602 2761 1968 2818 differentibus
1997 2763 2049 2819 in

467 2864 531 2904 eo
548 2850 687 2919 quod
712 2851 839 2921 quid
857 2852 927 2907 sit
955 2853 1312 2924 praedicetur?
1340 2854 1479 2911 Sunt
1500 2856 1641 2912 enim
1660 2856 1905 2928 quaedam
1928 2871 2051 2927 quae

468 2942 533 2998 de
554 2959 779 2999 numero
799 2944 1168 3003 differentibus
1190 2948 1415 3003 minime
1436 2948 1706 3017 dicuntur,
1723 2957 1783 3005 ut
1804 2948 2047 3018 phtenix,

467 3039 571 3105 sol,
591 3038 734 3104 luna,
767 3040 859 3095 sed
891 3040 957 3095 de
984 3041 1067 3097 his
1090 3042 1179 3096 illa
1208 3044 1342 3097 ratio
1371 3051 1453 3096 est
1479 3042 1545 3097 de
1570 3057 1671 3112 qua
1700 3043 1861 3105 etiam
1885 3055 2049 3110 supe-

2155 1844 2309 1912 quasi
2359 1841 2778 1913 Agamemnonis
2821 1857 2988 1911 genus
3038 1847 3142 1896 est.
3192 1840 3324 1894 Item
3377 1838 3741 1906 Agamemnon

2155 1933 2440 2003 Pelopides
2486 1943 2540 1988 et
2586 1931 2931 1999 Tantalides,
2962 1946 3083 1986 cum
3125 1929 3317 1999 Pelops
3345 1928 3412 1982 ad
3460 1926 3741 1981 Tantalum

2156 2035 2531 2095 comparatur,
2564 2025 2926 2094 Tantalusque
2970 2023 3037 2078 ad
3068 2022 3255 2089 Jovem
3307 2018 3463 2092 quasi
3501 2018 3740 2089 species,

2156 2113 2390 2186 itemque
2433 2114 2695 2170 Tantalus
2733 2114 2800 2169 ad
2854 2114 3127 2185 Pelopem,
3163 2112 3352 2181 Pelops
3401 2110 3469 2166 ad
3523 2114 3741 2165 Atreum

2157 2210 2305 2279 quasi
2336 2223 2530 2279 genera
2560 2223 2680 2264 esse
2706 2208 3007 2274 videantur,
3040 2221 3164 2261 cum
3205 2204 3413 2275 Jupiter
3449 2204 3518 2258 sit
3549 2203 3739 2257 horum

2155 2301 2303 2363 velut
2325 2299 2789 2370 generalissimum
2832 2315 3022 2370 genus.
3054 2297 3158 2353 Sed
3187 2297 3243 2352 in
3270 2293 3489 2350 familiis
3518 2293 3739 2369 quidem

2158 2390 2471 2458 plerumque
2513 2387 2847 2444 reducuntur
2889 2388 2955 2443 ad
2986 2402 3152 2442 unum
3202 2385 3544 2456 principium,
3593 2382 3743 2441 verbi

2154 2482 2345 2550 gratia,
2370 2479 2437 2534 ad
2463 2479 2671 2536 Jovem.

2229 2572 2295 2627 In
2320 2573 2589 2644 generibus
2617 2581 2786 2627 autem
2834 2580 2883 2627 et
2932 2570 3191 2644 speciebus
3234 2586 3336 2624 non
3380 2570 3454 2624 sic
3482 2584 3537 2623 se
3565 2567 3734 2621 Ita'e'.

2157 2664 2340 2738 Neque
2360 2667 2492 2720 enim
2514 2681 2673 2721 unum
2694 2680 2960 2719 commune
2979 2680 3140 2735 genus
3163 2662 3390 2716 omnium
3415 2667 3487 2716 est
3507 2676 3619 2726 ens,
3644 2674 3740 2713 nec

2157 2761 2329 2814 omnia
2350 2758 2575 2830 ejusdem
2611 2758 2808 2828 generis
2829 2766 2948 2811 sunt
2972 2754 3247 2810 secundum
3274 2770 3433 2808 unum
3453 2767 3744 2822 supremum

2156 2869 2333 2924 genus,
2362 2849 2795 2922 quemadmodum
2819 2848 2944 2904 dicit
2968 2847 3284 2911 Aristoteles,
3310 2846 3400 2901 sed
3426 2846 3531 2900 sint
3555 2845 3743 2916 posita,

2155 2942 2579 3013 quemadmodum
2606 2942 2799 2997 dictum
2823 2951 2895 2996 est
2921 2941 2977 2995 in
2996 2940 3427 3011 pradicamcntis,
3457 2938 3625 3010 prima
3653 2936 3745 2990 de-

2158 3052 2265 3092 cem
2286 3052 2473 3107 genera
2490 3076 2507 3102 ,
2527 3035 2676 3106 quasi
2704 3041 2876 3091 decem
2904 3035 3071 3106 prima
3100 3034 3376 3106 principia.
3406 3030 3540 3087 Etsi
3572 3033 3747 3087 omnia

468 3127 577 3181 rius
608 3143 773 3199 pauca
802 3129 1137 3187 reddidimus
1157 3176 1171 3202 ,
1206 3148 1324 3205 quae
1345 3132 1615 3205 paululum
1645 3132 1880 3203 implexa
1901 3146 2053 3187 com-
2162 3131 2276 3201 quis
2299 3128 2435 3185 entia
2462 3136 2604 3184 vocet
2624 3128 2926 3196 ,tequivoce,
2954 3127 3141 3197 inquit,
3162 3124 3499 3197 nuncupabit,
3517 3140 3617 3179 non
3632 3125 3749 3178 uni-

470 3219 782 3281 modissime
818 3222 1016 3277 nodum
1047 3225 1360 3293 qmestionis
1393 3224 1655 3280 absolvet.
1685 3224 1874 3287 Omnia
1904 3224 2051 3280 enim

472 3326 587 3403 qua:
618 3314 717 3369 sub
755 3316 1157 3387 specialissimis
1184 3318 1467 3389 speciebus
1506 3329 1652 3386 sunt,
1699 3319 1815 3375 sive
1842 3318 2053 3383 inﬁnita

472 3403 598 3474 sint,
637 3407 752 3461 sive
777 3406 926 3462 finito
956 3423 1180 3463 numero
1209 3410 1524 3477 constituta,
1564 3410 1680 3466 sive
1709 3409 1776 3466 ad
1806 3410 2047 3480 singula-

472 3496 684 3553 ritatem
720 3498 1095 3568 deducantur,
1149 3501 1277 3557 dum
1318 3513 1403 3559 est
1451 3503 1669 3575 aliquod
1720 3503 2053 3561 individuum

474 3601 687 3661 semper
708 3593 917 3663 species
943 3594 1177 3649 manebit
1194 3633 1211 3662 ,
1235 3610 1409 3667 neque
1439 3595 1843 3655 individuorum
1889 3597 2051 3659 dimi-

475 3683 695 3738 nutione
722 3685 766 3738 si
788 3684 1063 3754 quodlibet
1094 3701 1255 3743 unum
1286 3699 1521 3759 maneat,
1546 3692 1759 3762 species
1784 3692 2058 3751 consumi-

475 3782 582 3839 tur,
616 3776 891 3844 quoniam,
920 3778 1197 3834 utdictum
1224 3789 1338 3847 est,
1383 3792 1561 3838 tamen
1591 3782 1637 3838 si
1670 3784 1818 3855 plura
1846 3784 1954 3841 sint
1978 3783 2061 3839 in-

476 3866 690 3923 dividua
732 3870 1109 3930 substantiales
1155 3873 1486 3933 differentias
1533 3892 1641 3948 non
1672 3875 1975 3934 habebunt:
2005 3876 2061 3931 id

478 3971 607 4027 ergo
637 3957 690 4013 in
722 3974 917 4028 genere
938 3961 1043 4018 dici
1074 3978 1178 4019 non
1207 3967 1501 4033 ,convenit,
1533 3967 1676 4039 quod
1706 3967 1791 4023 his
1832 3976 2057 4038 praeest,

479 4062 596 4116 quae
645 4049 978 4107 substantiali
1018 4068 1048 4107 a
1086 4069 1145 4110 se
1191 4055 1491 4113 differentia
1534 4058 1842 4130 disgregata
1892 4068 2094 4127 sunt,

480 4150 677 4210 praeest
725 4145 865 4199 enim
915 4148 1195 4217 speciebus
1226 4166 1344 4221 quae
1375 4152 1604 4207 diversis
1632 4151 1950 4210 differentiis
1979 4155 2062 4209 in-

481 4234 797 4291 formantur.
829 4236 885 4292 Si
914 4238 1072 4310 igitur
1112 4256 1213 4294 una
1244 4256 1429 4297 eorum
1465 4244 1720 4315 perierit,
1751 4255 1805 4300 et
1836 4246 1903 4299 ad
1945 4246 2065 4299 uni-

483 4336 644 4383 tatem
672 4330 868 4397 speciei
888 4332 1100 4386 redacta
1133 4333 1311 4404 fuerit,
1341 4335 1479 4390 ratio
1498 4338 1715 4406 generis
1744 4351 1913 4406 genus
1944 4352 2065 4393 esse

483 4435 589 4475 non
616 4423 844 4491 poterit,
870 4425 992 4494 quia
1018 4424 1085 4481 de
1113 4426 1481 4484 differentibus
1511 4430 1692 4497 specie
1715 4430 2061 4500 prmdicatur,

485 4527 588 4565 non
631 4514 698 4566 ita
728 4512 781 4567 in
808 4515 1109 4583 speciebus.
1140 4517 1273 4573 Nam
1316 4520 1363 4573 si
1394 4520 1632 4575 omnium
1661 4521 2066 4579 individuorum

483 4613 672 4657 natura
701 4618 1014 4678 consumpta
1041 4608 1133 4676 sit,
1165 4616 1219 4663 et
1244 4609 1309 4665 ad
1340 4610 1494 4667 unius
1525 4612 1953 4684 singularitatem
1978 4614 2064 4669 in-

482 4694 682 4749 dividui
714 4698 1003 4766 supposita:
1038 4700 1236 4769 speciei
1279 4701 1591 4771 praedicatio
1620 4704 1846 4769 venerit,
1878 4714 1962 4760 est
1992 4715 2070 4761 ta-

481 4802 605 4842 men
637 4790 842 4859 species
874 4807 935 4846 ac
966 4804 1265 4861 permanet.
1303 4793 1453 4850 Talia
1500 4797 1643 4851 enim
1685 4808 1810 4853 sunt
1839 4798 1926 4855 illa
1949 4815 2069 4869 quae

480 4890 710 4947 pereunt
755 4895 817 4934 ac
855 4880 1081 4946 desunt,
1126 4884 1282 4955 quale
1313 4894 1394 4947 est
1424 4885 1477 4941 id
1509 4888 1647 4956 quod
1691 4890 1988 4959 permansit
2016 4900 2069 4945 et

481 4971 741 5041 subjacet.
794 4973 947 5040 Quod
997 4990 1125 5031 vero
1164 4976 1390 5033 dicimus
1437 4978 1505 5035 de
1555 4979 1793 5049 pluribus
1844 4996 2069 5041 numero

483 5062 847 5120 differentibus
896 5068 1134 5136 speciem
1187 5067 1507 5140 prmdicari,
1559 5072 1769 5141 duobus
1820 5073 1874 5129 id
1922 5082 2070 5131 recte

483 5166 770 5212 excusatur
800 5157 972 5212 modis
1007 5176 1020 5213 :
1073 5174 1179 5214 uno
1224 5160 1438 5230 quidem
1464 5154 1639 5234 ,quia
1690 5164 1857 5220 multo
1887 5165 2068 5235 plures

481 5260 608 5303 sunt
632 5251 841 5320 species
866 5266 986 5321 qua:
1007 5251 1075 5308 de
1114 5256 1411 5310 numerosis
1444 5256 1736 5313 individuis
1765 5257 2067 5333 praedican-

482 5350 591 5407 tur,
622 5356 779 5413 quam
812 5341 895 5397 hze
916 5342 1106 5412 quibus
1135 5360 1294 5400 unum
1330 5357 1534 5402 tantum
1560 5349 1894 5404 individuum
1916 5350 2063 5406 vide—

482 5440 569 5487 tur
608 5449 725 5490 esse
767 5436 1133 5506 suppositum:
1165 5437 1360 5495 deinde
1399 5440 1501 5495 hoc
1531 5441 1710 5509 modo,
1742 5443 1865 5511 quia
1896 5443 2064 5499 multa

2157 3237 2308 3278 voce:
2336 3226 2382 3275 sl
2402 3220 2536 3281 enim
2566 3236 2661 3281 sus
2681 3236 2841 3280 unum
2867 3227 2992 3276 esset
3015 3233 3277 3274 commune
3303 3218 3533 3272 omnium
3554 3232 3715 3291 genus
3730 3257 3746 3283 ,

2158 3315 2370 3370 univoce
2391 3313 2565 3377 omnia
2595 3312 2733 3369 entia
2775 3313 3101 3368 dicerentur:
3125 3327 3241 3366 cum
3285 3325 3402 3366 sero
3443 3310 3544 3367 sint
3572 3309 3745 3363 decem

2156 3406 2344 3478 prima,
2370 3419 2638 3460 commune
2664 3413 2736 3459 est
2764 3419 2855 3460 ens
2880 3402 3163 3459 secundum
3193 3417 3376 3457 nomen
3408 3401 3579 3456 solum
3601 3442 3616 3468 ,
3647 3414 3750 3455 non

2159 3501 2316 3565 etiam
2336 3498 2615 3567 secundum
2644 3499 2917 3566 rationem,
2943 3514 3058 3570 quas
3083 3496 3364 3575 secundum
3407 3498 3537 3552 antis
3564 3508 3749 3549 nomen

2158 3602 2254 3650 εει.

2235 3685 2499 3753 Quoniam
2546 3697 2672 3747 cum
2719 3683 3158 3742 de'subalternis
3185 3682 3470 3754 generibus
3505 3681 3751 3755 diceret,

2165 3776 2384 3843 familia:
2433 3775 2714 3847 cujusdam
2759 3778 2936 3848 posuit
2984 3775 3318 3845 exemplum,
3351 3789 3470 3845 quae
3509 3772 3577 3828 ab
3615 3771 3753 3841 Aga-

2170 3886 2459 3937 memnone
2487 3870 2732 3940 pervenit
2748 3870 2815 3925 ad
2832 3870 3041 3936 Jovem,
3074 3883 3233 3940 quem
3261 3883 3359 3939 pro
3387 3867 3622 3923 numinis
3637 3866 3753 3936 qui-

2171 3965 2295 4029 dem
2325 3964 2647 4031 reverentia,
2699 3963 2944 4019 ultimum
2978 3963 3176 4033 posuit.
3215 3963 3484 4028 Quantum
3515 3959 3658 4015 enim
3689 3957 3754 4015 ad

2172 4067 2387 4115 veteres
2429 4056 2740 4125 theologos,
2789 4056 3019 4113 refertur
3058 4053 3266 4123 Jupiter
3311 4052 3377 4107 ad
3422 4052 3712 4107 Saturnum
3738 4089 3753 4115 ,

2174 4147 2438 4217 Saturnus
2473 4146 2539 4203 ad
2577 4148 2806 4212 leum,
2833 4146 3015 4217 C(plus
3062 4160 3193 4207 vero
3217 4145 3283 4200 ad
3323 4142 3756 4213 antiquissimum

2175 4239 2474 4311 Ophionem
2500 4239 2734 4307 ducitur,
2754 4239 2906 4309 cujus
2927 4237 3187 4309 Ophionis
3207 4236 3412 4292 nullum
3438 4234 3755 4306 principium

2176 4342 2280 4387 cst.
2305 4330 2379 4386 Ne
2405 4332 2562 4401 igitur
2589 4331 2732 4401 quod
2756 4334 2810 4386 in
2832 4329 3045 4385 familiis
3069 4337 3171 4391 est.
3198 4327 3249 4382 id
3274 4328 3332 4382 in
3359 4328 3520 4382 rebus
3547 4339 3757 4397 quoque

2128 4469 2136 4477 .
2175 4438 2298 4479 esse
2349 4421 2627 4488 credatur,
2671 4431 2726 4475 ut
2763 4436 2853 4476 res
2895 4435 3083 4475 omnes
3115 4420 3322 4489 possint
3364 4419 3429 4473 ad
3462 4433 3623 4472 unum
3677 4417 3758 4471 sui

2178 4516 2413 4571 nominis
2440 4514 2616 4571 redire
2647 4512 2986 4583 principium,
3013 4512 3216 4568 idcirco
3235 4510 3559 4567 determinat
3583 4510 3683 4564 hoc
3707 4509 3759 4564 in

2179 4606 2467 4678 generibus
2492 4620 2556 4661 ac
2583 4604 2863 4675 speciebus
2891 4616 3015 4660 esse
3042 4618 3149 4661 non
3178 4618 3369 4673 posse;
3401 4617 3575 4671 neque
3618 4601 3762 4659 enim

2178 4700 2323 4759 sicut
2370 4698 2582 4753 familiae
2632 4696 2951 4765 cujuslibet,
2994 4694 3066 4750 ita
3113 4694 3274 4751 etiam
3303 4694 3543 4751 omnium
3582 4707 3762 4747 rerum

2180 4806 2345 4849 unum
2372 4804 2493 4847 esse
2521 4788 2840 4863 principium
2870 4794 3066 4857 potest.
3100 4784 3338 4845 Fuerunt
3366 4784 3510 4840 enim
3541 4783 3627 4852 qui
3662 4784 3763 4838 hac

2183 4883 2436 4955 opinione
2488 4889 2828 4948 tenerentur,
2880 4888 2939 4937 ut
2966 4894 3144 4935 rerum
3184 4879 3423 4941 omnium
3471 4893 3589 4948 qua:
3641 4886 3762 4935 sunt

2186 4958 2348 5049 unum
2394 4982 2646 5049 putarent
2674 4987 2798 5035 esse
2840 4987 3011 5043 genus
3055 4972 3199 5041 quod
3245 4987 3344 5031 ens
3387 4980 3765 5041 nuncupatur,

2183 5075 2415 5123 tractum
2448 5065 2513 5121 ab
2538 5080 2603 5121 eo
2620 5064 2761 5136 quod
2790 5065 3019 5121 dicimus
3048 5073 3161 5120 est:
3192 5068 3370 5125 omnia
3398 5067 3541 5123 enim
3567 5073 3693 5122 suat
3715 5074 3765 5122 et

2175 5162 2249 5217 de
2272 5160 2521 5217 omnibus
2546 5173 2668 5231 esse
2689 5159 3028 5230 praedicatur.
3062 5160 3244 5230 Itaque
3265 5159 3557 5217 substantia
3582 5169 3683 5224 est,
3710 5167 3766 5214 et

2172 5252 2412 5324 qualitas
2440 5262 2540 5317 est,
2576 5252 2701 5308 item
2747 5253 3018 5323 quantitas
3055 5262 3162 5319 est,
3198 5261 3498 5324 caeteraque
3523 5266 3647 5321 esse
3676 5251 3763 5307 di.

2180 5355 2411 5403 cuntur:
2442 5360 2541 5402 nec
2568 5344 2634 5401 de
2663 5344 2746 5401 his
2766 5345 2967 5417 aliquid
3002 5354 3336 5413 tractaretur,
3370 5346 3471 5403 nisi
3504 5348 3617 5401 hinc
3643 5360 3768 5415 qua:

2186 5439 2602 5509 praedicamenta
2650 5437 2924 5507 dicuntur,
2984 5453 3104 5497 esse
3147 5446 3451 5495 constaret;
3481 5439 3612 5504 Qum
3640 5453 3764 5493 cum

483 5525 773 5580 secundum
793 5534 1105 5595 potestatem
1123 5529 1391 5597 dicuntur,
1421 5546 1540 5588 cum
1563 5542 1686 5588 actu
1718 5549 1822 5589 non
1846 5549 2064 5605 semper
2112 5588 2117 5594 ,
2142 5540 2150 5595 ζ
2185 5533 2261 5587 ita
2286 5532 2424 5598 sint,
2450 5531 2693 5587 ultimum
2716 5532 2953 5589 omnium
2983 5546 3151 5602 genus
3185 5545 3280 5589 ens
3302 5538 3629 5600 posuerunt,
3664 5530 3766 5585 sci-

482 5616 554 5670 ita
588 5618 730 5701 sint,
763 5627 823 5672 ut
871 5618 1090 5677 risibilis
1137 5621 1299 5679 homo
1346 5623 1561 5689 dicitur,
1602 5622 1811 5679 etiamsi
1843 5625 2067 5682 minime
2116 5626 2313 5713 “licet
2350 5624 2491 5695 quod
2541 5624 2609 5685 de
2653 5626 2899 5681 omnibus
2930 5624 3332 5695 prmdicaretur.
3381 5624 3464 5679 Ab
3506 5639 3572 5680 eo
3622 5623 3767 5678 enim

481 5707 688 5776 rideat,
730 5712 980 5781 quoniam
1022 5713 1199 5774 ridere
1227 5723 1424 5787 potest.
1461 5711 1533 5770 Ita
1564 5714 1725 5773 etiam
1753 5717 1966 5788 species
1999 5718 2066 5775 de
2096 5707 2331 5799 siquod
2375 5714 2601 5775 dicimus
2644 5724 2745 5778 est.
2779 5715 3117 5786 participium
3166 5715 3532 5783 inflectentes,
3582 5716 3771 5772 Graeco
