4106 6336
324 368 425 426 109

1204 356 1270 427 1N
1305 370 1753 428 ponpnvmuu
1790 360 2435 430 contunmamonnu
2478 375 2602 431 LIB.
2644 364 2731 434 ut.

3476 392 3577 450 110

318 490 532 565 quidem
587 500 838 544 sermone
873 484 926 542 ὅν
972 485 1161 542 Latine
1186 501 1284 543 ens
1330 488 1749 557 appellaverunt.
1782 486 1892 545 Sed
1920 489 1977 551 Δ
2000 503 2186 544 unum.
2216 490 2348 544 Nam
2370 490 2510 559 quod
2538 490 2766 546 dicimus
2812 506 2929 561 ens,
2960 509 3123 551 unum
3174 506 3287 567 est,
3336 510 3390 558 et
3434 508 3577 575 quod

315 582 634 640 ‘Aristoteles
661 581 1088 650 sapientissimus
1117 578 1501 650 principiorum
1529 582 1776 652 cognitor
1801 597 1896 638 re-

1998 595 2162 635 unum
2187 580 2435 648 dicimus,
2466 597 2562 638 ens
2591 593 2704 643 est:
2735 600 2904 654 genus
2933 595 3110 644 autem
3143 600 3199 647 et
3235 596 3448 663 species
3472 600 3576 655 sibi

314 681 507 735 clamat
532 678 654 732 huic
676 678 958 733 sententiae
976 721 989 742 ,
1026 692 1126 732 nec
1145 679 1213 731 ad
1234 693 1398 733 unum
1425 694 1513 735 res
1538 694 1727 737 omnes
1750 688 1899 751 putat
1998 673 2229 730 invicem
2273 675 2493 730 minime
2520 688 2921 737 convertuntur.
2951 681 3007 737 Si
3036 683 3195 753 igitur
3223 688 3571 757 pmdicatur.

314 770 436 825 duci
468 784 625 838 posse
664 767 1042 838 primordium,
1077 769 1170 823 sed
1202 769 1386 825 decem
1435 786 1558 827 esse
1598 788 1796 846 genera
1840 773 1895 828 in

314 861 505 925 rebus;
556 875 675 930 qua
714 874 834 915 cum
862 875 891 913 a
922 860 1225 929 semetipsis
1264 860 1475 917 diversa
1507 873 1653 930 sunt,
1689 874 1798 918 tum
1825 864 1893 918 ad

317 954 519 1006 nullum
550 966 834 1006 commune
864 950 1177 1022 principium
1210 951 1541 1007 educuntur:
1574 954 1686 1008 lucc
1713 963 1891 1009 autem

315 1047 501 1101 decem
549 1060 746 1115 genera
795 1046 1003 1111 statuit,
1060 1046 1444 1113 substantiam,
1496 1047 1887 1116 quantitatem,

312 1136 645 1206 qualitatem,
673 1136 737 1190 ad
763 1136 987 1206 aliquid,
1024 1135 1136 1202 ubi,
1169 1136 1407 1207 quando,
1440 1138 1599 1191 situm
1622 1179 1637 1203 ,
1668 1139 1887 1203 habere,

313 1227 520 1291 facere,
553 1229 661 1298 pati
690 1228 831 1298 quod
861 1242 990 1283 vero
1015 1228 1355 1294 occurrebat,
1387 1229 1640 1298 quoniam
1690 1228 1757 1284 de
1805 1228 1888 1285 bis

309 1318 558 1373 omnibus
600 1334 720 1374 esse
747 1318 1149 1387 praedicaretur.
1182 1320 1370 1375 Omnia
1400 1320 1542 1375 enim
1572 1335 1692 1390 qua:
1732 1335 1889 1389 supe-

309 1410 423 1464 rius
460 1421 877 1466 commemorata
904 1419 1030 1466 sunt
1058 1426 1255 1482 genera
1288 1427 1409 1468 esse
1459 1413 1709 1467 dicuntur
1747 1430 1762 1467 :
1816 1414 1886 1469 ita

307 1501 561 1557 discussit
597 1518 662 1557 ac
715 1503 911 1572 repulit
948 1503 1167 1570 dicens,
1224 1520 1331 1559 non
1390 1518 1550 1560 omne
1602 1520 1887 1562 commune

308 1609 504 1649 nomen
540 1609 874 1649 communem
901 1597 1060 1650 etiam
1092 1596 1322 1652 formare
1362 1598 1711 1653 substantiam
1735 1640 1751 1667 ,
1787 1615 1887 1654 nec

307 1702 373 1741 ex
415 1703 481 1742 eo
527 1688 727 1743 debere
771 1704 939 1759 genus
963 1704 1087 1744 esse
1115 1704 1398 1745 commune
1438 1690 1707 1754 arbitrari,
1743 1691 1885 1759 quod

307 1777 376 1833 de
400 1778 667 1847 aliquibus
694 1764 983 1835 commune
1012 1795 1207 1835 nomen
1243 1781 1650 1850 praedicaretur.
1682 1782 1883 1848 Quibus

1995 782 2090 823 ens
2137 768 2204 823 de
2254 770 2502 823 omnibus
2552 770 2997 843 praadicamentis,
3040 779 3361 845 praedicatur
3409 782 3571 841 etiam

1995 875 2180 915 unum.
2215 860 2346 914 Nam
2377 862 2675 916 substantia
2706 878 2871 918 unum
2901 876 3002 931 est,
3025 869 3253 938 qualitas
3280 888 3444 930 unum
3466 884 3570 942 est,

1992 954 2261 1022 quantitas
2291 969 2455 1008 unum
2484 962 2598 1021 est,
2627 964 2931 1027 caeteraque
2959 958 3025 1013 ad
3069 959 3212 1017 hunc
3238 965 3481 1019 modum.
3513 967 3573 1023 Si

1993 1044 2155 1114 igitur
2181 1046 2429 1113 quoniam
2454 1060 2575 1101 esse
2603 1046 2671 1101 de
2698 1047 2949 1104 omnibus
2978 1049 3060 1105 his
3086 1054 3427 1122 przedicatur,
3457 1071 3567 1111 om-

1992 1134 2137 1189 nium
2161 1150 2330 1205 genus
2355 1137 2458 1191 erit
2483 1151 2610 1192 eus:
2640 1146 2696 1193 et
2720 1154 2907 1206 unum,
2951 1145 3198 1209 quoniam
3231 1146 3298 1200 de
3321 1148 3572 1203 omnibus

1991 1225 2336 1295 praedicatur,
2366 1228 2472 1283 erit
2498 1229 2737 1285 omnium
2766 1245 2960 1301 genus,
2985 1232 3079 1287 sed
3104 1250 3264 1289 unum
3293 1247 3451 1307 atque
3473 1254 3572 1295 ens

1994 1317 2074 1388 (ut
2098 1318 2525 1376 demonstratum
2551 1318 2659 1394 est)
2677 1322 2895 1377 minime
2923 1323 3157 1380 alterum
3180 1327 3332 1382 alteri
3366 1344 3571 1399 praepo-

1990 1412 2160 1477 nitur;
2190 1411 2299 1466 duo
2324 1411 2484 1482 igitur
2508 1414 2731 1484 aequalia
2761 1415 3091 1484 singulorum
3124 1417 3569 1483 [medicamento-

1987 1517 2105 1557 rum
2145 1518 2342 1574 genera
2371 1513 2515 1573 sunt,
2547 1505 2687 1573 quod
2714 1505 2830 1561 ﬁeri
2859 1508 3043 1577 nequit
3075 1523 3091 1563 ι
3120 1523 3243 1563 cum
3277 1510 3377 1566 hoc
3408 1512 3570 1583 igitur

1988 1595 2062 1650 ita
2082 1596 2172 1661 sit,
2205 1596 2257 1651 id
2288 1597 2621 1669 Porphyrius
2664 1597 3042 1654 determinavit
3090 1599 3309 1655 dicens:
3353 1616 3461 1657 non
3494 1606 3569 1657 ita

1940 1738 1947 1745 .
1989 1686 2042 1740 in
2082 1689 2265 1753 rebus,
2296 1697 2358 1743 ut
2403 1689 2456 1744 in
2487 1690 2703 1745 familiis
2740 1693 2921 1746 omnia
2964 1692 3031 1748 ad
3053 1709 3215 1749 unum
3245 1696 3571 1767 principium

1988 1795 2148 1848 posse
2196 1782 2417 1848 deduci,
2476 1798 2575 1838 nec
2622 1784 2859 1838 omnium
2888 1799 3069 1840 rerum
3112 1800 3400 1843 commune
3450 1803 3573 1845 esse

303 1872 447 1925 enim
474 1871 723 1927 difﬁnitio
746 1874 1044 1928 communis
1072 1875 1306 1929 nominis
1327 1877 1600 1941 convenit,
1625 1876 1712 1930 illa
1735 1892 1885 1931 com-
1917 1867 1963 1928 Β
1990 1888 2156 1943 genus
2184 1889 2361 1944 posse,
2388 1886 2445 1930 ut
2471 1876 2746 1933 Aristoteli
2772 1878 2974 1948 placet,
3003 1879 3097 1933 sed
3117 1888 3243 1934 sunt
3265 1884 3571 1951 praeposita,

304 1967 480 2021 munis
510 1968 743 2022 nominis
769 1968 890 2036 jure
938 1969 1148 2037 species
1172 1968 1555 2036 judicabuntur
1581 2010 1595 2032 ,
1627 1979 1682 2024 et
1729 1984 1882 2025 com-

304 2059 451 2113 muni
479 2060 571 2113 illo
601 2059 861 2114 vocabulo
881 2060 1107 2116 univoce
1130 2061 1514 2130 praedicantur:
1545 2062 1739 2131 quibus
1753 2077 1883 2116 vero

303 2166 408 2205 non
450 2150 723 2216 convenit,
759 2166 860 2205 vox
894 2150 980 2205 bis
1010 2152 1312 2206 communis
1345 2161 1549 2206 tantum
1599 2162 1707 2218 est,
1736 2152 1881 2227 nulla

303 2253 430 2296 vero
478 2240 797 2295 substantia.
856 2241 911 2296 ld
955 2250 1135 2297 autem
1192 2242 1529 2300 manifestius
1576 2243 1883 2299 declaratur

304 2334 563 2402 exemplis
586 2334 687 2389 hoc
704 2333 893 2389 modo:
920 2336 1129 2389 Animal
1152 2334 1382 2390 hominis
1400 2346 1558 2408 atque
1570 2338 1691 2408 equi
1712 2352 1883 2408 genus
1903 2323 1920 2345 ⁹

302 2438 423 2480 esse
438 2426 822 2495 pradicamus;
847 2427 1034 2482 demus
1058 2426 1219 2497 igitur
1230 2429 1478 2483 animalis
1500 2428 1877 2487 diiﬁnitiouem

303 2532 424 2584 qua:
469 2527 554 2572 est
604 2518 902 2575 substantia
934 2522 1167 2577 animata
1217 2521 1524 2590 sensibilis,
1571 2522 1706 2578 hanc
1732 2524 1778 2579 si
1812 2524 1880 2578 ad

303 2606 576 2663 hominem
600 2609 917 2667 reducamus
934 2651 951 2678 ,
981 2613 1085 2667 erit
1112 2612 1276 2669 homo
1301 2612 1599 2669 substantia
1643 2615 1878 2670 animata

302 2702 604 2772 sensibilis,
654 2719 752 2760 nec
800 2707 908 2761 ulla
965 2706 1197 2763 falsitate
1248 2708 1505 2764 difﬁnitio
1555 2710 1877 2766 maculatur.

302 2795 506 2850 Rursus
548 2796 593 2851 si
633 2797 700 2853 ad
723 2814 940 2869 equum,
970 2801 1072 2856 erit
1098 2816 1270 2871 equus
1313 2801 1614 2858 substantia
1645 2805 1879 2858 animata

302 2889 571 2945 sensibilis
592 2931 608 2956 ,
640 2891 691 2945 id
719 2907 931 2963 quoque
948 2907 1134 2949 verum
1162 2894 1552 2951 est..Convenit
1579 2895 1741 2966 igitur
1766 2896 1882 2952 haec

303 2980 557 3038 difﬁnitio
584 2994 638 3039 et
665 2986 918 3055 animali,
952 2987 1094 3056 quod
1125 3002 1412 3043 commune
1439 2997 1525 3043 est
1555 2988 1760 3043 homini
1792 2997 1876 3045 at-

304 3090 409 3144 que
427 3091 587 3145 equo,
627 3087 681 3132 et
717 3078 903 3133 eadem
927 3094 1068 3149 equo
1096 3090 1258 3150 atque
1284 3080 1488 3136 homini
1518 3096 1639 3152 quae
1665 3083 1880 3152 species

303 3176 574 3236 ponuntur
595 3167 875 3224 animalis:
899 3185 962 3224 ex
994 3184 1101 3240 quo
1127 3171 1209 3237 ﬁt,
1252 3179 1307 3227 ut
1334 3172 1498 3227 homo
1524 3180 1685 3243 atque
1711 3187 1880 3243 equus

1983 1968 2176 2038 inquit,
2210 1968 2660 2039 quemadmodum
2689 1972 2743 2025 in
2775 1971 3205 2039 praedicamentis
3229 1970 3434 2028 dictum
3465 1982 3570 2042 est,

1982 2057 2159 2127 prima
2209 2058 2394 2114 decem
2422 2074 2621 2129 genera
2662 2062 2815 2131 quasi
2855 2061 3042 2117 decem
3074 2062 3244 2131 prima
3284 2064 3571 2135 principia,

1983 2148 2188 2204 scilicet
2211 2158 2271 2203 ut
2293 2151 2439 2204 nulla
2468 2150 2679 2206 interim
2702 2152 2840 2207 ratio
2860 2153 3220 2223 perquiratur,
3246 2154 3340 2210 sed
3364 2156 3573 2211 Aristo-

1983 2242 2104 2296 telis
2130 2244 2441 2297 auctoritati
2467 2243 2847 2312 concedentes,
2880 2246 2997 2299 ilch
3014 2244 3203 2300 decem
3223 2260 3417 2316 genera
3439 2246 3572 2303 nulli

1981 2331 2069 2384 alii
2096 2332 2279 2401 generi
2305 2332 2589 2388 credamus
2614 2348 2737 2389 esse
2767 2333 3030 2403 subjecta,
3060 2349 3183 2405 quae
3208 2334 3254 2390 si
3282 2337 3403 2406 quis
3425 2338 3575 2394 entia

1981 2432 2135 2479 vocet
2164 2425 2437 2495 :equivoce
2452 2428 2784 2497 nuncupabit
2800 2468 2817 2493 ,
2837 2443 2945 2484 non
2965 2429 3215 2498 nnivoce,
3240 2445 3413 2502 neque
3426 2433 3572 2488 enim

1981 2533 2086 2574 una
2114 2533 2300 2573 eorum
2330 2521 2570 2576 omnium
2599 2522 2891 2577 secundum
2921 2536 3210 2578 commune
3238 2537 3438 2580 nomen
3467 2524 3574 2580 dif-

1982 2608 2153 2663 ﬁnitio
2169 2610 2367 2679 poterit
2393 2611 2661 2676 adhiberi,
2694 2627 2816 2681 qua;
2846 2627 2934 2669 res
2948 2612 3093 2680 iacit,
3118 2622 3177 2669 ut
3204 2629 3312 2670 non
3339 2620 3574 2674 nnivoce

1981 2697 2051 2755 de
2080 2699 2162 2754 bis
2187 2700 2389 2770 aliquid
2419 2703 2761 2772 praedicetur.
2794 2705 2849 2759 Si
2878 2705 3020 2759 enim
3048 2706 3276 2760 nnivoce
3310 2706 3574 2777 praedica-

1982 2798 2151 2859 retur,
2184 2807 2351 2861 genus
2380 2802 2525 2849 esset
2560 2808 2748 2849 eorum
2776 2810 3063 2851 commune
3092 2811 3285 2852 nomen
3327 2797 3470 2867 quod
3498 2798 3574 2854 de

1980 2886 2232 2939 omnibus
2276 2887 2703 2956 praedicaretur;
2747 2897 2805 2943 at
2829 2888 2877 2943 si
2919 2904 3087 2961 genus
3116 2897 3263 2945 esset
3311 2889 3570 2946 dil‘tinitio

1981 2977 2195 3048 generis
2241 2981 2557 3036 conveniret
2598 2980 2655 3035 in
2682 2981 2926 3051 species,
2969 2981 3113 3052 quod
3159 2981 3283 3051 quia
3312 2994 3419 3035 non
3467 2981 3569 3048 ﬁt,

1982 3085 2269 3127 commune
2304 3072 2388 3127 his
2414 3072 2469 3127 id
2518 3074 2661 3144 quod
2690 3075 2918 3129 dicimus
2960 3088 3089 3139 ens,
3122 3074 3444 3129 vocabulum
3487 3080 3575 3131 est

1983 3166 2131 3219 vocis
2159 3165 2571 3235 signiﬁcatione,
2607 3182 2712 3222 non
2742 3168 2952 3223 ratione
2980 3168 3315 3223 substantiae.

303 3266 526 3330 utraque
572 3261 822 3315 animalia
864 3262 1089 3317 nnivoce
1116 3261 1495 3330 praedicentur.
1543 3241 1614 3318 At
1665 3265 1711 3318 si
1757 3241 1877 3334 quis
1902 3241 1954 3310 ὖ
2052 3255 2238 3310 Decem
2276 3258 2479 3329 quidem
2517 3260 2677 3331 igitur
2701 3262 3087 3334 generalissima
3120 3269 3270 3327 sunt,
3302 3262 3572 3331 specialis-

303 3348 574 3406 hominem
604 3352 799 3421 pictum
833 3352 1210 3424 hominemque
1238 3369 1423 3409 verum
1452 3355 1724 3411 communi
1762 3357 1881 3411 ani-

304 3449 459 3504 malis
483 3450 698 3505 nomine
720 3452 1129 3521 nuncupaverit,
1154 3450 1385 3507 diiﬁniat
1406 3450 1474 3524 (si
1507 3452 1658 3524 libet)
1681 3453 1879 3510 animal

307 3542 410 3597 hoc
432 3544 616 3611 modo,
649 3544 1002 3599 substantiam
1030 3547 1319 3601 animatam
1358 3561 1480 3601 esse
1521 3556 1682 3615 atque
1710 3544 1881 3602 sensi-

305 3632 484 3689 bilem.
517 3635 621 3692 Sed
652 3635 769 3693 haec
798 3635 1046 3693 difﬁnitio
1074 3638 1122 3693 ei
1146 3637 1359 3708 quidem
1383 3637 1584 3692 homini
1612 3639 1701 3707 qui
1729 3639 1879 3694 vivus

304 3736 388 3781 est
429 3730 700 3797 convenit,
736 3731 789 3786 ei
818 3745 943 3785 vero
968 3731 1057 3800 qui
1085 3731 1256 3799 pictus
1284 3740 1384 3796 est,
1418 3730 1671 3786 minime:
1704 3745 1880 3801 neque

302 3817 445 3873 enim
468 3830 550 3875 est
576 3822 811 3876 animata
840 3821 1170 3887 substantia;
1191 3820 1561 3891 igiturhomini
1578 3822 1695 3875 vivo
1716 3830 1879 3892 atque

302 3914 443 3983 picto
468 3910 661 3981 quibus
682 3913 983 3967 communis
1008 3911 1241 3967 nominis
1269 3912 1540 3980 difﬁnitio,
1576 3913 1628 3967 id
1654 3920 1740 3968 est
1762 3915 1878 3968 ani-

301 4005 459 4061 malis
488 4021 593 4060 non
622 4013 801 4075 potest
838 4004 1148 4061 convenire.
1188 4003 1306 4059 Non
1357 4015 1439 4059 est
1485 4006 1682 4059 animal
1729 4020 1878 4060 com-

297 4111 467 4152 mune
480 4112 667 4167 genus,
686 4096 783 4153 sed
811 4106 988 4151 tamen
1008 4110 1297 4152 commune
1319 4096 1633 4151 vocabulum
1658 4095 1873 4162 dicitur,

299 4191 444 4261 quod
475 4191 579 4245 hoc
604 4205 795 4246 nomen
822 4189 1020 4244 animal
1052 4189 1105 4244 in
1134 4190 1258 4244 vivo
1289 4188 1511 4244 homine
1537 4197 1699 4259 atque
1727 4187 1874 4257 picto

297 4298 407 4340 non
432 4290 489 4337 ut
508 4297 694 4353 genus,
722 4283 815 4338 sed
837 4293 895 4337 ut
920 4297 1024 4336 vox
1048 4281 1200 4351 plura
1227 4280 1569 4351 signiﬁcans:
1600 4296 1705 4335 vox
1727 4280 1871 4336 enim

298 4376 451 4445 plura
480 4364 785 4445 signiﬁcans
814 4374 1087 4444 aequivoca
1114 4382 1485 4442 nuncupatur,
1518 4372 1659 4427 sicut
1677 4387 1741 4428 ea
1767 4387 1871 4427 vox

298 4481 418 4535 quae
445 4480 615 4536 genus
650 4465 902 4529 ostendit,
935 4464 1158 4519 univoca
1187 4464 1402 4518 dicitur.
1433 4463 1618 4533 itaque
1644 4462 1699 4517 id
1730 4462 1872 4533 quod

298 4557 492 4612 dicitur
515 4570 613 4611 ens
632 4595 648 4620 ,
677 4565 731 4610 et
751 4555 798 4609 si
825 4554 893 4611 de
916 4555 1166 4610 omnibus
1192 4554 1388 4609 dicitur
1415 4553 1869 4623 przedicamentis:

296 4651 548 4720 quoniam
577 4658 753 4704 tamen
783 4649 927 4703 nulla
956 4648 1073 4716 ejus
1116 4647 1365 4701 diiﬁnitio
1397 4646 1623 4701 inveniri
1650 4655 1828 4716 potest
1852 4686 1868 4713 ,

294 4757 418 4812 quae
460 4741 709 4797 omnibus
732 4739 1160 4811 praedicamentis
1216 4739 1384 4808 possit
1418 4741 1629 4808 aptari,
1676 4738 1877 4793 idcirco

293 4852 401 4892 non
430 4837 627 4892 dicitur
649 4837 874 4892 nnivoce
900 4835 968 4891 de
1007 4836 1439 4905 praedicamentis
1458 4877 1471 4901 ,
1506 4834 1557 4889 id
1586 4842 1672 4889 est
1697 4842 1755 4888 ut
1774 4849 1871 4903 ge-

294 4942 415 4992 nus,
444 4928 538 4983 sed
584 4928 877 4997 aequivoce,
906 4926 956 4981 id
987 4938 1069 4981 est
1112 4935 1172 4980 ut
1214 4941 1314 4980 vox
1343 4926 1497 4995 plura
1538 4924 1867 4995 signiﬁcans.

293 5018 637 5080 convincitur
658 5020 759 5075 hac
777 5034 990 5090 quoque
1017 5020 1225 5074 ratione
1249 5018 1301 5072 id
1323 5018 1464 5087 quod
1490 5018 1715 5072 dicimus
1739 5032 1834 5071 ens
1851 5057 1867 5083 ,

296 5112 825 5181 praedicamentorum
853 5125 1023 5181 genus
1049 5126 1171 5166 esse
1193 5126 1297 5165 non
1323 5124 1511 5180 posse:
1542 5109 1699 5164 unius
1726 5110 1871 5164 enim

290 5203 374 5260 rei
401 5204 506 5259 duo
542 5220 739 5275 genera
764 5219 885 5260 esse
912 5220 1019 5259 non
1044 5192 1288 5274 possunt,
1317 5204 1421 5257 nisi
1448 5202 1677 5257 alterum
1718 5202 1871 5257 alteri

289 5301 637 5370 subjiciatur,
687 5309 745 5354 ut
770 5298 1001 5353 hominis
1028 5313 1198 5367 genus
1229 5304 1312 5352 est
1338 5296 1537 5350 animal
1567 5305 1726 5365 atque
1759 5298 1876 5350 ani-

290 5400 493 5446 matum
514 5407 635 5446 cum
650 5390 842 5447 animal
856 5390 1094 5444 animato
1107 5389 1251 5467 velut
1280 5387 1496 5458 species
1518 5397 1881 5456 supponatur.

293 5485 361 5537 At
383 5484 428 5537 si
454 5485 561 5537 duo
580 5481 795 5536 sibimet
815 5483 886 5536 ita
908 5481 1132 5551 aequalia
1144 5482 1255 5535 sint
1290 5521 1304 5545 ,
1337 5489 1397 5535 ut
1425 5494 1693 5548 nunquam
1714 5480 1869 5534 alteri

288 5577 515 5630 alterum
556 5584 918 5644 supponatur,
963 5574 1078 5627 haec
1103 5582 1327 5640 utraque
1356 5572 1529 5626 eidem
1560 5572 1754 5641 speciei
1778 5587 1871 5643 ge-

290 5682 416 5723 nera
448 5681 572 5722 esse
599 5680 705 5721 non
738 5672 982 5734 possunt.
1017 5664 1127 5719 Ens
1162 5663 1322 5735 igitur
1359 5671 1518 5732 atque
1542 5679 1703 5717 unum
1735 5680 1867 5719 neu.

289 5772 431 5815 trum
482 5757 630 5813 alten‘
684 5758 1034 5827 supponitur;
1068 5771 1241 5825 neque
1294 5754 1439 5810 enim
1489 5754 1646 5809 unius
1687 5755 1867 5810 dicere

288 5865 577 5917 possumus
605 5864 776 5919 genus
828 5865 957 5919 ens,
993 5863 1094 5907 nec
1120 5848 1267 5917 ejus,
1300 5846 1444 5914 quod
1472 5845 1700 5903 dicimus
1732 5861 1831 5904 ens
1850 5887 1866 5914 ,

1980 3350 2112 3405 sima
2134 3366 2251 3405 vero
2280 3352 2335 3405 in
2364 3365 2575 3405 numero
2608 3350 2814 3421 quidem
2834 3349 3058 3420 quodam
3087 3360 3242 3417 sunt,
3271 3368 3375 3406 non
3403 3362 3572 3407 tamen

1981 3444 2208 3513 inﬁnito.
2247 3443 2525 3499 Individua
2556 3455 2725 3499 autem
2748 3459 2863 3515 qua
2890 3453 3007 3498 sunt
3040 3454 3153 3515 post
3179 3446 3567 3515 specialissima,

1980 3538 2187 3607 inﬁnita
2215 3549 2334 3593 sunt
2363 3549 2673 3609 quaprOpter
2704 3554 2863 3606 usque
2889 3554 2950 3589 ac
2979 3538 3345 3607 specialisaima
3364 3555 3395 3591 a
3422 3554 3571 3608 gene-

1981 3630 2251 3684 raiissimt's
2300 3631 2658 3684 descendentes
2702 3628 2911 3697 jubebat
2951 3627 3109 3681 Plato
3150 3630 3424 3697 quiescere.
3465 3627 3571 3683 De-

1982 3721 2223 3776 scendere
2251 3729 2421 3775 autem
2451 3737 2541 3792 per
2566 3721 2735 3774 media
2756 3719 3028 3773 dividendo
3051 3720 3299 3789 speciﬁcis
3322 3720 3571 3788 differen-

1982 3816 2087 3882 tiis,
2114 3817 2318 3884 inﬁnita
2336 3832 2453 3870 vero
2476 3816 2808 3886 relinquenda
2824 3816 3026 3880 suadet,
3055 3830 3214 3884 neque
3238 3815 3371 3868 enim
3392 3830 3567 3870 eorum

1982 3924 2128 3978 posse
2155 3908 2269 3977 ﬁeri
2298 3894 2645 3978 disciplinam.

2053 3998 2316 4065 Quoniam
2366 3998 2668 4067 specierum
2696 4012 2857 4051 nosse
2893 4005 3136 4052 naturam
3171 3995 3238 4051 ad
3268 4004 3573 4053 sectionem

1981 4093 2194 4163 generis
2234 4092 2498 4161 pertinet,
2541 4089 2902 4160 quoniamque
2942 4090 3163 4145 scientia
3194 4088 3403 4143 inﬁnita
3444 4101 3569 4144 esse

1982 4199 2089 4239 non
2120 4195 2293 4254 potest
2325 4185 2526 4255 (nullus
2555 4188 2699 4238 enim
2742 4185 3046 4239 intellectus
3082 4182 3286 4239 inﬁnita
3327 4184 3563 4239 circum-

1981 4276 2120 4347 dat),
2138 4277 2239 4331 idci
2251 4291 2339 4331 rco
2355 4277 2423 4332 de
2443 4276 2779 4331 multitudine
2792 4292 3046 4345 generum
3058 4318 3071 4342 ,
3091 4278 3391 4347 specierum
3408 4285 3571 4347 atque

1982 4370 2377 4426 individuorum
2410 4369 2711 4427 rectissima
2740 4371 2947 4425 ratione
2970 4370 3310 4439 persequitur
3335 4369 3520 4424 dicens
3550 4386 3564 4421 :

1982 4462 2365 4534 Supremorum
2397 4479 2651 4535 generum
2684 4479 2967 4519 numerum
2997 4472 3201 4529 notum,
3230 4478 3352 4518 esse
3381 4463 3568 4518 decem

1980 4556 2121 4611 enim
2155 4556 2567 4625 praedicamenta
2610 4557 2679 4611 ab
2723 4555 3014 4612 Aristotele
3044 4571 3164 4612 esse
3193 4564 3405 4625 reperta
3448 4570 3568 4624 qua:

1986 4648 2146 4704 rebus
2168 4649 2416 4703 omnibus
2438 4649 2649 4718 generis
2673 4650 2793 4705 loco
2814 4648 3151 4719 praeferenda
3174 4657 3320 4705 sunt.
3350 4648 3571 4713 Species

1988 4757 2117 4797 vero
2163 4744 2330 4797 multo
2379 4744 2558 4812 plures
2597 4759 2719 4799 esse
2766 4760 2921 4814 quam
2979 4759 3215 4814 genera,
3270 4758 3395 4797 nam
3448 4758 3571 4798 cum

1986 4833 2173 4888 decem
2232 4849 2481 4903 suprema
2530 4836 2638 4889 sint
2685 4850 2862 4890 rerum
2906 4850 3148 4902 genera,
3199 4849 3424 4903 cumque
3478 4834 3571 4887 uni

1987 4925 2171 4996 generi
2218 4941 2323 4979 non
2379 4942 2485 4979 una
2529 4926 2622 4981 sed
2671 4926 2855 4981 multa:
2906 4926 3111 4994 species
3161 4934 3568 4994 supponantur,

1993 5017 2358 5087 proximasque
2400 5018 2608 5087 species
2637 5017 2905 5086 supremis
2947 5016 3232 5086 generibus
3263 5016 3569 5070 Sttbaiterua

1984 5110 2092 5165 sint
2118 5125 2312 5179 genera
2349 5126 2518 5179 usque
2553 5110 2681 5165 dum
2725 5110 2792 5164 ad
2834 5111 3051 5165 ultimas
3093 5111 3301 5179 species
3345 5107 3569 5160 descen-

1987 5204 2135 5267 dant,
2165 5211 2220 5257 ut
2251 5202 2501 5257 nimirum
2551 5203 2709 5258 unius
2744 5204 2958 5272 generis
2994 5203 3188 5257 multas
3221 5198 3426 5268 species
3469 5208 3568 5247 ne-

1986 5310 2135 5351 cesse
2163 5303 2245 5351 est
2268 5310 2390 5351 esse
2411 5295 2695 5366 utrobique
2721 5295 2960 5351 dimisus.
2985 5291 3410 5363 Specialissimas
3441 5302 3569 5340 vero

1986 5391 2155 5445 multo
2200 5392 2382 5460 plures
2420 5405 2542 5445 esse
2587 5405 2744 5460 quam
2788 5390 3132 5451 subalterna,
3181 5380 3428 5454 quoniam
3473 5392 3567 5449 per

1986 5482 2376 5538 multitudinem
2398 5496 2655 5552 generum
2688 5481 3118 5536 subaltornorum
3147 5475 3212 5528 ad
3239 5471 3532 5543 specialissi
3559 5500 3573 5514 ι

1983 5589 2096 5627 mas
2120 5574 2467 5629 descenditur
2489 5572 2696 5642 species
2718 5586 2850 5642 quas
2878 5570 3046 5624 multo
3065 5568 3245 5636 plures
3263 5578 3385 5617 esse
3405 5576 3567 5632 quam

1980 5677 2177 5731 genera
2226 5664 2564 5727 subalterua;
2619 5664 2718 5717 hoc
2766 5658 2996 5714 maxime
3040 5653 3376 5719 ostenditur,
3423 5652 3566 5722 quod

1982 5753 2264 5807 inferiores
2289 5763 2433 5819 sunt,
2461 5763 2516 5808 et
2537 5768 2751 5821 semper
2774 5749 3087 5805 subalterna
3108 5760 3303 5816 genera
3333 5746 3386 5801 in
3415 5749 3565 5816 plura

1973 5842 2212 5914 subjecta
2263 5844 2611 5901 dividuntur.
2645 5845 2839 5900 Decem
2881 5854 3009 5895 vero
3051 5855 3306 5911 generum
3352 5840 3566 5910 species
