4106 6336
539 417 637 478 Ml

1777 410 1886 468 ΔΝ.
1927 406 2138 465 MANL.
2176 405 2334 465 BEV.
2376 403 2599 462 BOE'I‘ll

3730 396 3832 452 ιη

541 534 721 592 multo
745 532 929 605 plures
956 546 1116 603 quam
1159 529 1316 585 unius
1352 526 1595 582 existere
1640 522 1983 581 manifestum
2019 529 2137 589 est,
2164 522 2223 584 Α
2247 519 2431 576 ciebus
2462 514 2710 573 ascendis
2734 514 2800 569 ad
2829 526 3051 605 genera,
3081 508 3475 605 componendo,
3505 507 3765 605 colligere
3784 520 3838 565 et

539 639 908 686 Verumtamen
939 634 993 682 et
1028 626 1073 680 si
1107 623 1289 694 plures
1318 630 1473 690 sunt,
1506 627 1657 676 certo
1685 627 1865 674 tamen
1908 630 2133 673 numero

540 720 901 784 continentur,
927 730 1088 787 quem
1116 713 1271 769 facile
1298 713 1342 767 si
1365 712 1484 783 quis
1504 710 1758 766 discutiat
1784 708 2135 779 omniumque

540 826 798 883 generum
846 808 1050 879 species
1096 811 1449 875 prosequatur
1491 803 1660 873 possit
1687 815 2001 872 agnoscere.
2044 800 2135 854 ln-

540 901 757 958 dividua
795 914 925 954 vero
953 910 1073 968 quae
1096 896 1197 952 sub
1228 909 1543 966 unaquaque
1572 894 1752 965 specie
1781 901 1906 948 sunt
1930 891 2135 948 inlinita

540 1001 689 1057 sunt,
713 990 795 1046 vel
825 1006 892 1047 eo
921 988 1065 1060 quod
1100 998 1204 1043 tam
1239 987 1402 1042 multa
1432 990 1582 1054 isunt
1619 984 1958 1053 diversis-lue
2005 983 2139 1038 locis

540 1084 718 1154 posita
746 1123 763 1149 ,
815 1093 872 1137 ut
914 1082 1137 1137 scientia
1183 1092 1518 1147 numeroque
1564 1077 1615 1132 in
1668 1090 1833 1131 unum
1891 1073 2138 1130 concludi

540 1176 1036 1248 comprehendique
1062 1186 1169 1230 non
1202 1173 1372 1242 possit
1417 1170 1502 1226 vel
1526 1170 1668 1240 quod
1706 1169 1758 1224 in
1790 1168 2141 1238 generatione

541 1280 598 1328 et
642 1270 988 1339 corruptione
1020 1268 1191 1337 posita
1233 1279 1377 1320 nunc
1410 1262 1628 1334 quidem
1675 1260 1939 1331 incipiunt
1977 1273 2097 1314 esse
2124 1300 2139 1327 ,

541 1377 687 1417 nunc
714 1361 989 1425 desinunt,
1022 1367 1183 1428 atque
1204 1356 1407 1412 idcirco
1430 1368 1679 1425 suprema
1704 1352 1920 1423 quidem
1943 1363 2142 1421 genera

540 1465 597 1511 et
631 1453 935 1509 subalterna
966 1460 1018 1505 et
1050 1449 1256 1519 species
1284 1463 1485 1519 easque
1514 1443 1904 1517 specialissime
1933 1455 2143 1497 nuncu-

542 1553 776 1615 pantur:
804 1542 1057 1614 quoniam
1080 1540 1244 1595 ﬁnita
1274 1548 1401 1596 sunt
1422 1553 1648 1593 numero
1676 1545 1853 1607 potest
1880 1534 2145 1590 terminus

476 1632 485 1643 ’
541 1636 784 1693 scientias
836 1634 1146 1697 includere,
1194 1630 1469 1685 individua
1501 1644 1632 1685 vero
1676 1626 1822 1682 nullo
1849 1625 2031 1681 modo.
2062 1621 2146 1677 ld-

540 1729 690 1783 eirco
714 1726 875 1795 igitur
890 1725 1040 1779 Plato
1067 1722 1235 1791 magis
1262 1736 1291 1774 a
1312 1720 1602 1790 generibus
1626 1732 1784 1788 quam
1809 1731 1839 1771 a
1858 1714 2146 1787 speciebus
2186 1770 2195 1779 ,

542 1821 686 1878 idem
732 1816 1136 1890 specialissimis
1185 1812 1531 1886 praecipiebat
1576 1810 1752 1865 facere
1810 1809 2143 1871 sectionem,

2242 612 2427 683 plures
2453 610 2504 665 in
2530 608 2831 679 specierum
2856 604 3176 662 diﬁcrentiis
3203 619 3322 674 qua:
3362 603 3592 659 diversa:
3626 603 3841 660 fuerant

2241 702 2650 760 similitudinum
2681 699 2967 771 qualitates
2994 696 3230 753 adunare
3248 696 3300 753 in
3322 696 3606 767 speciebus
3636 715 3648 749 :
3676 696 3839 752 etiam

2238 800 2385 855 idem
2407 793 2747 853 considerari
2778 800 2976 864 potest.
3000 800 3061 846 ut
3087 791 3229 847 enim
3269 791 3388 862 ipsa
3417 789 3691 845 individua
3720 804 3841 859 qure

2242 899 2369 946 sunt
2398 872 2602 944 inﬁnita
2651 901 2813 941 unam
2849 883 3259 939 similitudinem
3292 880 3700 937 substantialem
3726 878 3841 935 col-

2242 984 2442 1054 ligunt,
2499 982 2569 1036 ita
2601 979 2874 1035 individua
2913 976 3150 1047 speciem
3182 974 3454 1046 prepriam
3484 972 3692 1028 inﬁnite
3727 973 3842 1026 dis-

2244 1080 2507 1135 tribuunt.
2533 1075 2724 1132 Omnia
2761 1073 2906 1130 enim
2938 1070 3215 1126 individua
3244 1068 3611 1139 disgregativa
3639 1075 3761 1121 sunt
3788 1073 3844 1121 et

2244 1169 2494 1226 divisiVa.
2547 1164 2769 1236 Species
2806 1178 2937 1220 vero
2966 1172 3022 1218 et
3057 1175 3252 1232 genera
3281 1160 3597 1223 collectiva,
3634 1159 3846 1229 species

2246 1262 2462 1333 quidem
2518 1258 2920 1315 individuorum
2972 1254 3255 1312 collectiva
3315 1264 3478 1323 atque
3534 1253 3842 1307 adunativa.

2246 1353 2558 1423 Specierum
2588 1366 2719 1405 vero
2757 1362 2958 1420 genera
2978 1388 2995 1414 ,
3022 1356 3080 1402 ut
3108 1347 3179 1401 ita
3222 1343 3508 1401 dicendum
3543 1343 3648 1409 sit,
3675 1355 3846 1413 genus

2246 1446 2461 1517 quidem
2478 1445 2686 1515 Species
2702 1442 3051 1506 distribuunt,
3076 1448 3130 1495 et
3152 1440 3360 1508 species
3384 1437 3453 1494 ab
3482 1435 3768 1491 individuis
3793 1436 3845 1488 in

2246 1537 2647 1594 multitudinem
2679 1535 3019 1591 deducuntur
3053 1552 3065 1587 :
3099 1546 3285 1588 rursus
3317 1541 3496 1586 autem
3532 1542 3702 1600 genus
3723 1526 3845 1597 qui-

2247 1630 2369 1687 dem
2398 1630 2595 1685 multas
2638 1628 2848 1699 species
2872 1625 3097 1696 colligit.
3142 1623 3361 1694 Species
3391 1630 3566 1676 autem
3607 1619 3849 1688 singula-

2247 1738 2363 1779 rem
2394 1720 2885 1793 particularemque
2925 1716 3323 1774 multitudinem
3362 1713 3430 1769 ad
3459 1712 3848 1783 singularitntis

2249 1813 2467 1869 deducit
2513 1814 2775 1868 unitatem
2797 1853 2812 1873 ,
2854 1810 3016 1881 igitur
3043 1809 3162 1879 plus
3188 1823 3356 1878 genus
3386 1805 3732 1860 adttnativum
3761 1813 3850 1858 est

543 1926 641 1981 rer
664 1924 730 1965 ea
776 1908 918 1964 enim
948 1922 1067 1976 (ιιιω
1108 1906 1252 1960 “nim
1297 1911 1482 1960 0588M
1520 1915 1747 1957 ηυηιθτο
1784 1899 2008 1969 inhabili
2048 1896 2145 1953 d0-
2174 1900 2223 1961 B
2249 1920 2409 1977 quam
2460 1904 2693 1975 species.
2723 1900 2943 1973 Species
2974 1913 3204 1971 namque
3234 1897 3346 1953 sola
3389 1896 3660 1952 individua
3693 1892 3851 1948 colli-

544 2002 807 2059 scendere
833 1999 1180 2063 dividentem,
1209 1996 1297 2051 ubi
1323 2006 1500 2051 autem
1533 1994 1599 2049 ad
1631 1993 1901 2049 individua
1935 1990 2148 2048 venire-

547 2104 664 2159 tur,
712 2089 961 2148 standum
1012 2103 1134 2144 esse
1181 2087 1468 2163 suadebat,
1511 2102 1577 2141 ne
1606 2085 1751 2155 quod
1803 2092 1991 2139 natura
2039 2097 2147 2138 non

544 2184 709 2240 lerret
733 2222 749 2248 ,
795 2181 1002 2236 inlinita
1034 2179 1339 2249 colligeret,
1364 2177 1436 2231 ita
1469 2190 1598 2232 vero
1624 2190 1821 2244 genera
1853 2175 1906 2229 in
1940 2173 2150 2244 species

545 2273 714 2331 dividi
743 2270 1098 2342 comprobat,
1131 2279 1189 2325 ut
1217 2270 1269 2324 in
1308 2267 1578 2339 speciﬁcis
1608 2266 1927 2321 dill'erentiis
1973 2264 2149 2319 solve-

546 2377 754 2426 rentur.
791 2367 868 2422 De
908 2365 1174 2437 speciﬁcis
1218 2378 1345 2420 vero
1385 2361 1705 2418 diﬁ'erentiis
1750 2360 1945 2415 melius
1982 2358 2038 2413 in
2083 2372 2151 2413 eo

546 2463 704 2519 titulo
728 2460 818 2533 ubi
848 2460 917 2516 de
947 2458 1253 2515 diﬁ'ereutia
1271 2456 1579 2526 disputatur
1608 2469 1671 2509 ac
1699 2452 1899 2523 largius
1920 2450 2152 2506 dissere-

548 2567 693 2609 mus.
724 2553 823 2608 llic
852 2550 997 2607 enim
1027 2549 1131 2605 hoc
1170 2557 1374 2604 tantum
1402 2545 1605 2601 dixisse
1635 2542 1866 2600 sufﬁciat
1901 2556 1993 2599 eas
2030 2556 2153 2598 esse

547 2645 831 2716 speciﬁcas
849 2642 1206 2707 diﬁ'erentias,
1233 2641 1427 2711 quibus
1451 2638 1663 2709 species
1684 2636 2065 2699 informantur,
2096 2642 2155 2690 ut

547 2738 814 2794 rationale
866 2735 1094 2791 mortale
1151 2732 1409 2789 hominis.
1470 2730 1604 2786 Cum
1651 2729 1812 2799 igitur
1860 2728 2154 2783 dividimus

548 2829 750 2886 animal
781 2827 1046 2884 rationale
1068 2834 1228 2896 atque
1256 2822 1585 2887 irrationale,
1619 2820 1848 2877 mortale
1873 2821 2154 2875 immorta-

549 2924 709 2996 leque
738 2936 1075 2993 separamus,
1107 2929 1415 2990 caeteraque
1442 2931 1644 2989 genera
1671 2916 1866 2972 talibus
1895 2914 2155 2971 differen-

550 3017 660 3083 tiis,
691 3031 811 3087 qua:
837 3014 1111 3085 subiectas
1145 3013 1359 3082 species
1403 3011 1717 3066 informent.
1751 3007 1904 3063 Plato
1945 3007 2155 3063 censuit

552 3123 674 3165 esse
695 3106 983 3163 dividenda
1013 3119 1182 3176 usque
1205 3104 1331 3159 dum
1355 3103 1421 3158 ad
1443 3100 1829 3173 specialissima
1854 3098 2150 3167 veniretur,

553 3196 750 3253 dehinc
786 3188 1086 3256 consistere
1116 3196 1216 3250 nec
1245 3194 1452 3250 inﬁnita
1482 3192 1668 3264 sequi,
1712 3191 1965 3263 quoniam
2008 3191 2153 3245 indi-

2249 1999 2350 2071 git.
2392 1996 2575 2054 Genus
2612 2011 2742 2052 vero
2789 2003 2897 2050 tam
2928 1994 3140 2064 species
3164 2006 3323 2061 quam
3368 1990 3606 2061 ipsarum
3636 2000 3852 2058 quoque

2251 2091 2559 2162 specierum
2586 2088 2890 2144 individuas
2916 2086 3190 2144 contrahit
3215 2084 3627 2157 singularesque
3658 2097 3851 2151 perso-

2252 2199 2371 2249 nas,
2407 2182 2500 2239 sed
2538 2183 2591 2238 in
2624 2182 2725 2237 hoc
2768 2181 3108 2238 convenienti
3135 2180 3303 2234 utitur
3338 2177 3584 2247 exemplo
3628 2176 3851 2241 dicens,

2250 2276 2664 2347 participatione
2709 2274 2945 2345 speciei,
2993 2272 3046 2328 id
3076 2281 3159 2328 est
3187 2270 3421 2326 hominis”
3453 2268 3614 2334 Cato,
3661 2268 3852 2333 Plato,

2218 2359 2444 2422 'Cicero
2469 2365 2752 2436 pluresque
2775 2364 2968 2434 reliqui
2998 2361 3283 2418 homines:
3308 2375 3468 2427 unus,
3495 2359 3548 2415 id
3576 2367 3659 2415 est
3687 2358 3853 2414 millia

2254 2454 2533 2512 hominum
2559 2456 2612 2510 in
2640 2470 2705 2510 eo
2731 2453 2873 2524 quod
2912 2462 3040 2509 sunt
3067 2452 3345 2517 homines,
3383 2467 3520 2507 unus
3560 2452 3723 2507 homo
3747 2458 3853 2507 est.

2253 2548 2326 2605 At
2354 2563 2481 2604 vero
2510 2555 2596 2603 est
2625 2562 2763 2602 unus
2798 2548 2985 2611 homo,
3014 2547 3105 2616 qui
3137 2545 3388 2615 specialis
3414 2555 3497 2601 est
3516 2585 3531 2611 ,
3576 2545 3621 2599 si
3651 2544 3717 2598 ad
3758 2544 3854 2598 iio«

2257 2639 2465 2697 uinum
2488 2638 2888 2695 multitudinem
2917 2638 3009 2709 qui
3030 2638 3131 2693 sub
3154 2638 3270 2709 ipso
3300 2646 3428 2693 sunt
3450 2637 3854 2704 consideretur,

2257 2732 2441 2803 plures
2471 2733 2624 2796 ﬁunt,
2656 2731 2728 2786 ita
2749 2740 2805 2786 et
2833 2729 3015 2801 plures
3039 2729 3285 2786 homines
3306 2729 3358 2784 in
3383 2728 3605 2797 speciali
3637 2727 3856 2784 homins

2262 2840 2404 2880 unus
2430 2833 2534 2881 est.
2566 2824 2634 2880 Et
2660 2822 2931 2893 specialis,
2973 2836 3112 2879 unus
3136 2830 3222 2879 est
3248 2823 3300 2877 in
3322 2822 3568 2892 pluribus
3593 2821 3855 2877 inﬁnitus.

2257 2917 2350 2976 Sic
2394 2917 2553 2987 igitur
2583 2916 2721 2985 quod
2751 2915 3023 2986 singulare
3051 2914 3267 2986 quidem
3305 2925 3393 2972 est
3420 2913 3712 2971 divisivum
3739 2921 3856 2979 est,

2259 3012 2401 3085 quod
2430 3025 2716 3066 commune
2744 3024 2872 3065 vero
2901 3010 3157 3080 quoniam
3190 3010 3475 3066 multorum
3519 3023 3685 3064 unum
3739 3016 3857 3072 est,

2260 3115 2317 3160 ut
2341 3100 2510 3174 genus
2541 3118 2603 3157 ac
2630 3102 2844 3171 species
2862 3146 2877 3170 ,
2905 3101 3267 3161 collectivum.
3294 3110 3456 3172 atque
3485 3099 3857 3155 adunativum.

2332 3197 2607 3267 Assignato
2630 3204 2801 3250 autem
2824 3210 3028 3266 genere,
3055 3196 3221 3263 specie
3239 3195 3364 3264 quid
3396 3195 3459 3248 sit
3482 3202 3787 3263 utrumque,
3810 3200 3859 3245 et

553 3291 835 3348 viduarum
860 3304 1130 3362 nunquam
1154 3296 1423 3345 essetnec
1446 3284 1728 3357 disciplina
1752 3300 1852 3343 nec
1868 3298 2144 3340 numerus.
2178 3282 2225 3348 C
2255 3305 2440 3361 genere
2458 3288 2665 3358 quidem
2686 3304 2788 3341 uno
2818 3288 3092 3351 existente,
3134 3286 3397 3357 speciebus
3425 3302 3542 3341 vero
3578 3283 3859 3354 pluribus:

625 3381 1058 3438 Descendentibus
1087 3381 1243 3452 igitur
1278 3381 1346 3433 ad
1388 3379 1771 3449 specialissima
1807 3393 2010 3433 necesse
2039 3386 2115 3431 est
2136 3421 2151 3448 ,

554 3473 827 3529 dividendo
853 3489 943 3545 per
966 3471 1353 3527 multitudinem
1384 3470 1478 3525 ire.
1509 3458 1912 3528 Ascendentibus
1944 3485 2060 3524 vero
2084 3469 2153 3524 ad

554 3565 936 3637 generalissima
988 3578 1187 3619 necesse
1232 3568 1307 3616 est
1362 3561 1604 3633 colligere
1654 3560 2037 3617 multitudinem
2101 3562 2157 3615 in

556 3672 714 3712 unum
745 3671 765 3712 :
790 3655 1112 3712 collectivum
1152 3656 1288 3710 enim
1314 3657 1595 3710 multorum
1630 3656 1684 3709 in
1716 3671 1872 3709 unum
1916 3664 2155 3709 naturam

555 3748 747 3817 species
771 3758 865 3814 est,
902 3756 948 3801 et
969 3748 1133 3817 magis
1172 3748 1327 3802 etiam
1357 3765 1534 3818 genus.
1568 3746 1919 3807 Particularia
1959 3762 2077 3801 vero
2108 3756 2157 3802 et

558 3828 920 3911 singulariae
949 3840 1233 3907 contrario,
1283 3840 1338 3893 in
1387 3840 1765 3894 multitudinem
1810 3857 2008 3910 semper
2029 3840 2159 3894 diei:

542 3936 692 3989 dunt
737 3933 792 3987 id
822 3934 959 4003 quod
997 3950 1154 3988 unttm
1183 3943 1287 3999 est,
1322 3932 1715 4002 participatione
1755 3934 1891 3993 enim
1932 3933 2156 4004 speciei,

558 4025 731 4096 plures
784 4024 1043 4092 homines,
1085 4033 1205 4077 sunt
1249 4040 1384 4077 unus
1433 4024 1584 4078 homo
1610 4067 1624 4091 ,
1671 4023 1724 4077 in
1763 4023 2158 4092 particularibus

559 4108 800 4173 autemet
825 4116 1193 4190 singularibus,
1227 4133 1360 4171 unus
1396 4128 1443 4171 et
1472 4100 1997 4189 communis,plures;
2030 4120 2161 4173 divi-

559 4210 720 4263 sivum
746 4208 879 4264 enim
913 4217 987 4264 est
1017 4224 1213 4279 semper
1242 4208 1381 4279 quod
1392 4207 1667 4280 singulare
1695 4219 1769 4263 est
1787 4253 1800 4278 ,
1840 4208 2158 4264 collectivum

560 4308 727 4353 autem
759 4308 804 4353 et
826 4299 1162 4354 adunativum
1181 4299 1319 4370 quod
1348 4316 1615 4354 commune
1633 4310 1727 4356 est.
1760 4306 1773 4341 ὲ
2154 4343 2158 4347 .

635 4391 882 4447 Dividere
928 4391 1071 4447 enim
1110 4400 1196 4447 est
1249 4392 1303 4447 in
1349 4390 1745 4451 multitudinem
1774 4392 1940 4461 quod
1992 4408 2158 4449 unum

560 4492 686 4537 ante
717 4482 889 4538 luerat
917 4482 1240 4542 dissolvere.
1280 4484 1574 4553 Omnisque
1612 4484 1812 4541 divisio
1851 4487 2159 4542 econtrario

559 4573 1006 4643 compositionem
1050 4574 1597 4646 coiajunctionemque
1644 4576 1956 4646 meditatur.
2003 4578 2158 4647 Quod

2258 3394 2455 3449 semper
2474 3382 2608 3434 enim
2632 3378 2812 3433 divisio
2841 3379 3040 3450 generis
3059 3379 3114 3432 in
3142 3379 3332 3446 species
3362 3377 3530 3449 plures
3550 3386 3658 3442 est,
3690 3392 3857 3448 genus

2260 3472 2466 3544 quidem
2490 3486 2689 3543 semper
2717 3471 2781 3523 de
2817 3470 3083 3539 speciebus
3105 3470 3439 3539 pradicatur,
3477 3479 3524 3525 et
3566 3470 3739 3525 omnia
3772 3485 3863 3523 su-

2260 3566 2465 3636 periora
2492 3564 2554 3618 de
2593 3562 2950 3631 inferioribus,
2982 3562 3173 3632 species
3203 3571 3376 3617 autent
3406 3578 3567 3630 neque
3592 3563 3656 3617 de
3685 3564 3862 3635 proxi-

2262 3674 2345 3712 mo
2366 3657 2461 3711 sibi
2483 3671 2700 3727 genere,
2732 3670 2894 3725 neque
2914 3654 2976 3708 de
2994 3655 3363 3723 superioribus,
3392 3673 3550 3727 neque
3577 3658 3711 3712 enim
3741 3672 3863 3711 cors.

2260 3751 2493 3807 vertitur.
2518 3749 2733 3817 Oportet
2761 3748 2897 3803 enim
2920 3757 3019 3801 aut
3043 3764 3189 3818 requa
3210 3750 3274 3803 de
3299 3749 3455 3819 atquis
3477 3749 3750 3820 pradicari
3768 3790 3783 3815 ,
3805 3757 3864 3803 ut

2262 3841 2511 3896 hinnibile
2536 3841 2599 3897 de
2621 3856 2771 3911 equo,
2796 3848 2885 3894 aut
2916 3843 3118 3913 majora
3140 3842 3203 3895 de
3226 3842 3509 3897 minoribus
3528 3884 3544 3908 ,
3578 3852 3631 3894 ut
3665 3842 3864 3897 animal

2263 3932 2327 3988 de
2358 3934 2589 3998 homine,
2639 3934 2840 3990 minora
2866 3949 2983 3989 vero
3013 3934 3077 3988 de
3111 3934 3429 4005 majoribus,
3460 3936 3668 4007 minime
3714 3953 3735 3991 :
3771 3950 3866 3989 nec

2262 4027 2397 4081 enim
2423 4026 2620 4079 animal
2650 4026 2779 4081 dicis
2819 4042 2924 4081 esse
2950 4028 3238 4096 hominem,
3267 4029 3705 4098 quemadmodum
3734 4030 3866 4088 dicis

2262 4118 2523 4173 hominem
2546 4117 2775 4186 animal,
2803 4119 2866 4173 de
2897 4120 3080 4189 quibus
3108 4130 3276 4175 autem
3305 4122 3506 4196 species.
3527 4122 3865 4192 pradicatur,

2264 4210 2328 4265 de
2354 4210 2434 4265 his
2466 4211 2754 4266 necessario
2784 4220 2831 4265 et
2858 4212 3046 4282 speciei
3073 4228 3231 4285 genus
3256 4213 3571 4283 prwdicatur
3593 4224 3642 4269 et
3663 4216 3865 4286 generis

2262 4320 2453 4376 genus,
2486 4320 2648 4373 usque
2675 4304 2743 4360 ad
2795 4304 3257 4375 generalissimum.
3292 4303 3352 4361 Si
3390 4307 3527 4361 enim
3566 4323 3741 4361 verum
3789 4316 3865 4361 est

2264 4392 2434 4452 dicere
2478 4413 2497 4452 .'
2530 4396 2801 4452 Socratem
2826 4397 3119 4462 hominem,
3144 4398 3401 4451 hominem
3426 4408 3595 4453 autem
3625 4398 3820 4452 animal
3844 4438 3864 4464 ,

2261 4492 2457 4546 aitirnal
2489 4508 2607 4548 vero
2633 4491 3002 4559 substantiam,
3031 4506 3204 4545 verum
3247 4501 3321 4546 est
3363 4490 3627 4547 Socratem
3666 4491 3865 4545 atiimal

2264 4584 2432 4659 dicere
2458 4594 2614 4655 atque
2639 4585 3028 4638 substantiam:
3048 4597 3244 4652 semper
3264 4584 3422 4655 igitur
3450 4571 3864 4653 cum-superiora

559 4667 704 4721 enim
736 4681 856 4721 cum
888 4668 957 4722 sit
991 4684 1155 4723 unum
1192 4668 1562 4742 dispartiendo
1601 4671 1878 4739 dividitur,
1926 4673 2156 4745 idipsum
2184 4678 2238 4740 D
2262 4677 2326 4731 de
2352 4677 2683 4747 inferioribus
2718 4677 3085 4747 prtedicentur,
3120 4676 3311 4747 species
3342 4675 3549 4744 quidem
3580 4676 3642 4728 de
3674 4677 3865 4729 indivi-

502 4836 505 4839 _
559 4772 628 4813 ex
663 4758 904 4827 pluribus
947 4776 1132 4816 rursus
1174 4761 1414 4830 partibus
1458 4762 1747 4819 adunando
1791 4762 2152 4837 cbmpnnitur.

558 4847 629 4906 Ut
658 4849 819 4919 igitur
844 4852 1091 4921 superius
1120 4851 1324 4908 dictum
1371 4858 1473 4917 est,
1508 4854 1903 4911 individuorum
1934 4858 2153 4928 quidem

504 5018 508 5023 _
548 4942 964 4999 similitudinem
996 4945 1205 5016 species
1230 4946 1449 5016 colligit.
1480 4946 1793 5017 Specierum
1827 4965 1955 5004 vero
1986 4966 2155 5021 genus

476 5056 479 5057 ν
557 5034 853 5092 similitudo
892 5045 1069 5092 autem
1102 5036 1237 5093 nihil
1266 5046 1351 5093 est
1384 5037 1527 5093 aliud
1569 5039 1673 5094 nisi
1695 5028 1941 5110 quazdam
1978 5042 2156 5098 unitas

557 5126 866 5202 qualitatis,
897 5145 1026 5201 ergo
1071 5118 1479 5189 substantialem
1517 5133 1925 5192 similitudinem
1959 5136 2156 5191 indivi—

557 5226 787 5282 duorum
833 5228 1039 5299 species
1071 5225 1328 5296 Colligere
1360 5226 1701 5283 manifestum
1749 5234 1852 5283 est.
1891 5227 2155 5285 SubSIan-

558 5318 739 5374 tialem
767 5308 895 5376 vero
930 5318 1338 5376 similitudinem
1380 5321 1681 5390 specierum
1712 5306 1912 5393 genera
1939 5330 2157 5377 contra-

557 5409 694 5466 hunt
717 5453 732 5480 ,
776 5420 831 5468 et
855 5412 922 5467 ad
949 5412 1128 5482 seipsa
1154 5411 1443 5467 reducunt.
1469 5412 1675 5469 Rursus
1706 5414 1921 5485 generis
1949 5411 2158 5469 aduna-

561 5500 760 5559 tionem
790 5502 1107 5560 dill'erentire
1133 5502 1462 5561 distribuunt
1498 5505 1551 5561 in
1577 5506 1815 5577 species,
1845 5506 2157 5578 specieique

559 5592 942 5652 adunationem
995 5596 1049 5650 in
1100 5594 1407 5665 singulares
1436 5596 1849 5669 individuasque
1890 5611 2152 5667 personas

559 5686 857 5742 accidentia
884 5690 1205 5758 partiuntur.
1229 5688 1361 5746 Cum
1391 5690 1560 5763 igitur.
1582 5692 1682 5747 hoc
1711 5693 1781 5747 ita
1812 5693 1902 5757 sit,
1935 5706 2157 5748 necesse

559 5787 645 5833 est
672 5792 886 5850 semper
906 5795 1028 5837 cum
1058 5797 1087 5837 a
1114 5796 1314 5852 genere
1338 5780 1627 5838 descendis
1653 5783 1720 5838 ad
1748 5783 1989 5853 species,
2020 5782 2158 5838 divi-

563 5869 761 5945 dendo,
784 5887 997 5949 semper
1024 5873 1201 5939 facere
1222 5872 1642 5934 multitudinem.
1667 5872 1799 5935 Cum
1829 5889 1959 5936 vero
1979 5890 2011 5935 a
2032 5890 2158 5950 spe-

2260 4768 2364 4823 duo
2394 4769 2782 4839 prwdicabitur,
2813 4785 2972 4841 genus
2994 4776 3166 4823 autem
3193 4778 3241 4822 et
3276 4768 3340 4823 de
3359 4769 3527 4838 specie
3554 4780 3599 4823 et
3627 4769 3691 4823 de
3725 4769 3865 4823 indi-

2260 4861 2416 4916 viduo
2439 4880 2456 4926 ;
2483 4861 2922 4933 generaliuimum
2948 4870 3131 4927 autem
3149 4869 3196 4914 et
3223 4860 3287 4913 de
3309 4875 3508 4931 genere,
3544 4868 3590 4915 et
3614 4859 3677 4914 de
3710 4877 3864 4930 gene-

2261 4953 2424 5017 ribus,
2449 4952 2493 5006 si
2515 4951 2670 5023 plura
2690 4960 2810 5006 sunt
2831 4952 3000 5006 media
3020 4961 3067 5004 et
3095 4949 3415 5018 subalterna,
3444 4958 3489 5004 et
3511 4951 3574 5004 de
3598 4953 3789 5019 specie,
3816 4960 3864 5006 et
3926 5014 3943 5021 ε

2261 5046 2325 5098 de
2345 5044 2614 5098 individuo
2647 5038 2891 5097 {dicitur
2920 5044 3057 5100 enim
3089 5043 3864 5114 generalissimumguidem’de

2263 5135 2497 5189 omnibus
2531 5134 2625 5189 sub
2647 5151 2701 5189 se
2730 5121 2910 5205 positis
2940 5134 3211 5206 generibus
3232 5143 3279 5189 et
3296 5120 3563 5203 speciebus
3601 5146 3648 5189 et
3671 5136 3863 5191 indivi-

2262 5228 2409 5294 duis;
2462 5244 2623 5299 genus
2666 5238 2837 5282 autem
2875 5226 3013 5296 qu'od
3041 5238 3159 5281 ante
3197 5223 3623 5296 specialissimum
3650 5238 3756 5295 est,
3801 5229 3864 5283 de

2261 5320 2494 5374 omnibus
2528 5319 2915 5390 specialissimis
2959 5329 3005 5373 et
3053 5320 3118 5372 de
3144 5308 3455 5384 individuis,
3494 5318 3663 5374 solum
3693 5330 3862 5374 autent

2261 5412 2453 5482 species
2480 5411 2543 5466 de
2565 5411 2797 5466 omnibus
2826 5410 3132 5477 individuis,
3164 5408 3488 5466 individuum
3529 5423 3697 5466 autem
3729 5392 3861 5482 prie?

2264 5506 2467 5559 dicatur
2489 5506 2553 5561 de
2572 5522 2675 5559 uno
2710 5506 2821 5559 solo
2848 5505 3176 5579 particulari.
3212 5504 3549 5559 Individuum
3583 5517 3751 5559 autem
3781 5506 3860 5557 di-

2264 5598 2396 5651 citur
2437 5597 2705 5664 Socrates,
2748 5596 2914 5651 ethoc
2938 5595 3141 5664 album,
3185 5603 3231 5651 et
3273 5598 3354 5651 hic
3393 5598 3594 5653 veniens
3625 5596 3859 5667 Sophro-

2263 5689 2393 5745 nisci
2416 5689 2587 5759 filgus,
2611 5689 2653 5744 si
2680 5687 2817 5744 solus
2848 5690 2912 5743 sit
2940 5689 2987 5744 ei
3016 5689 3254 5746 Socrates
3282 5691 3441 5757 ﬁlius.

2336 5781 2580 5838 Breviter
2620 5796 2959 5852 quaecunque
2997 5781 3244 5849 superius
3269 5779 3410 5835 dicta
3453 5789 3578 5835 sunt
3619 5796 3856 5836 commeo

2264 5884 2442 5937 morat
2467 5876 2569 5935 hoc
2598 5874 2796 5936 modo;
2826 5874 2983 5945 Cum,
3015 5872 3207 5946 inquit,
3246 5872 3699 5949 assignaverimus
3730 5873 3853 5951 quid

2662 6052 2671 6061 ε
2753 6047 2765 6065 δ
2814 6039 2874 6067 ,γ’
