4106 6336
311 339 411 397 115

1241 330 1308 389 IN
1345 327 1790 390 PORPHYRIUM
1828 324 2475 385 COMMENTARIORUM
2513 324 2641 384 LIB.
2682 323 2770 383 Ill.

3497 328 3615 404 mg

309 457 378 512 sit
405 467 604 525 genus,
644 459 698 509 et
725 451 853 525 quid
896 450 1106 523 species
1147 465 1159 503 :
1201 464 1429 519 cumque
1465 448 1578 503 suis
1623 447 1784 502 etiam
1839 460 1900 501 ea
1931 443 2390 516 Aprtndicantur,
2433 452 2493 499 ut
2534 444 2783 500 Socrates
2831 451 2884 500 et
2933 444 3110 513 Plato,
3160 459 3330 516 eaque
3367 449 3600 504 maxime

311 547 725 604 dillinitionibus
806 543 1377 616 comprehenderimus
1457 541 1909 612 doeuerimusque

315 654 485 710 genus
517 652 730 708 semper
752 637 805 692 in
830 637 1089 707 plurimas
1120 633 1325 707 species
1350 633 1504 699 solvi,
1537 633 1689 700 illud,
1713 633 1906 701 inquit,

314 734 690 804 adiungimus,
721 731 976 802 quoniam
1019 730 1196 785 omnia
1229 728 1508 800 superiora
1550 727 1617 783 de
1641 726 1906 782 interiori-

317 828 418 882 bus
465 825 851 896 prmdicantur,
885 821 1138 879 inferiora
1172 821 1240 878 de
1269 822 1636 891 superioribus
1669 820 1909 875 minime.

317 922 384 977 Et
419 936 482 976 ea
524 934 640 991 quae
683 927 811 973 sunt
852 917 1003 973 utilia
1049 916 1115 972 de
1167 915 1564 988 praedicationis
1603 913 1764 970 modo
1806 915 1912 970 rite

317 1019 634 1083 pertractat.
665 1008 912 1066 Ostendit
943 1017 1119 1063 autem
1151 1022 1313 1062 ttnum
1340 1021 1508 1078 genus
1554 1006 1607 1061 in
1655 1005 1911 1077 plurimas

315 1105 523 1174 species
564 1104 702 1161 solvi
748 1117 963 1174 semper
999 1101 1268 1172 assignata
1314 1099 1527 1170 generis
1564 1097 1908 1157 dilllnitione.

315 1196 468 1263 Quod
500 1196 642 1252 enim
669 1194 736 1252 de
766 1194 1012 1263 pluribus
1041 1193 1204 1249 rebus
1233 1191 1417 1263 specie
1455 1189 1825 1247 differentibus
1857 1193 1911 1246 in

314 1301 382 1344 eo
419 1286 561 1357 quod
590 1286 715 1358 quid
744 1286 814 1342 sit
845 1284 1252 1356 praedicaretur,
1292 1297 1414 1338 esse
1444 1281 1695 1338 dit‘iinivit
1718 1297 1908 1353 genus.

316 1375 455 1433 Nihil
486 1385 664 1431 autem
695 1384 822 1431 sunt
845 1374 1092 1448 plurimae
1119 1388 1207 1429 res
1234 1372 1416 1446 specie
1444 1372 1779 1442 dillerentes,
1807 1373 1912 1429 nisi

317 1467 561 1539 plurimm
587 1467 826 1538 species;
853 1466 919 1521 de
939 1466 1136 1536 quibus
1158 1473 1337 1520 autem
1369 1465 1693 1534 praedicatur
1717 1478 1909 1534 genus,

315 1561 372 1616 in
395 1575 457 1616 ea
485 1560 598 1630 ipsa
628 1559 960 1614 dissolvitur.
985 1558 1272 1614 OStensum
1301 1566 1384 1613 est
1414 1557 1574 1629 igitur
1603 1572 1673 1613 ex
1705 1557 1910 1612 difﬁni-

318 1653 483 1708 tionis
509 1653 890 1723 assignationc,
913 1652 1071 1706 unius
1088 1652 1304 1722 generis
1325 1666 1540 1722 semper
1559 1666 1680 1708 esse
1701 1654 1912 1722 species

318 1745 505 1815 plures
531 1786 546 1810 ,
586 1759 707 1815 qua:
735 1759 854 1799 cum
880 1745 950 1798 ita
977 1743 1113 1809 sint,
1155 1759 1328 1814 genus
1359 1745 1578 1814 quidem
1621 1746 1690 1801 de
1733 1746 1913 1816 specie

2012 547 2135 594 sunt
2177 537 2470 606 individua,
2505 553 2622 608 quae
2657 539 2758 593 sub
2788 541 3128 609 ostensione,
3166 541 3602 614 indicatioueque

2012 630 2159 699 digiti
2187 631 2406 697 cadunt,
2438 639 2498 684 ut
2527 630 2629 685 hoc
2659 646 2960 698 scamnum,
2988 642 3040 689 et
3064 633 3152 690 hic
3170 635 3410 704 veniens,
3431 650 3601 706 eaque

2013 738 2134 796 quae
2165 738 2230 778 ex
2277 723 2450 794 aliqua
2481 723 2809 792 pr0prietate
2858 725 3216 782 accidentium
3255 727 3603 799 designantur

2015 825 2162 883 nota,
2194 825 2252 870 ut
2282 816 2324 871 si
2366 815 2486 886 quis
2531 813 2808 872 Socratem
2837 817 3229 888 signiﬁcatione
3269 820 3394 875 velit
3426 829 3606 876 osten-

2015 910 2165 978 dere,
2193 924 2300 965 uon
2328 907 2470 964 dicat
2497 907 2748 966 Socrates
2769 952 2783 978 ,
2835 925 2903 968 ne
2945 911 3018 966 sit
3045 911 3181 966 alius
3215 912 3304 983 qui
3335 911 3475 969 forte
3505 913 3608 968 hoc

2015 1001 2237 1058 nomine
2266 1010 2622 1073 nuncupetur,
2651 1002 2748 1058 sed
2777 1003 2921 1059 dicat
2949 999 3301 1074 Sophronisci
3343 1004 3484 1062 titius
3505 1051 3518 1076 ,
3561 1007 3608 1060 si

1979 1097 2208 1189 .unicus
2253 1094 2602 1166 Sophronisci
2633 1093 2797 1150 fuerit
2837 1113 2849 1149 :
2881 1094 3151 1152 individua
3189 1097 3333 1153 enim
3373 1097 3609 1153 maxime

2017 1189 2230 1247 ostendi
2261 1198 2481 1260 queunt,
2515 1189 2559 1244 si
2582 1189 2666 1244 vel
2691 1189 2852 1245 tacito
2875 1190 3111 1256 nomine,
3141 1193 3317 1246 sensui
3352 1190 3455 1261 ipsi
3482 1205 3609 1246 ocu-

2017 1284 2191 1340 lorum
2245 1283 2446 1355 digito,
2504 1292 2715 1341 tactuve
2745 1291 3148 1351 monstrentur,
3190 1285 3275 1341 vel
3320 1300 3386 1340 ex
3430 1286 3610 1357 aliquo

2019 1375 2234 1446 proprio
2284 1375 2504 1430 nomine
2531 1417 2546 1443 ,
2578 1375 2623 1431 si
2663 1375 2810 1432 solus
2834 1375 2962 1430 illud
3003 1374 3227 1446 adeptus
3256 1384 3341 1432 est
3365 1392 3561 1435 nomen
3591 1395 3608 1436 :

2017 1467 2103 1524 vel
2133 1469 2178 1522 si
2201 1482 2266 1524 ex
2299 1468 2633 1538 parentibus,
2664 1469 2710 1524 si
2737 1469 2949 1524 illorum
2978 1476 3063 1525 est
3093 1470 3282 1526 unicus
3314 1469 3484 1538 illius,
3524 1471 3610 1528 vel

2017 1562 2063 1616 si
2092 1576 2158 1617 ex
2187 1562 2428 1631 quolibet
2459 1562 2565 1616 alio
2609 1561 2872 1618 accidenti
2901 1562 3242 1632 singularitas
3270 1563 3612 1618 demonstra-

2018 1663 2123 1717 tur,
2174 1667 2240 1709 eo
2269 1654 2412 1724 quod
2459 1653 2754 1709 accidentia
2781 1654 2847 1709 ad
2874 1670 3031 1710 unam
3065 1670 3123 1711 se
3171 1654 3612 1724 praedicationem

2019 1745 2279 1813 habeant,
2305 1746 2528 1816 ejusque
2556 1747 2642 1802 vel
2672 1746 2982 1817 praedicatio
3005 1746 3086 1801 vel
3115 1746 3277 1802 dictio
3307 1761 3414 1801 non
3436 1755 3612 1801 trans-

316 1838 675 1908 praedicatur,
707 1839 915 1908 species
971 1854 1102 1894 vero
1149 1839 1216 1895 de
1264 1839 1584 1904 individuis,
1632 1841 1914 1909 omniaque
1945 1842 1992 1904 Β
2019 1851 2106 1898 eat
2153 1841 2220 1896 ad
2251 1841 2510 1906 alterum,
2540 1839 2678 1896 sicut
2711 1840 2923 1910 generis
2953 1839 3095 1911 quod
3125 1839 3192 1895 ad
3219 1839 3460 1909 species,
3490 1853 3612 1908 spec
3684 1840 3698 1849 '

313 1929 595 2000 superiora
643 1928 709 1984 de
735 1929 1112 1998 inferioribus,
1148 1930 1410 1986 inferiora
1449 1931 1518 1987 de
1539 1932 1910 2002 superioribus

313 2024 462 2080 nullo
491 2022 674 2080 modo.
713 2023 773 2080 id
803 2039 971 2096 quare
1001 2024 1213 2080 eveniat
1239 2026 1428 2096 paucis
1455 2025 1753 2081 absolvam.
1781 2025 1912 2092 Quae

314 2117 591 2187 superiora
615 2127 764 2184 sunt,
788 2118 1157 2175 substantialis
1195 2134 1257 2175 ea
1284 2135 1482 2190 genera
1511 2133 1634 2175 esse
1660 2120 1911 2190 praedixi-

315 2224 434 2265 mus
480 2225 628 2282 :qua
659 2226 787 2267 vero
817 2226 1015 2283 genera
1062 2221 1224 2278 sunt,
1282 2212 1540 2283 ampliora
1580 2219 1706 2267 sunt
1751 2227 1910 2281 quam

315 2317 647 2374 unaqua-que
671 2305 901 2375 species.
934 2304 1117 2376 Neque
1138 2306 1285 2361 enim
1310 2306 1366 2360 in
1389 2305 1619 2375 plurima
1647 2304 1914 2360 dividere-

317 2407 405 2452 tur
428 2414 620 2468 genus,
653 2397 757 2453 nisi
790 2399 856 2454 ab
883 2413 1202 2470 unaquaque
1231 2399 1411 2470 specie
1433 2397 1608 2468 majus
1629 2398 1906 2454 existeret.

315 2488 372 2544 Id
403 2505 524 2544 cum
550 2489 624 2546 ira
648 2489 747 2556 sit,
776 2505 970 2546 nomen
999 2491 1215 2560 generis
1245 2490 1342 2544 toti
1369 2488 1625 2544 convenit
1661 2488 1865 2559 speciei
1895 2506 1910 2545 :

317 2598 426 2638 non
459 2583 600 2638 enim
641 2592 951 2653 coaequatur
986 2582 1159 2637 solum
1201 2581 1403 2651 speciei
1444 2580 1662 2652 generis
1706 2579 1913 2650 magni-

317 2672 478 2739 tudo,
529 2673 882 2729 vcrumetiam
948 2673 1184 2744 speciem
1233 2672 1406 2742 ipsam
1449 2670 1778 2742 supervadit.
1830 2670 1916 2725 ld-

315 2767 466 2822 circo
507 2765 673 2836 igitur
701 2766 876 2822 omnis
915 2766 1077 2822 homo
1099 2765 1298 2822 animal
1327 2776 1440 2832 est,
1473 2766 1728 2836 quoniam
1775 2766 1915 2821 intra

315 2857 564 2914 animalis
622 2857 943 2913 vocabulum
995 2867 1049 2912 et
1106 2859 1268 2914 homo
1321 2866 1376 2912 et
1423 2865 1618 2913 caetera
1664 2857 1914 2912 animalia

315 2948 688 3005 continentur.
737 2949 808 3004 At
846 2963 978 3006 vero
1014 2949 1195 3005 nullus
1225 2948 1454 3014 dixerit,
1508 2963 1669 3004 omne
1719 2949 1916 3004 animal

317 3041 482 3096 homo
504 3049 615 3108 est;
645 3056 751 3097 non
784 3042 925 3097 enim
953 3042 1198 3112 pervenit
1219 3040 1286 3096 ad
1319 3050 1488 3096 totum
1517 3041 1716 3096 animal
1742 3040 1916 3097 homi-

317 3132 404 3186 nis
440 3146 664 3200 nomen,
709 3133 833 3204 quia
857 3147 975 3188 cum
1014 3134 1084 3189 sit
1109 3133 1310 3203 minus,
1339 3132 1486 3188 nullo
1509 3131 1670 3188 modo
1698 3133 1914 3204 generis

316 3225 578 3281 vocabulo
627 3235 950 3296 coaequatur.
999 3224 1184 3296 itaque
1241 3239 1360 3295 quae
1407 3223 1610 3294 majora
1659 3233 1785 3279 sunt
1843 3223 1909 3280 de
1937 3224 1986 3291 ο

315 3316 616 3374 minoribus
643 3316 1028 3388 praedicantur,
1057 3331 1176 3388 quae
1203 3330 1333 3371 vero
1363 3315 1572 3371 minora
1601 3322 1752 3382 sunt,
1802 3329 1910 3371 non

317 3419 705 3468 convertuntur
740 3419 802 3467 ut.
831 3411 899 3466 de
929 3409 1222 3481 majoribus
1246 3409 1628 3480 prtedicentur.
1665 3411 1735 3464 At
1780 3424 1910 3465 vero

316 3506 362 3560 si
384 3519 489 3575 qua
512 3505 619 3562 sint
649 3504 899 3576 aequalia,
931 3519 992 3560 ea
1029 3503 1322 3560 secundum
1356 3513 1563 3559 natura:
1590 3501 1912 3573 parilitatem

317 3601 562 3657 converti
590 3614 818 3656 necesse
846 3607 950 3666 est,
978 3605 1038 3653 ut
1064 3597 1325 3654 hinnibile
1363 3606 1524 3668 atque
1553 3613 1721 3666 equus
1739 3641 1753 3665 ,
1780 3612 1916 3667 quo-

317 3693 463 3747 niam
493 3693 564 3747 ita
587 3691 804 3747 sibimet
830 3696 1201 3761 coaequantur,
1230 3697 1285 3743 ut
1311 3703 1482 3758 neque
1510 3703 1678 3760 equus
1710 3689 1782 3743 sit
1809 3688 1916 3744 nisi

318 3783 613 3850 hinnibile,
664 3798 842 3856 neque
883 3782 1012 3853 quid
1043 3783 1112 3838 sit
1140 3779 1432 3851 hinnibile,
1467 3782 1566 3836 nisi
1609 3797 1795 3853 equus.
1831 3781 1917 3836 Fit

318 3891 446 3949 ergo
476 3885 536 3934 ut
586 3891 748 3935 omne
789 3875 1050 3932 hinnibile
1081 3889 1251 3947 equus
1280 3875 1388 3941 sit,
1441 3883 1494 3930 et
1533 3875 1708 3929 omnis
1747 3888 1917 3945 equus

319 3967 583 4024 hinnibile
607 4008 622 4034 ,
679 3981 800 4040 qua:
831 3982 953 4025 cum
984 3967 1057 4022 ita
1087 3967 1195 4023 sint
1236 3981 1296 4022 ea
1329 3981 1449 4036 quae
1487 3966 1766 4036 superiora
1794 3973 1919 4020 sunt

316 4073 428 4116 non
458 4058 620 4115 modo
646 4058 712 4115 de
743 4058 846 4115 sibi
880 4058 1140 4130 proximis
1164 4057 1505 4112 inferioribus
1534 4055 1915 4128 praedicantur,

319 4155 671 4208 verumetiam
699 4151 764 4209 de
794 4152 1109 4207 inferiorum
1141 4150 1488 4206 inferioribus
1523 4167 1534 4202 :
1567 4165 1688 4203 nam
1721 4149 1763 4202 si
1790 4148 1920 4202 illud

326 4245 612 4314 recipitur,
643 4254 699 4300 ut
729 4260 792 4301 ea
823 4260 943 4316 quae
969 4242 1252 4314 superiora
1292 4251 1418 4297 sunt
1468 4242 1533 4296 de
1579 4240 1921 4296 inferioribus

319 4338 704 4411 praedicentur,
733 4338 1048 4394 inferiorum
1079 4337 1331 4393 inferiora
1356 4335 1726 4406 superioribus
1751 4335 1921 4390 multo

319 4431 490 4500 magis
514 4431 765 4486 inferiora
808 4440 966 4497 sunt,
993 4432 1141 4486 velut
1173 4430 1477 4484 substantia
1505 4428 1828 4499 praedicatur
1855 4428 1924 4484 de

320 4520 540 4576 animali
574 4520 718 4590 quod
764 4530 849 4575 est
880 4520 1135 4584 inferius;
1177 4519 1269 4574 sed
1303 4518 1522 4572 animali
1568 4516 1791 4572 inl‘erius
1840 4527 1923 4588 est

321 4613 502 4678 homo,
535 4612 861 4682 pratdicatur
891 4613 1053 4682 igitur
1078 4611 1240 4668 etiam
1264 4609 1562 4664 substantia
1589 4610 1656 4664 de
1679 4609 1915 4665 homine.
1949 4612 2003 4675 ι)

320 4704 528 4762 Rursus
577 4706 832 4760 Socrates
877 4704 1101 4760 inferius
1142 4713 1225 4757 est
1251 4702 1509 4768 homine,
1537 4701 1921 4771 praedicabitur

321 4801 484 4870 igitur
537 4799 836 4853 substantia
869 4797 936 4854 de
962 4799 1208 4854 Socrate.
1251 4796 1436 4865 Itaque
1467 4795 1674 4862 species
1706 4795 1920 4864 quidem

323 4891 390 4945 de
423 4889 716 4944 individuis
755 4890 1114 4959 praedicantur
1149 4907 1160 4941 :
1201 4902 1398 4958 genera
1434 4900 1562 4940 vero
1597 4894 1651 4940 et
1691 4886 1758 4941 de
1799 4901 1922 4956 spe-

322 4985 507 5039 ciebus
537 4991 591 5038 et
621 4983 688 5038 de
730 4983 1050 5052 individuis,
1096 4981 1239 5053 quod
1272 4981 1514 5035 converti
1559 4994 1663 5033 non
1698 4987 1870 5048 potest
1901 4995 1913 5031 :

326 5089 450 5130 nam
494 5089 666 5145 neque
704 5074 973 5130 individua
1003 5074 1070 5128 de
1100 5072 1413 5144 speciebus,
1449 5080 1502 5125 et
1532 5071 1598 5126 de
1640 5069 1926 5142 generibus

323 5167 708 5238 praedicantur,
747 5182 848 5224 nec
894 5171 1102 5237 species
1131 5168 1196 5222 de
1227 5167 1533 5237 generibus.
1572 5165 1754 5234 Itaque
1787 5164 1844 5218 ﬁt
1870 5173 1929 5218 ut

323 5277 495 5333 genus
526 5261 741 5330 quidem
771 5260 1242 5332 generalissimum
1273 5259 1339 5313 de
1367 5255 1616 5312 omnibus
1657 5255 1927 5310 subalter-

321 5353 408 5408 nis
437 5354 727 5424 generibus
753 5352 1054 5422 praedicari,
1078 5361 1129 5408 et
1159 5352 1225 5407 de
1257 5351 1538 5422 speciebus
1570 5358 1624 5404 et
1651 5349 1714 5403 tle
1735 5348 1931 5402 indivi-

320 5446 445 5502 duis
478 5449 667 5516 p05sit,
700 5447 766 5502 de
796 5447 915 5515 ipso
949 5461 1080 5502 vero
1120 5446 1274 5500 nihil.
1313 5445 1567 5501 Ultimum
1601 5457 1730 5498 vero
1756 5457 1927 5512 genus

323 5538 375 5594 id
409 5547 586 5594 autem
615 5549 696 5594 est
723 5539 866 5609 quod
896 5547 1023 5594 ante
1059 5539 1477 5609 specialissimas
1509 5536 1718 5604 species
1757 5535 1926 5590 collo-

320 5644 477 5690 catur
509 5636 626 5688 siuc
661 5634 861 5702 medio,
892 5644 944 5690 et
969 5633 1038 5690 de
1062 5633 1190 5688 solis
1212 5631 1494 5701 speciebus
1523 5627 1924 5699 specialissimis

322 5726 428 5782 dici
478 5734 652 5795 potest
679 5736 734 5782 et
761 5727 827 5783 de
854 5741 1040 5783 earum
1071 5723 1359 5780 individuis
1389 5739 1402 5778 :
1447 5723 1656 5792 species
1696 5735 1822 5775 vero
1852 5720 1920 5774 de

323 5819 617 5876 individuis
643 5829 692 5878 ut
727 5820 930 5879 dictum
959 5830 1062 5890 est,
1096 5817 1369 5877 individua
1401 5815 1542 5873 enim
1584 5816 1650 5870 de
1696 5812 1916 5883 singulis

2018 1935 2222 1991 cierum
2251 1949 2376 1991 vero
2409 1934 2474 1988 ad
2505 1933 2798 1990 individua.

2089 2045 2370 2100 Indiridua
2407 2054 2579 2100 autem
2619 2045 2858 2099 dicuntur
2897 2035 3235 2116 bujusfnodi,
3267 2045 3510 2115 quoniam
3551 2063 3614 2102 ea:

2018 2138 2416 2208 proprietatibus
2456 2137 2686 2192 consistit
2728 2136 3127 2208 unumquodque
3153 2152 3358 2205 eorum,
3397 2155 3614 2210 quorum

2017 2227 2248 2281 collectio
2278 2242 2536 2297 nunquam
2568 2226 2620 2279 in
2651 2225 2756 2279 alio
2779 2224 3001 2295 quolibet
3023 2225 3200 2281 eadem
3231 2228 3345 2282 erit.
3385 2229 3616 2284 Socratis

2015 2317 2150 2373 enim
2197 2318 2536 2386 proprietates
2566 2332 2830 2388 nunquam
2870 2317 2923 2371 in
2972 2317 3147 2386 aliquo
3188 2318 3411 2390 quolibet
3468 2327 3616 2374 erunt

2019 2409 2415 2481 particularium
2441 2409 2651 2462 eaedem.
2685 2407 2786 2463 Hie
2817 2424 2930 2464 vero
2959 2423 3076 2480 qua:
3099 2419 3215 2465 sunt
3244 2411 3463 2466 hominis
3490 2428 3616 2485 pro-

2018 2501 2256 2569 prietates
2298 2516 2316 2553 :
2358 2500 2475 2553 dico
2507 2507 2674 2554 autent
2713 2501 2822 2570 ejus
2861 2501 2950 2572 qui
2991 2509 3063 2556 est
3105 2505 3425 2570 communis,
3470 2513 3616 2558 erunt

2018 2592 2208 2647 cedem
2231 2591 2486 2662 pluribus,
2512 2592 2674 2663 magis
2698 2600 2867 2645 autem
2887 2591 2941 2646 in
2961 2594 3196 2650 omnibus
3218 2595 3616 2665 particularibus

2017 2682 2306 2737 hominibus
2330 2683 2381 2736 in
2408 2699 2464 2737 eo
2488 2683 2624 2754 quod
2653 2683 2881 2739 homines
2904 2695 3044 2740 sunt.

2089 2795 2356 2864 Quoniam
2406 2796 2655 2865 superius
2702 2795 3038 2852 individuum
3078 2799 3407 2870 appellavit,
3459 2802 3618 2874 hujus

2018 2889 2254 2947 nominis
2307 2889 2569 2944 rationem
2619 2896 2847 2944 conatur
2894 2890 3180 2946 ostendere
3222 2906 3237 2944 :
3280 2907 3345 2948 ea
3389 2908 3619 2965 namque

2019 2984 2134 3039 sola
2166 2980 2480 3038 dividuntur
2507 2995 2627 3050 quae
2652 2980 2901 3052 pluribus
2929 2982 3234 3039 communia
3257 2994 3382 3040 sunt
3416 3002 3430 3040 :
3460 2988 3512 3041 in
3536 2985 3621 3043 his

2020 3079 2165 3135 enim
2189 3073 2613 3147 unumquodque
2637 3073 2916 3141 dividitur,
2945 3091 3174 3148 quorum
3202 3086 3284 3133 est
3308 3093 3617 3151 commune,

2020 3184 2355 3244 quorumque
2388 3177 2634 3223 naturam
2688 3180 2751 3222 ac
2799 3166 3179 3224 similationem
3213 3170 3473 3226 continet.
3525 3172 3620 3227 llla

2018 3278 2146 3320 vero
2175 3263 2228 3317 in
2258 3260 2452 3331 quibus
2479 3273 2766 3315 commune
2805 3257 3087 3329 dividitur,
3123 3261 3397 3317 communi
3427 3270 3619 3318 natura

2012 3354 2367 3428 participant,
2403 3350 2808 3422 proprietasque
2840 3351 3141 3406 communis
3187 3352 3266 3409 rei
3297 3352 3381 3408 his
3426 3354 3620 3424 quibus

2015 3446 2319 3503 communis
2345 3451 2428 3499 est
2449 3441 2726 3499 convenit.
2749 3443 2822 3497 At
2841 3456 2970 3498 vero
2990 3442 3289 3513 proprietas
3314 3443 3617 3499 individuo-

2016 3556 2134 3597 ru-m
2158 3538 2289 3595 nulli
2316 3536 2620 3594 communis
2643 3542 2747 3590 est.
2775 3534 3015 3590 Socratis
3041 3535 3183 3590 enim
3213 3536 3536 3606 proprietas,
3569 3535 3618 3591 si

2019 3631 2120 3687 fuit
2149 3632 2354 3694 calvus,
2380 3629 2571 3694 simus,
2599 3640 2869 3698 propensa
2898 3627 3042 3693 alvo,
3075 3626 3393 3696 ereterisque
3421 3642 3616 3696 corpo-

2019 3725 2094 3781 ris
2141 3722 2483 3780 lineamentis
2503 3762 2518 3786 ,
2547 3729 2640 3776 aut
2676 3735 2885 3775 morum
2927 3718 3296 3789 institutione,
3326 3730 3419 3775 aut
3445 3721 3617 3776 l'opnta

2019 3819 2168 3874 vocis
2200 3831 2307 3872 non
2340 3811 2696 3871 conveniebat
2728 3813 2782 3867 in
2803 3811 3031 3868 alterum
3062 3828 3076 3867 :
3102 3810 3188 3865 ba:
3206 3811 3350 3867 enim
3377 3812 3620 3881 proprie-

2022 3918 2196 3975 tates,
2236 3921 2356 3980 quze
2387 3921 2454 3962 ex
2493 3903 2864 3962 accidentibus
2911 3903 2962 3959 ei
3012 3903 3378 3970 obvenerant,
3409 3913 3463 3958 et
3501 3905 3620 3973 ejus

2022 4005 2249 4058 formam
2298 4000 2631 4070 ﬁguramque
2667 3998 3092 4066 conjunxeraut,
3126 3995 3178 4051 in
3209 3996 3412 4052 nullum
3453 3997 3619 4050 alium

2025 4092 2443 4151 conveniebant.
2502 4091 2667 4160 Cujus
2721 4104 2850 4144 vero
2905 4089 3260 4158 proprietates
3313 4089 3368 4143 in
3413 4087 3620 4143 nullum

2025 4187 2187 4240 alium
2231 4185 2594 4250 conveniunt,
2634 4182 2996 4252 proprietates
3037 4180 3154 4250 ejus
3201 4181 3332 4235 nulli
3373 4191 3621 4252 poterant

2033 4295 2153 4334 esse
2185 4292 2520 4333 communes.
2558 4277 2721 4346 Cujus
2755 4284 2933 4330 autem
2968 4275 3262 4344 proprietas
3293 4276 3425 4330 nulli
3473 4292 3620 4331 com-

2027 4373 2206 4428 munis
2223 4380 2328 4437 est,
2353 4370 2484 4425 nihil
2503 4367 2740 4438 estquod
2768 4367 2882 4436 ejus
2915 4367 3294 4436 proprietatem
3317 4369 3619 4437 participet.

2030 4465 2184 4534 Quod
2209 4479 2337 4518 vero
2358 4461 2462 4518 tale
2483 4469 2563 4516 est
2587 4468 2645 4514 ut
2669 4459 3050 4528 proprietatem
3069 4458 3186 4527 ejus
3213 4459 3390 4512 nullus
3406 4459 3623 4527 partici-

2031 4569 2122 4630 pet
2145 4551 2309 4612 dividi
2342 4557 2392 4610 in
2421 4570 2482 4610 ea
2512 4567 2631 4624 quae
2655 4567 2761 4606 non
2779 4551 3059 4620 participat
3097 4566 3203 4606 non
3232 4559 3410 4620 potest
3437 4569 3448 4604 :
3474 4561 3623 4607 recte

2029 4650 2189 4720 igitur
2238 4648 2351 4702 haec
2391 4659 2618 4716 quorum
2662 4643 3018 4714 proprietates
3060 4643 3115 4697 in
3143 4643 3305 4697 alium
3334 4657 3442 4697 non
3491 4659 3622 4699 con-

2033 4741 2292 4806 veniunt,
2327 4738 2598 4793 individua
2642 4744 3037 4805 nuncupantur.
3097 4735 3166 4789 At
3215 4749 3344 4790 vero
3388 4734 3623 4791 hominis

2033 4833 2353 4905 proprietas,
2388 4831 2438 4885 id
2462 4839 2543 4884 est
2576 4828 2825 4898 Specialis
2861 4827 3113 4882 convenit
3161 4827 3214 4882 in
3252 4827 3529 4883 Socratem
3569 4839 3625 4886 et

2032 4929 2309 4982 Platonem
2336 4933 2389 4979 et
2427 4924 2481 4978 in
2504 4931 2761 4988 caeteros,
2793 4937 3019 4992 quorum
3050 4921 3405 4990 proprietates
3443 4936 3507 4975 ex
3538 4936 3624 4974 ac-

2030 5021 2331 5077 cidentibus
2361 5021 2641 5075 venientes
2662 5061 2676 5086 ,
2705 5020 2758 5073 in
2790 5017 3081 5087 quemlibet
3112 5017 3273 5072 alium
3295 5017 3618 5088 singularem

2033 5115 2176 5170 nulla
2209 5112 2419 5168 ratione
2450 5112 2797 5167 conveniunt.

2104 5233 2403 5288 Continetur
2448 5233 2605 5304 igitur
2649 5232 2969 5285 individuum
3013 5232 3217 5301 quidem
3270 5230 3359 5285 sub
3409 5231 3574 5299 specie
3607 5272 3623 5298 ,

2033 5329 2225 5397 species
2257 5338 2423 5381 autem
2451 5325 2541 5380 sub
2573 5342 2773 5396 genere.
2807 5325 2990 5378 Totum
3028 5325 3163 5378 enim
3191 5323 3392 5393 quidem
3423 5333 3496 5374 est
3529 5340 3622 5391 ge-

2034 5439 2162 5490 nus,
2219 5421 2544 5475 individuum
2586 5429 2752 5472 autem
2785 5435 2937 5488 pars,
2982 5419 3170 5489 species
3208 5432 3321 5470 vero
3360 5424 3521 5468 totum
3574 5425 3624 5468 et

2031 5532 2150 5585 pars
2176 5530 2193 5566 :
2226 5514 2314 5568 sed
2343 5528 2464 5581 pars
2497 5513 2700 5582 quidem
2722 5512 2954 5573 alterius,
2986 5518 3142 5561 totum
3162 5523 3275 5561 vero
3298 5523 3398 5560 non
3414 5508 3624 5561 alterius

2027 5607 2117 5660 sed
2165 5608 2217 5659 in
2262 5606 2400 5658 aliis.
2439 5603 2504 5658 In
2549 5604 2781 5673 partibus
2819 5603 2950 5656 enim
2977 5608 3138 5652 totum
3177 5593 3273 5652 est.
3321 5597 3398 5652 De
3445 5615 3624 5668 genere

2029 5708 2235 5778 quidem
2288 5715 2334 5760 et
2362 5705 2555 5774 specie,
2592 5712 2637 5757 et
2672 5703 2794 5772 quid
2823 5703 2887 5753 sit
2915 5695 3354 5770 generalissintum
3374 5739 3389 5766 ,
3421 5708 3466 5753 et
3495 5699 3624 5769 quid

2026 5807 2476 5878 specialissitnum,
2510 5813 2557 5858 et
2585 5819 2700 5873 qua:
2725 5816 2910 5874 genera
2928 5837 2944 5865 ,
2978 5803 3024 5848 et
3052 5798 3244 5863 species
3267 5801 3439 5854 eadem
3479 5808 3620 5865 sunt,
