4066 6328
514 344 617 402 115

1751 342 1860 399 AN.
1895 341 2106 398 MANL.
2140 337 2291 397 SEV.
2318 338 2538 395 ‘BOETII

3682 343 3777 396 llo

515 474 562 518 et
592 479 704 532 quae
732 464 993 518 individua
1014 506 1027 529 ,
1056 473 1100 518 et
1135 470 1253 531 quot
1284 462 1445 517 modis
1474 479 1632 533 genus
1660 472 1709 517 et
1735 465 1926 536 species
1954 463 2095 517 dica-
2122 464 2179 525 Α
2206 459 2406 515 ldcirco
2447 460 2589 514 enim
2622 466 2787 514 totum
2829 458 3043 527 dicitur,
3095 460 3216 528 quia
3269 459 3415 529 plura
3444 458 3683 513 continet
3728 470 3779 516 et
3860 522 3873 529 χ

518 563 623 618 tur,
648 557 948 625 su/ﬁcienter
970 558 1161 608 dictant
1199 564 1291 607 est.

594 645 867 700 Retractat
897 645 1075 698 omnia
1100 644 1336 699 breviter
1363 659 1480 714 quae
1506 659 1666 714 supra
1685 644 1842 701 latius
1867 645 2100 702 absolvit

516 734 705 791 dit-ens
751 736 1082 790 individuum
1115 750 1142 788 a
1170 736 1346 804 Specie
1389 735 1681 802 contineri,
1721 737 1925 806 species
1970 752 2099 792 vero

514 827 664 896 ipsas
693 843 722 881 a
753 841 971 896 genere,
1007 826 1267 897 hujusque
1296 842 1509 881 causam
1531 828 1760 882 reddens
1785 830 1859 882 ait
1891 847 1903 882 :
1929 818 2110 885 Omne

515 933 685 984 genus
716 927 885 971 totum
916 927 1018 982 est,
1051 917 1381 972 individuum
1412 933 1540 972 vero
1570 933 1715 986 pars.
1745 919 1923 974 Genus
1954 920 2096 974 enim

513 1010 570 1065 in
597 1025 662 1064 eo
691 1009 833 1078 quod
857 1017 1026 1064 totum
1067 1017 1180 1073 est,
1214 1010 1452 1064 continet
1482 1018 1650 1066 totum
1675 1053 1689 1073 ,
1728 1019 1782 1064 et
1814 1012 1856 1065 si
1891 1013 2099 1081 Species

514 1115 637 1156 esse
654 1108 830 1170 potest
858 1118 872 1154 :
897 1111 1064 1155 totum
1085 1101 1226 1156 enim
1249 1117 1353 1156 non
1377 1113 1426 1157 ut
1448 1118 1617 1173 genus
1648 1114 1722 1158 est
1751 1105 1979 1171 Species,
2001 1104 2095 1160 sed

512 1202 576 1249 ut
599 1209 658 1247 ea
689 1209 807 1263 quae
828 1197 1147 1263 supponitur
1165 1196 1365 1263 generi.
1399 1195 1581 1250 Genus
1609 1196 1767 1264 igitur
1794 1196 1846 1250 in
1869 1212 1931 1250 eo
1954 1198 2096 1267 quod

512 1301 683 1357 genus
712 1295 821 1349 est,
846 1296 1014 1341 totum
1047 1294 1131 1341 est
1160 1287 1439 1355 speciebus
1472 1305 1484 1341 :
1510 1303 1723 1356 semper
1752 1288 1891 1341 enim
1931 1287 2097 1342 conti-

515 1384 609 1432 net
632 1391 743 1431 eas.
784 1378 848 1430 At
879 1391 1010 1431 vero
1040 1377 1371 1431 individuum
1402 1393 1615 1446 semper
1644 1385 1727 1432 est
1770 1394 1889 1445 pars
1915 1419 1929 1442 ,
1964 1394 2100 1432 nun-

513 1483 675 1535 quam
705 1468 847 1522 enim
892 1468 1064 1535 ipsum
1096 1467 1291 1537 aliquid
1321 1484 1415 1523 sua
1449 1469 1774 1537 preprietate
1801 1469 2091 1524 conc'udit.

512 1560 733 1628 Species
774 1575 939 1625 vero,
990 1566 1043 1614 et
1100 1575 1219 1627 pars
1253 1573 1305 1615 et
1331 1570 1499 1614 totum
1552 1571 1661 1621 est,
1714 1576 1833 1628 pars
1880 1561 2093 1629 quidem

513 1653 726 1720 generis
748 1697 763 1720 ,
810 1659 977 1705 totum
1009 1666 1139 1706 vero
1179 1652 1489 1707 individuis.
1528 1654 1733 1707 Etcum
1763 1668 1886 1721 pars
1917 1663 1999 1706 est
2027 1653 2092 1706 ad

429 1815 444 1826 .
513 1741 941 1811 singularitatem
974 1744 1225 1811 refertur,
1256 1760 1373 1798 cum
1411 1754 1577 1798 totum
1616 1744 1681 1798 ad
1712 1744 2092 1813 plnralitatem.

513 1836 777 1902 Quoniam
809 1836 948 1890 enim
970 1878 983 1901 ,
1016 1852 1177 1890 unum
1211 1852 1378 1906 genus
1422 1836 1662 1905 pluribus
1689 1836 1969 1904 speciebus
2008 1852 2096 1890 su-
2128 1838 2177 1903 Β
2204 1849 2310 1896 tem
2339 1858 2405 1897 ex
2439 1844 2625 1913 figura,
2659 1852 2751 1898 aut
2789 1860 2853 1899 ex
2880 1846 3094 1914 generis
3117 1844 3491 1913 suppositione
3513 1888 3526 1911 ,
3556 1850 3613 1896 ut
3642 1842 3788 1895 sulfi-
3884 1896 3888 1901 ι

510 1937 727 1997 perest,
760 1943 867 1983 una
889 1930 1139 1997 quaelibet
1166 1930 1373 1998 species
1399 1945 1523 1999 pars
1553 1942 1630 1984 eSt
1655 1930 1895 1999 generis,
1928 1929 1980 1983 id
2011 1939 2094 1984 est

513 2024 691 2077 unius.
744 2024 1005 2091 Quoniam
1050 2032 1228 2078 autem
1279 2025 1488 2095 species
1524 2023 1765 2093 pluribus
1808 2023 2095 2079 individuis

512 2125 733 2185 praeest,
758 2131 862 2171 non
893 2126 976 2171 est
1005 2117 1098 2171 uni
1138 2116 1411 2171 individuo
1442 2124 1644 2184 totum,
1690 2115 1787 2171 sed
1825 2115 2094 2184 plurimis.

2201 560 2439 607 coercet.
2472 550 2602 604 Nam
2637 559 2695 603 ut
2736 564 2859 619 pars
2885 550 2955 605 sit
2982 550 3204 620 aliquid,
3238 567 3397 604 unum
3425 550 3597 618 ipsum
3627 550 3780 605 unius

2201 660 2325 715 pars
2368 659 2488 699 esse
2523 645 2720 714 poterit
2773 661 2786 697 :
2828 652 2885 698 ut
2915 659 3046 699 vero
3074 652 3239 698 totum
3272 645 3373 709 sit,
3418 657 3578 697 unum
3610 643 3779 713 ipsum

2198 736 2356 792 unius
2390 745 2555 791 totum
2580 751 2699 791 esse
2723 752 2829 790 non
2859 737 3070 805 poterit.
3099 737 3303 791 Idcirco
3324 732 3543 792 alterius
3572 738 3781 807 quidem

2202 847 2326 903 pars
2371 841 2453 888 est
2504 833 2748 903 species,
2794 832 2915 887 aliis
2959 846 3090 887 vero
3133 839 3331 898 totum;
3365 832 3458 886 sed
3488 831 3555 886 de
3590 846 3785 901 genere

2199 923 2414 995 quidem
2442 934 2495 980 et
2517 926 2699 994 specie
2722 924 2921 978 dictum
2954 934 3066 990 est,
3098 932 3150 979 et
3179 923 3305 994 quid
3349 924 3418 978 sit
3443 923 3786 993 generalissi-

2201 1032 2345 1071 mum
2378 1030 2543 1086 genus
2568 1032 2582 1069 :
2609 1016 2861 1085 quoniam
2904 1015 2955 1069 id
2994 1015 3081 1070 cui
3112 1016 3310 1070 nullum
3342 1015 3485 1069 aliud
3524 1030 3784 1084 superpo-

2134 1158 2151 1173 ,
2200 1110 2345 1163 nitur
2372 1124 2561 1178 genus,
2584 1116 2640 1163 et
2660 1108 2785 1177 quid
2814 1107 3205 1178 specialissima
3230 1108 3440 1177 species
3476 1125 3487 1159 :
3533 1107 3784 1177 quoniam

2199 1217 2261 1257 ea
2291 1202 2377 1257 cui
2400 1203 2607 1272 species
2624 1202 2767 1257 nulla
2782 1201 3121 1272 supponitur,
3146 1210 3199 1256 et
3220 1217 3337 1270 quae
3363 1214 3559 1269 genera
3583 1199 3785 1253 eaedem

2200 1302 2322 1349 sunt
2349 1304 2401 1349 et
2429 1297 2654 1365 Species,
2689 1294 2895 1349 scilicet
2916 1295 3222 1349 subalterna
3245 1294 3441 1364 quibus
3473 1292 3671 1361 aliquid
3699 1306 3787 1345 su-

2200 1391 2532 1460 praponitur,
2558 1391 2756 1461 aliquid
2785 1406 2914 1445 vero
2942 1390 3289 1460 supponitur;
3322 1404 3440 1460 quas
3467 1391 3626 1444 etiam
3652 1387 3788 1441 indi-

2199 1478 2379 1544 vidua,
2412 1496 2475 1535 ea
2506 1482 2947 1550 scilicetquorum
2965 1480 3322 1551 proprietates
3340 1480 3489 1534 alteri
3512 1488 3788 1545 nequeunt

2199 1570 2524 1636 convenire,
2554 1579 2610 1626 et
2656 1579 2787 1641 quot
2816 1571 2990 1626 modis
3018 1585 3188 1640 genus
3226 1580 3279 1626 et
3325 1570 3532 1639 species
3571 1570 3784 1623 dicitttr.

2202 1658 2381 1716 Genus
2404 1663 2615 1731 quidem
2641 1670 2733 1717 aut
2751 1664 2800 1716 in
2819 1662 3178 1729 multitudine,
3202 1662 3365 1716 autin
3390 1663 3786 1731 procreatione,

2198 1762 2293 1805 aut
2318 1754 2371 1805 in
2401 1755 2804 1821 participatione
2832 1755 3147 1809 substantia:
3172 1754 3436 1820 consistit,
3465 1754 3671 1822 species
3694 1757 3789 1805 'au-

2203 1936 2406 1991 cienter
2438 1936 2635 1992 dictum
2690 1946 2791 1992 est.
2822 1938 3026 2005 Quibus
3073 1937 3349 2001 absolutis,
3380 1937 3594 1990 modum
3638 1936 3789 1989 volu-

2203 2029 2364 2083 minis
2407 2031 2735 2096 terminabo,
2768 2039 2823 2083 nt
2850 2031 3021 2099 quarti
3051 2044 3175 2084 area
3206 2029 3328 2083 libri
3354 2028 3670 2084 differentiae
3695 2042 3788 2082 re-

2207 2130 2471 2175 εει-γέων.

508 2264 3753 2293 μ..---------------ι-

1590 2356 1971 2460 LIBER
2047 2350 2698 2477 QUARTUS.

583 2611 661 2667 De
689 2604 990 2664 differentia
1015 2600 1306 2674 disputanti
1339 2610 1444 2653 non
1485 2613 1639 2668 reque
1665 2595 1796 2652 illud
1828 2596 1988 2651 debet
2016 2607 2103 2649 oc-

511 2717 761 2767 currere,
814 2698 955 2770 quod
1018 2697 1068 2749 in
1114 2692 1326 2763 generis
1387 2692 1694 2762 specleique
1749 2697 1981 2745 tractatu
2032 2688 2100 2742 de

508 2794 883 2854 collocationis
913 2791 1102 2847 ordine
1130 2787 1491 2860 quaerebatur.
1522 2787 1634 2842 Illic
1676 2785 1818 2841 enim
1854 2784 2101 2839 memini-

507 2902 636 2945 mus
652 2886 986 2957 iuquisitum,
1008 2898 1101 2937 cur
1119 2880 1525 2937 essetomnibus
1548 2879 1889 2948 praipositum
1908 2891 2098 2947 genus,

509 2958 667 3036 utid
715 2982 946 3050 primum
997 2977 1061 3031 ad
1109 2974 1526 3043 disputationem
1573 2973 1803 3037 veniret,
1844 2987 1940 3026 cur
1983 2981 2104 3040 post

511 3085 684 3143 genus
710 3070 918 3140 species
940 3075 1084 3123 esset
1112 3066 1337 3135 injecta;
1371 3078 1516 3117 nunc
1544 3078 1673 3118 vero
1710 3078 2101 3133 supervacuum

511 3167 597 3215 est
626 3160 806 3216 dicere
845 3175 941 3213 cur
972 3166 1090 3227 post
1139 3156 1373 3223 speciem
1406 3154 1709 3209 differentia
1749 3163 1958 3224 sumpta
2010 3154 2098 3220 sit,

2207 2609 2423 2664 genere,
2451 2597 2649 2667 specie,
2700 2614 2944 2667 numero,
2989 2599 3042 2655 in
3074 2599 3263 2668 quibus
3294 2597 3538 2653 omnibus
3576 2610 3665 2653 aut
3697 2614 3787 2654 se-

2206 2686 2438 2741 cundum
2482 2688 2860 2746 substantiales
2896 2691 3152 2760 quasdam
3192 2688 3517 2745 differentias
3560 2690 3658 2743 alia
3700 2706 3789 2745 res

2206 2776 2367 2836 distat
2390 2779 2458 2835 ab
2479 2781 2603 2848 alia,
2634 2792 2724 2837 aut
2766 2783 3059 2839 secundum
3092 2783 3357 2838 accidens.
3392 2782 3520 2837 Nam
3549 2799 3668 2851 qua:
3694 2799 3789 2853 ge-

2206 2886 2339 2928 nere
2377 2872 2461 2928 vel
2502 2875 2682 2944 specie
2711 2875 2933 2941 distant,
2982 2874 3425 2930 substantialibus
3466 2874 3787 2945 quibusdam

2205 2965 2524 3024 differentiis
2564 2967 2861 3040 disgregata
2893 2979 3034 3033 sunt,
3076 2969 3277 3025 idcirco
3303 2969 3551 3040 quoniam
3587 2983 3789 3041 genera

2206 3067 2260 3114 et
2299 3060 2506 3130 species
2541 3062 2857 3133 quibusdam
2895 3062 3210 3117 differentiis
3236 3061 3673 3117 substantialibus
3706 3062 3789 3116 in-

2207 3151 2524 3208 formantur.
2551 3153 2682 3208 Nam
2710 3171 2830 3210 cum
2868 3157 3031 3209 homo
3054 3153 3121 3209 ab
3155 3153 3345 3209 arbore
3377 3168 3571 3223 genere
3602 3152 3788 3216 distet,

514 3268 637 3309 cum
661 3253 785 3307 illud
809 3253 918 3323 jam
943 3252 1101 3305 fuerit
1131 3249 1439 3320 inquisitum
1464 3263 1558 3303 cur
1584 3263 1691 3304 non
1707 3259 1831 3304 ante
1861 3251 2097 3319 speciem
2130 3213 2179 3279 0
2210 3250 2459 3306 animalis
2499 3249 2770 3304 sensibilis
2807 3250 3035 3320 qualitas
3070 3250 3121 3302 in
3154 3262 3217 3302 eo
3245 3244 3598 3302 differentiam
3639 3245 3787 3300 facit.

514 3345 776 3401 collocata
806 3350 893 3400 sit.
926 3344 1076 3411 Quod
1098 3344 1141 3398 si
1172 3344 1364 3398 mirum
1391 3342 1667 3397 videbatur
1689 3344 1921 3412 Speciem
1946 3344 2098 3400 diffe-

516 3440 706 3495 rentiae
747 3440 798 3494 in
838 3439 1211 3509 diSputationis
1259 3440 1377 3495 loco
1410 3437 1573 3493 fuisse
1624 3444 1983 3508 prtepositam,
2030 3457 2099 3496 eo

516 3530 657 3601 quod
689 3532 986 3588 differentia
1021 3532 1383 3587 continentior
1411 3547 1472 3588 ac
1507 3536 1676 3602 magis
1706 3532 1932 3601 amplior
1958 3541 2100 3587 esset

516 3626 721 3695 specie,
755 3626 879 3696 quid
911 3632 993 3680 est
1017 3626 1157 3696 quod
1188 3627 1356 3696 possit
1384 3618 1611 3696 quisque
1641 3626 1845 3690 mirari.
1886 3628 1928 3681 si
1960 3642 2099 3681 eam-

516 3718 640 3773 dem
671 3717 1024 3773 differentiam
1049 3727 1173 3772 ante
1205 3719 1479 3787 proprium
1512 3726 1671 3788 atque
1715 3718 1962 3773 accidens
1987 3717 2099 3772 col~
2119 3719 2133 3731 '

516 3811 792 3870 locaverit.
823 3811 957 3864 Cum
988 3810 1261 3879 pr0prium
1291 3813 1446 3865 unius
1466 3825 1680 3881 semper
1706 3811 1776 3866 sit
1796 3810 2013 3881 speciei,
2045 3817 2101 3863 ut

516 3903 786 3973 pOSterius
833 3902 1306 3968 demonstrabitur,
1334 3901 1580 3957 accidens
1622 3917 1749 3956 vero
1775 3902 2097 3957 exteriorem

518 3995 807 4066 quamdam
833 3996 1079 4051 ostendat
1102 4003 1369 4063 naturam,
1402 4009 1501 4051 nec
1523 3996 1743 4050 omnino
1773 3996 1825 4050 in
1857 3996 2099 4051 substan-

520 4087 591 4141 tia
620 4088 960 4156 praedicetur,
992 4086 1293 4149 differentia
1317 4101 1446 4142 vero
1477 4095 1761 4157 utrumque
1806 4088 2097 4155 contineat,

518 4188 573 4234 et
600 4177 667 4234 de
694 4179 934 4248 pluribus
965 4178 1244 4247 speciebus
1267 4187 1321 4233 et
1348 4178 1400 4232 in
1433 4178 1729 4233 substantia
1758 4178 2096 4247 przrdicetur.

517 4271 625 4327 Sed
660 4272 773 4327 haec
800 4273 1077 4340 hactenus,
1103 4287 1245 4327 nunc
1274 4270 1341 4326 ad
1372 4272 1489 4342 ipsa
1513 4271 1795 4342 Porphyrii
1818 4271 1985 4327 verba
2017 4286 2103 4326 re-

516 4367 760 4423 deamus.
1335 4384 1393 4443 φ

1012 4459 1100 4515 DE
1126 4458 1605 4515 DIFFERENTIA.

591 4549 897 4620 Di/ferentia
931 4568 1047 4607 vero
1076 4552 1428 4619 communiter,
1461 4552 1688 4621 proprie,
1720 4560 1766 4604 et
1797 4550 1960 4622 magis
1980 4566 2103 4619 pro-

520 4645 629 4714 prie
668 4644 876 4699 dicitur.
909 4644 1260 4700 Communiter
1287 4645 1491 4715 quidem
1542 4641 1751 4711 di/ferre
1778 4644 1995 4698 alterum
2039 4643 2101 4695 ab

519 4737 679 4791 altero
709 4738 915 4805 dicitur,
958 4741 1199 4805 quoniam
1242 4738 1497 4792 alteritate
1521 4739 1741 4807 quadam
1771 4735 1940 4804 ili/fert
1973 4752 2100 4805 quo-

520 4846 717 4899 cunque
766 4832 936 4896 modo,
984 4832 1063 4887 vel
1099 4847 1130 4884 a
1168 4833 1331 4902 seipse
1371 4831 1448 4883 vel
1487 4831 1550 4884 ab
1585 4828 1688 4883 alio
1714 4845 1733 4884 :
1766 4828 1939 4895 iii/fert
1966 4829 2101 4882 enim

522 4924 763 4979 Socrates
789 4941 819 4978 ιι
848 4924 1064 4980 Platone
1084 4926 1334 4981 alteritate
1359 4925 1601 4993 quadam,
1626 4934 1671 4977 et
1692 4925 1797 4993 ipse
1815 4940 1845 4977 a
1869 4938 1922 4977 se
1944 4938 2100 4991 puero

518 5019 628 5091 jam
658 5020 734 5071 vir
763 5020 949 5086 factus,
982 5027 1030 5073 et
1053 5036 1083 5073 a
1104 5036 1158 5073 se
1190 5019 1403 5090 faciente
1430 5017 1624 5087 aliquid
1654 5032 1769 5069 cum
1799 5016 2027 5085 quiescit,
2052 5022 2101 5068 et

522 5126 715 5181 semper
738 5111 792 5163 in
817 5111 991 5181 aliquo
1019 5112 1169 5164 modo
1198 5110 1420 5165 habendi
1450 5126 1502 5164 se
1538 5109 1876 5164 alteritatibus
1905 5118 2103 5176 spectau-

520 5209 624 5257 tur.
662 5199 881 5271 Proprie
908 5213 1077 5256 autem
1105 5203 1312 5270 (li/ferre
1348 5204 1569 5259 alterum
1603 5203 1664 5257 ab
1694 5202 1854 5256 altera
1886 5202 2101 5270 dicitur,

521 5294 725 5361 quando
749 5293 1077 5363 inseparabili
1098 5295 1358 5350 accidente
1383 5296 1598 5350 alterum
1628 5295 1690 5348 ab
1716 5297 1875 5351 altero
1906 5293 2100 5360 differt.

522 5383 875 5455 Inseparabile
905 5402 1022 5442 vero
1050 5388 1283 5443 accidens
1306 5397 1400 5454 est,
1430 5396 1484 5441 ut
1509 5390 1620 5442 nasi
1641 5389 1880 5453 curvitas,
1907 5386 2103 5440 cresitas

521 5478 810 5546 oculorum,
841 5488 889 5533 et
914 5480 1128 5537 cicatrix
1149 5496 1264 5533 cum
1286 5496 1347 5534 ea:
1368 5481 1572 5535 vulnere
1591 5480 1901 5535 occalluerit.
1934 5478 2103 5551 Magis

522 5577 691 5622 autem
717 5571 922 5643 praprie
943 5569 1165 5625 alterum
1181 5570 1389 5637 eli/ferre
1408 5571 1470 5625 ab
1487 5572 1650 5626 altera
1673 5572 1879 5637 dicitur,
1901 5570 2103 5641 quando
2152 5606 2162 5613 -

521 5660 761 5731 speciﬁca
806 5662 1096 5731 differentia
1140 5663 1338 5729 di/Tert,
1383 5664 1812 5734 quenmdmodum
1853 5662 2003 5716 homo
2043 5663 2105 5715 ab

521 5766 650 5821 equo
674 5754 911 5822 speci/ica
936 5754 1226 5823 differentia
1248 5754 1421 5823 differt
1452 5756 1696 5809 rationali
1735 5756 1993 5825 qualitate.

594 5842 789 5898 Tribus
833 5846 1004 5901 modis
1051 5848 1196 5904 aliud
1241 5849 1309 5903 ab
1353 5848 1460 5903 alio
1504 5848 1705 5903 distare
1737 5845 2105 5916 praediximus,

2127 4596 2185 4660 D

2202 3343 2396 3399 Addita
2418 3344 2559 3398 enim
2594 3342 2862 3397 sensibilis
2886 3338 3599 3419 qualitasauimato,anintal
3625 3338 3785 3393 facit:

2204 3439 2376 3493 eidem
2410 3436 2652 3492 detracta
2702 3436 2828 3491 facit
2868 3436 3219 3491 inanimatum
3262 3443 3421 3503 atque
3450 3431 3790 3497 insensibile,

2202 3546 2321 3599 quae
2349 3528 2571 3598 virgulta
2616 3536 2779 3593 sunt;
2818 3528 2976 3597 igitur
3014 3527 3174 3583 homo
3205 3532 3369 3593 atque
3399 3524 3559 3579 arbor
3588 3537 3791 3593 genere

2204 3620 2454 3676 differunt
2488 3638 2501 3672 :
2532 3632 2757 3690 utraque
2802 3620 2945 3674 enim
2996 3618 3096 3674 sub
3125 3616 3372 3671 animalis
3415 3631 3610 3685 genere
3660 3613 3790 3683 poni

2205 3735 2310 3773 non
2329 3724 2571 3788 possunt,
2589 3732 2709 3770 nam
2733 3714 3029 3771 differentia
3052 3708 3291 3766 sensibili
3311 3709 3599 3764 secundum
3618 3722 3791 3777 genus

2203 3814 2531 3882 discrepant,
2564 3826 2681 3881 qua:
2709 3810 2863 3863 unius
2893 3823 2957 3863 ex
2984 3805 3271 3876 propositis
3294 3812 3495 3858 tantum
3518 3815 3711 3871 genus,
3739 3798 3789 3854 id

2205 3913 2287 3957 est
2343 3902 2573 3957 hominis
2605 3899 2874 3964 informat,
2914 3907 2972 3952 ut
3003 3896 3202 3951 dictum
3232 3904 3333 3949 est.
3374 3892 3466 3947 illa
3497 3906 3623 3945 vero
3666 3905 3792 3960 qua:

2205 3996 2384 4065 specie
2428 3990 2626 4049 diStant
2680 3990 3018 4045 manifestum
3067 3998 3179 4054 est,
3222 3986 3360 4055 quod
3408 3985 3522 4054 ipsa
3571 3994 3793 4051 quoque

2205 4087 2523 4143 differentiis
2550 4081 2984 4139 substantialibus
3011 4080 3338 4149 discrepant,
3365 4083 3423 4130 ut
3445 4076 3603 4130 hoino
3622 4082 3793 4143 atque

2206 4196 2377 4251 equus
2412 4178 2724 4235 differentiis
2758 4174 3196 4233 substantialibus
3232 4170 3587 4227 rationalitate
3626 4176 3793 4237 atque

2207 4273 2617 4329 irrationalitate
2655 4271 2875 4327 distant.
2916 4269 2992 4323 Ea
3032 4284 3159 4323 vero
3189 4282 3305 4337 qum
3341 4262 3607 4319 individua
3640 4272 3790 4327 sunt,

2208 4378 2261 4424 et
2290 4368 2405 4424 solo
2428 4382 2651 4422 numero
2672 4366 2994 4433 discrepant,
3020 4362 3150 4418 solis
3174 4357 3539 4414 accidentibus
3565 4356 3793 4422 distant,

2211 4462 2327 4517 haee
2371 4469 2549 4515 autem
2600 4467 2725 4513 sunt
2766 4458 2851 4512 vel
2893 4452 3209 4524 separabilia
3257 4452 3337 4505 vel
3392 4447 3791 4513 inseparabilia.

2213 4552 2537 4621 Separabilia
2560 4550 2794 4620 quidem,
2818 4558 2875 4603 ut
2905 4546 3126 4613 moveri,
3153 4544 3386 4597 dormire
3411 4560 3423 4607 ;
3454 4541 3615 4595 distat
3645 4540 3795 4593 enim

2209 4645 2343 4698 alius
2378 4643 2445 4696 ab
2475 4642 2577 4696 alio
2608 4640 2747 4710 quod
2780 4639 2869 4695 ille
2908 4651 3097 4692 somno
3128 4642 3423 4705 prematur,
3466 4632 3554 4685 hic
3582 4630 3790 4699 vigilet.

2208 4735 2379 4789 Distat
2419 4733 2546 4787 item
2596 4728 3042 4798 iuseparabilibus
3086 4723 3483 4788 accidentibus,
3531 4721 3671 4790 quod
3708 4722 3798 4775 hic

2208 4835 2427 4883 Staturre
2455 4822 2523 4877 sit
2549 4822 2827 4891 longioris,
2860 4819 2946 4873 hic
2978 4816 3216 4871 minime.
3247 4817 3374 4881 Quae
3402 4829 3521 4867 cum
3552 4812 3620 4866 ita
3659 4813 3793 4875 sint,

2208 4913 2560 4971 internarium
2584 4925 2864 4965 numerum
2890 4909 2985 4962 has
3005 4907 3423 4962 dilferentiarum
3454 4904 3798 4959 diversitates

2213 5004 2546 5075 Porphyrius
2577 5000 2802 5069 colligit,
2834 4999 3022 5068 hisque
3048 5000 3161 5067 ipse
3201 4998 3415 5051 nomina
3450 4995 3641 5063 quibus
3671 5000 3800 5063 post

2209 5107 2409 5164 utatur,
2437 5096 2675 5166 apponit,
2708 5094 2890 5148 dicens
2922 5111 2932 5145 :
2970 5092 3156 5145 Omnis
3186 5089 3483 5144 differentia
3524 5089 3605 5142 vel
3638 5103 3799 5141 com-

2211 5192 2447 5248 muniter
2478 5188 2559 5244 vel
2599 5185 2833 5256 propria,
2865 5185 2946 5239 vel
2980 5184 3149 5253 magis
3188 5184 3398 5252 propria
3430 5188 3797 5249 nuncupatur.

2208 5282 2577 5341 Communiter
2607 5280 2820 5350 quidem
2852 5292 2968 5333 eam
3014 5276 3366 5331 differentiam
3409 5289 3624 5329 sumens
3669 5288 3801 5342 quae

2209 5377 2481 5450 quodlibet
2514 5373 2758 5429 accidens
2794 5379 3133 5436 monstraret,
3168 5384 3287 5439 qua:
3316 5368 3369 5423 in
3392 5366 3618 5437 quadam
3650 5366 3800 5417 alte-

2212 5476 2370 5530 ritale
2399 5471 2662 5534 consistit,
2690 5477 2749 5523 ut
2774 5467 2821 5523 si
2844 5467 2994 5521 Plato
3015 5481 3043 5519 a
3062 5466 3282 5521 Socrate
3306 5465 3511 5515 diluat
3538 5459 3676 5529 quod
3705 5458 3803 5513 ille

2212 5566 2399 5621 sedeat
2431 5563 2513 5617 hic
2546 5560 2802 5626 ambulet,
2832 5558 2915 5613 vel
2944 5556 3085 5627 quod
3114 5556 3204 5612 ille
3233 5568 3420 5613 senex,
3457 5553 3544 5607 hic
3568 5564 3694 5605 vero
3729 5551 3804 5604 sit

2204 5656 2457 5731 juvenis;
2509 5669 2537 5708 a
2566 5653 2741 5721 seipso
2768 5651 2927 5707 etiam
2956 5664 3099 5703 same
3131 5646 3318 5716 aliquis
3350 5644 3565 5699 d..1‘crre
3595 5648 3801 5731 r0test,

2211 5759 2267 5805 ut
2301 5748 2343 5801 si
2377 5761 2517 5802 tunae
2545 5743 2761 5815 quidem
2793 5741 2952 5795 faciat
2976 5738 3173 5810 aliquid
3205 5752 3326 5794 cum
3354 5745 3475 5790 ante
3507 5730 3801 5803 quieverit,

2214 5844 2296 5897 vel
2328 5841 2372 5897 si
2404 5852 2544 5893 nunc
2573 5835 2882 5890 adolescens
2909 5832 3018 5901 jam
3058 5831 3227 5885 factus
3254 5829 3345 5897 sit,
3374 5842 3496 5883 cum
3535 5824 3681 5895 prius
3715 5830 3803 5876 ιοα
