4106 6336
305 417 409 477 117

1201 421 1267 478 ΙΝ
1304 418 1748 478 PORPHYRIUM
1785 405 2438 487 COMMENTARIORUM
2475 421 2605 480 LIB.
2646 409 2735 480 iV.

3473 394 3609 485 ita

298 558 429 600 nera
475 543 702 603 vixisset
730 543 971 602 infantia.
1010 544 1336 600 Communes
1363 552 1540 600 autem
1568 541 1887 599 differentiae
1914 541 2161 613 Amagis
2209 542 2438 611 propriis
2487 557 2615 598 vero
2658 541 2948 598 secundum
2993 556 3162 614 genus
3212 557 3276 600 ac
3315 546 3577 614 speciem.

268 708 273 713 _
307 648 629 711 nuncupata
657 648 805 706 sunt,
838 641 1087 711 quoniam
1124 641 1321 695 nullius
1348 639 1577 710 propria:
1601 649 1722 695 esse
1762 651 1888 706 pos-

303 740 433 789 sunt
472 729 813 797 differentiae,
852 741 908 788 et
940 746 1061 802 qua:
1100 730 1422 802 separabilia
1451 730 1744 787 accidentia
1772 728 1887 785 sola

301 823 626 894 signiﬁcant.
658 824 791 881 Nam
820 833 878 881 et
902 833 1048 881 stare
1077 834 1131 881 et
1156 825 1347 881 sedere
1375 833 1430 880 et
1466 823 1644 879 facere
1685 819 1886 891 aliquid

300 931 368 974 ac
404 933 512 975 non
545 916 750 985 facere,
776 917 1069 973 multorum
1098 928 1259 989 atque
1287 917 1424 973 adeo
1469 916 1707 972 omnium
1738 923 1882 980 sunt,

301 1017 359 1067 et
381 1009 700 1080 separabilia
727 1025 850 1066 esse
874 1009 1169 1066 accidentia
1190 1009 1532 1066 manifestum
1553 1017 1656 1065 est.
1680 1007 1884 1075 Quibus

304 1104 353 1160 si
380 1117 486 1175 qua
510 1102 791 1170 diii‘erunt,
821 1104 1197 1159 communibus
1226 1103 1542 1160 differentiis
1567 1102 1769 1158 distare
1802 1101 1885 1157 di-

299 1209 514 1256 enntur.
567 1198 836 1255 Praeterea
885 1202 1109 1269 puerum
1152 1213 1271 1254 esse
1301 1209 1458 1269 atque
1485 1196 1882 1253 adolescentem

301 1292 386 1348 vel
408 1305 613 1347 senem.
639 1305 701 1346 ea
725 1305 939 1363 quoque
970 1292 1234 1347 veraciter
1254 1289 1572 1361 separabilia
1592 1296 1720 1343 sunt
1739 1287 1882 1345 acci-
1904 1326 1907 1331 -

297 1382 502 1440 dentis.
523 1383 655 1439 Nam
669 1397 740 1439 ex
762 1382 992 1453 pueritia
1012 1383 1082 1438 ad
1106 1384 1543 1451 adolescentiam,
1574 1391 1734 1452 atque
1754 1382 1884 1438 hinc

297 1476 366 1534 ad
391 1492 539 1533 sene.
558 1486 745 1545 tutem,
768 1477 837 1533 ab
866 1476 966 1533 bac
989 1478 1222 1549 denique
1262 1478 1328 1533 ad
1359 1477 1682 1548 decrepitam
1713 1490 1905 1547 usque

298 1578 533 1637 :etatem,
565 1578 775 1626 natura;
802 1571 966 1640 ipsius
988 1570 1311 1628 necessitate
1337 1572 1723 1643 pregredimur.
1749 1570 1905 1626 Illud

299 1660 528 1720 forsitan
550 1657 938 1719 sitidubitabile
965 1664 1473 1735 deuniusc‘ujusque’
1496 1664 1664 1721 forma
1686 1678 1905 1735 corpo-v

299 1755 397 1820 ris,
445 1748 514 1811 an
542 1757 651 1812 uile
676 1757 835 1814 modo
862 1759 1098 1829 separari
1122 1767 1301 1829 queat.
1334 1756 1437 1816 Sed
1466 1775 1527 1815 ea
1557 1774 1769 1830 quoque
1798 1764 1901 1814 est

299 1848 618 1921 separabilis
648 1848 838 1919 forma,
889 1852 1086 1907 nullius
1110 1854 1253 1908 enim
1282 1852 1531 1907 diuturna
1561 1866 1625 1908 ac
1670 1851 1877 1906 stabilis

2067 633 2439 689 Unicersaliter
2464 648 2586 705 ergo
2629 636 2793 689 omnis
2822 635 3112 704 differentia
3139 638 3410 693 alteratum
3442 641 3570 709 facit

1992 727 2196 782 cuilibet
2230 727 2521 793 adveniens,
2568 727 2657 780 sed
2685 744 2745 781 ea
2777 744 2892 799 qua:
2923 740 2995 784 est
3023 730 3354 785 communiter
3382 742 3428 784 et
3452 749 3575 803 pro-

1990 817 2118 888 prie,
2152 818 2422 871 alter-alunt
2443 818 2600 886 facit:
2622 816 2714 870 illa
2740 827 2907 872 autem
2929 834 3045 890 qua:
3062 829 3134 873 est
3157 822 3316 891 magis
3343 822 3570 891 praprie,

1987 907 2153 964 aliud.
2187 907 2607 975 Differentiarum
2628 909 2785 971 enim,
2815 911 2933 965 alite
2960 911 3162 977 quidem
3186 909 3455 965 alteratum
3486 914 3571 977 fa-

1988 1003 2150 1066 ciunt,
2182 1003 2298 1056 alite
2322 1018 2439 1055 vero
2468 1003 2634 1055 aliud.
2692 1000 2813 1055 ιιιω
2842 1002 2997 1073 igitur
3020 1019 3133 1073 qua:
3172 1004 3366 1075 faciunt
3399 1004 3569 1071 aliud,

1985 1090 2237 1162 speci/ica:
2264 1101 2531 1156 vocantur,
2564 1090 2669 1145 illa:
2689 1107 2806 1146 vero
2832 1108 2945 1161 qua:
2964 1091 3253 1159 alteratum,
3279 1096 3573 1165 simpliciter

1986 1181 2288 1250 iii/ferentia:
2311 1199 2329 1236 :
2360 1182 2579 1237 animali
2628 1183 2761 1236 enim
2788 1182 3057 1237 rationalia
3086 1183 3376 1249 diﬂ'erentia
3412 1186 3569 1238 adve-

1985 1276 2130 1341 niens
2155 1274 2302 1329 aliud
2326 1275 2475 1346 facit,
2506 1284 2555 1329 et
2603 1275 2824 1344 speciem
2853 1275 3093 1328 animalis
3118 1276 3263 1344 facit.
3305 1274 3415 1329 Illa
3455 1292 3572 1331 vero

1984 1384 2098 1439 qua:
2126 1378 2197 1423 est
2228 1368 2481 1436 movendi,
2512 1368 2785 1421 alteralum
2815 1370 2936 1437 facit
2979 1384 3012 1421 a
3045 1368 3348 1436 quiescente.
3398 1368 3571 1433 Quare

1983 1465 2095 1521 lucc
2115 1467 2317 1535 quidem
2346 1467 2516 1535 aliud,
2543 1467 2637 1520 illa
2657 1482 2773 1521 vero
2797 1468 3071 1521 alteratum
3100 1467 3265 1521 solum
3282 1469 3426 1538 facit.
3481 1520 3489 1525 .
3598 1524 3601 1531 ,

2059 1559 2263 1614 Omnis
2299 1557 2597 1614 differentia
2650 1557 2877 1614 alterius
2922 1558 2989 1614 ab
3036 1558 3205 1613 altero
3256 1542 3606 1641 distantiam

1983 1649 2131 1705 facit.
2165 1650 2271 1707 Sed
2295 1650 2409 1705 lucc
2434 1666 2553 1721 quae
2578 1648 2707 1705 facit
2728 1650 3033 1731 alteratum,
3059 1652 3141 1706 vel
3163 1660 3247 1706 est
3272 1654 3571 1710 communis
3598 1704 3603 1731 τ

1983 1743 2065 1798 vel
2094 1744 2377 1798 continens
2402 1744 2485 1798 vel
2513 1758 2635 1798 cum
2656 1743 2887 1812 quodam
2914 1730 3132 1814 proprio
3161 1754 3215 1799 et
3249 1745 3418 1815 magis
3448 1760 3573 1814 pro-

1985 1836 2102 1906 prio
2130 1835 2554 1891 diﬂ‘erentiarum
2609 1836 2792 1901 modo,
2824 1851 2992 1906 quare
3036 1836 3292 1907 quidquid
3337 1836 3574 1906 qualibet

296 1916 466 1997 farina
491 1943 765 2012 perdurat.
786 1916 990 2001 Idcirco
1007 1934 1104 2001 nec
1128 1947 1437 2017 peregrinus
1461 1956 1612 2018 pater
1632 1947 1875 2004 relictum
1909 1916 1959 1986 B
1987 1928 2197 1983 ratione
2216 1929 2283 1983 ab
2304 1928 2411 1982 alio
2440 1928 2712 1984 diversum
2743 1937 2847 1995 est,
2892 1930 3176 1984 alteratum
3206 1944 3327 1985 esse
3354 1929 3569 1984 dicitur.

295 2034 439 2090 domi
470 2049 716 2105 puerum,
748 2038 793 2091 si
819 2037 1215 2093 adolescentem
1241 2040 1409 2095 redux
1440 2041 1655 2109 viderit,
1702 2050 1879 2112 potest

294 2140 586 2197 agnoscere
610 2146 625 2181 :
653 2127 822 2184 forma
851 2129 994 2185 enim
1013 2146 1227 2202 semper
1247 2148 1367 2203 quae
1388 2143 1510 2189 ante
1537 2132 1727 2199 fuerat,
1757 2148 1879 2202 per-

298 2226 557 2287 mutatur,
587 2228 749 2290 atque
779 2222 894 2291 ipsa
920 2223 1160 2278 alteritas
1188 2240 1289 2295 qua
1314 2225 1575 2281 distamus
1613 2226 1681 2281 ab
1709 2225 1901 2280 altera

297 2324 512 2383 semper
555 2313 768 2371 diversa
798 2324 899 2371 est.
932 2315 1152 2372 Constat
1180 2318 1341 2389 igitur
1373 2320 1509 2375 hanc
1538 2336 1875 2375 communem

296 2405 653 2463 differentiam
684 2409 1072 2481 separabilibus
1120 2413 1351 2469 maxime
1384 2414 1751 2469 accidentibus
1778 2431 1874 2485 ap-

296 2500 506 2571 plicari,
551 2503 765 2572 propria
795 2517 929 2559 vero
956 2515 1180 2576 estquae
1211 2506 1588 2576 inseparabilia
1614 2508 1881 2575 significat

296 2591 618 2648 accidentia.
652 2594 727 2649 Ea
758 2594 1063 2665 huiusmodi
1090 2607 1215 2652 sunt
1237 2607 1294 2652 ut
1323 2596 1369 2652 si
1421 2597 1540 2668 quis
1567 2596 1742 2652 caesiis
1784 2614 1880 2652 na-

294 2691 485 2740 scatur
508 2684 699 2753 oculis,
727 2687 773 2741 si
806 2688 926 2757 quis
954 2689 1180 2744 incurvo
1211 2704 1377 2745 naso:
1408 2690 1532 2744 dum
1563 2690 1704 2744 enim
1730 2689 1881 2744 adest

296 2793 458 2833 nasus
484 2789 644 2851 atque
685 2780 844 2847 oculi,
876 2781 967 2837 ille
1014 2781 1227 2849 cmsius,
1278 2782 1367 2838 ille
1415 2798 1628 2852 semper
1651 2782 1752 2838 erit
1790 2782 1875 2837 in-

294 2882 512 2940 curvus,
542 2879 703 2943 atque
734 2871 837 2929 hoc
869 2888 963 2944 per
1004 2884 1268 2929 naturam.
1302 2874 1436 2931 Sunt
1474 2890 1601 2929 vero
1629 2876 1729 2929 alia
1759 2891 1878 2946 qua:

297 2974 396 3032 per
425 2964 675 3021 accidens
704 2965 1021 3036 corporibus
1052 2965 1204 3035 fiunt,
1237 2976 1294 3022 ut
1332 2968 1377 3022 si
1414 2968 1496 3022 cui
1526 2968 1714 3022 vulnus
1744 2967 1881 3023 inlli-

297 3067 444 3115 ctum
494 3058 745 3114 cicatrice
794 3057 957 3114 fuerit
998 3058 1307 3126 obductum,
1342 3060 1444 3115 hoc
1487 3060 1531 3114 si
1569 3058 1879 3115 occalluerit

295 3152 564 3221 propriam
604 3149 959 3206 differentiam
1012 3150 1138 3207 facit
1171 3171 1183 3206 :
1215 3148 1433 3207 distabit
1462 3152 1603 3207 enim
1649 3152 1785 3207 alter
1812 3151 1879 3207 ab

294 3241 465 3298 altero
502 3240 645 3312 quod
676 3241 762 3297 bic
788 3240 1093 3297 cicatricem
1126 3241 1339 3309 habent,
1366 3243 1451 3298 ille
1474 3257 1603 3297 vero
1632 3243 1874 3309 minime,

1981 2020 2038 2076 Si
2072 2034 2197 2074 vero
2224 2019 2517 2075 accesserit
2564 2020 2639 2077 illi
2669 2019 2995 2085 diversitati,
3040 2031 3096 2074 ut
3132 2021 3293 2076 etiam
3322 2021 3571 2089 Specitica

1982 2111 2210 2182 quadam
2231 2110 2533 2166 diii'erentia
2550 2111 2622 2166 sit
2637 2111 2931 2176 diversum,
2947 2126 3052 2166 non
3072 2111 3350 2166 alteratum
3374 2112 3567 2178 solum,

1980 2218 2166 2261 verum
2196 2204 2358 2258 etiam
2383 2203 2525 2258 aliud
2570 2217 2687 2258 esse
2719 2202 3059 2272 praedicatur.
3110 2202 3365 2258 Alteratio
3410 2204 3599 2272 igitur.

1984 2299 2268 2353 continens
2294 2307 2400 2365 est,
2430 2297 2574 2352 aliud
2624 2313 2753 2353 vero
2785 2298 2927 2351 intra
2962 2297 3296 2352 alterationis
3338 2298 3569 2366 spatium

1981 2392 2315 2457 continetur;
2356 2390 2516 2460 igitur
2554 2406 2715 2447 omne
2761 2391 2904 2462 quod
2948 2392 3091 2446 aliud
3135 2402 3238 2462 est,
3285 2393 3568 2449 alteratum

1982 2492 2086 2551 est,
2111 2484 2205 2540 sed
2238 2499 2340 2539 non
2363 2500 2523 2539 omne
2553 2486 2693 2556 quod
2723 2484 3007 2541 alteratum
3037 2494 3142 2551 est,
3170 2486 3310 2541 aliud
3340 2487 3443 2541 dici
3474 2502 3570 2557 po-

1984 2584 2110 2632 test.
2145 2578 2327 2647 Itaque
2362 2578 2408 2631 si
2436 2576 2799 2633 accidentibus
2826 2578 3095 2649 aliquibus
3123 2579 3284 2633 fuerit
3318 2578 3455 2634 facta
3491 2579 3571 2633 di-

1982 2668 2232 2735 versitas,
2281 2668 2564 2724 alteratum
2594 2669 2810 2740 quidem
2856 2670 3102 2724 elfectum
3152 2678 3253 2725 est.
3303 2670 3567 2737 Quoniam

1983 2760 2201 2831 quidem
2233 2760 2471 2829 quolibet
2492 2761 2675 2827 modo,
2706 2760 2789 2815 vel
2813 2774 2883 2814 ex
2906 2760 3233 2829 quibuslibet
3252 2760 3570 2816 dzllerentiis

1984 2854 2319 2911 considerata
2338 2855 2624 2910 diversitas
2639 2853 3010 2910 alterationem
3024 2853 3149 2908 facit
3162 2853 3407 2921 intelligi,
3422 2854 3564 2907 aliud

1985 2963 2119 3005 vero
2171 2962 2275 3003 non
2320 2948 2411 3018 fit,
2463 2948 2565 3002 nisi
2604 2945 2944 3002 substantiali
2993 2944 3293 3001 dill‘erentia
3340 2947 3568 3000 alterum

1984 3044 2054 3100 ab
2082 3043 2255 3099 altero
2305 3041 2466 3098 fuerit
2514 3041 2878 3097 dissociatum.
2926 3040 3107 3111 Itaque
3151 3054 3464 3095 communes
3514 3049 3570 3095 et

1986 3134 2218 3207 pr0priae
2246 3133 2578 3197 differ-entire,
2605 3133 2857 3203 quoniam
2877 3130 3233 3187 accidentium
3258 3131 3343 3200 (ut
3366 3130 3567 3185 dictum

1956 3226 2091 3300 ’est)
2121 3235 2246 3283 sunt
2280 3242 2397 3297 qua:
2441 3226 2611 3281 solum
2640 3225 2876 3281 efﬁciunt
2901 3226 3210 3292 alteratum,
3255 3224 3398 3279 aliud
3441 3240 3569 3281 vero

295 3345 675 3405 postremoque
708 3334 761 3388 in
809 3332 890 3389 bis
937 3334 1184 3389 omnibus
1210 3334 1291 3389 vel
1324 3334 1709 3404 separabilibus
1738 3333 1878 3389 acci-
1906 3302 1954 3373 C
1984 3320 2206 3376 minime
2233 3337 2243 3371 ε
2266 3320 2435 3390 magis
2456 3329 2634 3375 autem
2664 3320 2914 3390 propriae.
2941 3321 3195 3390 quoniam
3216 3320 3567 3375 substantiam

296 3424 545 3481 dentibus
567 3424 652 3480 vel
683 3424 1153 3494 inseparabilibus,
1182 3424 1280 3478 alia
1314 3436 1433 3479 sunt
1462 3426 1777 3482 naturaliter
1795 3441 1877 3481 ac-

296 3516 555 3583 cidentia,
611 3519 713 3572 alia
766 3518 1121 3573 extrinsecus.
1178 3516 1501 3573 Naturaliter
1551 3518 1765 3590 quidem
1817 3527 1878 3575 ut

295 3609 523 3678 pueritia
551 3608 635 3665 vel
666 3609 917 3679 juventus
944 3619 995 3664 et
1028 3610 1187 3665 totius
1217 3610 1569 3667 conformatio
1608 3612 1872 3682 corporis.

295 3701 491 3772 Sicque
535 3700 681 3758 caesii
727 3701 889 3767 oculi,
933 3711 987 3757 et
1032 3702 1269 3757 curvitas
1310 3703 1448 3769 nasi,
1499 3710 1553 3758 ct
1600 3705 1876 3774 superiora

296 3793 510 3863 quidem
540 3792 787 3862 exempla
817 3792 1128 3862 separabilis
1165 3792 1455 3849 accidentis
1499 3807 1592 3863 per
1630 3806 1875 3853 naturam

297 3893 442 3953 sunt,
475 3885 766 3956 posteriora
816 3900 944 3941 vero
974 3885 1345 3957 inseparabilis
1390 3886 1701 3943 accidentis.
1746 3888 1875 3944 ltem

297 3979 628 4034 extrinsecus
654 3977 737 4034 vel
768 3976 1059 4044 ambulare,
1087 3979 1172 4035 vel
1216 3994 1437 4034 currere
1463 3998 1475 4032 :
1506 3979 1559 4035 id
1598 3980 1740 4035 enim
1770 3996 1876 4037 non

298 4081 507 4139 natura,
540 4071 634 4126 sed
658 4070 772 4126 sola
802 4069 958 4126 affert
982 4070 1247 4127 voluntas.
1281 4071 1480 4127 Natura
1510 4087 1637 4129 vero
1672 4081 1876 4128 tantum

299 4178 459 4235 posse
479 4162 625 4219 dedit
652 4179 755 4218 non
778 4164 939 4219 etiam
962 4163 1160 4231 facere,
1193 4174 1351 4237 atque
1380 4166 1495 4220 haec
1518 4175 1643 4221 sunt
1662 4181 1879 4237 separa-

298 4254 439 4313 biles
462 4251 749 4309 accidentis
778 4253 1113 4310 extrinsecus
1156 4254 1417 4310 venientis
1464 4257 1733 4328 exempla.
1783 4257 1879 4314 Illa
1948 4308 1951 4311 .

1902 4336 1907 4339 ’
1981 4333 2273 4389 rentiarum
2301 4332 2423 4387 aliae
2452 4331 2742 4387 alteratum
2772 4331 2996 4398 faciunt,
3024 4334 3143 4389 aliae
3168 4347 3299 4388 vero
3327 4332 3490 4395 aliud,
3514 4342 3568 4386 et

298 4360 429 4402 vero
470 4345 841 4416 inseparabilis
872 4344 1165 4403 accidentis
1216 4348 1571 4415 extrinsecus,
1604 4359 1665 4405 ut
1702 4349 1746 4403 si
1772 4366 1879 4421 qua

299 4438 518 4498 cicatrix
557 4436 785 4494 obducta
825 4439 1030 4495 vulneri
1068 4439 1399 4497 occalluerit.
1442 4441 1607 4513 Magis
1648 4446 1879 4513 propriae

298 4543 477 4591 autem
516 4531 834 4588 differentiae
878 4532 1256 4603 praedicantur,
1297 4550 1416 4605 quae
1461 4551 1567 4591 non
1604 4537 1876 4605 accidens,

298 4626 393 4683 sed
422 4625 774 4682 substantiam
807 4624 1061 4695 formant,
1091 4636 1148 4681 ut
1186 4627 1417 4683 hominis
1446 4629 1835 4686 rationabilitas
1861 4649 1872 4683 :

1984 3421 2172 3470 tenent
2200 3421 2255 3467 et
2287 3412 2340 3466 in
2378 3411 2603 3482 subjecti
2631 3410 2798 3466 forma
2831 3410 3211 3481 praedicantur,
3256 3426 3363 3465 non
3410 3413 3569 3467 modo

1981 3507 2267 3563 alteratum
2297 3506 2435 3575 quod
2464 3514 2550 3562 est
2573 3518 2879 3570 commune,
2910 3512 2965 3559 et
2992 3503 3328 3559 substantiali
3349 3513 3405 3559 et
3429 3506 3571 3560 acci-

1982 3598 2183 3655 dentali
2210 3596 2548 3663 diﬂ'erenlim,
2578 3596 2673 3652 sed
2698 3596 2860 3651 etiam
2891 3595 3036 3649 aliud
3065 3594 3287 3663 faciunt,
3320 3595 3463 3664 quod
3506 3610 3570 3652 ea

1981 3691 2096 3745 sola
2125 3690 2320 3745 retinet
2337 3688 2654 3752 differentia,
2682 3701 2802 3757 quae
2823 3685 3171 3742 substantiam
3193 3686 3431 3742 continet
3456 3688 3567 3742 for-

1982 3796 2233 3851 mamque
2261 3779 2507 3851 subjecti.
2540 3779 2715 3849 Atque
2742 3777 2827 3834 bac
2855 3778 3069 3849 quidem
3099 3777 3418 3834 differentia:
3450 3793 3570 3849 qua:

1980 3872 2176 3928 faciunt
2210 3871 2375 3938 aliud,
2404 3869 2671 3941 specilicas
2699 3879 3077 3941 nuncupantur
3102 3869 3308 3926 idcirco
3324 3869 3467 3940 quod
3489 3870 3573 3925 ef-

1981 3962 2168 4017 ficiunt
2197 3963 2453 4032 speciem,
2484 3975 2663 4030 quam,
2705 3976 2825 4016 cum
2858 3960 3299 4017 substantialibus
3318 3959 3570 4017 diﬂ'eren-

1982 4057 2072 4112 tiis
2094 4055 2522 4125 informaverint,
2553 4055 2755 4110 faciunt
2784 4056 2851 4110 ab
2880 4054 3001 4110 aliis
3029 4056 3098 4110 ita
3128 4069 3249 4111 esse
3273 4054 3566 4120 diversam,

1980 4158 2041 4206 ut
2080 4166 2187 4207 non
2232 4151 2456 4205 alterum
2512 4149 2685 4203 solum
2730 4149 2823 4215 sit,
2864 4164 3052 4204 verum
3083 4149 3242 4204 etiam
3275 4158 3385 4204 tota
3422 4148 3570 4206 aliud

1981 4256 2102 4299 esse
2129 4242 2475 4311 praedicetur.
2510 4241 2693 4309 Itaque
2720 4242 2780 4295 Iit
2809 4240 3116 4310 bujusmodi
3146 4238 3336 4296 divisio
3374 4258 3387 4295 :
3417 4240 3571 4295 diffe-

1981 4423 2088 4479 illa:
2108 4422 2322 4495 quidem
2350 4438 2470 4493 quae
2499 4421 2699 4477 faciunt
2719 4422 3025 4489 alteratum,
3058 4423 3377 4494 simpliciter
3402 4437 3565 4493 puro-

1983 4533 2089 4588 que
2110 4518 2326 4573 nomine
2364 4516 2679 4572 diil‘erentiae
2711 4523 3104 4586 nuncupantur,
3136 4516 3242 4571 illa:
3272 4527 3401 4571 vero
3445 4532 3566 4585 quae

1986 4610 2151 4678 aliud,
2205 4609 2470 4679 specilica:
2511 4608 2825 4665 differentiae
2876 4600 3254 4679 praedicantur.
3286 4607 3460 4678 Atque
3508 4616 3569 4661 ut

299 4718 477 4776 differt
513 4717 658 4773 enim
691 4717 853 4773 homo
882 4733 913 4771 a
954 4692 1163 4775 caeteris
1194 4718 1333 4789 quod
1374 4720 1652 4775 rationalis
1680 4730 1764 4777 est
1788 4722 1875 4778 vel

1984 4702 2190 4773 planius
2217 4703 2418 4771 liqueat
2445 4700 2572 4771 quid
2600 4701 2672 4756 sit
2696 4701 3003 4770 alteratum,
3036 4709 3093 4757 et
3112 4700 3240 4771 quid
3282 4699 3445 4765 aliud,
3474 4699 3567 4754 tali

298 4812 440 4884 quod
468 4806 863 4866 mortalis.'lla:
891 4818 1018 4866 sunt
1047 4810 1207 4882 igitur
1237 4811 1403 4882 magis
1451 4812 1704 4883 propriae,
1757 4830 1877 4885 quae

298 4914 602 4961 monstrant
649 4905 1063 4976 uniuscujusque
1109 4907 1483 4962 substantiam.
1528 4906 1660 4963 Nam
1694 4909 1738 4964 si
1773 4909 1878 4965 illae

299 4995 516 5077 quidem
538 4996 740 5052 idcirco
764 5011 1079 5053 communes
1103 4998 1373 5065 dicuntur,
1402 4999 1525 5070 quia
1554 5002 1881 5071 separabiles

300 5097 464 5159 atque
510 5090 749 5145 omnium
800 5097 945 5159 sunt,
980 5090 1095 5145 aliae
1123 5099 1302 5146 autem
1330 5092 1583 5160 propr-ite,
1630 5094 1882 5162 quoniam

300 5182 543 5250 separari
591 5197 697 5235 non
742 5190 984 5250 possunt,
1025 5180 1268 5252 quamvis
1296 5181 1404 5236 sint
1432 5181 1484 5237 in
1527 5182 1886 5240 accidentium

298 5286 550 5339 numero,
592 5272 699 5328 illa:
733 5272 852 5343 jure
882 5272 1050 5343 magis
1097 5273 1325 5342 promite
1356 5271 1732 5344 pradicantur,
1763 5289 1883 5343 qua:

299 5382 413 5424 non
462 5365 623 5423 modo
665 5380 696 5419 a
726 5364 967 5439 subjecto
994 5365 1234 5434 separari
1263 5380 1370 5421 non
1420 5373 1664 5435 possunt,
1696 5380 1881 5422 verum

300 5459 465 5514 etiam
499 5456 753 5528 subjectis
784 5457 918 5526 ipsis
964 5456 1200 5525 speciem
1227 5456 1685 5527 substantiamque
1722 5457 1885 5527 perii—

301 5552 471 5606 ciunt.
500 5550 575 5605 Ex
610 5548 693 5605 his
722 5549 880 5621 igitur
916 5548 1085 5604 tribus
1104 5548 1523 5606 dill‘erentiarum
1555 5550 1880 5607 diversitati-

301 5643 428 5708 bus,
456 5640 511 5697 id
539 5650 622 5699 est
644 5641 1042 5708 communibus,
1078 5641 1330 5711 propriis,
1375 5650 1432 5697 et
1459 5642 1627 5713 magis
1655 5642 1883 5713 propriis

302 5735 443 5790 fiunt
487 5732 783 5790 secundum
810 5748 1005 5805 genus,
1034 5731 1121 5790 vel
1170 5732 1424 5802 speciem,
1471 5734 1559 5789 vel
1602 5748 1886 5791 numerum

302 5826 704 5896 discrepantia.
755 5826 890 5882 Nam
941 5841 1009 5883 ex
1066 5824 1478 5893 communibus,
1541 5833 1597 5881 et
1650 5826 1885 5897 propriis

305 5916 604 5975 secundum
678 5931 959 5976 numerum
1038 5917 1307 5974 distantias
1386 5925 1676 5974 nascuntur
1740 5933 1755 5971 :
1817 5931 1886 5973 ex

1982 4793 2360 4850 describuntur
2385 4793 2612 4848 termino
2640 4793 2725 4848 vel
2754 4793 3094 4849 declarantur
3113 4791 3367 4860 exemplo
3388 4810 3398 4842 :
3418 4790 3568 4846 aliud

1983 4894 2066 4940 est
2093 4883 2232 4955 quod
2266 4893 2375 4939 tota
2402 4883 2603 4954 speciei
2650 4884 2859 4940 ratione
2888 4883 3158 4940 diversum
3183 4892 3288 4949 est,
3315 4891 3376 4939 ut
3398 4892 3571 4955 equus

1984 4976 2052 5030 ab
2096 4975 2345 5042 homine,
2398 4976 2647 5047 quoniam
2693 4977 2971 5032 rationalis
3013 4975 3312 5033 differentia
3349 4974 3571 5030 animali

1988 5066 2280 5124 adveniens
2303 5069 2575 5124 hominem
2604 5070 2753 5134 facit,
2780 5068 3029 5139 aliudque
3051 5084 3175 5125 eum
3194 5083 3354 5139 quam
3370 5082 3572 5138 equum

1991 5173 2113 5214 esse
2142 5159 2436 5214 constituit.
2480 5159 2608 5215 ltem
2648 5161 2693 5215 si
2722 5174 2863 5215 unus
2891 5159 3053 5215 homo
3081 5161 3287 5225 sedeat,
3317 5159 3451 5213 alter
3484 5172 3571 5211 as-

1990 5252 2163 5316 sistat,
2193 5266 2299 5305 non
2335 5250 2596 5306 efﬁcietur
2639 5252 2800 5307 homo
2845 5250 3087 5307 diversus
3114 5252 3181 5307 ab
3205 5249 3443 5315 homine,
3470 5246 3567 5303 sed

1990 5328 2084 5397 eas
2110 5341 2356 5419 alteratio
2384 5342 2497 5397 sola
2527 5341 2801 5413 disjungit,
2831 5351 2888 5398 ut
2908 5358 3031 5399 eum
3059 5344 3150 5414 qui
3172 5340 3377 5397 assistit
3404 5340 3472 5395 ab
3500 5353 3567 5394 eo

1991 5432 2082 5505 qui
2111 5433 2264 5489 sedet
2305 5434 2585 5491 alteratum
2614 5435 2790 5490 faciat.
2833 5434 3067 5506 Itemque
3094 5435 3140 5490 si
3170 5432 3260 5488 ille
3292 5431 3364 5485 sit
3400 5430 3567 5498 nigris

1989 5524 2179 5595 oculis,
2210 5525 2310 5581 iste
2337 5526 2531 5593 etesiis,
2558 5527 2711 5592 nihil,
2748 5536 3003 5597 quantum
3032 5524 3101 5579 ad
3132 5525 3352 5578 formam
3383 5521 3570 5576 buma-

1991 5615 2175 5670 nitatis
2197 5617 2408 5682 attinet,
2427 5627 2781 5687 permutatum
2804 5627 2907 5683 est,
2938 5619 3010 5671 ita
3035 5615 3325 5672 secundum
3350 5614 3444 5669 has
3462 5612 3569 5669 dif-

1992 5705 2246 5765 ferentias
2266 5711 2514 5766 alteratio
2540 5712 2653 5766 sola
2678 5711 2922 5766 consistit
2950 5727 2966 5765 :
2996 5718 3052 5764 at
3079 5709 3123 5763 si
3153 5723 3321 5779 equus
3348 5709 3566 5780 quidem

1992 5798 2185 5871 jaceat,
2210 5800 2371 5857 homo
2401 5816 2532 5859 vero
2558 5802 2813 5867 ambulet,
2835 5811 2890 5858 et
2914 5800 3056 5855 aliud
3078 5809 3162 5857 est
3189 5817 3356 5872 equus
3379 5802 3447 5857 ab
3474 5802 3571 5858 bo-

1994 5895 2138 5950 mine
2157 5902 2211 5950 et
2237 5894 2543 5965 alteratum,
2587 5893 2870 5963 dupliciter
2909 5892 3123 5964 quidem
3153 5896 3455 5962 alteratum,
3485 5908 3572 5949 se—
