  <div class='ocr_page' id='page_1' title='image "/cluster/home/n/w/nwhite01/storage/ocr_20150623/64/hvd.32044024222309/067.png"; bbox 0 0 4106 6336; ppageno 0'>
   <div class='ocr_carea' id='block_1_1' title="bbox 521 345 620 401">
    <p class='ocr_par' dir='ltr' id='par_1_1' title="bbox 521 345 620 401">
     <span class='ocr_line' id='line_1_1' title="bbox 521 345 620 401; baseline -0.02 0"><span class='ocrx_word' id='word_1_1' title='bbox 521 345 620 401; x_wconf 76' lang='lat'><strong>“9</strong></span> 
     </span>
    </p>
   </div>
   <div class='ocr_carea' id='block_1_2' title="bbox 1744 325 2569 393">
    <p class='ocr_par' dir='ltr' id='par_1_2' title="bbox 1744 325 2569 393">
     <span class='ocr_line' id='line_1_2' title="bbox 1744 325 2569 393; baseline -0.016 -1"><span class='ocrx_word' id='word_1_2' title='bbox 1744 333 1855 393; x_wconf 82' lang='lat' dir='ltr'><strong>AN.</strong></span> <span class='ocrx_word' id='word_1_3' title='bbox 1897 330 2103 389; x_wconf 79' lang='lat' dir='ltr'><strong>MANL.</strong></span> <span class='ocrx_word' id='word_1_4' title='bbox 2144 327 2297 387; x_wconf 81' lang='lat' dir='ltr'><strong>SEV.</strong></span> <span class='ocrx_word' id='word_1_5' title='bbox 2348 325 2569 384; x_wconf 82' lang='grc' dir='ltr'><strong>ΒΟΕἸΊΙ</strong></span> 
     </span>
    </p>
   </div>
   <div class='ocr_carea' id='block_1_3' title="bbox 3706 325 3807 381">
    <p class='ocr_par' dir='ltr' id='par_1_3' title="bbox 3706 325 3807 381">
     <span class='ocr_line' id='line_1_3' title="bbox 3706 325 3807 381; baseline 0.01 -1"><span class='ocrx_word' id='word_1_6' title='bbox 3706 325 3807 381; x_wconf 68' lang='grc'><strong>120</strong></span> 
     </span>
    </p>
   </div>
   <div class='ocr_carea' id='block_1_4' title="bbox 522 436 3808 523">
    <p class='ocr_par' dir='ltr' id='par_1_4' title="bbox 522 436 3808 523">
     <span class='ocr_line' id='line_1_4' title="bbox 522 436 3808 523; baseline -0.009 -6"><span class='ocrx_word' id='word_1_7' title='bbox 522 461 626 519; x_wconf 83' lang='lat' dir='ltr'><strong>tne!</strong></span> <span class='ocrx_word' id='word_1_8' title='bbox 662 472 789 514; x_wconf 90' lang='lat' dir='ltr'><strong>vero</strong></span> <span class='ocrx_word' id='word_1_9' title='bbox 818 457 982 514; x_wconf 83' lang='lat' dir='ltr'><strong>aliud.</strong></span> <span class='ocrx_word' id='word_1_10' title='bbox 1019 454 1311 511; x_wconf 83' lang='lat' dir='ltr'><strong>Alteratum</strong></span> <span class='ocrx_word' id='word_1_11' title='bbox 1349 461 1452 519; x_wconf 89' lang='lat' dir='ltr'><strong>est,</strong></span> <span class='ocrx_word' id='word_1_12' title='bbox 1490 452 1629 523; x_wconf 90' lang='lat' dir='ltr'><strong>quod</strong></span> <span class='ocrx_word' id='word_1_13' title='bbox 1671 452 1891 508; x_wconf 86' lang='lat' dir='ltr'><strong>omnino</strong></span> <span class='ocrx_word' id='word_1_14' title='bbox 1927 445 2105 519; x_wconf 85' lang='lat' dir='ltr'><strong>specie</strong></span> <span class='ocrx_word' id='word_1_15' title='bbox 2133 454 2182 516; x_wconf 77' lang='grc' dir='ltr'>Α</span> <span class='ocrx_word' id='word_1_16' title='bbox 2221 460 2342 498; x_wconf 89' lang='lat' dir='ltr'><strong>nam</strong></span> <span class='ocrx_word' id='word_1_17' title='bbox 2379 440 2633 495; x_wconf 76' lang='lat' dir='ltr'><strong>rationale</strong></span> <span class='ocrx_word' id='word_1_18' title='bbox 2655 455 2745 510; x_wconf 83' lang='lat' dir='ltr'><strong>per</strong></span> <span class='ocrx_word' id='word_1_19' title='bbox 2771 452 2824 494; x_wconf 89' lang='lat' dir='ltr'><strong>se</strong></span> <span class='ocrx_word' id='word_1_20' title='bbox 2852 439 2982 493; x_wconf 72' lang='lat' dir='ltr'><strong>inest</strong></span> <span class='ocrx_word' id='word_1_21' title='bbox 3005 436 3201 493; x_wconf 81' lang='lat' dir='ltr'><strong>homini</strong></span> <span class='ocrx_word' id='word_1_22' title='bbox 3226 442 3274 492; x_wconf 88' lang='lat' dir='ltr'><strong>et</strong></span> <span class='ocrx_word' id='word_1_23' title='bbox 3299 436 3534 499; x_wconf 80' lang='lat' dir='ltr'><strong>mortale,</strong></span> <span class='ocrx_word' id='word_1_24' title='bbox 3576 445 3622 490; x_wconf 77' lang='lat' dir='ltr'><strong>et</strong></span> <span class='ocrx_word' id='word_1_25' title='bbox 3652 439 3808 493; x_wconf 78' lang='lat' dir='ltr'><strong>disci-</strong></span> 
     </span>
    </p>
   </div>
   <div class='ocr_carea' id='block_1_5' title="bbox 518 544 2105 616">
    <p class='ocr_par' dir='ltr' id='par_1_5' title="bbox 518 544 2105 616">
     <span class='ocr_line' id='line_1_5' title="bbox 518 544 2105 616; baseline -0.009 -6"><span class='ocrx_word' id='word_1_26' title='bbox 518 555 790 610; x_wconf 80' lang='lat' dir='ltr'><strong>divcrsum</strong></span> <span class='ocrx_word' id='word_1_27' title='bbox 811 562 912 616; x_wconf 88' lang='lat' dir='ltr'><strong>est,</strong></span> <span class='ocrx_word' id='word_1_28' title='bbox 939 558 1089 605; x_wconf 89' lang='lat' dir='ltr'><strong>etest</strong></span> <span class='ocrx_word' id='word_1_29' title='bbox 1109 547 1271 603; x_wconf 86' lang='lat' dir='ltr'><strong>aliud.</strong></span> <span class='ocrx_word' id='word_1_30' title='bbox 1287 548 1457 603; x_wconf 89' lang='lat' dir='ltr'><strong>Omne</strong></span> <span class='ocrx_word' id='word_1_31' title='bbox 1478 550 1619 602; x_wconf 86' lang='lat' dir='ltr'><strong>enim</strong></span> <span class='ocrx_word' id='word_1_32' title='bbox 1642 545 1808 614; x_wconf 83' lang='lat' dir='ltr'><strong>aliud,</strong></span> <span class='ocrx_word' id='word_1_33' title='bbox 1829 553 1885 598; x_wconf 89' lang='lat' dir='ltr'><strong>ut</strong></span> <span class='ocrx_word' id='word_1_34' title='bbox 1906 544 2105 599; x_wconf 89' lang='lat' dir='ltr'><strong>dictum</strong></span> 
     </span>
    </p>
   </div>
   <div class='ocr_carea' id='block_1_6' title="bbox 522 635 2106 711">
    <p class='ocr_par' dir='ltr' id='par_1_6' title="bbox 522 635 2106 711">
     <span class='ocr_line' id='line_1_6' title="bbox 522 635 2106 711; baseline -0.009 -10"><span class='ocrx_word' id='word_1_35' title='bbox 522 646 801 709; x_wconf 88' lang='lat' dir='ltr'><strong>est,etiam</strong></span> <span class='ocrx_word' id='word_1_36' title='bbox 828 644 1109 698; x_wconf 87' lang='lat' dir='ltr'><strong>alteratum</strong></span> <span class='ocrx_word' id='word_1_37' title='bbox 1128 641 1327 705; x_wconf 87' lang='lat' dir='ltr'><strong>est,ve|</strong></span> <span class='ocrx_word' id='word_1_38' title='bbox 1358 640 1500 711; x_wconf 92' lang='lat' dir='ltr'><strong>quod</strong></span> <span class='ocrx_word' id='word_1_39' title='bbox 1527 639 1893 695; x_wconf 87' lang='lat' dir='ltr'><strong>accidentibus</strong></span> <span class='ocrx_word' id='word_1_40' title='bbox 1923 635 2106 700; x_wconf 91' lang='lat' dir='ltr'><strong>distat,</strong></span> 
     </span>
    </p>
   </div>
   <div class='ocr_carea' id='block_1_7' title="bbox 521 729 2105 809">
    <p class='ocr_par' dir='ltr' id='par_1_7' title="bbox 521 729 2105 809">
     <span class='ocr_line' id='line_1_7' title="bbox 521 729 2105 809; baseline -0.007 -16"><span class='ocrx_word' id='word_1_41' title='bbox 521 739 665 809; x_wconf 89' lang='lat' dir='ltr'><strong>quod</strong></span> <span class='ocrx_word' id='word_1_42' title='bbox 699 738 788 792; x_wconf 89' lang='lat' dir='ltr'><strong>ille</strong></span> <span class='ocrx_word' id='word_1_43' title='bbox 820 738 994 805; x_wconf 78' lang='lat' dir='ltr'><strong>jaceat</strong></span> <span class='ocrx_word' id='word_1_44' title='bbox 1026 733 1116 789; x_wconf 91' lang='lat' dir='ltr'><strong>hic</strong></span> <span class='ocrx_word' id='word_1_45' title='bbox 1146 734 1405 789; x_wconf 78' lang='lat' dir='ltr'><strong>ambulet.</strong></span> <span class='ocrx_word' id='word_1_46' title='bbox 1441 735 1619 790; x_wconf 90' lang='lat' dir='ltr'><strong>Semel</strong></span> <span class='ocrx_word' id='word_1_47' title='bbox 1658 748 1786 789; x_wconf 90' lang='lat' dir='ltr'><strong>vero</strong></span> <span class='ocrx_word' id='word_1_48' title='bbox 1822 740 1903 787; x_wconf 92' lang='lat' dir='ltr'><strong>est</strong></span> <span class='ocrx_word' id='word_1_49' title='bbox 1942 729 2105 796; x_wconf 85' lang='lat' dir='ltr'><strong>aliud,</strong></span> 
     </span>
    </p>
   </div>
   <div class='ocr_carea' id='block_1_8' title="bbox 524 818 2114 903">
    <p class='ocr_par' dir='ltr' id='par_1_8' title="bbox 524 818 2114 903">
     <span class='ocr_line' id='line_1_8' title="bbox 524 818 2114 903; baseline -0.004 -18"><span class='ocrx_word' id='word_1_50' title='bbox 524 826 668 903; x_wconf 78' lang='lat' dir='ltr'><strong>quod</strong></span> <span class='ocrx_word' id='word_1_51' title='bbox 694 828 996 886; x_wconf 82' lang='lat' dir='ltr'><strong>rationabili</strong></span> <span class='ocrx_word' id='word_1_52' title='bbox 1022 818 1183 899; x_wconf 69' lang='lat' dir='ltr'><strong>atq‘ue</strong></span> <span class='ocrx_word' id='word_1_53' title='bbox 1206 827 1560 883; x_wconf 88' lang='lat' dir='ltr'><strong>irrationabili</strong></span> <span class='ocrx_word' id='word_1_54' title='bbox 1591 825 1909 882; x_wconf 90' lang='lat' dir='ltr'><strong>differentiis</strong></span> <span class='ocrx_word' id='word_1_55' title='bbox 1933 836 2114 894; x_wconf 85' lang='lat' dir='ltr'><strong>segre-</strong></span> 
     </span>
    </p>
   </div>
   <div class='ocr_carea' id='block_1_9' title="bbox 523 920 2110 995">
    <p class='ocr_par' dir='ltr' id='par_1_9' title="bbox 523 920 2110 995">
     <span class='ocr_line' id='line_1_9' title="bbox 523 920 2110 995; baseline -0.004 -16"><span class='ocrx_word' id='word_1_56' title='bbox 523 935 699 995; x_wconf 86' lang='lat' dir='ltr'><strong>gatur.</strong></span> <span class='ocrx_word' id='word_1_57' title='bbox 728 938 846 993; x_wconf 82' lang='lat' dir='ltr'><strong>quae</strong></span> <span class='ocrx_word' id='word_1_58' title='bbox 869 922 1134 993; x_wconf 67' lang='lat' dir='ltr'><strong>specificaa</strong></span> <span class='ocrx_word' id='word_1_59' title='bbox 1165 930 1309 983; x_wconf 89' lang='lat' dir='ltr'><strong>sunt,</strong></span> <span class='ocrx_word' id='word_1_60' title='bbox 1344 931 1399 977; x_wconf 89' lang='lat' dir='ltr'><strong>et</strong></span> <span class='ocrx_word' id='word_1_61' title='bbox 1429 922 1810 977; x_wconf 81' lang='lat' dir='ltr'><strong>subsmntiales</strong></span> <span class='ocrx_word' id='word_1_62' title='bbox 1840 920 2110 974; x_wconf 90' lang='lat' dir='ltr'><strong>dicuntur.</strong></span> 
     </span>
    </p>
   </div>
   <div class='ocr_carea' id='block_1_10' title="bbox 523 1008 2116 1086">
    <p class='ocr_par' dir='ltr' id='par_1_10' title="bbox 523 1008 2116 1086">
     <span class='ocr_line' id='line_1_10' title="bbox 523 1008 2116 1086; baseline -0.003 -17"><span class='ocrx_word' id='word_1_63' title='bbox 523 1015 624 1071; x_wconf 89' lang='lat' dir='ltr'><strong>Est</strong></span> <span class='ocrx_word' id='word_1_64' title='bbox 652 1008 809 1085; x_wconf 82' lang='lat' dir='ltr'><strong>igitur</strong></span> <span class='ocrx_word' id='word_1_65' title='bbox 838 1015 1147 1082; x_wconf 86' lang='lat' dir='ltr'><strong>alteratum,</strong></span> <span class='ocrx_word' id='word_1_66' title='bbox 1180 1015 1322 1085; x_wconf 92' lang='lat' dir='ltr'><strong>quod</strong></span> <span class='ocrx_word' id='word_1_67' title='bbox 1354 1016 1419 1069; x_wconf 91' lang='lat' dir='ltr'><strong>ab</strong></span> <span class='ocrx_word' id='word_1_68' title='bbox 1449 1015 1626 1086; x_wconf 88' lang='lat' dir='ltr'><strong>aliquo</strong></span> <span class='ocrx_word' id='word_1_69' title='bbox 1650 1013 1889 1086; x_wconf 87' lang='lat' dir='ltr'><strong>qualibet</strong></span> <span class='ocrx_word' id='word_1_70' title='bbox 1909 1012 2116 1066; x_wconf 83' lang='lat' dir='ltr'><strong>ratione</strong></span> 
     </span>
    </p>
   </div>
   <div class='ocr_carea' id='block_1_11' title="bbox 524 1107 935 1162">
    <p class='ocr_par' dir='ltr' id='par_1_11' title="bbox 524 1107 935 1162">
     <span class='ocr_line' id='line_1_11' title="bbox 524 1107 935 1162; baseline -0.002 0"><span class='ocrx_word' id='word_1_71' title='bbox 524 1107 796 1162; x_wconf 80' lang='lat' dir='ltr'><strong>diversum</strong></span> <span class='ocrx_word' id='word_1_72' title='bbox 831 1116 935 1162; x_wconf 91' lang='lat' dir='ltr'><strong>est.</strong></span> 
     </span>
    </p>
   </div>
   <div class='ocr_carea' id='block_1_12' title="bbox 598 1193 2118 1271">
    <p class='ocr_par' dir='ltr' id='par_1_12' title="bbox 598 1193 2118 1271">
     <span class='ocr_line' id='line_1_12' title="bbox 598 1193 2118 1271; baseline -0.007 -15"><span class='ocrx_word' id='word_1_73' title='bbox 598 1199 892 1256; x_wconf 82' lang='lat' dir='ltr'><strong>Secundum</strong></span> <span class='ocrx_word' id='word_1_74' title='bbox 921 1200 1081 1271; x_wconf 81' lang='lat' dir='ltr'><strong>igitur</strong></span> <span class='ocrx_word' id='word_1_75' title='bbox 1112 1197 1257 1253; x_wconf 86' lang='lat' dir='ltr'><strong>aliud</strong></span> <span class='ocrx_word' id='word_1_76' title='bbox 1286 1197 1529 1269; x_wconf 80' lang='lat' dir='ltr'><strong>facientes</strong></span> <span class='ocrx_word' id='word_1_77' title='bbox 1558 1196 1877 1263; x_wconf 77' lang='lat' dir='ltr'><strong>differentias</strong></span> <span class='ocrx_word' id='word_1_78' title='bbox 1908 1204 1954 1248; x_wconf 88' lang='lat' dir='ltr'><strong>et</strong></span> <span class='ocrx_word' id='word_1_79' title='bbox 1989 1193 2118 1247; x_wconf 81' lang='lat' dir='ltr'><strong>divi-</strong></span> 
     </span>
    </p>
   </div>
   <div class='ocr_carea' id='block_1_13' title="bbox 522 1280 2120 1362">
    <p class='ocr_par' dir='ltr' id='par_1_13' title="bbox 522 1280 2120 1362">
     <span class='ocr_line' id='line_1_13' title="bbox 522 1280 2120 1362; baseline -0.004 -17"><span class='ocrx_word' id='word_1_80' title='bbox 522 1291 692 1346; x_wconf 83' lang='lat' dir='ltr'><strong>siones</strong></span> <span class='ocrx_word' id='word_1_81' title='bbox 739 1292 873 1360; x_wconf 80' lang='lat' dir='ltr'><strong>ﬁunt</strong></span> <span class='ocrx_word' id='word_1_82' title='bbox 902 1308 934 1344; x_wconf 91' lang='lat' dir='ltr'><strong><em>a</em></strong></span> <span class='ocrx_word' id='word_1_83' title='bbox 974 1292 1242 1362; x_wconf 74' lang='lat' dir='ltr'><strong>generibus</strong></span> <span class='ocrx_word' id='word_1_84' title='bbox 1272 1290 1324 1343; x_wconf 87' lang='lat' dir='ltr'><strong>in</strong></span> <span class='ocrx_word' id='word_1_85' title='bbox 1352 1290 1564 1360; x_wconf 84' lang='lat' dir='ltr'><strong>species,</strong></span> <span class='ocrx_word' id='word_1_86' title='bbox 1586 1280 1644 1342; x_wconf 83' lang='lat' dir='ltr'><strong>et</strong></span> <span class='ocrx_word' id='word_1_87' title='bbox 1672 1286 1995 1357; x_wconf 73' lang='lat' dir='ltr'><strong>diﬁinitiones</strong></span> <span class='ocrx_word' id='word_1_88' title='bbox 2035 1300 2120 1338; x_wconf 90' lang='lat' dir='ltr'><strong>as-</strong></span> 
     </span>
    </p>
   </div>
   <div class='ocr_carea' id='block_1_14' title="bbox 523 1379 2122 1457">
    <p class='ocr_par' dir='ltr' id='par_1_14' title="bbox 523 1379 2122 1457">
     <span class='ocr_line' id='line_1_14' title="bbox 523 1379 2122 1457; baseline -0.006 -16"><span class='ocrx_word' id='word_1_89' title='bbox 523 1389 816 1457; x_wconf 85' lang='lat' dir='ltr'><strong>signantur,</strong></span> <span class='ocrx_word' id='word_1_90' title='bbox 854 1400 969 1456; x_wconf 77' lang='lat' dir='ltr'><strong>que:</strong></span> <span class='ocrx_word' id='word_1_91' title='bbox 1000 1393 1118 1438; x_wconf 88' lang='lat' dir='ltr'><strong>sunt</strong></span> <span class='ocrx_word' id='word_1_92' title='bbox 1143 1401 1204 1438; x_wconf 77' lang='lat' dir='ltr'><strong>ea:</strong></span> <span class='ocrx_word' id='word_1_93' title='bbox 1235 1398 1437 1455; x_wconf 81' lang='lat' dir='ltr'><strong>genere,</strong></span> <span class='ocrx_word' id='word_1_94' title='bbox 1465 1390 1511 1436; x_wconf 84' lang='lat' dir='ltr'><strong>et</strong></span> <span class='ocrx_word' id='word_1_95' title='bbox 1544 1380 1841 1455; x_wconf 81' lang='lat' dir='ltr'><strong>hujusmodi</strong></span> <span class='ocrx_word' id='word_1_96' title='bbox 1878 1379 2122 1447; x_wconf 75' lang='lat' dir='ltr'><strong>di/fereu-</strong></span> 
     </span>
    </p>
   </div>
   <div class='ocr_carea' id='block_1_15' title="bbox 524 1473 2118 1553">
    <p class='ocr_par' dir='ltr' id='par_1_15' title="bbox 524 1473 2118 1553">
     <span class='ocr_line' id='line_1_15' title="bbox 524 1473 2118 1553; baseline -0.005 -19"><span class='ocrx_word' id='word_1_97' title='bbox 524 1480 611 1534; x_wconf 86' lang='lat' dir='ltr'><strong>tiis</strong></span> <span class='ocrx_word' id='word_1_98' title='bbox 634 1495 655 1533; x_wconf 85' lang='lat'><strong><em>:</em></strong></span> <span class='ocrx_word' id='word_1_99' title='bbox 684 1479 960 1533; x_wconf 79' lang='lat' dir='ltr'><strong>secundum</strong></span> <span class='ocrx_word' id='word_1_100' title='bbox 991 1487 1161 1533; x_wconf 88' lang='lat' dir='ltr'><strong>autem</strong></span> <span class='ocrx_word' id='word_1_101' title='bbox 1179 1494 1261 1533; x_wconf 87' lang='lat' dir='ltr'><strong>eas</strong></span> <span class='ocrx_word' id='word_1_102' title='bbox 1284 1492 1399 1547; x_wconf 72' lang='lat' dir='ltr'><strong>quia</strong></span> <span class='ocrx_word' id='word_1_103' title='bbox 1424 1475 1591 1531; x_wconf 82' lang='lat' dir='ltr'><strong>soluat</strong></span> <span class='ocrx_word' id='word_1_104' title='bbox 1609 1475 1879 1530; x_wconf 86' lang='lat' dir='ltr'><strong>alteratum</strong></span> <span class='ocrx_word' id='word_1_105' title='bbox 1901 1473 2118 1553; x_wconf 72' lang='lat' dir='ltr'><strong>faciunt,</strong></span> 
     </span>
    </p>
   </div>
   <div class='ocr_carea' id='block_1_16' title="bbox 524 1567 2122 1640">
    <p class='ocr_par' dir='ltr' id='par_1_16' title="bbox 524 1567 2122 1640">
     <span class='ocr_line' id='line_1_16' title="bbox 524 1567 2122 1640; baseline -0.005 -13"><span class='ocrx_word' id='word_1_106' title='bbox 524 1573 854 1628; x_wconf 75' lang='lat' dir='ltr'><strong>ulterationes</strong></span> <span class='ocrx_word' id='word_1_107' title='bbox 902 1573 1069 1626; x_wconf 86' lang='lat' dir='ltr'><strong>solum</strong></span> <span class='ocrx_word' id='word_1_108' title='bbox 1118 1573 1421 1638; x_wconf 74' lang='lat' dir='ltr'><strong>consistunt,</strong></span> <span class='ocrx_word' id='word_1_109' title='bbox 1470 1579 1514 1623; x_wconf 86' lang='lat' dir='ltr'><strong>et</strong></span> <span class='ocrx_word' id='word_1_110' title='bbox 1552 1569 1725 1640; x_wconf 89' lang='lat' dir='ltr'><strong>aliquo</strong></span> <span class='ocrx_word' id='word_1_111' title='bbox 1757 1568 1910 1623; x_wconf 89' lang='lat' dir='ltr'><strong>modo</strong></span> <span class='ocrx_word' id='word_1_112' title='bbox 1948 1582 2000 1622; x_wconf 82' lang='lat' dir='ltr'><strong>se</strong></span> <span class='ocrx_word' id='word_1_113' title='bbox 2029 1567 2122 1620; x_wconf 85' lang='lat' dir='ltr'><strong>Ita-</strong></span> 
     </span>
    </p>
   </div>
   <div class='ocr_carea' id='block_1_17' title="bbox 525 1665 1128 1731">
    <p class='ocr_par' dir='ltr' id='par_1_17' title="bbox 525 1665 1128 1731">
     <span class='ocr_line' id='line_1_17' title="bbox 525 1665 1128 1731; baseline -0.007 -10"><span class='ocrx_word' id='word_1_114' title='bbox 525 1665 687 1721; x_wconf 79' lang='lat' dir='ltr'><strong>bentis</strong></span> <span class='ocrx_word' id='word_1_115' title='bbox 712 1666 1128 1731; x_wconf 88' lang='lat' dir='ltr'><strong>permutationes.</strong></span> 
     </span>
    </p>
   </div>
   <div class='ocr_carea' id='block_1_18' title="bbox 520 1752 2123 1825">
    <p class='ocr_par' dir='ltr' id='par_1_18' title="bbox 520 1752 2123 1825">
     <span class='ocr_line' id='line_1_18' title="bbox 520 1752 2123 1825; baseline -0.006 -11"><span class='ocrx_word' id='word_1_116' title='bbox 520 1766 557 1823; x_wconf 51' lang='lat' dir='ltr'><strong>lt</strong></span> <span class='ocrx_word' id='word_1_117' title='bbox 601 1757 862 1825; x_wconf 86' lang='lat' dir='ltr'><strong>Quoniam</strong></span> <span class='ocrx_word' id='word_1_118' title='bbox 913 1756 963 1810; x_wconf 91' lang='lat' dir='ltr'><strong>in</strong></span> <span class='ocrx_word' id='word_1_119' title='bbox 996 1753 1263 1824; x_wconf 81' lang='lat' dir='ltr'><strong>principio</strong></span> <span class='ocrx_word' id='word_1_120' title='bbox 1295 1753 1453 1824; x_wconf 84' lang='lat' dir='ltr'><strong>hujus</strong></span> <span class='ocrx_word' id='word_1_121' title='bbox 1490 1754 1675 1824; x_wconf 88' lang='lat' dir='ltr'><strong>operis</strong></span> <span class='ocrx_word' id='word_1_122' title='bbox 1721 1752 1955 1824; x_wconf 76' lang='lat' dir='ltr'><strong>generis,</strong></span> <span class='ocrx_word' id='word_1_123' title='bbox 1999 1766 2123 1821; x_wconf 86' lang='lat' dir='ltr'><strong>spe-</strong></span> 
     </span>
    </p>
   </div>
   <div class='ocr_carea' id='block_1_19' title="bbox 527 1818 2322 1919">
    <p class='ocr_par' dir='ltr' id='par_1_19' title="bbox 527 1818 2322 1919">
     <span class='ocr_line' id='line_1_19' title="bbox 527 1818 2322 1919; baseline -0.009 -14"><span class='ocrx_word' id='word_1_124' title='bbox 527 1849 738 1919; x_wconf 88' lang='lat' dir='ltr'><strong>cleique</strong></span> <span class='ocrx_word' id='word_1_125' title='bbox 786 1847 1127 1907; x_wconf 60' lang='lat' dir='ltr'><strong>differentia),</strong></span> <span class='ocrx_word' id='word_1_126' title='bbox 1160 1842 1373 1916; x_wconf 80' lang='lat' dir='ltr'><strong>proprii</strong></span> <span class='ocrx_word' id='word_1_127' title='bbox 1400 1856 1454 1902; x_wconf 89' lang='lat' dir='ltr'><strong>et</strong></span> <span class='ocrx_word' id='word_1_128' title='bbox 1478 1846 1768 1901; x_wconf 89' lang='lat' dir='ltr'><strong>accidentis</strong></span> <span class='ocrx_word' id='word_1_129' title='bbox 1793 1842 2035 1897; x_wconf 90' lang='lat' dir='ltr'><strong>notitiam</strong></span> <span class='ocrx_word' id='word_1_130' title='bbox 2054 1839 2121 1893; x_wconf 90' lang='lat' dir='ltr'><strong>ad</strong></span> <span class='ocrx_word' id='word_1_131' title='bbox 2152 1845 2202 1906; x_wconf 86' lang='grc' dir='ltr'><strong>Β</strong></span> <span class='ocrx_word' id='word_1_132' title='bbox 2230 1818 2322 1919; x_wconf 49' lang='lat' dir='ltr'><strong>“iis</strong></span> 
     </span>
    </p>
   </div>
   <div class='ocr_carea' id='block_1_20' title="bbox 528 1931 2145 2007">
    <p class='ocr_par' dir='ltr' id='par_1_20' title="bbox 528 1931 2145 2007">
     <span class='ocr_line' id='line_1_20' title="bbox 528 1931 2145 2007; baseline -0.007 -12"><span class='ocrx_word' id='word_1_133' title='bbox 528 1939 848 1995; x_wconf 87' lang='lat' dir='ltr'><strong>divisionem</strong></span> <span class='ocrx_word' id='word_1_134' title='bbox 875 1946 1035 2007; x_wconf 83' lang='lat' dir='ltr'><strong>atque</strong></span> <span class='ocrx_word' id='word_1_135' title='bbox 1068 1937 1446 1993; x_wconf 83' lang='lat' dir='ltr'><strong>difflaitionem</strong></span> <span class='ocrx_word' id='word_1_136' title='bbox 1478 1937 1660 1991; x_wconf 90' lang='lat' dir='ltr'><strong>utilem</strong></span> <span class='ocrx_word' id='word_1_137' title='bbox 1701 1950 1824 1991; x_wconf 91' lang='lat' dir='ltr'><strong>esse</strong></span> <span class='ocrx_word' id='word_1_138' title='bbox 1851 1931 2145 2007; x_wconf 10' lang='lat' dir='ltr'><strong>prmdixit,»</strong></span> 
     </span>
    </p>
   </div>
   <div class='ocr_carea' id='block_1_21' title="bbox 526 2025 2124 2102">
    <p class='ocr_par' dir='ltr' id='par_1_21' title="bbox 526 2025 2124 2102">
     <span class='ocr_line' id='line_1_21' title="bbox 526 2025 2124 2102; baseline -0.006 -15"><span class='ocrx_word' id='word_1_139' title='bbox 526 2031 734 2087; x_wconf 84' lang='lat' dir='ltr'><strong>idcirco</strong></span> <span class='ocrx_word' id='word_1_140' title='bbox 776 2046 915 2086; x_wconf 90' lang='lat' dir='ltr'><strong>nunc</strong></span> <span class='ocrx_word' id='word_1_141' title='bbox 946 2028 1365 2085; x_wconf 80' lang='lat' dir='ltr'><strong>differentiarum</strong></span> <span class='ocrx_word' id='word_1_142' title='bbox 1415 2030 1651 2102; x_wconf 85' lang='lat' dir='ltr'><strong>ipsarum</strong></span> <span class='ocrx_word' id='word_1_143' title='bbox 1685 2028 1822 2083; x_wconf 67' lang='lat' dir='ltr'><strong>facta</strong></span> <span class='ocrx_word' id='word_1_144' title='bbox 1861 2025 2124 2081; x_wconf 87' lang='lat' dir='ltr'><strong>divisione</strong></span> 
     </span>
    </p>
   </div>
   <div class='ocr_carea' id='block_1_22' title="bbox 529 2116 2126 2192">
    <p class='ocr_par' dir='ltr' id='par_1_22' title="bbox 529 2116 2126 2192">
     <span class='ocr_line' id='line_1_22' title="bbox 529 2116 2126 2192; baseline -0.002 -18"><span class='ocrx_word' id='word_1_145' title='bbox 529 2121 746 2176; x_wconf 87' lang='lat' dir='ltr'><strong>easdem</strong></span> <span class='ocrx_word' id='word_1_146' title='bbox 777 2121 1004 2191; x_wconf 82' lang='lat' dir='ltr'><strong>partitur</strong></span> <span class='ocrx_word' id='word_1_147' title='bbox 1030 2130 1082 2174; x_wconf 91' lang='lat' dir='ltr'><strong>et</strong></span> <span class='ocrx_word' id='word_1_148' title='bbox 1104 2130 1368 2192; x_wconf 77' lang='lat' dir='ltr'><strong>segregat,</strong></span> <span class='ocrx_word' id='word_1_149' title='bbox 1413 2135 1655 2191; x_wconf 78' lang='lat' dir='ltr'><strong>quamam</strong></span> <span class='ocrx_word' id='word_1_150' title='bbox 1686 2118 2021 2184; x_wconf 71' lang='lat' dir='ltr'><strong>differentizp,</strong></span> <span class='ocrx_word' id='word_1_151' title='bbox 2044 2116 2126 2172; x_wconf 87' lang='lat' dir='ltr'><strong>di-</strong></span> 
     </span>
    </p>
   </div>
   <div class='ocr_carea' id='block_1_23' title="bbox 529 2210 2125 2281">
    <p class='ocr_par' dir='ltr' id='par_1_23' title="bbox 529 2210 2125 2281">
     <span class='ocr_line' id='line_1_23' title="bbox 529 2210 2125 2281; baseline -0.001 -15"><span class='ocrx_word' id='word_1_152' title='bbox 529 2211 827 2267; x_wconf 79' lang='lat' dir='ltr'><strong>visionibus</strong></span> <span class='ocrx_word' id='word_1_153' title='bbox 883 2227 943 2265; x_wconf 90' lang='lat' dir='ltr'><strong>ac</strong></span> <span class='ocrx_word' id='word_1_154' title='bbox 992 2211 1405 2268; x_wconf 88' lang='lat' dir='ltr'><strong>diffinitionibus</strong></span> <span class='ocrx_word' id='word_1_155' title='bbox 1451 2210 1948 2278; x_wconf 87' lang='lat' dir='ltr'><strong>accommodentur,</strong></span> <span class='ocrx_word' id='word_1_156' title='bbox 1980 2224 2125 2281; x_wconf 75' lang='lat' dir='ltr'><strong>~qute</strong></span> 
     </span>
    </p>
   </div>
   <div class='ocr_carea' id='block_1_24' title="bbox 529 2300 2123 2375">
    <p class='ocr_par' dir='ltr' id='par_1_24' title="bbox 529 2300 2123 2375">
     <span class='ocr_line' id='line_1_24' title="bbox 529 2300 2123 2375; baseline -0.002 -17"><span class='ocrx_word' id='word_1_157' title='bbox 529 2316 661 2359; x_wconf 85' lang='lat' dir='ltr'><strong>vero</strong></span> <span class='ocrx_word' id='word_1_158' title='bbox 688 2304 929 2360; x_wconf 90' lang='lat' dir='ltr'><strong>minime.</strong></span> <span class='ocrx_word' id='word_1_159' title='bbox 967 2303 1229 2371; x_wconf 81' lang='lat' dir='ltr'><strong>Quoniam</strong></span> <span class='ocrx_word' id='word_1_160' title='bbox 1273 2303 1433 2375; x_wconf 83' lang='lat' dir='ltr'><strong>igitur</strong></span> <span class='ocrx_word' id='word_1_161' title='bbox 1475 2302 1672 2358; x_wconf 77' lang='lat' dir='ltr'><strong>divisio</strong></span> <span class='ocrx_word' id='word_1_162' title='bbox 1708 2301 1922 2374; x_wconf 77' lang='lat' dir='ltr'><strong>generis</strong></span> <span class='ocrx_word' id='word_1_163' title='bbox 1967 2301 2037 2356; x_wconf 87' lang='lat' dir='ltr'><strong>ita</strong></span> <span class='ocrx_word' id='word_1_164' title='bbox 2070 2300 2123 2356; x_wconf 93' lang='lat' dir='ltr'><strong>in</strong></span> 
     </span>
    </p>
   </div>
   <div class='ocr_carea' id='block_1_25' title="bbox 532 2392 2128 2467">
    <p class='ocr_par' dir='ltr' id='par_1_25' title="bbox 532 2392 2128 2467">
     <span class='ocr_line' id='line_1_25' title="bbox 532 2392 2128 2467; baseline -0.002 -16"><span class='ocrx_word' id='word_1_165' title='bbox 532 2394 1002 2467; x_wconf 75' lang='lat' dir='ltr'><strong>speciesfacienda</strong></span> <span class='ocrx_word' id='word_1_166' title='bbox 1034 2404 1135 2462; x_wconf 87' lang='lat' dir='ltr'><strong>est,</strong></span> <span class='ocrx_word' id='word_1_167' title='bbox 1160 2395 1338 2450; x_wconf 87' lang='lat' dir='ltr'><strong>utillae</strong></span> <span class='ocrx_word' id='word_1_168' title='bbox 1358 2409 1388 2450; x_wconf 86' lang='lat' dir='ltr'><strong>a</strong></span> <span class='ocrx_word' id='word_1_169' title='bbox 1420 2409 1478 2450; x_wconf 89' lang='lat' dir='ltr'><strong>se</strong></span> <span class='ocrx_word' id='word_1_170' title='bbox 1511 2394 1719 2464; x_wconf 76' lang='lat' dir='ltr'><strong>species</strong></span> <span class='ocrx_word' id='word_1_171' title='bbox 1746 2393 1891 2448; x_wconf 93' lang='lat' dir='ltr'><strong>omni</strong></span> <span class='ocrx_word' id='word_1_172' title='bbox 1918 2392 2128 2448; x_wconf 82' lang='lat' dir='ltr'><strong>ratione</strong></span> 
     </span>
    </p>
   </div>
   <div class='ocr_carea' id='block_1_26' title="bbox 532 2484 2127 2553">
    <p class='ocr_par' dir='ltr' id='par_1_26' title="bbox 532 2484 2127 2553">
     <span class='ocr_line' id='line_1_26' title="bbox 532 2484 2127 2553; baseline -0.004 -9"><span class='ocrx_word' id='word_1_173' title='bbox 532 2488 850 2544; x_wconf 84' lang='lat' dir='ltr'><strong>substantiae</strong></span> <span class='ocrx_word' id='word_1_174' title='bbox 880 2487 1108 2542; x_wconf 68' lang='lat' dir='ltr'><strong>diversre</strong></span> <span class='ocrx_word' id='word_1_175' title='bbox 1147 2488 1274 2552; x_wconf 89' lang='lat' dir='ltr'><strong>sint,</strong></span> <span class='ocrx_word' id='word_1_176' title='bbox 1310 2485 1511 2541; x_wconf 91' lang='lat' dir='ltr'><strong>idcirco</strong></span> <span class='ocrx_word' id='word_1_177' title='bbox 1538 2501 1647 2541; x_wconf 91' lang='lat' dir='ltr'><strong>non</strong></span> <span class='ocrx_word' id='word_1_178' title='bbox 1680 2484 1869 2553; x_wconf 87' lang='lat' dir='ltr'><strong>probat</strong></span> <span class='ocrx_word' id='word_1_179' title='bbox 1895 2498 2016 2539; x_wconf 88' lang='lat' dir='ltr'><strong>esse</strong></span> <span class='ocrx_word' id='word_1_180' title='bbox 2039 2497 2127 2537; x_wconf 83' lang='lat' dir='ltr'><strong>as-</strong></span> 
     </span>
    </p>
   </div>
   <div class='ocr_carea' id='block_1_27' title="bbox 533 2574 2127 2646">
    <p class='ocr_par' dir='ltr' id='par_1_27' title="bbox 533 2574 2127 2646">
     <span class='ocr_line' id='line_1_27' title="bbox 533 2574 2127 2646; baseline -0.003 -12"><span class='ocrx_word' id='word_1_181' title='bbox 533 2578 823 2634; x_wconf 90' lang='lat' dir='ltr'><strong>sumendas</strong></span> <span class='ocrx_word' id='word_1_182' title='bbox 873 2593 962 2633; x_wconf 79' lang='lat' dir='ltr'><strong>eas</strong></span> <span class='ocrx_word' id='word_1_183' title='bbox 1005 2578 1072 2633; x_wconf 90' lang='lat' dir='ltr'><strong>ad</strong></span> <span class='ocrx_word' id='word_1_184' title='bbox 1119 2577 1434 2633; x_wconf 83' lang='lat' dir='ltr'><strong>divisionem</strong></span> <span class='ocrx_word' id='word_1_185' title='bbox 1491 2576 1845 2643; x_wconf 79' lang='lat' dir='ltr'><strong>differentias,</strong></span> <span class='ocrx_word' id='word_1_186' title='bbox 1878 2590 1995 2646; x_wconf 68' lang='lat' dir='ltr'><strong>quae</strong></span> <span class='ocrx_word' id='word_1_187' title='bbox 2044 2574 2127 2630; x_wconf 79' lang='lat' dir='ltr'><strong>vel</strong></span> 
     </span>
    </p>
   </div>
   <div class='ocr_carea' id='block_1_28' title="bbox 533 2667 2126 2741">
    <p class='ocr_par' dir='ltr' id='par_1_28' title="bbox 533 2667 2126 2741">
     <span class='ocr_line' id='line_1_28' title="bbox 533 2667 2126 2741; baseline -0.003 -15"><span class='ocrx_word' id='word_1_188' title='bbox 533 2670 873 2739; x_wconf 88' lang='lat' dir='ltr'><strong>separabilis,</strong></span> <span class='ocrx_word' id='word_1_189' title='bbox 888 2670 971 2726; x_wconf 86' lang='lat' dir='ltr'><strong>vel</strong></span> <span class='ocrx_word' id='word_1_190' title='bbox 988 2670 1357 2741; x_wconf 82' lang='lat' dir='ltr'><strong>inseparabilis</strong></span> <span class='ocrx_word' id='word_1_191' title='bbox 1375 2668 1665 2726; x_wconf 89' lang='lat' dir='ltr'><strong>accidentis</strong></span> <span class='ocrx_word' id='word_1_192' title='bbox 1684 2667 2126 2739; x_wconf 85' lang='lat' dir='ltr'><strong>significationem</strong></span> 
     </span>
    </p>
   </div>
   <div class='ocr_carea' id='block_1_29' title="bbox 533 2761 2127 2834">
    <p class='ocr_par' dir='ltr' id='par_1_29' title="bbox 533 2761 2127 2834">
     <span class='ocr_line' id='line_1_29' title="bbox 533 2761 2127 2834; baseline -0.001 -17"><span class='ocrx_word' id='word_1_193' title='bbox 533 2771 741 2828; x_wconf 79' lang='lat' dir='ltr'><strong>tenent,</strong></span> <span class='ocrx_word' id='word_1_194' title='bbox 768 2763 853 2819; x_wconf 88' lang='lat' dir='ltr'><strong>vel</strong></span> <span class='ocrx_word' id='word_1_195' title='bbox 880 2777 972 2819; x_wconf 89' lang='lat' dir='ltr'><strong>cas</strong></span> <span class='ocrx_word' id='word_1_196' title='bbox 994 2762 1323 2820; x_wconf 84' lang='lat' dir='ltr'><strong>differentias</strong></span> <span class='ocrx_word' id='word_1_197' title='bbox 1350 2764 1469 2834; x_wconf 68' lang='lat' dir='ltr'><strong>qum</strong></span> <span class='ocrx_word' id='word_1_198' title='bbox 1494 2762 1679 2820; x_wconf 90' lang='lat' dir='ltr'><strong>solum</strong></span> <span class='ocrx_word' id='word_1_199' title='bbox 1700 2762 1904 2817; x_wconf 88' lang='lat' dir='ltr'><strong>faciunt</strong></span> <span class='ocrx_word' id='word_1_200' title='bbox 1928 2761 2127 2817; x_wconf 86' lang='lat' dir='ltr'><strong>altera-</strong></span> 
     </span>
    </p>
   </div>
   <div class='ocr_carea' id='block_1_30' title="bbox 532 2855 2124 2928">
    <p class='ocr_par' dir='ltr' id='par_1_30' title="bbox 532 2855 2124 2928">
     <span class='ocr_line' id='line_1_30' title="bbox 532 2855 2124 2928; baseline -0.002 -17"><span class='ocrx_word' id='word_1_201' title='bbox 532 2865 670 2923; x_wconf 86' lang='lat' dir='ltr'><strong>tum,</strong></span> <span class='ocrx_word' id='word_1_202' title='bbox 700 2856 847 2911; x_wconf 88' lang='lat' dir='ltr'><strong>aliud</strong></span> <span class='ocrx_word' id='word_1_203' title='bbox 880 2870 1010 2912; x_wconf 90' lang='lat' dir='ltr'><strong>vero</strong></span> <span class='ocrx_word' id='word_1_204' title='bbox 1036 2855 1299 2928; x_wconf 84' lang='lat' dir='ltr'><strong>perﬁcere</strong></span> <span class='ocrx_word' id='word_1_205' title='bbox 1330 2863 1387 2911; x_wconf 92' lang='lat' dir='ltr'><strong>et</strong></span> <span class='ocrx_word' id='word_1_206' title='bbox 1411 2855 1706 2911; x_wconf 80' lang='lat' dir='ltr'><strong>informare</strong></span> <span class='ocrx_word' id='word_1_207' title='bbox 1742 2868 1848 2910; x_wconf 92' lang='lat' dir='ltr'><strong>non</strong></span> <span class='ocrx_word' id='word_1_208' title='bbox 1880 2861 2124 2924; x_wconf 89' lang='lat' dir='ltr'><strong>possunt.</strong></span> 
     </span>
    </p>
   </div>
   <div class='ocr_carea' id='block_1_31' title="bbox 530 2945 2130 3014">
    <p class='ocr_par' dir='ltr' id='par_1_31' title="bbox 530 2945 2130 3014">
     <span class='ocr_line' id='line_1_31' title="bbox 530 2945 2130 3014; baseline -0.004 -9"><span class='ocrx_word' id='word_1_209' title='bbox 530 2945 757 3005; x_wconf 82' lang='lat' dir='ltr'><strong>Inutiles</strong></span> <span class='ocrx_word' id='word_1_210' title='bbox 782 2947 924 3003; x_wconf 91' lang='lat' dir='ltr'><strong>enim</strong></span> <span class='ocrx_word' id='word_1_211' title='bbox 954 2955 1080 3002; x_wconf 91' lang='lat' dir='ltr'><strong>sunt</strong></span> <span class='ocrx_word' id='word_1_212' title='bbox 1106 2947 1172 3001; x_wconf 87' lang='lat' dir='ltr'><strong>ad</strong></span> <span class='ocrx_word' id='word_1_213' title='bbox 1201 2946 1519 3003; x_wconf 86' lang='lat' dir='ltr'><strong>divisionem</strong></span> <span class='ocrx_word' id='word_1_214' title='bbox 1543 2946 1627 3001; x_wconf 72' lang='lat' dir='ltr'><strong>hae</strong></span> <span class='ocrx_word' id='word_1_215' title='bbox 1658 2945 1978 3001; x_wconf 71' lang='lat' dir='ltr'><strong>differentiae</strong></span> <span class='ocrx_word' id='word_1_216' title='bbox 2011 2959 2130 3014; x_wconf 74' lang='lat' dir='ltr'><strong>quas</strong></span> 
     </span>
    </p>
   </div>
   <div class='ocr_carea' id='block_1_32' title="bbox 534 3039 2132 3111">
    <p class='ocr_par' dir='ltr' id='par_1_32' title="bbox 534 3039 2132 3111">
     <span class='ocr_line' id='line_1_32' title="bbox 534 3039 2132 3111; baseline -0.002 -15"><span class='ocrx_word' id='word_1_217' title='bbox 534 3040 737 3096; x_wconf 78' lang='lat' dir='ltr'><strong>iaciunt</strong></span> <span class='ocrx_word' id='word_1_218' title='bbox 765 3039 1071 3096; x_wconf 85' lang='lat' dir='ltr'><strong>alteratum.</strong></span> <span class='ocrx_word' id='word_1_219' title='bbox 1106 3039 1462 3111; x_wconf 66' lang='lat' dir='ltr'><strong>Segreganda:</strong></span> <span class='ocrx_word' id='word_1_220' title='bbox 1485 3040 1649 3110; x_wconf 88' lang='lat' dir='ltr'><strong>igitur</strong></span> <span class='ocrx_word' id='word_1_221' title='bbox 1670 3047 1794 3094; x_wconf 85' lang='lat' dir='ltr'><strong>sunt</strong></span> <span class='ocrx_word' id='word_1_222' title='bbox 1815 3051 2132 3094; x_wconf 90' lang='lat' dir='ltr'><strong>communes</strong></span> 
     </span>
    </p>
   </div>
   <div class='ocr_carea' id='block_1_33' title="bbox 534 3130 2133 3203">
    <p class='ocr_par' dir='ltr' id='par_1_33' title="bbox 534 3130 2133 3203">
     <span class='ocr_line' id='line_1_33' title="bbox 534 3130 2133 3203; baseline -0.001 -16"><span class='ocrx_word' id='word_1_223' title='bbox 534 3140 591 3187; x_wconf 85' lang='lat' dir='ltr'><strong>et</strong></span> <span class='ocrx_word' id='word_1_224' title='bbox 621 3132 851 3202; x_wconf 78' lang='lat' dir='ltr'><strong>proprim</strong></span> <span class='ocrx_word' id='word_1_225' title='bbox 878 3146 905 3185; x_wconf 89' lang='lat' dir='ltr'><strong>a</strong></span> <span class='ocrx_word' id='word_1_226' title='bbox 929 3132 1142 3203; x_wconf 84' lang='lat' dir='ltr'><strong>generis</strong></span> <span class='ocrx_word' id='word_1_227' title='bbox 1173 3131 1457 3198; x_wconf 80' lang='lat' dir='ltr'><strong>divisione,</strong></span> <span class='ocrx_word' id='word_1_228' title='bbox 1505 3131 1613 3186; x_wconf 62' lang='lat' dir='ltr'><strong>illae</strong></span> <span class='ocrx_word' id='word_1_229' title='bbox 1647 3130 1986 3187; x_wconf 64' lang='lat' dir='ltr'><strong>assumenda:</strong></span> <span class='ocrx_word' id='word_1_230' title='bbox 2014 3138 2133 3185; x_wconf 89' lang='lat' dir='ltr'><strong>tan-</strong></span> 
     </span>
    </p>
   </div>
   <div class='ocr_carea' id='block_1_34' title="bbox 2215 524 3809 607">
    <p class='ocr_par' dir='ltr' id='par_1_34' title="bbox 2215 524 3809 607">
     <span class='ocr_line' id='line_1_34' title="bbox 2215 524 3809 607; baseline -0.004 -18"><span class='ocrx_word' id='word_1_231' title='bbox 2215 536 2371 607; x_wconf 72' lang='lat' dir='ltr'><strong>plinw</strong></span> <span class='ocrx_word' id='word_1_232' title='bbox 2395 549 2505 588; x_wconf 86' lang='lat' dir='ltr'><strong>esse</strong></span> <span class='ocrx_word' id='word_1_233' title='bbox 2526 531 2871 600; x_wconf 85' lang='lat' dir='ltr'><strong>susceptibife.</strong></span> <span class='ocrx_word' id='word_1_234' title='bbox 2897 533 2960 586; x_wconf 79' lang='lat' dir='ltr'><strong>At</strong></span> <span class='ocrx_word' id='word_1_235' title='bbox 2980 548 3097 586; x_wconf 80' lang='lat' dir='ltr'><strong>vero</strong></span> <span class='ocrx_word' id='word_1_236' title='bbox 3117 524 3350 601; x_wconf 78' lang='lat' dir='ltr'><strong>aquilum</strong></span> <span class='ocrx_word' id='word_1_237' title='bbox 3370 546 3478 585; x_wconf 83' lang='lat' dir='ltr'><strong>esse</strong></span> <span class='ocrx_word' id='word_1_238' title='bbox 3496 524 3575 584; x_wconf 76' lang='lat' dir='ltr'><strong>rei</strong></span> <span class='ocrx_word' id='word_1_239' title='bbox 3595 532 3809 599; x_wconf 75' lang='lat' dir='ltr'><strong>simum,</strong></span> 
     </span>
    </p>
   </div>
   <div class='ocr_carea' id='block_1_35' title="bbox 2216 626 2995 698">
    <p class='ocr_par' dir='ltr' id='par_1_35' title="bbox 2216 626 2995 698">
     <span class='ocr_line' id='line_1_35' title="bbox 2216 626 2995 698; baseline 0 -18"><span class='ocrx_word' id='word_1_240' title='bbox 2216 644 2309 698; x_wconf 76' lang='lat' dir='ltr'><strong>per</strong></span> <span class='ocrx_word' id='word_1_241' title='bbox 2334 626 2571 680; x_wconf 87' lang='lat' dir='ltr'><strong>accidens</strong></span> <span class='ocrx_word' id='word_1_242' title='bbox 2600 637 2645 679; x_wconf 80' lang='lat' dir='ltr'><strong>et</strong></span> <span class='ocrx_word' id='word_1_243' title='bbox 2674 641 2775 678; x_wconf 89' lang='lat' dir='ltr'><strong>non</strong></span> <span class='ocrx_word' id='word_1_244' title='bbox 2805 641 2895 695; x_wconf 80' lang='lat' dir='ltr'><strong>prr</strong></span> <span class='ocrx_word' id='word_1_245' title='bbox 2923 640 2995 680; x_wconf 84' lang='lat' dir='ltr'><strong>se.</strong></span> 
     </span>
    </p>
   </div>
   <div class='ocr_carea' id='block_1_36' title="bbox 2288 714 3821 787">
    <p class='ocr_par' dir='ltr' id='par_1_36' title="bbox 2288 714 3821 787">
     <span class='ocr_line' id='line_1_36' title="bbox 2288 714 3821 787; baseline -0.002 -14"><span class='ocrx_word' id='word_1_246' title='bbox 2288 718 2551 786; x_wconf 83' lang='lat' dir='ltr'><strong>Superius</strong></span> <span class='ocrx_word' id='word_1_247' title='bbox 2582 714 2915 773; x_wconf 86' lang='lat' dir='ltr'><strong>dilferentias</strong></span> <span class='ocrx_word' id='word_1_248' title='bbox 2941 715 3139 786; x_wconf 84' lang='lat' dir='ltr'><strong>triplici</strong></span> <span class='ocrx_word' id='word_1_249' title='bbox 3168 714 3434 771; x_wconf 86' lang='lat' dir='ltr'><strong>divisione</strong></span> <span class='ocrx_word' id='word_1_250' title='bbox 3461 715 3693 787; x_wconf 88' lang='lat' dir='ltr'><strong>partitus</strong></span> <span class='ocrx_word' id='word_1_251' title='bbox 3733 725 3821 770; x_wconf 84' lang='lat' dir='ltr'><strong>est</strong></span> 
     </span>
    </p>
   </div>
   <div class='ocr_carea' id='block_1_37' title="bbox 2216 808 3822 878">
    <p class='ocr_par' dir='ltr' id='par_1_37' title="bbox 2216 808 3822 878">
     <span class='ocr_line' id='line_1_37' title="bbox 2216 808 3822 878; baseline -0.004 -12"><span class='ocrx_word' id='word_1_252' title='bbox 2216 811 2422 873; x_wconf 90' lang='lat' dir='ltr'><strong>dicens,</strong></span> <span class='ocrx_word' id='word_1_253' title='bbox 2459 818 2553 864; x_wconf 91' lang='lat' dir='ltr'><strong>aut</strong></span> <span class='ocrx_word' id='word_1_254' title='bbox 2574 823 2889 865; x_wconf 90' lang='lat' dir='ltr'><strong>communes</strong></span> <span class='ocrx_word' id='word_1_255' title='bbox 2917 823 3061 876; x_wconf 69' lang='lat' dir='ltr'><strong>esse,</strong></span> <span class='ocrx_word' id='word_1_256' title='bbox 3091 816 3184 863; x_wconf 82' lang='lat' dir='ltr'><strong>aut</strong></span> <span class='ocrx_word' id='word_1_257' title='bbox 3219 808 3489 878; x_wconf 87' lang='lat' dir='ltr'><strong>proprias,</strong></span> <span class='ocrx_word' id='word_1_258' title='bbox 3526 815 3619 861; x_wconf 80' lang='lat' dir='ltr'><strong>aut</strong></span> <span class='ocrx_word' id='word_1_259' title='bbox 3645 808 3822 876; x_wconf 79' lang='lat' dir='ltr'><strong>magis</strong></span> 
     </span>
    </p>
   </div>
   <div class='ocr_carea' id='block_1_38' title="bbox 2218 896 3819 973">
    <p class='ocr_par' dir='ltr' id='par_1_38' title="bbox 2218 896 3819 973">
     <span class='ocr_line' id='line_1_38' title="bbox 2218 896 3819 973; baseline -0.004 -16"><span class='ocrx_word' id='word_1_260' title='bbox 2218 902 2482 973; x_wconf 88' lang='lat' dir='ltr'><strong>proprias,</strong></span> <span class='ocrx_word' id='word_1_261' title='bbox 2514 900 2712 957; x_wconf 87' lang='lat' dir='ltr'><strong>dehinc</strong></span> <span class='ocrx_word' id='word_1_262' title='bbox 2739 900 2957 956; x_wconf 84' lang='lat' dir='ltr'><strong>easdem</strong></span> <span class='ocrx_word' id='word_1_263' title='bbox 2988 900 3096 954; x_wconf 89' lang='lat' dir='ltr'><strong>alia</strong></span> <span class='ocrx_word' id='word_1_264' title='bbox 3113 900 3382 956; x_wconf 87' lang='lat' dir='ltr'><strong>divisione</strong></span> <span class='ocrx_word' id='word_1_265' title='bbox 3402 899 3456 953; x_wconf 88' lang='lat' dir='ltr'><strong>in</strong></span> <span class='ocrx_word' id='word_1_266' title='bbox 3485 898 3622 953; x_wconf 87' lang='lat' dir='ltr'><strong>duas</strong></span> <span class='ocrx_word' id='word_1_267' title='bbox 3643 896 3819 952; x_wconf 84' lang='lat' dir='ltr'><strong>secuit</strong></span> 
     </span>
    </p>
   </div>
   <div class='ocr_carea' id='block_1_39' title="bbox 2220 988 3821 1064">
    <p class='ocr_par' dir='ltr' id='par_1_39' title="bbox 2220 988 3821 1064">
     <span class='ocr_line' id='line_1_39' title="bbox 2220 988 3821 1064; baseline -0.002 -18"><span class='ocrx_word' id='word_1_268' title='bbox 2220 1002 2423 1064; x_wconf 89' lang='lat' dir='ltr'><strong>partes,</strong></span> <span class='ocrx_word' id='word_1_269' title='bbox 2457 993 2642 1048; x_wconf 87' lang='lat' dir='ltr'><strong>dicens</strong></span> <span class='ocrx_word' id='word_1_270' title='bbox 2664 993 2763 1048; x_wconf 88' lang='lat' dir='ltr'><strong>has</strong></span> <span class='ocrx_word' id='word_1_271' title='bbox 2792 991 3009 1062; x_wconf 86' lang='lat' dir='ltr'><strong>quidem</strong></span> <span class='ocrx_word' id='word_1_272' title='bbox 3040 992 3185 1048; x_wconf 86' lang='lat' dir='ltr'><strong>aliud</strong></span> <span class='ocrx_word' id='word_1_273' title='bbox 3211 992 3408 1057; x_wconf 87' lang='lat' dir='ltr'><strong>facere,</strong></span> <span class='ocrx_word' id='word_1_274' title='bbox 3438 990 3556 1045; x_wconf 87' lang='lat' dir='ltr'><strong>illas</strong></span> <span class='ocrx_word' id='word_1_275' title='bbox 3583 1005 3714 1046; x_wconf 92' lang='lat' dir='ltr'><strong>vero</strong></span> <span class='ocrx_word' id='word_1_276' title='bbox 3739 988 3821 1042; x_wconf 87' lang='lat' dir='ltr'><strong>al-</strong></span> 
     </span>
    </p>
   </div>
   <div class='ocr_carea' id='block_1_40' title="bbox 2219 1080 3818 1145">
    <p class='ocr_par' dir='ltr' id='par_1_40' title="bbox 2219 1080 3818 1145">
     <span class='ocr_line' id='line_1_40' title="bbox 2219 1080 3818 1145; baseline -0.004 -3"><span class='ocrx_word' id='word_1_277' title='bbox 2219 1093 2475 1142; x_wconf 89' lang='lat' dir='ltr'><strong>teratum.</strong></span> <span class='ocrx_word' id='word_1_278' title='bbox 2532 1082 2687 1138; x_wconf 86' lang='lat' dir='ltr'><strong>Nunc</strong></span> <span class='ocrx_word' id='word_1_279' title='bbox 2713 1083 2925 1139; x_wconf 88' lang='lat' dir='ltr'><strong>tertiam</strong></span> <span class='ocrx_word' id='word_1_280' title='bbox 2956 1082 3268 1139; x_wconf 88' lang='lat' dir='ltr'><strong>earumdem</strong></span> <span class='ocrx_word' id='word_1_281' title='bbox 3319 1080 3446 1139; x_wconf 87' lang='lat' dir='ltr'><strong>facit</strong></span> <span class='ocrx_word' id='word_1_282' title='bbox 3471 1080 3818 1145; x_wconf 86' lang='lat' dir='ltr'><strong>divisionem,</strong></span> 
     </span>
    </p>
   </div>
   <div class='ocr_carea' id='block_1_41' title="bbox 2220 1173 3827 1246">
    <p class='ocr_par' dir='ltr' id='par_1_41' title="bbox 2220 1173 3827 1246">
     <span class='ocr_line' id='line_1_41' title="bbox 2220 1173 3827 1246; baseline -0.004 -13"><span class='ocrx_word' id='word_1_283' title='bbox 2220 1178 2407 1234; x_wconf 89' lang='lat' dir='ltr'><strong>dicens</strong></span> <span class='ocrx_word' id='word_1_284' title='bbox 2437 1177 2572 1231; x_wconf 86' lang='lat' dir='ltr'><strong>alias</strong></span> <span class='ocrx_word' id='word_1_285' title='bbox 2601 1190 2722 1232; x_wconf 88' lang='lat' dir='ltr'><strong>esse</strong></span> <span class='ocrx_word' id='word_1_286' title='bbox 2770 1176 3122 1246; x_wconf 87' lang='lat' dir='ltr'><strong>separabiles,</strong></span> <span class='ocrx_word' id='word_1_287' title='bbox 3164 1189 3325 1246; x_wconf 85' lang='lat' dir='ltr'><strong>posse</strong></span> <span class='ocrx_word' id='word_1_288' title='bbox 3352 1180 3531 1231; x_wconf 87' lang='lat' dir='ltr'><strong>autem</strong></span> <span class='ocrx_word' id='word_1_289' title='bbox 3576 1173 3644 1229; x_wconf 89' lang='lat' dir='ltr'><strong>de</strong></span> <span class='ocrx_word' id='word_1_290' title='bbox 3686 1186 3827 1227; x_wconf 86' lang='lat' dir='ltr'><strong>uno-</strong></span> 
     </span>
    </p>
   </div>
   <div class='ocr_carea' id='block_1_42' title="bbox 2221 1264 3825 1341">
    <p class='ocr_par' dir='ltr' id='par_1_42' title="bbox 2221 1264 3825 1341">
     <span class='ocr_line' id='line_1_42' title="bbox 2221 1264 3825 1341; baseline -0.004 -15"><span class='ocrx_word' id='word_1_291' title='bbox 2221 1284 2436 1341; x_wconf 82' lang='lat' dir='ltr'><strong>quoque</strong></span> <span class='ocrx_word' id='word_1_292' title='bbox 2465 1269 2620 1339; x_wconf 86' lang='lat' dir='ltr'><strong>cujus</strong></span> <span class='ocrx_word' id='word_1_293' title='bbox 2656 1269 2838 1323; x_wconf 73' lang='lat' dir='ltr'><strong>multa:</strong></span> <span class='ocrx_word' id='word_1_294' title='bbox 2885 1277 3015 1324; x_wconf 86' lang='lat' dir='ltr'><strong>sunt</strong></span> <span class='ocrx_word' id='word_1_295' title='bbox 3039 1268 3376 1332; x_wconf 66' lang='lat' dir='ltr'><strong>differentiae,</strong></span> <span class='ocrx_word' id='word_1_296' title='bbox 3409 1265 3667 1337; x_wconf 83' lang='lat' dir='ltr'><strong>plurimas</strong></span> <span class='ocrx_word' id='word_1_297' title='bbox 3702 1264 3825 1320; x_wconf 82' lang='lat' dir='ltr'><strong>fieri</strong></span> 
     </span>
    </p>
   </div>
   <div class='ocr_carea' id='block_1_43' title="bbox 2224 1358 3823 1431">
    <p class='ocr_par' dir='ltr' id='par_1_43' title="bbox 2224 1358 3823 1431">
     <span class='ocr_line' id='line_1_43' title="bbox 2224 1358 3823 1431; baseline -0.003 -13"><span class='ocrx_word' id='word_1_298' title='bbox 2224 1362 2541 1428; x_wconf 89' lang='lat' dir='ltr'><strong>divisiones,</strong></span> <span class='ocrx_word' id='word_1_299' title='bbox 2575 1372 2632 1416; x_wconf 94' lang='lat' dir='ltr'><strong>ut</strong></span> <span class='ocrx_word' id='word_1_300' title='bbox 2658 1375 2725 1417; x_wconf 78' lang='lat' dir='ltr'><strong>ex</strong></span> <span class='ocrx_word' id='word_1_301' title='bbox 2750 1364 2863 1431; x_wconf 73' lang='lat' dir='ltr'><strong>ipsa</strong></span> <span class='ocrx_word' id='word_1_302' title='bbox 2903 1360 3332 1417; x_wconf 81' lang='lat' dir='ltr'><strong>differentiarum</strong></span> <span class='ocrx_word' id='word_1_303' title='bbox 3361 1369 3552 1415; x_wconf 82' lang='lat' dir='ltr'><strong>natura</strong></span> <span class='ocrx_word' id='word_1_304' title='bbox 3596 1358 3823 1414; x_wconf 54' lang='lat' dir='ltr'><strong>manifeo</strong></span> 
     </span>
    </p>
   </div>
   <div class='ocr_carea' id='block_1_44' title="bbox 2223 1450 3821 1519">
    <p class='ocr_par' dir='ltr' id='par_1_44' title="bbox 2223 1450 3821 1519">
     <span class='ocr_line' id='line_1_44' title="bbox 2223 1450 3821 1519; baseline -0.004 -9"><span class='ocrx_word' id='word_1_305' title='bbox 2223 1462 2368 1510; x_wconf 89' lang='lat' dir='ltr'><strong>stum</strong></span> <span class='ocrx_word' id='word_1_306' title='bbox 2389 1463 2498 1509; x_wconf 91' lang='lat' dir='ltr'><strong>est.</strong></span> <span class='ocrx_word' id='word_1_307' title='bbox 2512 1452 2648 1508; x_wconf 77' lang='lat' dir='ltr'><strong>Nam</strong></span> <span class='ocrx_word' id='word_1_308' title='bbox 2669 1453 2713 1507; x_wconf 90' lang='lat' dir='ltr'><strong>si</strong></span> <span class='ocrx_word' id='word_1_309' title='bbox 2727 1452 2902 1509; x_wconf 89' lang='lat' dir='ltr'><strong>omnis</strong></span> <span class='ocrx_word' id='word_1_310' title='bbox 2920 1452 3114 1509; x_wconf 85' lang='lat' dir='ltr'><strong>divisio</strong></span> <span class='ocrx_word' id='word_1_311' title='bbox 3127 1452 3442 1509; x_wconf 84' lang='lat' dir='ltr'><strong>differentiis</strong></span> <span class='ocrx_word' id='word_1_312' title='bbox 3458 1450 3821 1519; x_wconf 85' lang='lat' dir='ltr'><strong>distribuitur,</strong></span> 
     </span>
    </p>
   </div>
   <div class='ocr_carea' id='block_1_45' title="bbox 2224 1540 3825 1613">
    <p class='ocr_par' dir='ltr' id='par_1_45' title="bbox 2224 1540 3825 1613">
     <span class='ocr_line' id='line_1_45' title="bbox 2224 1540 3825 1613; baseline -0.004 -14"><span class='ocrx_word' id='word_1_313' title='bbox 2224 1560 2452 1613; x_wconf 83' lang='lat' dir='ltr'><strong>quorum</strong></span> <span class='ocrx_word' id='word_1_314' title='bbox 2500 1544 2686 1599; x_wconf 77' lang='lat' dir='ltr'><strong>multa:</strong></span> <span class='ocrx_word' id='word_1_315' title='bbox 2712 1553 2837 1600; x_wconf 90' lang='lat' dir='ltr'><strong>sunt</strong></span> <span class='ocrx_word' id='word_1_316' title='bbox 2882 1543 3220 1613; x_wconf 68' lang='lat' dir='ltr'><strong>differentiae,</strong></span> <span class='ocrx_word' id='word_1_317' title='bbox 3262 1543 3458 1598; x_wconf 86' lang='lat' dir='ltr'><strong>multas</strong></span> <span class='ocrx_word' id='word_1_318' title='bbox 3489 1542 3653 1598; x_wconf 89' lang='lat' dir='ltr'><strong>etiam</strong></span> <span class='ocrx_word' id='word_1_319' title='bbox 3683 1540 3825 1603; x_wconf 88' lang='lat' dir='ltr'><strong>divi-</strong></span> 
     </span>
    </p>
   </div>
   <div class='ocr_carea' id='block_1_46' title="bbox 2225 1630 3826 1691">
    <p class='ocr_par' dir='ltr' id='par_1_46' title="bbox 2225 1630 3826 1691">
     <span class='ocr_line' id='line_1_46' title="bbox 2225 1630 3826 1691; baseline -0.003 0"><span class='ocrx_word' id='word_1_320' title='bbox 2225 1636 2407 1691; x_wconf 84' lang='lat' dir='ltr'><strong>siones</strong></span> <span class='ocrx_word' id='word_1_321' title='bbox 2434 1649 2556 1691; x_wconf 91' lang='lat' dir='ltr'><strong>esse</strong></span> <span class='ocrx_word' id='word_1_322' title='bbox 2582 1649 2806 1691; x_wconf 86' lang='lat' dir='ltr'><strong>necesse</strong></span> <span class='ocrx_word' id='word_1_323' title='bbox 2830 1644 2933 1691; x_wconf 90' lang='lat' dir='ltr'><strong>est.</strong></span> <span class='ocrx_word' id='word_1_324' title='bbox 2967 1635 3052 1690; x_wconf 88' lang='lat' dir='ltr'><strong>Fit</strong></span> <span class='ocrx_word' id='word_1_325' title='bbox 3074 1646 3254 1691; x_wconf 89' lang='lat' dir='ltr'><strong>autem</strong></span> <span class='ocrx_word' id='word_1_326' title='bbox 3296 1643 3358 1689; x_wconf 93' lang='lat' dir='ltr'><strong>ut</strong></span> <span class='ocrx_word' id='word_1_327' title='bbox 3384 1631 3584 1689; x_wconf 81' lang='lat' dir='ltr'><strong>animal</strong></span> <span class='ocrx_word' id='word_1_328' title='bbox 3612 1630 3826 1687; x_wconf 82' lang='lat' dir='ltr'><strong>divida-</strong></span> 
     </span>
    </p>
   </div>
   <div class='ocr_carea' id='block_1_47' title="bbox 2227 1722 3826 1795">
    <p class='ocr_par' dir='ltr' id='par_1_47' title="bbox 2227 1722 3826 1795">
     <span class='ocr_line' id='line_1_47' title="bbox 2227 1722 3826 1795; baseline -0.003 -15"><span class='ocrx_word' id='word_1_329' title='bbox 2227 1733 2316 1780; x_wconf 86' lang='lat' dir='ltr'><strong>tur</strong></span> <span class='ocrx_word' id='word_1_330' title='bbox 2341 1724 2445 1780; x_wconf 88' lang='lat' dir='ltr'><strong>hoc</strong></span> <span class='ocrx_word' id='word_1_331' title='bbox 2475 1725 2636 1779; x_wconf 88' lang='lat' dir='ltr'><strong>modo</strong></span> <span class='ocrx_word' id='word_1_332' title='bbox 2656 1742 2669 1778; x_wconf 87' lang='lat'><strong>:</strong></span> <span class='ocrx_word' id='word_1_333' title='bbox 2691 1725 3017 1780; x_wconf 83' lang='lat' dir='ltr'><strong>Animalium</strong></span> <span class='ocrx_word' id='word_1_334' title='bbox 3044 1725 3147 1780; x_wconf 86' lang='lat' dir='ltr'><strong>alia</strong></span> <span class='ocrx_word' id='word_1_335' title='bbox 3178 1724 3396 1795; x_wconf 90' lang='lat' dir='ltr'><strong>quidem</strong></span> <span class='ocrx_word' id='word_1_336' title='bbox 3425 1722 3826 1783; x_wconf 82' lang='lat' dir='ltr'><strong>suntrationa-</strong></span> 
     </span>
    </p>
   </div>
   <div class='ocr_carea' id='block_1_48' title="bbox 2360 1816 3826 1884">
    <p class='ocr_par' dir='ltr' id='par_1_48' title="bbox 2360 1816 3826 1884">
     <span class='ocr_line' id='line_1_48' title="bbox 2360 1816 3826 1884; baseline -0.001 -12"><span class='ocrx_word' id='word_1_337' title='bbox 2360 1818 2465 1873; x_wconf 88' lang='lat' dir='ltr'><strong>alia</strong></span> <span class='ocrx_word' id='word_1_338' title='bbox 2507 1818 2859 1873; x_wconf 85' lang='lat' dir='ltr'><strong>irrationalia.</strong></span> <span class='ocrx_word' id='word_1_339' title='bbox 2886 1819 3018 1874; x_wconf 88' lang='lat' dir='ltr'><strong>Item</strong></span> <span class='ocrx_word' id='word_1_340' title='bbox 3043 1819 3147 1874; x_wconf 90' lang='lat' dir='ltr'><strong>alia</strong></span> <span class='ocrx_word' id='word_1_341' title='bbox 3176 1819 3444 1884; x_wconf 88' lang='lat' dir='ltr'><strong>mortalia,</strong></span> <span class='ocrx_word' id='word_1_342' title='bbox 3474 1816 3578 1872; x_wconf 87' lang='lat' dir='ltr'><strong>alia</strong></span> <span class='ocrx_word' id='word_1_343' title='bbox 3602 1816 3826 1872; x_wconf 62' lang='lat' dir='ltr'><strong>immor«</strong></span> 
     </span>
    </p>
   </div>
   <div class='ocr_carea' id='block_1_49' title="bbox 2229 1898 3829 1979">
    <p class='ocr_par' dir='ltr' id='par_1_49' title="bbox 2229 1898 3829 1979">
     <span class='ocr_line' id='line_1_49' title="bbox 2229 1898 3829 1979; baseline 0.001 -17"><span class='ocrx_word' id='word_1_344' title='bbox 2229 1910 2376 1964; x_wconf 59' lang='lat' dir='ltr'><strong>talia.</strong></span> <span class='ocrx_word' id='word_1_345' title='bbox 2412 1909 2541 1963; x_wconf 90' lang='lat' dir='ltr'><strong>Item</strong></span> <span class='ocrx_word' id='word_1_346' title='bbox 2569 1909 2676 1964; x_wconf 88' lang='lat' dir='ltr'><strong>alia</strong></span> <span class='ocrx_word' id='word_1_347' title='bbox 2712 1909 2876 1979; x_wconf 89' lang='lat' dir='ltr'><strong>pedes</strong></span> <span class='ocrx_word' id='word_1_348' title='bbox 2905 1898 3179 1976; x_wconf 87' lang='lat' dir='ltr'><strong>habentia,</strong></span> <span class='ocrx_word' id='word_1_349' title='bbox 3212 1908 3316 1964; x_wconf 89' lang='lat' dir='ltr'><strong>alia</strong></span> <span class='ocrx_word' id='word_1_350' title='bbox 3343 1908 3583 1964; x_wconf 89' lang='lat' dir='ltr'><strong>minime.</strong></span> <span class='ocrx_word' id='word_1_351' title='bbox 3616 1907 3829 1964; x_wconf 80' lang='lat' dir='ltr'><strong>Rursus</strong></span> 
     </span>
    </p>
   </div>
   <div class='ocr_carea' id='block_1_50' title="bbox 2227 1999 3828 2075">
    <p class='ocr_par' dir='ltr' id='par_1_50' title="bbox 2227 1999 3828 2075">
     <span class='ocr_line' id='line_1_50' title="bbox 2227 1999 3828 2075; baseline 0.003 -24"><span class='ocrx_word' id='word_1_352' title='bbox 2227 2000 2331 2053; x_wconf 70' lang='lat' dir='ltr'><strong>alii</strong></span> <span class='ocrx_word' id='word_1_353' title='bbox 2362 1999 2544 2054; x_wconf 88' lang='lat' dir='ltr'><strong>herbis</strong></span> <span class='ocrx_word' id='word_1_354' title='bbox 2592 2000 2885 2064; x_wconf 89' lang='lat' dir='ltr'><strong>vcscentia,</strong></span> <span class='ocrx_word' id='word_1_355' title='bbox 2919 2000 3022 2055; x_wconf 90' lang='lat' dir='ltr'><strong>alia</strong></span> <span class='ocrx_word' id='word_1_356' title='bbox 3071 1999 3340 2064; x_wconf 88' lang='lat' dir='ltr'><strong>carnibus,</strong></span> <span class='ocrx_word' id='word_1_357' title='bbox 3374 2000 3475 2054; x_wconf 84' lang='lat' dir='ltr'><strong>alia</strong></span> <span class='ocrx_word' id='word_1_358' title='bbox 3503 1999 3828 2075; x_wconf 87' lang='lat' dir='ltr'><strong>seminibus.</strong></span> 
     </span>
    </p>
   </div>
   <div class='ocr_carea' id='block_1_51' title="bbox 2232 2090 3830 2161">
    <p class='ocr_par' dir='ltr' id='par_1_51' title="bbox 2232 2090 3830 2161">
     <span class='ocr_line' id='line_1_51' title="bbox 2232 2090 3830 2161; baseline 0.001 -16"><span class='ocrx_word' id='word_1_359' title='bbox 2232 2091 2306 2147; x_wconf 81' lang='lat' dir='ltr'><strong>fta</strong></span> <span class='ocrx_word' id='word_1_360' title='bbox 2338 2091 2467 2144; x_wconf 81' lang='lat' dir='ltr'><strong>nihil</strong></span> <span class='ocrx_word' id='word_1_361' title='bbox 2501 2090 2694 2145; x_wconf 90' lang='lat' dir='ltr'><strong>mirum</strong></span> <span class='ocrx_word' id='word_1_362' title='bbox 2733 2090 2900 2146; x_wconf 88' lang='lat' dir='ltr'><strong>videri</strong></span> <span class='ocrx_word' id='word_1_363' title='bbox 2933 2091 3095 2147; x_wconf 89' lang='lat' dir='ltr'><strong>debet</strong></span> <span class='ocrx_word' id='word_1_364' title='bbox 3116 2092 3163 2146; x_wconf 91' lang='lat' dir='ltr'><strong>si</strong></span> <span class='ocrx_word' id='word_1_365' title='bbox 3191 2091 3473 2161; x_wconf 76' lang='lat' dir='ltr'><strong>multiplex</strong></span> <span class='ocrx_word' id='word_1_366' title='bbox 3501 2090 3830 2147; x_wconf 72' lang='lat' dir='ltr'><strong>differentias</strong></span> 
     </span>
    </p>
   </div>
   <div class='ocr_carea' id='block_1_52' title="bbox 2230 2182 3830 2253">
    <p class='ocr_par' dir='ltr' id='par_1_52' title="bbox 2230 2182 3830 2253">
     <span class='ocr_line' id='line_1_52' title="bbox 2230 2182 3830 2253; baseline -0.001 -15"><span class='ocrx_word' id='word_1_367' title='bbox 2230 2192 2313 2238; x_wconf 89' lang='lat' dir='ltr'><strong>est</strong></span> <span class='ocrx_word' id='word_1_368' title='bbox 2344 2183 2480 2238; x_wconf 88' lang='lat' dir='ltr'><strong>facta</strong></span> <span class='ocrx_word' id='word_1_369' title='bbox 2513 2184 2751 2253; x_wconf 85' lang='lat' dir='ltr'><strong>partitio,</strong></span> <span class='ocrx_word' id='word_1_370' title='bbox 2794 2198 2857 2238; x_wconf 90' lang='lat' dir='ltr'><strong>ac</strong></span> <span class='ocrx_word' id='word_1_371' title='bbox 2889 2185 3120 2252; x_wconf 90' lang='lat' dir='ltr'><strong>primum</strong></span> <span class='ocrx_word' id='word_1_372' title='bbox 3161 2182 3378 2253; x_wconf 81' lang='lat' dir='ltr'><strong>quidem</strong></span> <span class='ocrx_word' id='word_1_373' title='bbox 3405 2196 3525 2237; x_wconf 92' lang='lat' dir='ltr'><strong>cum</strong></span> <span class='ocrx_word' id='word_1_374' title='bbox 3561 2182 3615 2236; x_wconf 90' lang='lat' dir='ltr'><strong>in</strong></span> <span class='ocrx_word' id='word_1_375' title='bbox 3648 2193 3830 2237; x_wconf 83' lang='lat' dir='ltr'><strong>tema-</strong></span> 
     </span>
    </p>
   </div>
   <div class='ocr_carea' id='block_1_53' title="bbox 2233 2275 3830 2339">
    <p class='ocr_par' dir='ltr' id='par_1_53' title="bbox 2233 2275 3830 2339">
     <span class='ocr_line' id='line_1_53' title="bbox 2233 2275 3830 2339; baseline -0.002 -8"><span class='ocrx_word' id='word_1_376' title='bbox 2233 2276 2372 2331; x_wconf 89' lang='lat' dir='ltr'><strong>rium</strong></span> <span class='ocrx_word' id='word_1_377' title='bbox 2402 2275 2723 2332; x_wconf 78' lang='lat' dir='ltr'><strong>differentia:</strong></span> <span class='ocrx_word' id='word_1_378' title='bbox 2763 2291 3046 2331; x_wconf 91' lang='lat' dir='ltr'><strong>numerum</strong></span> <span class='ocrx_word' id='word_1_379' title='bbox 3079 2275 3323 2331; x_wconf 90' lang='lat' dir='ltr'><strong>membra</strong></span> <span class='ocrx_word' id='word_1_380' title='bbox 3363 2275 3643 2339; x_wconf 89' lang='lat' dir='ltr'><strong>secuisset,</strong></span> <span class='ocrx_word' id='word_1_381' title='bbox 3672 2289 3830 2330; x_wconf 85' lang='lat' dir='ltr'><strong>com-</strong></span> 
     </span>
    </p>
   </div>
   <div class='ocr_carea' id='block_1_54' title="bbox 2230 2368 3829 2440">
    <p class='ocr_par' dir='ltr' id='par_1_54' title="bbox 2230 2368 3829 2440">
     <span class='ocr_line' id='line_1_54' title="bbox 2230 2368 3829 2440; baseline -0.001 -15"><span class='ocrx_word' id='word_1_382' title='bbox 2230 2384 2445 2436; x_wconf 88' lang='lat' dir='ltr'><strong>munes,</strong></span> <span class='ocrx_word' id='word_1_383' title='bbox 2492 2371 2758 2439; x_wconf 86' lang='lat' dir='ltr'><strong>preprias,</strong></span> <span class='ocrx_word' id='word_1_384' title='bbox 2789 2378 2844 2426; x_wconf 90' lang='lat' dir='ltr'><strong>ct</strong></span> <span class='ocrx_word' id='word_1_385' title='bbox 2873 2370 3043 2440; x_wconf 84' lang='lat' dir='ltr'><strong>magis</strong></span> <span class='ocrx_word' id='word_1_386' title='bbox 3074 2370 3320 2440; x_wconf 86' lang='lat' dir='ltr'><strong>proprias</strong></span> <span class='ocrx_word' id='word_1_387' title='bbox 3352 2369 3696 2438; x_wconf 89' lang='lat' dir='ltr'><strong>nuncupavit.</strong></span> <span class='ocrx_word' id='word_1_388' title='bbox 3724 2368 3829 2424; x_wconf 84' lang='lat' dir='ltr'><strong>Se-</strong></span> 
     </span>
    </p>
   </div>
   <div class='ocr_carea' id='block_1_55' title="bbox 2229 2458 3830 2531">
    <p class='ocr_par' dir='ltr' id='par_1_55' title="bbox 2229 2458 3830 2531">
     <span class='ocr_line' id='line_1_55' title="bbox 2229 2458 3830 2531; baseline 0.002 -17"><span class='ocrx_word' id='word_1_389' title='bbox 2229 2459 2408 2517; x_wconf 86' lang='lat' dir='ltr'><strong>cunda</strong></span> <span class='ocrx_word' id='word_1_390' title='bbox 2428 2474 2557 2515; x_wconf 91' lang='lat' dir='ltr'><strong>vero</strong></span> <span class='ocrx_word' id='word_1_391' title='bbox 2574 2460 2765 2515; x_wconf 89' lang='lat' dir='ltr'><strong>divisio</strong></span> <span class='ocrx_word' id='word_1_392' title='bbox 2783 2475 3099 2517; x_wconf 91' lang='lat' dir='ltr'><strong>communes</strong></span> <span class='ocrx_word' id='word_1_393' title='bbox 3118 2469 3174 2515; x_wconf 90' lang='lat' dir='ltr'><strong>ct</strong></span> <span class='ocrx_word' id='word_1_394' title='bbox 3197 2458 3443 2531; x_wconf 91' lang='lat' dir='ltr'><strong>proprias</strong></span> <span class='ocrx_word' id='word_1_395' title='bbox 3459 2459 3601 2515; x_wconf 89' lang='lat' dir='ltr'><strong>intra</strong></span> <span class='ocrx_word' id='word_1_396' title='bbox 3623 2475 3830 2517; x_wconf 85' lang='lat' dir='ltr'><strong>nomen</strong></span> 
     </span>
    </p>
   </div>
   <div class='ocr_carea' id='block_1_56' title="bbox 2231 2552 3828 2625">
    <p class='ocr_par' dir='ltr' id='par_1_56' title="bbox 2231 2552 3828 2625">
     <span class='ocr_line' id='line_1_56' title="bbox 2231 2552 3828 2625; baseline -0.001 -15"><span class='ocrx_word' id='word_1_397' title='bbox 2231 2554 2512 2610; x_wconf 85' lang='lat' dir='ltr'><strong>alteratum</strong></span> <span class='ocrx_word' id='word_1_398' title='bbox 2543 2553 2784 2609; x_wconf 77' lang='lat' dir='ltr'><strong>facientis</strong></span> <span class='ocrx_word' id='word_1_399' title='bbox 2812 2552 3051 2621; x_wconf 86' lang='lat' dir='ltr'><strong>inclusit,</strong></span> <span class='ocrx_word' id='word_1_400' title='bbox 3073 2554 3242 2625; x_wconf 90' lang='lat' dir='ltr'><strong>magis</strong></span> <span class='ocrx_word' id='word_1_401' title='bbox 3257 2554 3503 2624; x_wconf 87' lang='lat' dir='ltr'><strong>proprias</strong></span> <span class='ocrx_word' id='word_1_402' title='bbox 3524 2568 3658 2609; x_wconf 87' lang='lat' dir='ltr'><strong>vero</strong></span> <span class='ocrx_word' id='word_1_403' title='bbox 3681 2555 3828 2610; x_wconf 77' lang='lat' dir='ltr'><strong>intra</strong></span> 
     </span>
    </p>
   </div>
   <div class='ocr_carea' id='block_1_57' title="bbox 2232 2646 3831 2717">
    <p class='ocr_par' dir='ltr' id='par_1_57' title="bbox 2232 2646 3831 2717">
     <span class='ocr_line' id='line_1_57' title="bbox 2232 2646 3831 2717; baseline 0.001 -16"><span class='ocrx_word' id='word_1_404' title='bbox 2232 2647 2374 2702; x_wconf 88' lang='lat' dir='ltr'><strong>aliud</strong></span> <span class='ocrx_word' id='word_1_405' title='bbox 2409 2646 2674 2703; x_wconf 88' lang='lat' dir='ltr'><strong>facientis.</strong></span> <span class='ocrx_word' id='word_1_406' title='bbox 2711 2647 2836 2703; x_wconf 62' lang='lat' dir='ltr'><strong>Haec</strong></span> <span class='ocrx_word' id='word_1_407' title='bbox 2864 2662 2997 2704; x_wconf 88' lang='lat' dir='ltr'><strong>vero</strong></span> <span class='ocrx_word' id='word_1_408' title='bbox 3027 2647 3179 2703; x_wconf 88' lang='lat' dir='ltr'><strong>tertia</strong></span> <span class='ocrx_word' id='word_1_409' title='bbox 3216 2646 3409 2702; x_wconf 84' lang='lat' dir='ltr'><strong>divisio</strong></span> <span class='ocrx_word' id='word_1_410' title='bbox 3430 2660 3534 2717; x_wconf 84' lang='lat' dir='ltr'><strong>qua</strong></span> <span class='ocrx_word' id='word_1_411' title='bbox 3559 2647 3634 2701; x_wconf 85' lang='lat' dir='ltr'><strong>ait</strong></span> <span class='ocrx_word' id='word_1_412' title='bbox 3673 2646 3831 2702; x_wconf 81' lang='lat' dir='ltr'><strong>diffe-</strong></span> 
     </span>
    </p>
   </div>
   <div class='ocr_carea' id='block_1_58' title="bbox 2231 2737 3828 2811">
    <p class='ocr_par' dir='ltr' id='par_1_58' title="bbox 2231 2737 3828 2811">
     <span class='ocr_line' id='line_1_58' title="bbox 2231 2737 3828 2811; baseline 0 -16"><span class='ocrx_word' id='word_1_413' title='bbox 2231 2740 2528 2795; x_wconf 85' lang='lat' dir='ltr'><strong>rentiarum</strong></span> <span class='ocrx_word' id='word_1_414' title='bbox 2556 2740 2685 2811; x_wconf 86' lang='lat' dir='ltr'><strong>alias</strong></span> <span class='ocrx_word' id='word_1_415' title='bbox 2718 2754 2840 2796; x_wconf 90' lang='lat' dir='ltr'><strong>esse</strong></span> <span class='ocrx_word' id='word_1_416' title='bbox 2868 2738 3221 2809; x_wconf 85' lang='lat' dir='ltr'><strong>separabiles,</strong></span> <span class='ocrx_word' id='word_1_417' title='bbox 3250 2737 3385 2794; x_wconf 88' lang='lat' dir='ltr'><strong>alias</strong></span> <span class='ocrx_word' id='word_1_418' title='bbox 3413 2737 3828 2809; x_wconf 83' lang='lat' dir='ltr'><strong>inseparabiles,</strong></span> 
     </span>
    </p>
   </div>
   <div class='ocr_carea' id='block_1_59' title="bbox 2234 2829 3832 2901">
    <p class='ocr_par' dir='ltr' id='par_1_59' title="bbox 2234 2829 3832 2901">
     <span class='ocr_line' id='line_1_59' title="bbox 2234 2829 3832 2901; baseline -0.002 -15"><span class='ocrx_word' id='word_1_419' title='bbox 2234 2846 2393 2887; x_wconf 91' lang='lat' dir='ltr'><strong>unam</strong></span> <span class='ocrx_word' id='word_1_420' title='bbox 2439 2831 2655 2901; x_wconf 89' lang='lat' dir='ltr'><strong>quidem</strong></span> <span class='ocrx_word' id='word_1_421' title='bbox 2698 2846 2763 2885; x_wconf 82' lang='lat' dir='ltr'><strong>ex</strong></span> <span class='ocrx_word' id='word_1_422' title='bbox 2786 2831 3106 2885; x_wconf 89' lang='lat' dir='ltr'><strong>facientibus</strong></span> <span class='ocrx_word' id='word_1_423' title='bbox 3127 2831 3412 2885; x_wconf 89' lang='lat' dir='ltr'><strong>alteratum</strong></span> <span class='ocrx_word' id='word_1_424' title='bbox 3435 2829 3832 2899; x_wconf 84' lang='lat' dir='ltr'><strong>separabilibus</strong></span> 
     </span>
    </p>
   </div>
   <div class='ocr_carea' id='block_1_60' title="bbox 2232 2922 3832 2992">
    <p class='ocr_par' dir='ltr' id='par_1_60' title="bbox 2232 2922 3832 2992">
     <span class='ocr_line' id='line_1_60' title="bbox 2232 2922 3832 2992; baseline -0.001 -13"><span class='ocrx_word' id='word_1_425' title='bbox 2232 2923 2552 2979; x_wconf 89' lang='lat' dir='ltr'><strong>differentiis</strong></span> <span class='ocrx_word' id='word_1_426' title='bbox 2605 2923 2865 2992; x_wconf 86' lang='lat' dir='ltr'><strong>adjungit,</strong></span> <span class='ocrx_word' id='word_1_427' title='bbox 2911 2933 3136 2978; x_wconf 64' lang='lat' dir='ltr'><strong>crateras</strong></span> <span class='ocrx_word' id='word_1_428' title='bbox 3166 2937 3294 2977; x_wconf 89' lang='lat' dir='ltr'><strong>vero</strong></span> <span class='ocrx_word' id='word_1_429' title='bbox 3347 2924 3485 2977; x_wconf 90' lang='lat' dir='ltr'><strong>inter</strong></span> <span class='ocrx_word' id='word_1_430' title='bbox 3510 2922 3832 2992; x_wconf 82' lang='lat' dir='ltr'><strong>separabilis</strong></span> 
     </span>
    </p>
   </div>
   <div class='ocr_carea' id='block_1_61' title="bbox 2234 3012 3831 3070">
    <p class='ocr_par' dir='ltr' id='par_1_61' title="bbox 2234 3012 3831 3070">
     <span class='ocr_line' id='line_1_61' title="bbox 2234 3012 3831 3070; baseline -0.001 -1"><span class='ocrx_word' id='word_1_431' title='bbox 2234 3013 2549 3070; x_wconf 64' lang='lat' dir='ltr'><strong>differentiis</strong></span> <span class='ocrx_word' id='word_1_432' title='bbox 2579 3013 2896 3069; x_wconf 88' lang='lat' dir='ltr'><strong>vocabulum</strong></span> <span class='ocrx_word' id='word_1_433' title='bbox 2926 3012 3126 3068; x_wconf 83' lang='lat' dir='ltr'><strong>claudit</strong></span> <span class='ocrx_word' id='word_1_434' title='bbox 3151 3030 3164 3067; x_wconf 91' lang='lat'><strong>:</strong></span> <span class='ocrx_word' id='word_1_435' title='bbox 3191 3027 3347 3067; x_wconf 88' lang='lat' dir='ltr'><strong>unam</strong></span> <span class='ocrx_word' id='word_1_436' title='bbox 3371 3012 3514 3067; x_wconf 91' lang='lat' dir='ltr'><strong>enim</strong></span> <span class='ocrx_word' id='word_1_437' title='bbox 3540 3025 3605 3067; x_wconf 78' lang='lat' dir='ltr'><strong>ex</strong></span> <span class='ocrx_word' id='word_1_438' title='bbox 3631 3012 3831 3068; x_wconf 80' lang='lat' dir='ltr'><strong>altera-</strong></span> 
     </span>
    </p>
   </div>
   <div class='ocr_carea' id='block_1_62' title="bbox 2233 3101 3826 3175">
    <p class='ocr_par' dir='ltr' id='par_1_62' title="bbox 2233 3101 3826 3175">
     <span class='ocr_line' id='line_1_62' title="bbox 2233 3101 3826 3175; baseline -0.001 -15"><span class='ocrx_word' id='word_1_439' title='bbox 2233 3113 2346 3161; x_wconf 81' lang='lat' dir='ltr'><strong>tum</strong></span> <span class='ocrx_word' id='word_1_440' title='bbox 2378 3103 2712 3169; x_wconf 85' lang='lat' dir='ltr'><strong>facientibus,</strong></span> <span class='ocrx_word' id='word_1_441' title='bbox 2744 3104 2797 3159; x_wconf 87' lang='lat' dir='ltr'><strong>id</strong></span> <span class='ocrx_word' id='word_1_442' title='bbox 2824 3113 2909 3159; x_wconf 88' lang='lat' dir='ltr'><strong>est</strong></span> <span class='ocrx_word' id='word_1_443' title='bbox 2935 3105 3143 3175; x_wconf 89' lang='lat' dir='ltr'><strong>propria</strong></span> <span class='ocrx_word' id='word_1_444' title='bbox 3185 3101 3506 3170; x_wconf 87' lang='lat' dir='ltr'><strong>differentia,</strong></span> <span class='ocrx_word' id='word_1_445' title='bbox 3535 3111 3591 3159; x_wconf 87' lang='lat' dir='ltr'><strong>et</strong></span> <span class='ocrx_word' id='word_1_446' title='bbox 3619 3105 3826 3175; x_wconf 90' lang='lat' dir='ltr'><strong>reliqua</strong></span> 
     </span>
    </p>
   </div>
   <div class='ocr_carea' id='block_1_63' title="bbox 536 3192 3833 3297">
    <p class='ocr_par' dir='ltr' id='par_1_63' title="bbox 536 3192 3833 3297">
     <span class='ocr_line' id='line_1_63' title="bbox 536 3192 3833 3297; baseline 0 -16"><span class='ocrx_word' id='word_1_447' title='bbox 536 3192 651 3281; x_wconf 84' lang='lat' dir='ltr'><strong>tum</strong></span> <span class='ocrx_word' id='word_1_448' title='bbox 680 3192 800 3297; x_wconf 80' lang='lat' dir='ltr'><strong>quae</strong></span> <span class='ocrx_word' id='word_1_449' title='bbox 822 3192 959 3282; x_wconf 57' lang='lat' dir='ltr'><strong>sun;</strong></span> <span class='ocrx_word' id='word_1_450' title='bbox 972 3226 1143 3295; x_wconf 91' lang='lat' dir='ltr'><strong>magis</strong></span> <span class='ocrx_word' id='word_1_451' title='bbox 1171 3225 1421 3297; x_wconf 80' lang='lat' dir='ltr'><strong>propriae.</strong></span> <span class='ocrx_word' id='word_1_452' title='bbox 1442 3192 1578 3281; x_wconf 58' lang='lat' dir='ltr'><strong>Nam</strong></span> <span class='ocrx_word' id='word_1_453' title='bbox 1607 3224 1712 3282; x_wconf 63' lang='lat' dir='ltr'><strong>illa:</strong></span> <span class='ocrx_word' id='word_1_454' title='bbox 1741 3224 1944 3282; x_wconf 90' lang='lat' dir='ltr'><strong>faciunt</strong></span> <span class='ocrx_word' id='word_1_455' title='bbox 1958 3224 2124 3291; x_wconf 88' lang='lat' dir='ltr'><strong>aliud,</strong></span> <span class='ocrx_word' id='word_1_456' title='bbox 2154 3228 2202 3294; x_wconf 85' lang='lat' dir='ltr'><strong>c</strong></span> <span class='ocrx_word' id='word_1_457' title='bbox 2235 3208 2357 3297; x_wconf 39' lang='lat' dir='ltr'><strong>qu?</strong></span> <span class='ocrx_word' id='word_1_458' title='bbox 2382 3192 2525 3297; x_wconf 55' lang='grc' dir='ltr'><strong>³,¹ί¹¹ί¹</strong></span> <span class='ocrx_word' id='word_1_459' title='bbox 2555 3193 2730 3297; x_wconf 46' lang='grc' dir='ltr'><strong>[πῖνέ</strong></span> <span class='ocrx_word' id='word_1_460' title='bbox 2756 3195 3120 3297; x_wconf 42' lang='grc' dir='ltr'><strong>δθξηξηδίτδβ</strong></span> <span class='ocrx_word' id='word_1_461' title='bbox 3148 3203 3252 3260; x_wconf 61' lang='lat' dir='ltr'><strong>es&quot;</strong></span> <span class='ocrx_word' id='word_1_462' title='bbox 3374 3206 3459 3252; x_wconf 66' lang='grc'><strong>⁸⁵⁸</strong></span> <span class='ocrx_word' id='word_1_463' title='bbox 3494 3195 3663 3267; x_wconf 52' lang='lat' dir='ltr'><strong>magis</strong></span> <span class='ocrx_word' id='word_1_464' title='bbox 3702 3211 3833 3266; x_wconf 59' lang='grc' dir='ltr'><strong>ΡΝ·</strong></span> 
     </span>
    </p>
   </div>
   <div class='ocr_carea' id='block_1_64' title="bbox 538 3315 2128 3390">
    <p class='ocr_par' dir='ltr' id='par_1_64' title="bbox 538 3315 2128 3390">
     <span class='ocr_line' id='line_1_64' title="bbox 538 3315 2128 3390; baseline -0.002 -16"><span class='ocrx_word' id='word_1_465' title='bbox 538 3318 681 3390; x_wconf 91' lang='lat' dir='ltr'><strong>quod</strong></span> <span class='ocrx_word' id='word_1_466' title='bbox 721 3318 935 3390; x_wconf 86' lang='lat' dir='ltr'><strong>generis</strong></span> <span class='ocrx_word' id='word_1_467' title='bbox 976 3316 1169 3373; x_wconf 86' lang='lat' dir='ltr'><strong>divisio</strong></span> <span class='ocrx_word' id='word_1_468' title='bbox 1208 3317 1420 3374; x_wconf 86' lang='lat' dir='ltr'><strong>videtur</strong></span> <span class='ocrx_word' id='word_1_469' title='bbox 1449 3332 1762 3389; x_wconf 82' lang='lat' dir='ltr'><strong>exposcere.</strong></span> <span class='ocrx_word' id='word_1_470' title='bbox 1809 3316 1892 3372; x_wconf 83' lang='lat' dir='ltr'><strong>Ad</strong></span> <span class='ocrx_word' id='word_1_471' title='bbox 1922 3315 2128 3372; x_wconf 82' lang='lat' dir='ltr'><strong>difﬁni-</strong></span> 
     </span>
    </p>
   </div>
   <div class='ocr_carea' id='block_1_65' title="bbox 538 3411 2131 3484">
    <p class='ocr_par' dir='ltr' id='par_1_65' title="bbox 538 3411 2131 3484">
     <span class='ocr_line' id='line_1_65' title="bbox 538 3411 2131 3484; baseline 0.001 -19"><span class='ocrx_word' id='word_1_472' title='bbox 538 3413 741 3469; x_wconf 90' lang='lat' dir='ltr'><strong>tionem</strong></span> <span class='ocrx_word' id='word_1_473' title='bbox 772 3427 985 3484; x_wconf 89' lang='lat' dir='ltr'><strong>quoque</strong></span> <span class='ocrx_word' id='word_1_474' title='bbox 1024 3411 1225 3469; x_wconf 69' lang='lat' dir='ltr'><strong>eaedem</strong></span> <span class='ocrx_word' id='word_1_475' title='bbox 1259 3414 1426 3483; x_wconf 90' lang='lat' dir='ltr'><strong>magis</strong></span> <span class='ocrx_word' id='word_1_476' title='bbox 1455 3413 1684 3484; x_wconf 62' lang='lat' dir='ltr'><strong>proprias</strong></span> <span class='ocrx_word' id='word_1_477' title='bbox 1719 3412 2005 3483; x_wconf 88' lang='lat' dir='ltr'><strong>plurimum</strong></span> <span class='ocrx_word' id='word_1_478' title='bbox 2032 3425 2131 3467; x_wconf 83' lang='lat' dir='ltr'><strong>va-</strong></span> 
     </span>
    </p>
   </div>
   <div class='ocr_carea' id='block_1_66' title="bbox 540 3503 2132 3578">
    <p class='ocr_par' dir='ltr' id='par_1_66' title="bbox 540 3503 2132 3578">
     <span class='ocr_line' id='line_1_66' title="bbox 540 3503 2132 3578; baseline -0.001 -17"><span class='ocrx_word' id='word_1_479' title='bbox 540 3503 737 3562; x_wconf 86' lang='lat' dir='ltr'><strong>lerent.</strong></span> <span class='ocrx_word' id='word_1_480' title='bbox 751 3504 1077 3562; x_wconf 88' lang='lat' dir='ltr'><strong>Communes</strong></span> <span class='ocrx_word' id='word_1_481' title='bbox 1089 3514 1143 3563; x_wconf 88' lang='lat' dir='ltr'><strong>et</strong></span> <span class='ocrx_word' id='word_1_482' title='bbox 1164 3506 1419 3578; x_wconf 72' lang='lat' dir='ltr'><strong>proprias,</strong></span> <span class='ocrx_word' id='word_1_483' title='bbox 1440 3505 1583 3561; x_wconf 90' lang='lat' dir='ltr'><strong>velut</strong></span> <span class='ocrx_word' id='word_1_484' title='bbox 1607 3505 1822 3562; x_wconf 88' lang='lat' dir='ltr'><strong>inutiles</strong></span> <span class='ocrx_word' id='word_1_485' title='bbox 1848 3520 2132 3577; x_wconf 86' lang='lat' dir='ltr'><strong>segregan-</strong></span> 
     </span>
    </p>
   </div>
   <div class='ocr_carea' id='block_1_67' title="bbox 538 3597 2133 3668">
    <p class='ocr_par' dir='ltr' id='par_1_67' title="bbox 538 3597 2133 3668">
     <span class='ocr_line' id='line_1_67' title="bbox 538 3597 2133 3668; baseline 0.001 -17"><span class='ocrx_word' id='word_1_486' title='bbox 538 3603 629 3651; x_wconf 91' lang='lat' dir='ltr'><strong>tur</strong></span> <span class='ocrx_word' id='word_1_487' title='bbox 657 3614 669 3651; x_wconf 91' lang='lat'><strong>:</strong></span> <span class='ocrx_word' id='word_1_488' title='bbox 696 3609 1011 3653; x_wconf 89' lang='lat' dir='ltr'><strong>communes</strong></span> <span class='ocrx_word' id='word_1_489' title='bbox 1051 3598 1195 3654; x_wconf 88' lang='lat' dir='ltr'><strong>enim</strong></span> <span class='ocrx_word' id='word_1_490' title='bbox 1226 3606 1279 3653; x_wconf 92' lang='lat' dir='ltr'><strong>et</strong></span> <span class='ocrx_word' id='word_1_491' title='bbox 1304 3598 1561 3668; x_wconf 68' lang='lat' dir='ltr'><strong>propriae,</strong></span> <span class='ocrx_word' id='word_1_492' title='bbox 1601 3598 1850 3668; x_wconf 89' lang='lat' dir='ltr'><strong>quoniam</strong></span> <span class='ocrx_word' id='word_1_493' title='bbox 1881 3597 2133 3654; x_wconf 88' lang='lat' dir='ltr'><strong>accidens</strong></span> 
     </span>
    </p>
   </div>
   <div class='ocr_carea' id='block_1_68' title="bbox 540 3685 2134 3758">
    <p class='ocr_par' dir='ltr' id='par_1_68' title="bbox 540 3685 2134 3758">
     <span class='ocr_line' id='line_1_68' title="bbox 540 3685 2134 3758; baseline 0.002 -17"><span class='ocrx_word' id='word_1_494' title='bbox 540 3685 739 3743; x_wconf 88' lang='lat' dir='ltr'><strong>diversi</strong></span> <span class='ocrx_word' id='word_1_495' title='bbox 781 3688 996 3758; x_wconf 88' lang='lat' dir='ltr'><strong>generis</strong></span> <span class='ocrx_word' id='word_1_496' title='bbox 1022 3688 1219 3757; x_wconf 89' lang='lat' dir='ltr'><strong>ferunt,</strong></span> <span class='ocrx_word' id='word_1_497' title='bbox 1254 3688 1389 3743; x_wconf 88' lang='lat' dir='ltr'><strong>nihil</strong></span> <span class='ocrx_word' id='word_1_498' title='bbox 1412 3688 1725 3743; x_wconf 66' lang='lat' dir='ltr'><strong>substantias</strong></span> <span class='ocrx_word' id='word_1_499' title='bbox 1755 3688 1963 3744; x_wconf 88' lang='lat' dir='ltr'><strong>ratione</strong></span> <span class='ocrx_word' id='word_1_500' title='bbox 2003 3704 2134 3744; x_wconf 90' lang='lat' dir='ltr'><strong>con-</strong></span> 
     </span>
    </p>
   </div>
   <div class='ocr_carea' id='block_1_69' title="bbox 541 3778 2135 3845">
    <p class='ocr_par' dir='ltr' id='par_1_69' title="bbox 541 3778 2135 3845">
     <span class='ocr_line' id='line_1_69' title="bbox 541 3778 2135 3845; baseline 0.001 -12"><span class='ocrx_word' id='word_1_501' title='bbox 541 3779 798 3845; x_wconf 81' lang='lat' dir='ltr'><strong>formant,</strong></span> <span class='ocrx_word' id='word_1_502' title='bbox 841 3778 1090 3833; x_wconf 87' lang='lat' dir='ltr'><strong>diffinitio</strong></span> <span class='ocrx_word' id='word_1_503' title='bbox 1132 3792 1259 3833; x_wconf 86' lang='lat' dir='ltr'><strong>vero</strong></span> <span class='ocrx_word' id='word_1_504' title='bbox 1304 3780 1480 3833; x_wconf 92' lang='lat' dir='ltr'><strong>omnis</strong></span> <span class='ocrx_word' id='word_1_505' title='bbox 1511 3779 1865 3834; x_wconf 87' lang='lat' dir='ltr'><strong>substantiam</strong></span> <span class='ocrx_word' id='word_1_506' title='bbox 1908 3789 2135 3835; x_wconf 89' lang='lat' dir='ltr'><strong>conatur</strong></span> 
     </span>
    </p>
   </div>
   <div class='ocr_carea' id='block_1_70' title="bbox 542 3868 2131 3941">
    <p class='ocr_par' dir='ltr' id='par_1_70' title="bbox 542 3868 2131 3941">
     <span class='ocr_line' id='line_1_70' title="bbox 542 3868 2131 3941; baseline 0.002 -18"><span class='ocrx_word' id='word_1_507' title='bbox 542 3869 852 3924; x_wconf 89' lang='lat' dir='ltr'><strong>ostendere.</strong></span> <span class='ocrx_word' id='word_1_508' title='bbox 882 3868 1163 3938; x_wconf 75' lang='lat' dir='ltr'><strong>Specificte</strong></span> <span class='ocrx_word' id='word_1_509' title='bbox 1185 3884 1316 3924; x_wconf 88' lang='lat' dir='ltr'><strong>vero</strong></span> <span class='ocrx_word' id='word_1_510' title='bbox 1345 3868 1665 3924; x_wconf 74' lang='lat' dir='ltr'><strong>ditferentize</strong></span> <span class='ocrx_word' id='word_1_511' title='bbox 1697 3871 1801 3925; x_wconf 74' lang='lat' dir='ltr'><strong>illa:</strong></span> <span class='ocrx_word' id='word_1_512' title='bbox 1830 3881 1951 3926; x_wconf 91' lang='lat' dir='ltr'><strong>sunt</strong></span> <span class='ocrx_word' id='word_1_513' title='bbox 1991 3886 2131 3941; x_wconf 66' lang='lat' dir='ltr'><strong>quae,</strong></span> 
     </span>
    </p>
   </div>
   <div class='ocr_carea' id='block_1_71' title="bbox 542 3959 2136 4031">
    <p class='ocr_par' dir='ltr' id='par_1_71' title="bbox 542 3959 2136 4031">
     <span class='ocr_line' id='line_1_71' title="bbox 542 3959 2136 4031; baseline 0.002 -16"><span class='ocrx_word' id='word_1_514' title='bbox 542 3971 602 4017; x_wconf 89' lang='lat' dir='ltr'><strong>ut</strong></span> <span class='ocrx_word' id='word_1_515' title='bbox 631 3961 874 4031; x_wconf 84' lang='lat' dir='ltr'><strong>superius</strong></span> <span class='ocrx_word' id='word_1_516' title='bbox 904 3960 1103 4017; x_wconf 87' lang='lat' dir='ltr'><strong>dictum</strong></span> <span class='ocrx_word' id='word_1_517' title='bbox 1131 3969 1234 4027; x_wconf 87' lang='lat' dir='ltr'><strong>est,</strong></span> <span class='ocrx_word' id='word_1_518' title='bbox 1280 3959 1513 4030; x_wconf 89' lang='lat' dir='ltr'><strong>speciem</strong></span> <span class='ocrx_word' id='word_1_519' title='bbox 1557 3961 1846 4017; x_wconf 85' lang='lat' dir='ltr'><strong>informant</strong></span> <span class='ocrx_word' id='word_1_520' title='bbox 1884 3963 2136 4018; x_wconf 90' lang='lat' dir='ltr'><strong>substan-</strong></span> 
     </span>
    </p>
   </div>
   <div class='ocr_carea' id='block_1_72' title="bbox 543 4052 2135 4123">
    <p class='ocr_par' dir='ltr' id='par_1_72' title="bbox 543 4052 2135 4123">
     <span class='ocr_line' id='line_1_72' title="bbox 543 4052 2135 4123; baseline 0.003 -17"><span class='ocrx_word' id='word_1_521' title='bbox 543 4054 784 4123; x_wconf 84' lang='lat' dir='ltr'><strong>tiamque</strong></span> <span class='ocrx_word' id='word_1_522' title='bbox 816 4052 1117 4122; x_wconf 83' lang='lat' dir='ltr'><strong>perficiunt,</strong></span> <span class='ocrx_word' id='word_1_523' title='bbox 1153 4052 1236 4105; x_wconf 63' lang='lat' dir='ltr'><strong>hac</strong></span> <span class='ocrx_word' id='word_1_524' title='bbox 1276 4062 1399 4105; x_wconf 91' lang='lat' dir='ltr'><strong>sunt</strong></span> <span class='ocrx_word' id='word_1_525' title='bbox 1427 4052 1596 4123; x_wconf 88' lang='lat' dir='ltr'><strong>magis</strong></span> <span class='ocrx_word' id='word_1_526' title='bbox 1638 4055 1887 4122; x_wconf 75' lang='lat' dir='ltr'><strong>pr0prizr.</strong></span> <span class='ocrx_word' id='word_1_527' title='bbox 1923 4055 2135 4111; x_wconf 75' lang='lat' dir='ltr'><strong>Ercdem</strong></span> 
     </span>
    </p>
   </div>
   <div class='ocr_carea' id='block_1_73' title="bbox 544 4144 2139 4216">
    <p class='ocr_par' dir='ltr' id='par_1_73' title="bbox 544 4144 2139 4216">
     <span class='ocr_line' id='line_1_73' title="bbox 544 4144 2139 4216; baseline -0.001 -13"><span class='ocrx_word' id='word_1_528' title='bbox 544 4146 709 4216; x_wconf 84' lang='lat' dir='ltr'><strong>igitur</strong></span> <span class='ocrx_word' id='word_1_529' title='bbox 734 4145 871 4200; x_wconf 91' lang='lat' dir='ltr'><strong>sicut</strong></span> <span class='ocrx_word' id='word_1_530' title='bbox 900 4146 951 4199; x_wconf 93' lang='lat' dir='ltr'><strong>in</strong></span> <span class='ocrx_word' id='word_1_531' title='bbox 983 4144 1303 4199; x_wconf 66' lang='lat' dir='ltr'><strong>divisionem</strong></span> <span class='ocrx_word' id='word_1_532' title='bbox 1334 4145 1571 4214; x_wconf 88' lang='lat' dir='ltr'><strong>generis,</strong></span> <span class='ocrx_word' id='word_1_533' title='bbox 1615 4145 1685 4201; x_wconf 87' lang='lat' dir='ltr'><strong>ita</strong></span> <span class='ocrx_word' id='word_1_534' title='bbox 1722 4146 1883 4200; x_wconf 91' lang='lat' dir='ltr'><strong>etiam</strong></span> <span class='ocrx_word' id='word_1_535' title='bbox 1916 4148 1967 4201; x_wconf 92' lang='lat' dir='ltr'><strong>in</strong></span> <span class='ocrx_word' id='word_1_536' title='bbox 1996 4147 2139 4201; x_wconf 74' lang='lat' dir='ltr'><strong>diffi-</strong></span> 
     </span>
    </p>
   </div>
   <div class='ocr_carea' id='block_1_74' title="bbox 545 4238 2138 4307">
    <p class='ocr_par' dir='ltr' id='par_1_74' title="bbox 545 4238 2138 4307">
     <span class='ocr_line' id='line_1_74' title="bbox 545 4238 2138 4307; baseline 0.002 -15"><span class='ocrx_word' id='word_1_537' title='bbox 545 4239 806 4293; x_wconf 87' lang='lat' dir='ltr'><strong>nitionem</strong></span> <span class='ocrx_word' id='word_1_538' title='bbox 852 4238 1152 4306; x_wconf 84' lang='lat' dir='ltr'><strong>specierum</strong></span> <span class='ocrx_word' id='word_1_539' title='bbox 1198 4244 1566 4303; x_wconf 86' lang='lat' dir='ltr'><strong>assumuntur,</strong></span> <span class='ocrx_word' id='word_1_540' title='bbox 1598 4253 1738 4293; x_wconf 90' lang='lat' dir='ltr'><strong>nunc</strong></span> <span class='ocrx_word' id='word_1_541' title='bbox 1766 4239 2028 4307; x_wconf 73' lang='lat' dir='ltr'><strong>divisivm,</strong></span> <span class='ocrx_word' id='word_1_542' title='bbox 2071 4242 2138 4295; x_wconf 88' lang='lat' dir='ltr'><strong>ad</strong></span> 
     </span>
    </p>
   </div>
   <div class='ocr_carea' id='block_1_75' title="bbox 546 4329 2136 4401">
    <p class='ocr_par' dir='ltr' id='par_1_75' title="bbox 546 4329 2136 4401">
     <span class='ocr_line' id='line_1_75' title="bbox 546 4329 2136 4401; baseline 0.003 -18"><span class='ocrx_word' id='word_1_543' title='bbox 546 4331 893 4401; x_wconf 86' lang='lat' dir='ltr'><strong>partitionem</strong></span> <span class='ocrx_word' id='word_1_544' title='bbox 924 4330 1137 4400; x_wconf 88' lang='lat' dir='ltr'><strong>generis</strong></span> <span class='ocrx_word' id='word_1_545' title='bbox 1169 4329 1661 4384; x_wconf 87' lang='lat' dir='ltr'><strong>accommodantur.</strong></span> <span class='ocrx_word' id='word_1_546' title='bbox 1707 4330 1778 4384; x_wconf 92' lang='lat' dir='ltr'><strong>lta</strong></span> <span class='ocrx_word' id='word_1_547' title='bbox 1830 4331 1990 4401; x_wconf 89' lang='lat' dir='ltr'><strong>igitur</strong></span> <span class='ocrx_word' id='word_1_548' title='bbox 2016 4346 2136 4387; x_wconf 90' lang='lat' dir='ltr'><strong>cum</strong></span> 
     </span>
    </p>
   </div>
   <div class='ocr_carea' id='block_1_76' title="bbox 547 4419 2137 4491">
    <p class='ocr_par' dir='ltr' id='par_1_76' title="bbox 547 4419 2137 4491">
     <span class='ocr_line' id='line_1_76' title="bbox 547 4419 2137 4491; baseline 0.003 -17"><span class='ocrx_word' id='word_1_549' title='bbox 547 4422 794 4477; x_wconf 71' lang='lat' dir='ltr'><strong>dirisivze</strong></span> <span class='ocrx_word' id='word_1_550' title='bbox 819 4421 925 4476; x_wconf 87' lang='lat' dir='ltr'><strong>sint</strong></span> <span class='ocrx_word' id='word_1_551' title='bbox 952 4420 1166 4489; x_wconf 77' lang='lat' dir='ltr'><strong>generis</strong></span> <span class='ocrx_word' id='word_1_552' title='bbox 1192 4419 1337 4475; x_wconf 85' lang='lat' dir='ltr'><strong>aliud</strong></span> <span class='ocrx_word' id='word_1_553' title='bbox 1365 4421 1698 4476; x_wconf 90' lang='lat' dir='ltr'><strong>constituunt</strong></span> <span class='ocrx_word' id='word_1_554' title='bbox 1727 4437 1883 4490; x_wconf 89' lang='lat' dir='ltr'><strong>quam</strong></span> <span class='ocrx_word' id='word_1_555' title='bbox 1918 4433 2056 4491; x_wconf 91' lang='lat' dir='ltr'><strong>erat,</strong></span> <span class='ocrx_word' id='word_1_556' title='bbox 2085 4426 2137 4478; x_wconf 93' lang='lat' dir='ltr'><strong>in</strong></span> 
     </span>
    </p>
   </div>
   <div class='ocr_carea' id='block_1_77' title="bbox 548 4512 2137 4589">
    <p class='ocr_par' dir='ltr' id='par_1_77' title="bbox 548 4512 2137 4589">
     <span class='ocr_line' id='line_1_77' title="bbox 548 4512 2137 4589; baseline 0.001 -21"><span class='ocrx_word' id='word_1_557' title='bbox 548 4514 865 4569; x_wconf 70' lang='lat' dir='ltr'><strong>substantiae</strong></span> <span class='ocrx_word' id='word_1_558' title='bbox 911 4527 1043 4567; x_wconf 91' lang='lat' dir='ltr'><strong>vero</strong></span> <span class='ocrx_word' id='word_1_559' title='bbox 1090 4512 1411 4589; x_wconf 82' lang='lat' dir='ltr'><strong>diffinitione</strong></span> <span class='ocrx_word' id='word_1_560' title='bbox 1454 4512 1651 4581; x_wconf 85' lang='lat' dir='ltr'><strong>speciei</strong></span> <span class='ocrx_word' id='word_1_561' title='bbox 1702 4512 2137 4569; x_wconf 86' lang='lat' dir='ltr'><strong>informationem</strong></span> 
     </span>
    </p>
   </div>
   <div class='ocr_carea' id='block_1_78' title="bbox 549 4604 1275 4675">
    <p class='ocr_par' dir='ltr' id='par_1_78' title="bbox 549 4604 1275 4675">
     <span class='ocr_line' id='line_1_78' title="bbox 549 4604 1275 4675; baseline -0.003 -16"><span class='ocrx_word' id='word_1_562' title='bbox 549 4605 757 4659; x_wconf 81' lang='lat' dir='ltr'><strong>faciunt</strong></span> <span class='ocrx_word' id='word_1_563' title='bbox 790 4622 803 4657; x_wconf 90' lang='lat'><strong>:</strong></span> <span class='ocrx_word' id='word_1_564' title='bbox 835 4619 1064 4675; x_wconf 88' lang='lat' dir='ltr'><strong>cumque</strong></span> <span class='ocrx_word' id='word_1_565' title='bbox 1105 4604 1275 4673; x_wconf 85' lang='lat' dir='ltr'><strong>magis</strong></span> 
     </span>
    </p>
   </div>
   <div class='ocr_carea' id='block_1_79' title="bbox 552 4693 2141 4766">
    <p class='ocr_par' dir='ltr' id='par_1_79' title="bbox 552 4693 2141 4766">
     <span class='ocr_line' id='line_1_79' title="bbox 552 4693 2141 4766; baseline -0.001 -16"><span class='ocrx_word' id='word_1_566' title='bbox 552 4696 818 4766; x_wconf 70' lang='lat' dir='ltr'><strong>speciﬁcze</strong></span> <span class='ocrx_word' id='word_1_567' title='bbox 866 4697 991 4762; x_wconf 88' lang='lat' dir='ltr'><strong>sint,</strong></span> <span class='ocrx_word' id='word_1_568' title='bbox 1046 4710 1112 4751; x_wconf 90' lang='lat' dir='ltr'><strong>eo</strong></span> <span class='ocrx_word' id='word_1_569' title='bbox 1155 4693 1299 4764; x_wconf 90' lang='lat' dir='ltr'><strong>quod</strong></span> <span class='ocrx_word' id='word_1_570' title='bbox 1346 4693 1487 4748; x_wconf 89' lang='lat' dir='ltr'><strong>aliud</strong></span> <span class='ocrx_word' id='word_1_571' title='bbox 1529 4693 1744 4757; x_wconf 88' lang='lat' dir='ltr'><strong>faciunt,</strong></span> <span class='ocrx_word' id='word_1_572' title='bbox 1788 4693 2141 4750; x_wconf 79' lang='lat' dir='ltr'><strong>divisionibus</strong></span> 
     </span>
    </p>
   </div>
   <div class='ocr_carea' id='block_1_80' title="bbox 553 4774 2141 4856">
    <p class='ocr_par' dir='ltr' id='par_1_80' title="bbox 553 4774 2141 4856">
     <span class='ocr_line' id='line_1_80' title="bbox 553 4774 2141 4856; baseline 0.001 -17"><span class='ocrx_word' id='word_1_573' title='bbox 553 4794 692 4856; x_wconf 73' lang='lat' dir='ltr'><strong>apta:</strong></span> <span class='ocrx_word' id='word_1_574' title='bbox 721 4794 844 4841; x_wconf 88' lang='lat' dir='ltr'><strong>sunt</strong></span> <span class='ocrx_word' id='word_1_575' title='bbox 867 4802 881 4838; x_wconf 89' lang='lat'><strong>:</strong></span> <span class='ocrx_word' id='word_1_576' title='bbox 905 4787 988 4841; x_wconf 72' lang='lat' dir='ltr'><strong>has</strong></span> <span class='ocrx_word' id='word_1_577' title='bbox 1019 4800 1164 4853; x_wconf 91' lang='lat' dir='ltr'><strong>vero,</strong></span> <span class='ocrx_word' id='word_1_578' title='bbox 1214 4800 1316 4855; x_wconf 85' lang='lat' dir='ltr'><strong>qua</strong></span> <span class='ocrx_word' id='word_1_579' title='bbox 1349 4784 1583 4854; x_wconf 87' lang='lat' dir='ltr'><strong>speciem</strong></span> <span class='ocrx_word' id='word_1_580' title='bbox 1614 4774 1905 4839; x_wconf 78' lang='lat' dir='ltr'><strong>informant</strong></span> <span class='ocrx_word' id='word_1_581' title='bbox 1944 4784 2141 4841; x_wconf 81' lang='lat' dir='ltr'><strong>difﬁni-</strong></span> 
     </span>
    </p>
   </div>
   <div class='ocr_carea' id='block_1_81' title="bbox 553 4876 2141 4934">
    <p class='ocr_par' dir='ltr' id='par_1_81' title="bbox 553 4876 2141 4934">
     <span class='ocr_line' id='line_1_81' title="bbox 553 4876 2141 4934; baseline 0.003 -5"><span class='ocrx_word' id='word_1_582' title='bbox 553 4877 790 4930; x_wconf 87' lang='lat' dir='ltr'><strong>tionibus</strong></span> <span class='ocrx_word' id='word_1_583' title='bbox 844 4876 1261 4930; x_wconf 64' lang='lat' dir='ltr'><strong>accommodatae</strong></span> <span class='ocrx_word' id='word_1_584' title='bbox 1304 4883 1447 4930; x_wconf 92' lang='lat' dir='ltr'><strong>sunt.</strong></span> <span class='ocrx_word' id='word_1_585' title='bbox 1489 4876 1819 4931; x_wconf 88' lang='lat' dir='ltr'><strong>Communes</strong></span> <span class='ocrx_word' id='word_1_586' title='bbox 1869 4887 2046 4932; x_wconf 89' lang='lat' dir='ltr'><strong>autem</strong></span> <span class='ocrx_word' id='word_1_587' title='bbox 2086 4887 2141 4934; x_wconf 84' lang='lat' dir='ltr'><strong>et</strong></span> 
     </span>
    </p>
   </div>
   <div class='ocr_carea' id='block_1_82' title="bbox 553 4967 2135 5041">
    <p class='ocr_par' dir='ltr' id='par_1_82' title="bbox 553 4967 2135 5041">
     <span class='ocr_line' id='line_1_82' title="bbox 553 4967 2135 5041; baseline 0.001 -18"><span class='ocrx_word' id='word_1_588' title='bbox 553 4969 785 5041; x_wconf 63' lang='lat' dir='ltr'><strong>propriae</strong></span> <span class='ocrx_word' id='word_1_589' title='bbox 811 4969 1060 5037; x_wconf 88' lang='lat' dir='ltr'><strong>quoniam</strong></span> <span class='ocrx_word' id='word_1_590' title='bbox 1092 4983 1266 5037; x_wconf 85' lang='lat' dir='ltr'><strong>neque</strong></span> <span class='ocrx_word' id='word_1_591' title='bbox 1292 4968 1434 5022; x_wconf 88' lang='lat' dir='ltr'><strong>aliud</strong></span> <span class='ocrx_word' id='word_1_592' title='bbox 1466 4967 1687 5036; x_wconf 85' lang='lat' dir='ltr'><strong>faciunt,</strong></span> <span class='ocrx_word' id='word_1_593' title='bbox 1719 4969 1814 5024; x_wconf 89' lang='lat' dir='ltr'><strong>sed</strong></span> <span class='ocrx_word' id='word_1_594' title='bbox 1833 4970 2135 5040; x_wconf 88' lang='lat' dir='ltr'><strong>alteratum,</strong></span> 
     </span>
    </p>
   </div>
   <div class='ocr_carea' id='block_1_83' title="bbox 553 5060 2145 5133">
    <p class='ocr_par' dir='ltr' id='par_1_83' title="bbox 553 5060 2145 5133">
     <span class='ocr_line' id='line_1_83' title="bbox 553 5060 2145 5133; baseline 0.003 -17"><span class='ocrx_word' id='word_1_595' title='bbox 553 5077 730 5132; x_wconf 84' lang='lat' dir='ltr'><strong>neque</strong></span> <span class='ocrx_word' id='word_1_596' title='bbox 763 5060 984 5115; x_wconf 90' lang='lat' dir='ltr'><strong>omnino</strong></span> <span class='ocrx_word' id='word_1_597' title='bbox 1015 5061 1365 5115; x_wconf 88' lang='lat' dir='ltr'><strong>substantiam</strong></span> <span class='ocrx_word' id='word_1_598' title='bbox 1396 5070 1716 5127; x_wconf 88' lang='lat' dir='ltr'><strong>monstrant,</strong></span> <span class='ocrx_word' id='word_1_599' title='bbox 1762 5078 1914 5133; x_wconf 62' lang='lat' dir='ltr'><strong>atque</strong></span> <span class='ocrx_word' id='word_1_600' title='bbox 1941 5079 1971 5119; x_wconf 89' lang='lat' dir='ltr'><strong>a</strong></span> <span class='ocrx_word' id='word_1_601' title='bbox 2000 5064 2145 5120; x_wconf 38' lang='lat' dir='ltr'><strong>divis</strong></span> 
     </span>
    </p>
   </div>
   <div class='ocr_carea' id='block_1_84' title="bbox 554 5151 1678 5223">
    <p class='ocr_par' dir='ltr' id='par_1_84' title="bbox 554 5151 1678 5223">
     <span class='ocr_line' id='line_1_84' title="bbox 554 5151 1678 5223; baseline -0.006 -13"><span class='ocrx_word' id='word_1_602' title='bbox 554 5158 708 5211; x_wconf 86' lang='lat' dir='ltr'><strong>sione</strong></span> <span class='ocrx_word' id='word_1_603' title='bbox 739 5164 796 5208; x_wconf 89' lang='lat' dir='ltr'><strong>ut</strong></span> <span class='ocrx_word' id='word_1_604' title='bbox 820 5169 848 5207; x_wconf 92' lang='lat' dir='ltr'><strong>a</strong></span> <span class='ocrx_word' id='word_1_605' title='bbox 876 5151 1198 5208; x_wconf 88' lang='lat' dir='ltr'><strong>diffinitione</strong></span> <span class='ocrx_word' id='word_1_606' title='bbox 1225 5153 1504 5223; x_wconf 71' lang='lat' dir='ltr'><strong>disiuncta:</strong></span> <span class='ocrx_word' id='word_1_607' title='bbox 1534 5161 1678 5208; x_wconf 91' lang='lat' dir='ltr'><strong>sunt.</strong></span> 
     </span>
    </p>
   </div>
   <div class='ocr_carea' id='block_1_85' title="bbox 629 5244 2144 5316">
    <p class='ocr_par' dir='ltr' id='par_1_85' title="bbox 629 5244 2144 5316">
     <span class='ocr_line' id='line_1_85' title="bbox 629 5244 2144 5316; baseline 0.001 -16"><span class='ocrx_word' id='word_1_608' title='bbox 629 5248 671 5299; x_wconf 86' lang='grc' dir='ltr'><em>Α</em></span> <span class='ocrx_word' id='word_1_609' title='bbox 700 5244 1047 5316; x_wconf 80' lang='lat' dir='ltr'><strong>superioribus</strong></span> <span class='ocrx_word' id='word_1_610' title='bbox 1077 5259 1258 5297; x_wconf 84' lang='lat' dir='ltr'><strong>rursus</strong></span> <span class='ocrx_word' id='word_1_611' title='bbox 1286 5244 1547 5297; x_wconf 79' lang='lat' dir='ltr'><strong>inchoanti</strong></span> <span class='ocrx_word' id='word_1_612' title='bbox 1571 5244 1844 5299; x_wconf 85' lang='lat' dir='ltr'><strong>dicendum</strong></span> <span class='ocrx_word' id='word_1_613' title='bbox 1875 5256 1968 5314; x_wconf 87' lang='lat' dir='ltr'><strong>est,</strong></span> <span class='ocrx_word' id='word_1_614' title='bbox 1995 5247 2144 5315; x_wconf 74' lang='lat' dir='ltr'><strong>di/fe-</strong></span> 
     </span>
    </p>
   </div>
   <div class='ocr_carea' id='block_1_86' title="bbox 557 5335 2219 5408">
    <p class='ocr_par' dir='ltr' id='par_1_86' title="bbox 557 5335 2219 5408">
     <span class='ocr_line' id='line_1_86' title="bbox 557 5335 2219 5408; baseline 0.001 -15"><span class='ocrx_word' id='word_1_615' title='bbox 557 5339 838 5393; x_wconf 87' lang='lat' dir='ltr'><strong>reutiarum</strong></span> <span class='ocrx_word' id='word_1_616' title='bbox 866 5336 998 5390; x_wconf 90' lang='lat' dir='ltr'><strong>alias</strong></span> <span class='ocrx_word' id='word_1_617' title='bbox 1033 5335 1241 5408; x_wconf 83' lang='lat' dir='ltr'><strong>quidem</strong></span> <span class='ocrx_word' id='word_1_618' title='bbox 1268 5351 1375 5389; x_wconf 88' lang='lat' dir='ltr'><strong>esse</strong></span> <span class='ocrx_word' id='word_1_619' title='bbox 1402 5336 1731 5406; x_wconf 85' lang='lat' dir='ltr'><strong>separabiles,</strong></span> <span class='ocrx_word' id='word_1_620' title='bbox 1762 5339 1893 5392; x_wconf 83' lang='lat' dir='ltr'><strong>alias</strong></span> <span class='ocrx_word' id='word_1_621' title='bbox 1921 5354 2034 5395; x_wconf 76' lang='lat' dir='ltr'><strong>vero</strong></span> <span class='ocrx_word' id='word_1_622' title='bbox 2062 5342 2144 5395; x_wconf 80' lang='lat' dir='ltr'><strong>in-</strong></span> <span class='ocrx_word' id='word_1_623' title='bbox 2206 5346 2219 5359; x_wconf 83' lang='lat'><strong>‘</strong></span> 
     </span>
    </p>
   </div>
   <div class='ocr_carea' id='block_1_87' title="bbox 559 5432 2137 5506">
    <p class='ocr_par' dir='ltr' id='par_1_87' title="bbox 559 5432 2137 5506">
     <span class='ocr_line' id='line_1_87' title="bbox 559 5432 2137 5506; baseline 0 -17"><span class='ocrx_word' id='word_1_624' title='bbox 559 5436 890 5506; x_wconf 84' lang='lat' dir='ltr'><strong>separabiles.</strong></span> <span class='ocrx_word' id='word_1_625' title='bbox 925 5432 1119 5487; x_wconf 68' lang='lat' dir='ltr'><strong>Moneri</strong></span> <span class='ocrx_word' id='word_1_626' title='bbox 1148 5432 1287 5485; x_wconf 87' lang='lat' dir='ltr'><strong>enim</strong></span> <span class='ocrx_word' id='word_1_627' title='bbox 1331 5441 1375 5485; x_wconf 90' lang='lat' dir='ltr'><strong>et</strong></span> <span class='ocrx_word' id='word_1_628' title='bbox 1400 5432 1677 5501; x_wconf 85' lang='lat' dir='ltr'><strong>quiescere,</strong></span> <span class='ocrx_word' id='word_1_629' title='bbox 1725 5442 1770 5487; x_wconf 85' lang='lat' dir='ltr'><strong>et</strong></span> <span class='ocrx_word' id='word_1_630' title='bbox 1800 5452 1977 5489; x_wconf 86' lang='lat' dir='ltr'><strong>sanum</strong></span> <span class='ocrx_word' id='word_1_631' title='bbox 2012 5453 2137 5501; x_wconf 77' lang='lat' dir='ltr'><strong>esse,</strong></span> 
     </span>
    </p>
   </div>
   <div class='ocr_carea' id='block_1_88' title="bbox 560 5528 2145 5603">
    <p class='ocr_par' dir='ltr' id='par_1_88' title="bbox 560 5528 2145 5603">
     <span class='ocr_line' id='line_1_88' title="bbox 560 5528 2145 5603; baseline 0.001 -19"><span class='ocrx_word' id='word_1_632' title='bbox 560 5537 609 5584; x_wconf 85' lang='lat' dir='ltr'><strong>et</strong></span> <span class='ocrx_word' id='word_1_633' title='bbox 636 5546 852 5599; x_wconf 84' lang='lat' dir='ltr'><strong>a&#39;grttm,</strong></span> <span class='ocrx_word' id='word_1_634' title='bbox 886 5538 930 5583; x_wconf 87' lang='lat' dir='ltr'><strong>et</strong></span> <span class='ocrx_word' id='word_1_635' title='bbox 958 5542 1274 5599; x_wconf 68' lang='lat' dir='ltr'><strong>quiscunque</strong></span> <span class='ocrx_word' id='word_1_636' title='bbox 1304 5528 1382 5579; x_wconf 83' lang='lat' dir='ltr'><strong>his</strong></span> <span class='ocrx_word' id='word_1_637' title='bbox 1407 5529 1637 5597; x_wconf 81' lang='lat' dir='ltr'><strong>proxima</strong></span> <span class='ocrx_word' id='word_1_638' title='bbox 1661 5539 1796 5594; x_wconf 90' lang='lat' dir='ltr'><strong>sunt,</strong></span> <span class='ocrx_word' id='word_1_639' title='bbox 1836 5532 2145 5603; x_wconf 32' lang='lat' dir='ltr'><strong>separabifia‘</strong></span> 
     </span>
    </p>
   </div>
   <div class='ocr_carea' id='block_1_89' title="bbox 561 5621 2143 5691">
    <p class='ocr_par' dir='ltr' id='par_1_89' title="bbox 561 5621 2143 5691">
     <span class='ocr_line' id='line_1_89' title="bbox 561 5621 2143 5691; baseline 0.001 -15"><span class='ocrx_word' id='word_1_640' title='bbox 561 5632 705 5677; x_wconf 86' lang='lat' dir='ltr'><strong>sunt.</strong></span> <span class='ocrx_word' id='word_1_641' title='bbox 737 5623 801 5676; x_wconf 82' lang='lat' dir='ltr'><strong>At</strong></span> <span class='ocrx_word' id='word_1_642' title='bbox 828 5637 941 5676; x_wconf 86' lang='lat' dir='ltr'><strong>vero</strong></span> <span class='ocrx_word' id='word_1_643' title='bbox 969 5621 1198 5691; x_wconf 87' lang='lat' dir='ltr'><strong>aquilum</strong></span> <span class='ocrx_word' id='word_1_644' title='bbox 1229 5635 1356 5687; x_wconf 81' lang='lat' dir='ltr'><strong>esse,</strong></span> <span class='ocrx_word' id='word_1_645' title='bbox 1400 5621 1479 5674; x_wconf 82' lang='lat' dir='ltr'><strong>vel</strong></span> <span class='ocrx_word' id='word_1_646' title='bbox 1516 5622 1722 5689; x_wconf 87' lang='lat' dir='ltr'><strong>simum,</strong></span> <span class='ocrx_word' id='word_1_647' title='bbox 1766 5625 1841 5676; x_wconf 78' lang='lat' dir='ltr'><strong>rel</strong></span> <span class='ocrx_word' id='word_1_648' title='bbox 1870 5625 2143 5691; x_wconf 82' lang='lat' dir='ltr'><strong>rationale,</strong></span> 
     </span>
    </p>
   </div>
   <div class='ocr_carea' id='block_1_90' title="bbox 561 5694 2145 5785">
    <p class='ocr_par' dir='ltr' id='par_1_90' title="bbox 561 5694 2145 5785">
     <span class='ocr_line' id='line_1_90' title="bbox 561 5694 2145 5785; baseline -0.001 -15"><span class='ocrx_word' id='word_1_649' title='bbox 561 5717 641 5770; x_wconf 77' lang='lat' dir='ltr'><strong>ref</strong></span> <span class='ocrx_word' id='word_1_650' title='bbox 678 5716 995 5780; x_wconf 87' lang='lat' dir='ltr'><strong>irrationale,</strong></span> <span class='ocrx_word' id='word_1_651' title='bbox 1035 5712 1399 5783; x_wconf 87' lang='lat' dir='ltr'><strong>inseparabilia</strong></span> <span class='ocrx_word' id='word_1_652' title='bbox 1428 5724 1564 5771; x_wconf 84' lang='lat' dir='ltr'><strong>sunt.</strong></span> <span class='ocrx_word' id='word_1_653' title='bbox 1599 5694 2025 5785; x_wconf 73' lang='lat' dir='ltr'><strong>Inseparabilium</strong></span> <span class='ocrx_word' id='word_1_654' title='bbox 2052 5732 2145 5769; x_wconf 64' lang='lat' dir='ltr'><strong>auo</strong></span> 
     </span>
    </p>
   </div>
   <div class='ocr_carea' id='block_1_91' title="bbox 564 5804 2145 5879">
    <p class='ocr_par' dir='ltr' id='par_1_91' title="bbox 564 5804 2145 5879">
     <span class='ocr_line' id='line_1_91' title="bbox 564 5804 2145 5879; baseline 0.004 -22"><span class='ocrx_word' id='word_1_655' title='bbox 564 5817 683 5875; x_wconf 80' lang='lat' dir='ltr'><strong>tem,</strong></span> <span class='ocrx_word' id='word_1_656' title='bbox 712 5806 833 5875; x_wconf 78' lang='lat' dir='ltr'><strong>alia:</strong></span> <span class='ocrx_word' id='word_1_657' title='bbox 859 5804 1059 5875; x_wconf 85' lang='lat' dir='ltr'><strong>quidem</strong></span> <span class='ocrx_word' id='word_1_658' title='bbox 1086 5814 1203 5859; x_wconf 84' lang='lat' dir='ltr'><strong>sunt</strong></span> <span class='ocrx_word' id='word_1_659' title='bbox 1246 5822 1337 5879; x_wconf 82' lang='lat' dir='ltr'><strong>per</strong></span> <span class='ocrx_word' id='word_1_660' title='bbox 1374 5822 1445 5877; x_wconf 87' lang='lat' dir='ltr'><strong>se,</strong></span> <span class='ocrx_word' id='word_1_661' title='bbox 1472 5807 1588 5862; x_wconf 68' lang='lat' dir='ltr'><strong>alia:</strong></span> <span class='ocrx_word' id='word_1_662' title='bbox 1610 5822 1725 5866; x_wconf 77' lang='lat' dir='ltr'><strong>vero</strong></span> <span class='ocrx_word' id='word_1_663' title='bbox 1754 5823 1843 5877; x_wconf 82' lang='lat' dir='ltr'><strong>per</strong></span> <span class='ocrx_word' id='word_1_664' title='bbox 1868 5808 2102 5863; x_wconf 88' lang='lat' dir='ltr'><strong>accidens</strong></span> <span class='ocrx_word' id='word_1_665' title='bbox 2126 5824 2145 5864; x_wconf 90' lang='lat'><strong><em>:</em></strong></span> 
     </span>
    </p>
   </div>
   <div class='ocr_carea' id='block_1_92' title="bbox 2234 3286 3832 3360">
    <p class='ocr_par' dir='ltr' id='par_1_92' title="bbox 2234 3286 3832 3360">
     <span class='ocr_line' id='line_1_92' title="bbox 2234 3286 3832 3360; baseline 0.004 -20"><span class='ocrx_word' id='word_1_666' title='bbox 2234 3287 2375 3358; x_wconf 88' lang='lat' dir='ltr'><strong>pria,</strong></span> <span class='ocrx_word' id='word_1_667' title='bbox 2410 3286 2794 3356; x_wconf 82' lang='lat' dir='ltr'><strong>inseparabiles</strong></span> <span class='ocrx_word' id='word_1_668' title='bbox 2811 3286 3129 3342; x_wconf 68' lang='lat' dir='ltr'><strong>differentias</strong></span> <span class='ocrx_word' id='word_1_669' title='bbox 3158 3302 3281 3343; x_wconf 87' lang='lat' dir='ltr'><strong>esse</strong></span> <span class='ocrx_word' id='word_1_670' title='bbox 3302 3288 3571 3356; x_wconf 91' lang='lat' dir='ltr'><strong>dicuntur,</strong></span> <span class='ocrx_word' id='word_1_671' title='bbox 3600 3305 3832 3360; x_wconf 89' lang='lat' dir='ltr'><strong>quarum</strong></span> 
     </span>
    </p>
   </div>
   <div class='ocr_carea' id='block_1_93' title="bbox 2238 3377 3833 3447">
    <p class='ocr_par' dir='ltr' id='par_1_93' title="bbox 2238 3377 3833 3447">
     <span class='ocr_line' id='line_1_93' title="bbox 2238 3377 3833 3447; baseline 0.001 -13"><span class='ocrx_word' id='word_1_672' title='bbox 2238 3379 2309 3434; x_wconf 89' lang='lat' dir='ltr'><strong>ita</strong></span> <span class='ocrx_word' id='word_1_673' title='bbox 2339 3377 2632 3433; x_wconf 75' lang='lat' dir='ltr'><strong>subtlivisio</strong></span> <span class='ocrx_word' id='word_1_674' title='bbox 2662 3379 2719 3433; x_wconf 84' lang='lat' dir='ltr'><strong>fit</strong></span> <span class='ocrx_word' id='word_1_675' title='bbox 2749 3394 2764 3432; x_wconf 92' lang='lat'><strong>:</strong></span> <span class='ocrx_word' id='word_1_676' title='bbox 2798 3378 3235 3447; x_wconf 89' lang='lat' dir='ltr'><strong>inseparabilium</strong></span> <span class='ocrx_word' id='word_1_677' title='bbox 3258 3378 3681 3436; x_wconf 70' lang='lat' dir='ltr'><strong>differentiarum</strong></span> <span class='ocrx_word' id='word_1_678' title='bbox 3708 3382 3833 3437; x_wconf 70' lang='lat' dir='ltr'><strong>alia</strong></span> 
     </span>
    </p>
   </div>
   <div class='ocr_carea' id='block_1_94' title="bbox 2238 3467 3834 3541">
    <p class='ocr_par' dir='ltr' id='par_1_94' title="bbox 2238 3467 3834 3541">
     <span class='ocr_line' id='line_1_94' title="bbox 2238 3467 3834 3541; baseline 0 -17"><span class='ocrx_word' id='word_1_679' title='bbox 2238 3478 2363 3525; x_wconf 88' lang='lat' dir='ltr'><strong>sunt</strong></span> <span class='ocrx_word' id='word_1_680' title='bbox 2395 3484 2488 3539; x_wconf 90' lang='lat' dir='ltr'><strong>per</strong></span> <span class='ocrx_word' id='word_1_681' title='bbox 2518 3484 2595 3537; x_wconf 73' lang='lat' dir='ltr'><strong>se,</strong></span> <span class='ocrx_word' id='word_1_682' title='bbox 2630 3469 2749 3524; x_wconf 75' lang='lat' dir='ltr'><strong>alite</strong></span> <span class='ocrx_word' id='word_1_683' title='bbox 2782 3483 2877 3537; x_wconf 90' lang='lat' dir='ltr'><strong>per</strong></span> <span class='ocrx_word' id='word_1_684' title='bbox 2908 3467 3161 3524; x_wconf 87' lang='lat' dir='ltr'><strong>accidens</strong></span> <span class='ocrx_word' id='word_1_685' title='bbox 3194 3488 3205 3521; x_wconf 92' lang='lat'><strong>:</strong></span> <span class='ocrx_word' id='word_1_686' title='bbox 3242 3484 3337 3539; x_wconf 90' lang='lat' dir='ltr'><strong>per</strong></span> <span class='ocrx_word' id='word_1_687' title='bbox 3365 3484 3426 3525; x_wconf 89' lang='lat' dir='ltr'><strong>se</strong></span> <span class='ocrx_word' id='word_1_688' title='bbox 3451 3470 3691 3541; x_wconf 86' lang='lat' dir='ltr'><strong>quidem,</strong></span> <span class='ocrx_word' id='word_1_689' title='bbox 3715 3486 3834 3526; x_wconf 87' lang='lat' dir='ltr'><strong>ma-</strong></span> 
     </span>
    </p>
   </div>
   <div class='ocr_carea' id='block_1_95' title="bbox 2237 3556 3833 3632">
    <p class='ocr_par' dir='ltr' id='par_1_95' title="bbox 2237 3556 3833 3632">
     <span class='ocr_line' id='line_1_95' title="bbox 2237 3556 3833 3632; baseline 0.004 -21"><span class='ocrx_word' id='word_1_690' title='bbox 2237 3558 2320 3629; x_wconf 90' lang='lat' dir='ltr'><strong>gis</strong></span> <span class='ocrx_word' id='word_1_691' title='bbox 2349 3558 2608 3628; x_wconf 69' lang='lat' dir='ltr'><strong>propriae;</strong></span> <span class='ocrx_word' id='word_1_692' title='bbox 2641 3560 2936 3613; x_wconf 87' lang='lat' dir='ltr'><strong>secundum</strong></span> <span class='ocrx_word' id='word_1_693' title='bbox 2978 3556 3228 3613; x_wconf 85' lang='lat' dir='ltr'><strong>accidens</strong></span> <span class='ocrx_word' id='word_1_694' title='bbox 3260 3574 3411 3628; x_wconf 84' lang='lat' dir='ltr'><strong>vero,</strong></span> <span class='ocrx_word' id='word_1_695' title='bbox 3443 3562 3675 3630; x_wconf 68' lang='lat' dir='ltr'><strong>preprite</strong></span> <span class='ocrx_word' id='word_1_696' title='bbox 3698 3578 3712 3614; x_wconf 90' lang='lat'><strong>:</strong></span> <span class='ocrx_word' id='word_1_697' title='bbox 3738 3576 3833 3632; x_wconf 85' lang='lat' dir='ltr'><strong>per</strong></span> 
     </span>
    </p>
   </div>
   <div class='ocr_carea' id='block_1_96' title="bbox 2240 3645 3835 3719">
    <p class='ocr_par' dir='ltr' id='par_1_96' title="bbox 2240 3645 3835 3719">
     <span class='ocr_line' id='line_1_96' title="bbox 2240 3645 3835 3719; baseline 0.004 -19"><span class='ocrx_word' id='word_1_698' title='bbox 2240 3661 2298 3701; x_wconf 89' lang='lat' dir='ltr'><strong>se</strong></span> <span class='ocrx_word' id='word_1_699' title='bbox 2330 3655 2505 3700; x_wconf 88' lang='lat' dir='ltr'><strong>autem</strong></span> <span class='ocrx_word' id='word_1_700' title='bbox 2538 3645 2735 3716; x_wconf 90' lang='lat' dir='ltr'><strong>aliquid</strong></span> <span class='ocrx_word' id='word_1_701' title='bbox 2785 3646 2960 3701; x_wconf 89' lang='lat' dir='ltr'><strong>inesse</strong></span> <span class='ocrx_word' id='word_1_702' title='bbox 2988 3646 3206 3714; x_wconf 87' lang='lat' dir='ltr'><strong>dicitur,</strong></span> <span class='ocrx_word' id='word_1_703' title='bbox 3254 3647 3398 3717; x_wconf 90' lang='lat' dir='ltr'><strong>quod</strong></span> <span class='ocrx_word' id='word_1_704' title='bbox 3440 3648 3666 3719; x_wconf 77' lang='lat' dir='ltr'><strong>aliCujus</strong></span> <span class='ocrx_word' id='word_1_705' title='bbox 3698 3652 3835 3705; x_wconf 82' lang='lat' dir='ltr'><strong>sub-</strong></span> 
     </span>
    </p>
   </div>
   <div class='ocr_carea' id='block_1_97' title="bbox 2241 3736 3835 3811">
    <p class='ocr_par' dir='ltr' id='par_1_97' title="bbox 2241 3736 3835 3811">
     <span class='ocr_line' id='line_1_97' title="bbox 2241 3736 3835 3811; baseline 0.003 -19"><span class='ocrx_word' id='word_1_706' title='bbox 2241 3737 2490 3792; x_wconf 86' lang='lat' dir='ltr'><strong>stantiam</strong></span> <span class='ocrx_word' id='word_1_707' title='bbox 2525 3736 2797 3791; x_wconf 86' lang='lat' dir='ltr'><strong>informat.</strong></span> <span class='ocrx_word' id='word_1_708' title='bbox 2842 3736 2898 3793; x_wconf 94' lang='lat' dir='ltr'><strong>Si</strong></span> <span class='ocrx_word' id='word_1_709' title='bbox 2928 3736 3070 3791; x_wconf 91' lang='lat' dir='ltr'><strong>enim</strong></span> <span class='ocrx_word' id='word_1_710' title='bbox 3115 3736 3317 3793; x_wconf 86' lang='lat' dir='ltr'><strong>idcirco</strong></span> <span class='ocrx_word' id='word_1_711' title='bbox 3346 3738 3601 3809; x_wconf 74' lang='lat' dir='ltr'><strong>qua-libet</strong></span> <span class='ocrx_word' id='word_1_712' title='bbox 3627 3740 3835 3811; x_wconf 86' lang='lat' dir='ltr'><strong>species</strong></span> 
     </span>
    </p>
   </div>
   <div class='ocr_carea' id='block_1_98' title="bbox 2242 3824 3835 3896">
    <p class='ocr_par' dir='ltr' id='par_1_98' title="bbox 2242 3824 3835 3896">
     <span class='ocr_line' id='line_1_98' title="bbox 2242 3824 3835 3896; baseline 0.005 -18"><span class='ocrx_word' id='word_1_713' title='bbox 2242 3834 2344 3891; x_wconf 92' lang='lat' dir='ltr'><strong>cst,</strong></span> <span class='ocrx_word' id='word_1_714' title='bbox 2377 3825 2627 3893; x_wconf 87' lang='lat' dir='ltr'><strong>quoniam</strong></span> <span class='ocrx_word' id='word_1_715' title='bbox 2659 3824 2996 3879; x_wconf 81' lang='lat' dir='ltr'><strong>substantiali</strong></span> <span class='ocrx_word' id='word_1_716' title='bbox 3027 3824 3328 3881; x_wconf 87' lang='lat' dir='ltr'><strong>differentia</strong></span> <span class='ocrx_word' id='word_1_717' title='bbox 3347 3828 3712 3896; x_wconf 88' lang='lat' dir='ltr'><strong>constituitur,</strong></span> <span class='ocrx_word' id='word_1_718' title='bbox 3746 3830 3835 3886; x_wconf 84' lang='lat' dir='ltr'><strong>illa</strong></span> 
     </span>
    </p>
   </div>
   <div class='ocr_carea' id='block_1_99' title="bbox 2242 3908 3833 3988">
    <p class='ocr_par' dir='ltr' id='par_1_99' title="bbox 2242 3908 3833 3988">
     <span class='ocr_line' id='line_1_99' title="bbox 2242 3908 3833 3988; baseline 0.003 -20"><span class='ocrx_word' id='word_1_719' title='bbox 2242 3912 2542 3969; x_wconf 64' lang='lat' dir='ltr'><strong>differentia</strong></span> <span class='ocrx_word' id='word_1_720' title='bbox 2572 3928 2666 3981; x_wconf 90' lang='lat' dir='ltr'><strong>per</strong></span> <span class='ocrx_word' id='word_1_721' title='bbox 2685 3928 2742 3967; x_wconf 88' lang='lat' dir='ltr'><strong>se</strong></span> <span class='ocrx_word' id='word_1_722' title='bbox 2768 3912 3009 3981; x_wconf 90' lang='lat' dir='ltr'><strong>subjecto</strong></span> <span class='ocrx_word' id='word_1_723' title='bbox 3028 3913 3201 3981; x_wconf 89' lang='lat' dir='ltr'><strong>adest,</strong></span> <span class='ocrx_word' id='word_1_724' title='bbox 3236 3931 3408 3986; x_wconf 88' lang='lat' dir='ltr'><strong>neque</strong></span> <span class='ocrx_word' id='word_1_725' title='bbox 3437 3932 3534 3988; x_wconf 90' lang='lat' dir='ltr'><strong>per</strong></span> <span class='ocrx_word' id='word_1_726' title='bbox 3558 3908 3833 3985; x_wconf 67' lang='lat' dir='ltr'><strong>aet-ideas,</strong></span> 
     </span>
    </p>
   </div>
   <div class='ocr_carea' id='block_1_100' title="bbox 2243 4001 3833 4076">
    <p class='ocr_par' dir='ltr' id='par_1_100' title="bbox 2243 4001 3833 4076">
     <span class='ocr_line' id='line_1_100' title="bbox 2243 4001 3833 4076; baseline 0.003 -20"><span class='ocrx_word' id='word_1_727' title='bbox 2243 4013 2333 4056; x_wconf 87' lang='lat' dir='ltr'><strong>aut</strong></span> <span class='ocrx_word' id='word_1_728' title='bbox 2366 4019 2458 4073; x_wconf 92' lang='lat' dir='ltr'><strong>per</strong></span> <span class='ocrx_word' id='word_1_729' title='bbox 2488 4002 2761 4074; x_wconf 88' lang='lat' dir='ltr'><strong>quodlibet</strong></span> <span class='ocrx_word' id='word_1_730' title='bbox 2792 4001 2937 4056; x_wconf 87' lang='lat' dir='ltr'><strong>aliud</strong></span> <span class='ocrx_word' id='word_1_731' title='bbox 2970 4001 3223 4069; x_wconf 87' lang='lat' dir='ltr'><strong>medium,</strong></span> <span class='ocrx_word' id='word_1_732' title='bbox 3272 4004 3412 4060; x_wconf 90' lang='lat' dir='ltr'><strong>sicut</strong></span> <span class='ocrx_word' id='word_1_733' title='bbox 3462 4021 3556 4076; x_wconf 87' lang='lat' dir='ltr'><strong>per</strong></span> <span class='ocrx_word' id='word_1_734' title='bbox 3582 4007 3833 4062; x_wconf 89' lang='lat' dir='ltr'><strong>ardorem</strong></span> 
     </span>
    </p>
   </div>
   <div class='ocr_carea' id='block_1_101' title="bbox 2243 4091 3836 4166">
    <p class='ocr_par' dir='ltr' id='par_1_101' title="bbox 2243 4091 3836 4166">
     <span class='ocr_line' id='line_1_101' title="bbox 2243 4091 3836 4166; baseline 0.004 -20"><span class='ocrx_word' id='word_1_735' title='bbox 2243 4093 2373 4148; x_wconf 89' lang='lat' dir='ltr'><strong>solis</strong></span> <span class='ocrx_word' id='word_1_736' title='bbox 2403 4092 2644 4146; x_wconf 76' lang='lat' dir='ltr'><strong>adltrerct</strong></span> <span class='ocrx_word' id='word_1_737' title='bbox 2668 4091 2887 4162; x_wconf 88' lang='lat' dir='ltr'><strong>nigredo</strong></span> <span class='ocrx_word' id='word_1_738' title='bbox 2911 4091 3062 4147; x_wconf 87' lang='lat' dir='ltr'><strong>faciei</strong></span> <span class='ocrx_word' id='word_1_739' title='bbox 3087 4092 3343 4162; x_wconf 88' lang='lat' dir='ltr'><strong>hominis,</strong></span> <span class='ocrx_word' id='word_1_740' title='bbox 3373 4095 3466 4151; x_wconf 91' lang='lat' dir='ltr'><strong>sed</strong></span> <span class='ocrx_word' id='word_1_741' title='bbox 3487 4098 3570 4151; x_wconf 88' lang='lat' dir='ltr'><strong>sui</strong></span> <span class='ocrx_word' id='word_1_742' title='bbox 3599 4113 3836 4166; x_wconf 64' lang='lat' dir='ltr'><strong>praesen-</strong></span> 
     </span>
    </p>
   </div>
   <div class='ocr_carea' id='block_1_102' title="bbox 2244 4181 3834 4251">
    <p class='ocr_par' dir='ltr' id='par_1_102' title="bbox 2244 4181 3834 4251">
     <span class='ocr_line' id='line_1_102' title="bbox 2244 4181 3834 4251; baseline 0.002 -14"><span class='ocrx_word' id='word_1_743' title='bbox 2244 4181 2313 4237; x_wconf 85' lang='lat' dir='ltr'><strong>tia</strong></span> <span class='ocrx_word' id='word_1_744' title='bbox 2345 4184 2576 4251; x_wconf 90' lang='lat' dir='ltr'><strong>speciem</strong></span> <span class='ocrx_word' id='word_1_745' title='bbox 2606 4196 2762 4250; x_wconf 87' lang='lat' dir='ltr'><strong>quam</strong></span> <span class='ocrx_word' id='word_1_746' title='bbox 2817 4189 2992 4235; x_wconf 89' lang='lat' dir='ltr'><strong>tuetur</strong></span> <span class='ocrx_word' id='word_1_747' title='bbox 3033 4181 3307 4248; x_wconf 86' lang='lat' dir='ltr'><strong>informat,</strong></span> <span class='ocrx_word' id='word_1_748' title='bbox 3344 4194 3401 4237; x_wconf 93' lang='lat' dir='ltr'><strong>ut</strong></span> <span class='ocrx_word' id='word_1_749' title='bbox 3442 4183 3715 4240; x_wconf 86' lang='lat' dir='ltr'><strong>hominem</strong></span> <span class='ocrx_word' id='word_1_750' title='bbox 3750 4202 3834 4241; x_wconf 56' lang='lat' dir='ltr'><strong>ra.</strong></span> 
     </span>
    </p>
   </div>
   <div class='ocr_carea' id='block_1_103' title="bbox 2246 4271 3835 4348">
    <p class='ocr_par' dir='ltr' id='par_1_103' title="bbox 2246 4271 3835 4348">
     <span class='ocr_line' id='line_1_103' title="bbox 2246 4271 3835 4348; baseline 0.004 -20"><span class='ocrx_word' id='word_1_751' title='bbox 2246 4273 2355 4328; x_wconf 79' lang='lat' dir='ltr'><strong>tiun</strong></span> <span class='ocrx_word' id='word_1_752' title='bbox 2376 4273 2515 4327; x_wconf 76' lang='lat' dir='ltr'><strong>tlitas</strong></span> <span class='ocrx_word' id='word_1_753' title='bbox 2548 4290 2558 4324; x_wconf 94' lang='lat'>:</span> <span class='ocrx_word' id='word_1_754' title='bbox 2592 4271 2793 4327; x_wconf 90' lang='lat' dir='ltr'><strong>homini</strong></span> <span class='ocrx_word' id='word_1_755' title='bbox 2827 4274 2968 4328; x_wconf 88' lang='lat' dir='ltr'><strong>enim</strong></span> <span class='ocrx_word' id='word_1_756' title='bbox 2999 4274 3306 4344; x_wconf 73' lang='lat' dir='ltr'><strong>huiusmodi</strong></span> <span class='ocrx_word' id='word_1_757' title='bbox 3338 4275 3637 4333; x_wconf 80' lang='lat' dir='ltr'><strong>differentia</strong></span> <span class='ocrx_word' id='word_1_758' title='bbox 3661 4294 3755 4348; x_wconf 88' lang='lat' dir='ltr'><strong>per</strong></span> <span class='ocrx_word' id='word_1_759' title='bbox 3778 4295 3835 4335; x_wconf 90' lang='lat' dir='ltr'><strong>se</strong></span> 
     </span>
    </p>
   </div>
   <div class='ocr_carea' id='block_1_104' title="bbox 2245 4362 3836 4438">
    <p class='ocr_par' dir='ltr' id='par_1_104' title="bbox 2245 4362 3836 4438">
     <span class='ocr_line' id='line_1_104' title="bbox 2245 4362 3836 4438; baseline 0.004 -21"><span class='ocrx_word' id='word_1_760' title='bbox 2245 4362 2620 4427; x_wconf 89' lang='lat' dir='ltr'><strong>inest,idcirco</strong></span> <span class='ocrx_word' id='word_1_761' title='bbox 2645 4368 2804 4416; x_wconf 83' lang='lat' dir='ltr'><strong>homo</strong></span> <span class='ocrx_word' id='word_1_762' title='bbox 2830 4373 2934 4430; x_wconf 88' lang='lat' dir='ltr'><strong>est,</strong></span> <span class='ocrx_word' id='word_1_763' title='bbox 2960 4365 3081 4432; x_wconf 88' lang='lat' dir='ltr'><strong>quia</strong></span> <span class='ocrx_word' id='word_1_764' title='bbox 3111 4364 3502 4421; x_wconf 81' lang='lat' dir='ltr'><strong>rationabilitas</strong></span> <span class='ocrx_word' id='word_1_765' title='bbox 3521 4366 3691 4429; x_wconf 89' lang='lat' dir='ltr'><strong>adest,</strong></span> <span class='ocrx_word' id='word_1_766' title='bbox 3716 4383 3836 4438; x_wconf 74' lang='lat' dir='ltr'><strong>quae</strong></span> 
     </span>
    </p>
   </div>
   <div class='ocr_carea' id='block_1_105' title="bbox 2245 4453 3837 4522">
    <p class='ocr_par' dir='ltr' id='par_1_105' title="bbox 2245 4453 3837 4522">
     <span class='ocr_line' id='line_1_105' title="bbox 2245 4453 3837 4522; baseline 0.004 -14"><span class='ocrx_word' id='word_1_767' title='bbox 2245 4455 2291 4510; x_wconf 88' lang='lat' dir='ltr'><strong>si</strong></span> <span class='ocrx_word' id='word_1_768' title='bbox 2342 4454 2669 4517; x_wconf 81' lang='lat' dir='ltr'><strong>discesserit,</strong></span> <span class='ocrx_word' id='word_1_769' title='bbox 2711 4455 2917 4521; x_wconf 75' lang='lat' dir='ltr'><strong>species</strong></span> <span class='ocrx_word' id='word_1_770' title='bbox 2969 4453 3199 4508; x_wconf 86' lang='lat' dir='ltr'><strong>hominis</strong></span> <span class='ocrx_word' id='word_1_771' title='bbox 3230 4469 3335 4509; x_wconf 90' lang='lat' dir='ltr'><strong>non</strong></span> <span class='ocrx_word' id='word_1_772' title='bbox 3369 4455 3623 4522; x_wconf 79' lang='lat' dir='ltr'><strong>manebit,</strong></span> <span class='ocrx_word' id='word_1_773' title='bbox 3655 4467 3707 4512; x_wconf 91' lang='lat' dir='ltr'><strong>et</strong></span> <span class='ocrx_word' id='word_1_774' title='bbox 3738 4457 3837 4514; x_wconf 90' lang='lat' dir='ltr'><strong>has</strong></span> 
     </span>
    </p>
   </div>
   <div class='ocr_carea' id='block_1_106' title="bbox 2246 4541 3837 4616">
    <p class='ocr_par' dir='ltr' id='par_1_106' title="bbox 2246 4541 3837 4616">
     <span class='ocr_line' id='line_1_106' title="bbox 2246 4541 3837 4616; baseline 0.004 -17"><span class='ocrx_word' id='word_1_775' title='bbox 2246 4544 2457 4614; x_wconf 83' lang='lat' dir='ltr'><strong>quidem</strong></span> <span class='ocrx_word' id='word_1_776' title='bbox 2506 4559 2625 4613; x_wconf 74' lang='lat' dir='ltr'><strong>qua:</strong></span> <span class='ocrx_word' id='word_1_777' title='bbox 2670 4541 3048 4599; x_wconf 88' lang='lat' dir='ltr'><strong>substantiales</strong></span> <span class='ocrx_word' id='word_1_778' title='bbox 3100 4553 3222 4599; x_wconf 89' lang='lat' dir='ltr'><strong>sunt</strong></span> <span class='ocrx_word' id='word_1_779' title='bbox 3274 4546 3659 4616; x_wconf 85' lang='lat' dir='ltr'><strong>inseparabiles</strong></span> <span class='ocrx_word' id='word_1_780' title='bbox 3710 4564 3837 4606; x_wconf 89' lang='lat' dir='ltr'><strong>esse</strong></span> 
     </span>
    </p>
   </div>
   <div class='ocr_carea' id='block_1_107' title="bbox 1303 4602 2131 4711">
    <p class='ocr_par' dir='ltr' id='par_1_107' title="bbox 1303 4602 2131 4674">
     <span class='ocr_line' id='line_1_107' title="bbox 1303 4602 2131 4674; baseline 0.002 -18"><span class='ocrx_word' id='word_1_781' title='bbox 1303 4604 1536 4674; x_wconf 75' lang='lat' dir='ltr'><strong>propria:</strong></span> <span class='ocrx_word' id='word_1_782' title='bbox 1571 4611 1624 4655; x_wconf 89' lang='lat' dir='ltr'><strong>et</strong></span> <span class='ocrx_word' id='word_1_783' title='bbox 1663 4602 1807 4656; x_wconf 87' lang='lat' dir='ltr'><strong>aliud</strong></span> <span class='ocrx_word' id='word_1_784' title='bbox 1852 4602 2047 4657; x_wconf 87' lang='lat' dir='ltr'><strong>faciant</strong></span> <span class='ocrx_word' id='word_1_785' title='bbox 2086 4613 2131 4660; x_wconf 91' lang='lat' dir='ltr'><strong>el</strong></span> 
     </span>
    </p>
   </div>
   <div class='ocr_carea' id='block_1_108' title="bbox 2235 4602 3838 4711">
    <p class='ocr_par' dir='ltr' id='par_1_108' title="bbox 2249 4602 3838 4711">
     <span class='ocr_line' id='line_1_108' title="bbox 2249 4602 3838 4711; baseline 0.004 -22"><span class='ocrx_word' id='word_1_786' title='bbox 2249 4602 2425 4689; x_wconf 78' lang='lat' dir='ltr'><strong>nullus</strong></span> <span class='ocrx_word' id='word_1_787' title='bbox 2456 4602 2682 4703; x_wconf 80' lang='lat' dir='ltr'><strong>ignorat.</strong></span> <span class='ocrx_word' id='word_1_788' title='bbox 2730 4633 2978 4703; x_wconf 88' lang='lat' dir='ltr'><strong>Separari</strong></span> <span class='ocrx_word' id='word_1_789' title='bbox 3026 4635 3165 4690; x_wconf 89' lang='lat' dir='ltr'><strong>enim</strong></span> <span class='ocrx_word' id='word_1_790' title='bbox 3196 4651 3225 4689; x_wconf 89' lang='lat' dir='ltr'><strong>a</strong></span> <span class='ocrx_word' id='word_1_791' title='bbox 3255 4602 3493 4708; x_wconf 72' lang='lat' dir='ltr'><strong>subjecto</strong></span> <span class='ocrx_word' id='word_1_792' title='bbox 3542 4602 3647 4694; x_wconf 84' lang='lat' dir='ltr'><strong>non</strong></span> 
     </span>
    </p>
   </div>
   <div class='ocr_carea' id='block_1_109' title="bbox 2244 4722 3837 4798">
    <p class='ocr_par' dir='ltr' id='par_1_109' title="bbox 2244 4722 3837 4798">
     <span class='ocr_line' id='line_1_109' title="bbox 2244 4722 3837 4798; baseline 0.006 -19"><span class='ocrx_word' id='word_1_793' title='bbox 2244 4732 2389 4789; x_wconf 87' lang='lat' dir='ltr'><strong>runt,</strong></span> <span class='ocrx_word' id='word_1_794' title='bbox 2424 4723 2525 4777; x_wconf 92' lang='lat' dir='ltr'><strong>nisi</strong></span> <span class='ocrx_word' id='word_1_795' title='bbox 2577 4722 2893 4793; x_wconf 86' lang='lat' dir='ltr'><strong>interempta</strong></span> <span class='ocrx_word' id='word_1_796' title='bbox 2926 4725 2997 4779; x_wconf 88' lang='lat' dir='ltr'><strong>sit</strong></span> <span class='ocrx_word' id='word_1_797' title='bbox 3034 4736 3221 4780; x_wconf 89' lang='lat' dir='ltr'><strong>natura</strong></span> <span class='ocrx_word' id='word_1_798' title='bbox 3253 4727 3498 4798; x_wconf 89' lang='lat' dir='ltr'><strong>subjecti.</strong></span> <span class='ocrx_word' id='word_1_799' title='bbox 3532 4727 3837 4790; x_wconf 89' lang='lat' dir='ltr'><strong>Secundum</strong></span> 
     </span>
    </p>
   </div>
   <div class='ocr_carea' id='block_1_110' title="bbox 2243 4813 3838 4887">
    <p class='ocr_par' dir='ltr' id='par_1_110' title="bbox 2243 4813 3838 4887">
     <span class='ocr_line' id='line_1_110' title="bbox 2243 4813 3838 4887; baseline 0.009 -21"><span class='ocrx_word' id='word_1_800' title='bbox 2243 4813 2491 4868; x_wconf 87' lang='lat' dir='ltr'><strong>accidens</strong></span> <span class='ocrx_word' id='word_1_801' title='bbox 2527 4829 2655 4871; x_wconf 75' lang='lat' dir='ltr'><strong>vero</strong></span> <span class='ocrx_word' id='word_1_802' title='bbox 2681 4830 2800 4884; x_wconf 86' lang='lat' dir='ltr'><strong>quae</strong></span> <span class='ocrx_word' id='word_1_803' title='bbox 2825 4815 3207 4887; x_wconf 89' lang='lat' dir='ltr'><strong>inseparabiles</strong></span> <span class='ocrx_word' id='word_1_804' title='bbox 3232 4817 3552 4876; x_wconf 69' lang='lat' dir='ltr'><strong>differentia:</strong></span> <span class='ocrx_word' id='word_1_805' title='bbox 3576 4832 3719 4887; x_wconf 92' lang='lat' dir='ltr'><strong>sunt,</strong></span> <span class='ocrx_word' id='word_1_806' title='bbox 3752 4824 3838 4880; x_wconf 78' lang='lat' dir='ltr'><strong>ha:</strong></span> 
     </span>
    </p>
   </div>
   <div class='ocr_carea' id='block_1_111' title="bbox 2244 4907 3838 4982">
    <p class='ocr_par' dir='ltr' id='par_1_111' title="bbox 2244 4907 3838 4982">
     <span class='ocr_line' id='line_1_111' title="bbox 2244 4907 3838 4982; baseline 0.011 -26"><span class='ocrx_word' id='word_1_807' title='bbox 2244 4918 2362 4974; x_wconf 77' lang='lat' dir='ltr'><strong>qnce</strong></span> <span class='ocrx_word' id='word_1_808' title='bbox 2396 4907 2624 4974; x_wconf 75' lang='lat' dir='ltr'><strong>proprire</strong></span> <span class='ocrx_word' id='word_1_809' title='bbox 2662 4917 3060 4976; x_wconf 89' lang='lat' dir='ltr'><strong>nuncupantur,</strong></span> <span class='ocrx_word' id='word_1_810' title='bbox 3108 4916 3165 4963; x_wconf 90' lang='lat' dir='ltr'><strong>ut</strong></span> <span class='ocrx_word' id='word_1_811' title='bbox 3200 4910 3438 4979; x_wconf 88' lang='lat' dir='ltr'><strong>aquilum</strong></span> <span class='ocrx_word' id='word_1_812' title='bbox 3472 4927 3614 4982; x_wconf 88' lang='lat' dir='ltr'><strong>esse,</strong></span> <span class='ocrx_word' id='word_1_813' title='bbox 3647 4918 3730 4973; x_wconf 89' lang='lat' dir='ltr'><strong>vel</strong></span> <span class='ocrx_word' id='word_1_814' title='bbox 3761 4920 3838 4974; x_wconf 84' lang='lat' dir='ltr'><strong>si-</strong></span> 
     </span>
    </p>
   </div>
   <div class='ocr_carea' id='block_1_112' title="bbox 2248 4996 3836 5075">
    <p class='ocr_par' dir='ltr' id='par_1_112' title="bbox 2248 4996 3836 5075">
     <span class='ocr_line' id='line_1_112' title="bbox 2248 4996 3836 5075; baseline 0.009 -26"><span class='ocrx_word' id='word_1_815' title='bbox 2248 5012 2416 5063; x_wconf 91' lang='lat' dir='ltr'><strong>mum,</strong></span> <span class='ocrx_word' id='word_1_816' title='bbox 2448 5012 2567 5065; x_wconf 84' lang='lat' dir='ltr'><strong>quae</strong></span> <span class='ocrx_word' id='word_1_817' title='bbox 2597 4996 2796 5051; x_wconf 87' lang='lat' dir='ltr'><strong>idcirco</strong></span> <span class='ocrx_word' id='word_1_818' title='bbox 2844 5013 2939 5068; x_wconf 83' lang='lat' dir='ltr'><strong>per</strong></span> <span class='ocrx_word' id='word_1_819' title='bbox 2966 4997 3215 5054; x_wconf 88' lang='lat' dir='ltr'><strong>accidens</strong></span> <span class='ocrx_word' id='word_1_820' title='bbox 3266 5013 3661 5073; x_wconf 87' lang='lat' dir='ltr'><strong>nuncupantur,</strong></span> <span class='ocrx_word' id='word_1_821' title='bbox 3706 5024 3836 5075; x_wconf 86' lang='lat' dir='ltr'><strong>quo-</strong></span> 
     </span>
    </p>
   </div>
   <div class='ocr_carea' id='block_1_113' title="bbox 2247 5082 3835 5167">
    <p class='ocr_par' dir='ltr' id='par_1_113' title="bbox 2247 5082 3835 5167">
     <span class='ocr_line' id='line_1_113' title="bbox 2247 5082 3835 5167; baseline 0.008 -26"><span class='ocrx_word' id='word_1_822' title='bbox 2247 5087 2388 5141; x_wconf 84' lang='lat' dir='ltr'><strong>niam</strong></span> <span class='ocrx_word' id='word_1_823' title='bbox 2435 5086 2545 5155; x_wconf 87' lang='lat' dir='ltr'><strong>jam</strong></span> <span class='ocrx_word' id='word_1_824' title='bbox 2594 5087 2909 5167; x_wconf 80' lang='lat' dir='ltr'><strong>constitutae</strong></span> <span class='ocrx_word' id='word_1_825' title='bbox 2949 5088 3146 5159; x_wconf 87' lang='lat' dir='ltr'><strong>speciei</strong></span> <span class='ocrx_word' id='word_1_826' title='bbox 3196 5082 3532 5147; x_wconf 81' lang='lat' dir='ltr'><strong>extrinsecus</strong></span> <span class='ocrx_word' id='word_1_827' title='bbox 3562 5096 3835 5164; x_wconf 91' lang='lat' dir='ltr'><strong>accidunt,</strong></span> 
     </span>
    </p>
   </div>
   <div class='ocr_carea' id='block_1_114' title="bbox 2247 5176 3499 5245">
    <p class='ocr_par' dir='ltr' id='par_1_114' title="bbox 2247 5176 3499 5245">
     <span class='ocr_line' id='line_1_114' title="bbox 2247 5176 3499 5245; baseline 0.006 -13"><span class='ocrx_word' id='word_1_828' title='bbox 2247 5177 2378 5233; x_wconf 90' lang='lat' dir='ltr'><strong>nihil</strong></span> <span class='ocrx_word' id='word_1_829' title='bbox 2407 5176 2633 5245; x_wconf 73' lang='lat' dir='ltr'><strong>subjecti</strong></span> <span class='ocrx_word' id='word_1_830' title='bbox 2663 5177 2975 5234; x_wconf 76' lang='lat' dir='ltr'><strong>substantia:</strong></span> <span class='ocrx_word' id='word_1_831' title='bbox 3005 5182 3499 5241; x_wconf 88' lang='lat' dir='ltr'><strong>accommodantes.</strong></span> 
     </span>
    </p>
   </div>
   <div class='ocr_carea' id='block_1_115' title="bbox 2317 5270 3836 5342">
    <p class='ocr_par' dir='ltr' id='par_1_115' title="bbox 2317 5270 3836 5342">
     <span class='ocr_line' id='line_1_115' title="bbox 2317 5270 3836 5342; baseline 0.01 -18"><span class='ocrx_word' id='word_1_832' title='bbox 2317 5270 2433 5326; x_wconf 75' lang='lat' dir='ltr'><strong>Illa:</strong></span> <span class='ocrx_word' id='word_1_833' title='bbox 2469 5272 2625 5341; x_wconf 85' lang='lat' dir='ltr'><strong>igitur</strong></span> <span class='ocrx_word' id='word_1_834' title='bbox 2669 5284 2782 5342; x_wconf 75' lang='lat' dir='ltr'><strong>qua:</strong></span> <span class='ocrx_word' id='word_1_835' title='bbox 2827 5289 2918 5342; x_wconf 86' lang='lat' dir='ltr'><strong>per</strong></span> <span class='ocrx_word' id='word_1_836' title='bbox 2949 5290 3003 5328; x_wconf 87' lang='lat' dir='ltr'><strong>se</strong></span> <span class='ocrx_word' id='word_1_837' title='bbox 3037 5283 3186 5342; x_wconf 87' lang='lat' dir='ltr'><strong>sunt,</strong></span> <span class='ocrx_word' id='word_1_838' title='bbox 3219 5277 3271 5331; x_wconf 87' lang='lat' dir='ltr'><strong>in</strong></span> <span class='ocrx_word' id='word_1_839' title='bbox 3309 5280 3507 5335; x_wconf 89' lang='lat' dir='ltr'><strong>ratione</strong></span> <span class='ocrx_word' id='word_1_840' title='bbox 3533 5270 3836 5339; x_wconf 70' lang='lat' dir='ltr'><strong>substattlirc</strong></span> 
     </span>
    </p>
   </div>
   <div class='ocr_carea' id='block_1_116' title="bbox 2245 5361 3836 5444">
    <p class='ocr_par' dir='ltr' id='par_1_116' title="bbox 2245 5361 3836 5444">
     <span class='ocr_line' id='line_1_116' title="bbox 2245 5361 3836 5444; baseline 0.011 -29"><span class='ocrx_word' id='word_1_841' title='bbox 2245 5361 2591 5432; x_wconf 88' lang='lat' dir='ltr'><strong>accipiuntur,</strong></span> <span class='ocrx_word' id='word_1_842' title='bbox 2623 5373 2672 5417; x_wconf 90' lang='lat' dir='ltr'><strong>et</strong></span> <span class='ocrx_word' id='word_1_843' title='bbox 2701 5363 2897 5431; x_wconf 81' lang='lat' dir='ltr'><strong>faciunt</strong></span> <span class='ocrx_word' id='word_1_844' title='bbox 2923 5365 3072 5419; x_wconf 83' lang='lat' dir='ltr'><strong>aliud</strong></span> <span class='ocrx_word' id='word_1_845' title='bbox 3095 5381 3113 5421; x_wconf 92' lang='lat'><strong><em>:</em></strong></span> <span class='ocrx_word' id='word_1_846' title='bbox 3136 5368 3242 5423; x_wconf 75' lang='lat' dir='ltr'><strong>illa:</strong></span> <span class='ocrx_word' id='word_1_847' title='bbox 3266 5386 3384 5425; x_wconf 82' lang='lat' dir='ltr'><strong>vero</strong></span> <span class='ocrx_word' id='word_1_848' title='bbox 3411 5390 3526 5444; x_wconf 68' lang='lat' dir='ltr'><strong>qui:</strong></span> <span class='ocrx_word' id='word_1_849' title='bbox 3552 5378 3836 5433; x_wconf 62' lang='lat' dir='ltr'><strong>secundum</strong></span> 
     </span>
    </p>
   </div>
   <div class='ocr_carea' id='block_1_117' title="bbox 2247 5450 3834 5537">
    <p class='ocr_par' dir='ltr' id='par_1_117' title="bbox 2247 5450 3834 5537">
     <span class='ocr_line' id='line_1_117' title="bbox 2247 5450 3834 5537; baseline 0.012 -34"><span class='ocrx_word' id='word_1_850' title='bbox 2247 5450 2507 5517; x_wconf 86' lang='lat' dir='ltr'><strong>accidens,</strong></span> <span class='ocrx_word' id='word_1_851' title='bbox 2532 5468 2623 5506; x_wconf 85' lang='lat' dir='ltr'><strong>nec</strong></span> <span class='ocrx_word' id='word_1_852' title='bbox 2648 5454 2700 5506; x_wconf 87' lang='lat' dir='ltr'><strong>in</strong></span> <span class='ocrx_word' id='word_1_853' title='bbox 2731 5453 3027 5509; x_wconf 75' lang='lat' dir='ltr'><strong>substantia:</strong></span> <span class='ocrx_word' id='word_1_854' title='bbox 3052 5458 3247 5514; x_wconf 88' lang='lat' dir='ltr'><strong>ratione</strong></span> <span class='ocrx_word' id='word_1_855' title='bbox 3276 5463 3615 5533; x_wconf 85' lang='lat' dir='ltr'><strong>accipiuntur,</strong></span> <span class='ocrx_word' id='word_1_856' title='bbox 3643 5483 3734 5521; x_wconf 87' lang='lat' dir='ltr'><strong>nec</strong></span> <span class='ocrx_word' id='word_1_857' title='bbox 3755 5473 3834 5537; x_wconf 70' lang='lat' dir='ltr'><strong>[ao</strong></span> 
     </span>
    </p>
   </div>
   <div class='ocr_carea' id='block_1_118' title="bbox 2249 5541 3835 5627">
    <p class='ocr_par' dir='ltr' id='par_1_118' title="bbox 2249 5541 3835 5627">
     <span class='ocr_line' id='line_1_118' title="bbox 2249 5541 3835 5627; baseline 0.012 -35"><span class='ocrx_word' id='word_1_858' title='bbox 2249 5542 2385 5594; x_wconf 87' lang='lat' dir='ltr'><strong>ciunt</strong></span> <span class='ocrx_word' id='word_1_859' title='bbox 2420 5541 2586 5609; x_wconf 89' lang='lat' dir='ltr'><strong>aliud,</strong></span> <span class='ocrx_word' id='word_1_860' title='bbox 2619 5542 2709 5596; x_wconf 81' lang='lat' dir='ltr'><strong>sed</strong></span> <span class='ocrx_word' id='word_1_861' title='bbox 2740 5543 3030 5599; x_wconf 86' lang='lat' dir='ltr'><strong>alteratum.</strong></span> <span class='ocrx_word' id='word_1_862' title='bbox 3063 5543 3135 5600; x_wconf 82' lang='lat' dir='ltr'><strong>Et</strong></span> <span class='ocrx_word' id='word_1_863' title='bbox 3161 5548 3269 5603; x_wconf 68' lang='lat' dir='ltr'><strong>illa</strong></span> <span class='ocrx_word' id='word_1_864' title='bbox 3292 5551 3497 5621; x_wconf 87' lang='lat' dir='ltr'><strong>quidem</strong></span> <span class='ocrx_word' id='word_1_865' title='bbox 3521 5570 3637 5623; x_wconf 68' lang='lat' dir='ltr'><strong>qua:</strong></span> <span class='ocrx_word' id='word_1_866' title='bbox 3667 5573 3758 5627; x_wconf 85' lang='lat' dir='ltr'><strong>per</strong></span> <span class='ocrx_word' id='word_1_867' title='bbox 3783 5574 3835 5611; x_wconf 82' lang='lat' dir='ltr'><strong>se</strong></span> 
     </span>
    </p>
   </div>
   <div class='ocr_carea' id='block_1_119' title="bbox 2247 5633 3833 5714">
    <p class='ocr_par' dir='ltr' id='par_1_119' title="bbox 2247 5633 3833 5714">
     <span class='ocr_line' id='line_1_119' title="bbox 2247 5633 3833 5714; baseline 0.009 -29"><span class='ocrx_word' id='word_1_868' title='bbox 2247 5639 2384 5697; x_wconf 87' lang='lat' dir='ltr'><strong>sunt,</strong></span> <span class='ocrx_word' id='word_1_869' title='bbox 2414 5648 2516 5685; x_wconf 88' lang='lat' dir='ltr'><strong>non</strong></span> <span class='ocrx_word' id='word_1_870' title='bbox 2542 5633 2826 5702; x_wconf 86' lang='lat' dir='ltr'><strong>suscipiunt</strong></span> <span class='ocrx_word' id='word_1_871' title='bbox 2852 5636 3013 5707; x_wconf 86' lang='lat' dir='ltr'><strong>magis</strong></span> <span class='ocrx_word' id='word_1_872' title='bbox 3039 5645 3087 5690; x_wconf 84' lang='lat' dir='ltr'><strong>et</strong></span> <span class='ocrx_word' id='word_1_873' title='bbox 3111 5638 3281 5693; x_wconf 87' lang='lat' dir='ltr'><strong>minus</strong></span> <span class='ocrx_word' id='word_1_874' title='bbox 3304 5655 3322 5693; x_wconf 89' lang='lat'><strong><em>:</em></strong></span> <span class='ocrx_word' id='word_1_875' title='bbox 3343 5641 3448 5695; x_wconf 70' lang='lat' dir='ltr'><strong>illa:</strong></span> <span class='ocrx_word' id='word_1_876' title='bbox 3473 5659 3587 5697; x_wconf 74' lang='lat' dir='ltr'><strong>vero</strong></span> <span class='ocrx_word' id='word_1_877' title='bbox 3607 5661 3724 5714; x_wconf 71' lang='lat' dir='ltr'><strong>qua:</strong></span> <span class='ocrx_word' id='word_1_878' title='bbox 3745 5663 3833 5714; x_wconf 87' lang='lat' dir='ltr'><strong>per</strong></span> 
     </span>
    </p>
   </div>
   <div class='ocr_carea' id='block_1_120' title="bbox 2248 5724 3830 5806">
    <p class='ocr_par' dir='ltr' id='par_1_120' title="bbox 2248 5724 3830 5806">
     <span class='ocr_line' id='line_1_120' title="bbox 2248 5724 3830 5806; baseline 0.01 -29"><span class='ocrx_word' id='word_1_879' title='bbox 2248 5724 2502 5793; x_wconf 85' lang='lat' dir='ltr'><strong>accidens,</strong></span> <span class='ocrx_word' id='word_1_880' title='bbox 2535 5726 2626 5779; x_wconf 86' lang='lat' dir='ltr'><strong>etsi</strong></span> <span class='ocrx_word' id='word_1_881' title='bbox 2655 5726 3015 5795; x_wconf 85' lang='lat' dir='ltr'><strong>inseparabiles</strong></span> <span class='ocrx_word' id='word_1_882' title='bbox 3049 5730 3173 5796; x_wconf 84' lang='lat' dir='ltr'><strong>sint,</strong></span> <span class='ocrx_word' id='word_1_883' title='bbox 3209 5732 3545 5788; x_wconf 86' lang='lat' dir='ltr'><strong>intensionem</strong></span> <span class='ocrx_word' id='word_1_884' title='bbox 3573 5738 3830 5806; x_wconf 84' lang='lat' dir='ltr'><strong>accipiunt</strong></span> 
     </span>
    </p>
   </div>
   <div class='ocr_carea' id='block_1_121' title="bbox 2247 5810 3828 5890">
    <p class='ocr_par' dir='ltr' id='par_1_121' title="bbox 2247 5810 3828 5890">
     <span class='ocr_line' id='line_1_121' title="bbox 2247 5810 3828 5890; baseline 0.01 -22"><span class='ocrx_word' id='word_1_885' title='bbox 2247 5822 2294 5868; x_wconf 88' lang='lat' dir='ltr'><strong>et</strong></span> <span class='ocrx_word' id='word_1_886' title='bbox 2324 5815 2663 5872; x_wconf 79' lang='lat' dir='ltr'><strong>remissionem</strong></span> <span class='ocrx_word' id='word_1_887' title='bbox 2686 5833 2706 5873; x_wconf 89' lang='lat'><strong><em>:</em></strong></span> <span class='ocrx_word' id='word_1_888' title='bbox 2728 5833 2846 5872; x_wconf 87' lang='lat' dir='ltr'><strong>nam</strong></span> <span class='ocrx_word' id='word_1_889' title='bbox 2864 5810 3027 5889; x_wconf 67' lang='lat' dir='ltr'><strong>neque</strong></span> <span class='ocrx_word' id='word_1_890' title='bbox 3049 5835 3209 5888; x_wconf 82' lang='lat' dir='ltr'><strong>genus</strong></span> <span class='ocrx_word' id='word_1_891' title='bbox 3237 5823 3401 5889; x_wconf 83' lang='lat' dir='ltr'><strong>magis</strong></span> <span class='ocrx_word' id='word_1_892' title='bbox 3423 5832 3472 5880; x_wconf 87' lang='lat' dir='ltr'><strong>et</strong></span> <span class='ocrx_word' id='word_1_893' title='bbox 3499 5826 3667 5882; x_wconf 86' lang='lat' dir='ltr'><strong>minus</strong></span> <span class='ocrx_word' id='word_1_894' title='bbox 3698 5842 3828 5890; x_wconf 81' lang='lat' dir='ltr'><strong>pra:-</strong></span> 
     </span>
    </p>
   </div>
  </div>
