4106 6336
285 337 386 397 ηε

1069 327 1139 387 ΙΝ
1175 324 1623 388 PORPHYBIUM
1663 325 2321 390 COMMENTARIORL‘M
2360 325 2484 384 Lm.
2527 324 2614 382 IV.

3470 331 3570 390 122

275 455 481 508 dicatur
513 449 574 505 de
614 460 673 504 eo
704 448 853 522 cujus
887 453 959 502 est
997 436 1174 517 genus,
1203 462 1363 517 neque
1398 446 1596 519 generis
1627 445 1875 511 diﬂ'eren-
1902 443 1955 505 Α
1981 458 2097 498 vero
2128 460 2218 512 per
2238 445 2495 506 accidens,
2522 451 2569 497 et
2597 458 2773 498 rursus
2810 459 2984 498 earum
3014 459 3125 516 qute
3146 460 3233 517 per
3258 464 3309 507 se
3332 445 3439 503 sint
3464 451 3567 515 dir-

278 546 385 607 tirv,
426 547 706 596 secundum
757 554 885 607 quas
934 535 1181 589 dividitur
1219 550 1239 590 :
1271 537 1397 605 ipsa:
1435 536 1566 589 enim
1606 545 1725 589 sunt
1761 550 1873 606 qua:

278 630 680 702 uniuscujusque
706 630 952 682 rationem
974 626 1261 697 complent;
1283 644 1389 683 esse
1408 637 1579 682 autem
1598 627 1873 697 unicuique

277 739 435 777 unum
466 730 510 776 et
538 721 696 785 idem,
731 736 824 774 nec
854 720 1185 773 intensionem
1211 735 1301 773 nec
1329 720 1676 774 remissionem
1702 721 1864 775 susci-

277 815 421 883 piens
440 822 532 877 est,
563 810 796 879 aquilum
820 818 992 863 autem
1016 808 1093 864 vel
1120 810 1304 863 simum
1330 825 1454 877 (sse,
1485 809 1561 863 vel
1586 810 1870 865 coloratum

275 905 450 972 aliqua
480 902 652 967 modo,
683 910 730 955 et
754 899 1039 954 intenditur
1066 908 1113 954 et
1136 899 1431 953 remittitur.

352 994 677 1049 Differentiis
716 992 817 1047 rite
853 990 1063 1062 partitis
1092 1004 1275 1046 earum
1306 991 1443 1045 inter
1470 1006 1528 1046 se
1558 991 1866 1049 distantiam

277 1093 541 1143 monstrat
587 1081 942 1157 Porphyrius,
998 1092 1157 1153 atque
1207 1096 1365 1137 unam
1412 1083 1627 1153 quidem
1676 1084 1868 1154 repetit

276 1168 433 1246 quam
455 1173 699 1247 superius
726 1175 1032 1231 dixit.Cum
1059 1173 1202 1229 enim
1229 1183 1339 1229 tres
1366 1187 1485 1230 esse
1511 1174 1735 1230 dixisset
1761 1175 1863 1231 dii-

274 1268 531 1323 ferertias
569 1281 902 1333 communes,
932 1266 1198 1336 proprias,
1224 1272 1278 1319 et
1305 1265 1473 1336 magis
1503 1265 1767 1337 proprias,
1789 1267 1869 1322 al-

275 1352 506 1416 teratum
548 1360 723 1416 fcere
766 1358 904 1413 dixit
944 1358 1209 1427 proprias,
1250 1359 1390 1412 sicut
1433 1366 1489 1423 et
1527 1374 1861 1427 communes,

273 1449 417 1506 aliud
450 1465 576 1505 vero
605 1449 848 1518 minime,
881 1448 976 1505 sed
1007 1450 1110 1505 hoc
1134 1450 1268 1506 solis
1298 1448 1465 1521 magis
1504 1452 1734 1521 propriis
1776 1467 1862 1509 re-

272 1543 527 1607 servavit,
565 1556 709 1597 nunc
738 1540 900 1612 igitur
927 1538 1069 1596 idem
1106 1542 1301 1612 repetit
1340 1542 1527 1598 dicens
1556 1561 1569 1597 :
1599 1544 1861 1611 Quoniam

211 1700 227 1715 .
271 1633 659 1703 inseparabiles
680 1632 995 1687 differentia:
1017 1648 1135 1703 qua:
1158 1631 1509 1688 substantiam
1538 1644 1860 1705 monstrant,

273 1723 327 1781 id
358 1734 442 1779 est
472 1740 590 1795 qua:
620 1740 714 1795 per
748 1739 808 1779 se
847 1723 1105 1794 subjectis
1134 1726 1417 1796 speciebus
1450 1712 1636 1784 insunt
1663 1744 1861 1800 easque

1930 570 1933 575 ν
1981 537 2331 607 ferendarum,
2356 538 2475 591 alia:
2500 537 2706 608 quidem
2740 548 2878 605 sunt,
2913 541 3190 594 secundum
3217 558 3342 610 quas
3367 543 3566 597 dividi-

1979 644 2093 683 mus
2131 646 2314 701 genera
2355 631 2411 683 its
2446 630 2637 698 species
2668 645 2685 683 :
2727 631 2845 684 alia:
2881 646 2997 685 vero
3032 631 3310 687 secundum
3347 650 3473 703 quas
3505 652 3566 691 ea

1977 738 2091 790 qua:
2116 722 2283 775 divisa
2306 730 2425 775 sunt
2450 722 2832 791 speci/icantnr,
2864 731 2916 777 ut
2942 739 3055 776 cum
3079 741 3169 796 per
3188 741 3241 779 se
3262 725 3565 794 di/I'erentia:

1976 829 2150 868 omnes
2193 813 2490 886 Irujusmodi
2526 812 2764 868 animalis
2796 816 2919 881 sint,
2956 816 3167 870 animati
3203 826 3251 871 et
3289 818 3559 887 sensibilis,

1973 907 2240 962 rationalis
2269 916 2317 963 ct
2343 908 2678 973 irrationalis,
2703 910 2932 963 mortalis
2957 920 3004 965 et
3025 909 3347 977 immortalis,
3370 926 3431 965 ea
3446 911 3561 983 qui-

1974 996 2088 1053 dem
2111 1015 2226 1070 quis
2256 1006 2330 1053 est
2362 1000 2576 1053 animati
2603 1009 2651 1053 et
2683 1000 2932 1054 sensibilis
2969 1000 3284 1069 cli/Terentia,
3313 1003 3558 1057 constitu-

1971 1093 2073 1146 tiva
2100 1102 2171 1147 est
2193 1092 2431 1147 animalis
2453 1093 2747 1148 substantite
2769 1109 2785 1147 :
2808 1103 2880 1148 est
2901 1094 3031 1149 enim
3057 1094 3249 1149 anintal
3276 1095 3558 1152 substantia

1969 1184 2200 1237 animata
2230 1184 2500 1249 sensibilis,
2530 1201 2590 1239 ea
2630 1200 2744 1239 rero
2777 1199 2891 1256 qua
2917 1194 2989 1239 est
3017 1186 3246 1241 mortalis
3271 1194 3318 1241 et
3345 1187 3556 1243 immor-

1969 1274 2087 1328 talis
2114 1275 2424 1344 di/ferentia,
2457 1277 2676 1348 itemque
2702 1276 2970 1331 rationalis
2992 1285 3041 1330 et
3071 1277 3402 1344 irrationalis,
3425 1280 3556 1333 divi-

1967 1369 2087 1423 sior
2114 1366 2228 1422 sunt
2265 1368 2506 1423 animalis
2546 1368 2865 1438 diﬁ'erentiaa,
2908 1385 2996 1441 per
3019 1384 3105 1425 cas
3139 1370 3273 1425 enim
3300 1385 3479 1441 genera
3500 1372 3554 1426 in

1965 1462 2156 1531 species
2181 1459 2473 1518 dividimus.

2040 1560 2123 1615 Fit
2152 1576 2295 1616 nunc
2324 1560 2745 1618 differentiarum
2778 1561 2931 1633 plena
2967 1571 3022 1619 et
3058 1540 3305 1633 suprema
3334 1562 3549 1632 divisio,

1966 1668 2085 1721 qure
2114 1662 2197 1709 est
2222 1653 2523 1724 hujusmodi
2555 1674 2568 1709 :
2599 1654 3021 1714 differentiarum
3052 1657 3170 1714 alia:
3198 1668 3317 1713 sunt
3340 1673 3554 1729 separa-

1964 1742 2133 1809 biles,
2172 1744 2289 1800 alite
2336 1746 2751 1815 inseparabiles,
2803 1746 3232 1817 inseparabilium
3275 1747 3393 1804 alite
3430 1759 3555 1805 sunt

274 1818 580 1887 perficiunt,
605 1815 746 1870 aliud
771 1816 968 1871 faciunt
996 1833 1007 1868 :
1041 1816 1146 1871 illae
1170 1831 1300 1872 vero
1324 1833 1443 1887 quae
1464 1828 1586 1874 sunt
1607 1822 1859 1891 proprias,

1966 1835 2260 1891 secundum
2302 1838 2574 1908 accidens,
2616 1839 2735 1896 alia:
2782 1839 3179 1895 substantiales.
3224 1837 3555 1896 Substantia-

273 1910 322 1964 itl
352 1919 435 1964 est
465 1907 759 1964 secundum
804 1907 1057 1964 accidens
1100 1909 1484 1979 inseparabiles
1523 1911 1857 1981 differentiae,

275 2014 448 2069 neque
490 1999 542 2053 in
590 1999 884 2054 substantia
932 2010 1076 2067 sunt,
1121 2016 1295 2071 neque
1331 2000 1472 2060 aliud
1514 2003 1737 2072 faciunt,
1766 2007 1859 2061 sed

272 2101 500 2155 tantum,
535 2099 592 2147 ut
620 2092 870 2161 superius
895 2091 1093 2146 dictum
1125 2103 1228 2159 est,
1259 2092 1563 2150 alteratum.
1598 2098 1725 2152 Item
1757 2098 1862 2154 alia

272 2182 521 2239 distantia
568 2191 649 2239 est
696 2197 881 2237 earum
929 2180 1352 2241 differentiarum
1399 2203 1520 2256 quae
1567 2191 1862 2247 secundum

273 2275 626 2330 substantiam
648 2283 793 2341 sunt,
816 2274 885 2329 ab
911 2276 990 2330 Itis
1010 2292 1128 2347 qua:
1152 2279 1404 2335 accidens
1431 2296 1444 2335 :
1469 2283 1719 2351 quoniam
1742 2300 1863 2354 qua:

273 2369 624 2424 substantiam
658 2379 978 2437 monstrant,
1014 2370 1218 2427 intendi
1248 2382 1340 2429 aut
1368 2375 1570 2431 remitti
1599 2392 1706 2432 non
1740 2392 1885 2448 pos-7

272 2472 427 2530 sunt,
476 2478 597 2531 qua:
643 2477 770 2518 vero
813 2465 1108 2519 secundum
1161 2467 1411 2523 accidens
1463 2476 1515 2523 et
1560 2469 1862 2528 intensione

273 2563 542 2620 crescunt,
570 2562 625 2610 ct
647 2553 965 2612 remissione
996 2556 1352 2613 decrescunt:
1382 2559 1433 2614 id
1466 2573 1642 2616 autem
1667 2563 1863 2630 proba-

274 2656 366 2701 tur
396 2646 497 2701 hoc
542 2647 721 2711 morlo,
764 2648 1046 2718 unicuique
1076 2649 1152 2705 rei
1192 2665 1314 2706 esse
1356 2666 1511 2706 suum
1544 2667 1716 2720 neque
1745 2668 1865 2710 creo

272 2752 426 2792 scere
455 2752 628 2807 neque
652 2737 877 2792 diminui
908 2750 1101 2808 potest,
1126 2756 1248 2795 nam
1271 2741 1363 2812 qui
1392 2742 1552 2798 homo
1574 2754 1655 2800 est
1676 2743 1863 2800 buma-

273 2830 457 2885 nitatis
501 2846 612 2885 sua:
658 2846 757 2886 nec
802 2842 1076 2888 crementa
1124 2844 1332 2904 potest,
1378 2851 1475 2891 nec
1519 2836 1861 2894 decrementa

272 2923 567 2993 suscipere.
600 2923 730 2979 Nam
763 2941 935 2996 neque
964 2927 1078 2997 ipse
1100 2928 1218 2998 plus
1246 2942 1276 2983 a
1307 2943 1366 2984 se
1388 2938 1481 2986 aut
1503 2930 1678 2986 minus
1700 2929 1862 2987 hodie

271 3014 361 3070 vel
385 3014 628 3084 quolibet
652 3015 757 3070 alio
789 3025 1032 3087 tempore
1064 3020 1227 3074 homo
1255 3034 1377 3077 esse
1413 3030 1607 3089 potest,
1633 3036 1733 3077 nec
1763 3021 1860 3079 ho-

274 3123 367 3162 mo
399 3123 585 3163 rursus
613 3107 680 3163 ab
709 3109 817 3164 alio
848 3110 1065 3166 homine
1100 3110 1218 3180 plus
1239 3110 1400 3167 homo
1426 3120 1601 3182 potest
1628 3128 1749 3171 esse
1776 3116 1859 3170 vel

1968 1925 2094 1980 lium
2110 1928 2229 1981 alia:
2252 1938 2380 1984 sunt
2397 1929 2634 1986 divisivac
2655 1933 2887 2001 generis,
2911 1932 3030 1987 aliae
3049 1932 3408 1990 constitutivae
3433 1947 3556 2003 spe-

1965 2015 2187 2071 eierum.
2217 2017 2367 2085 Quod
2396 2034 2526 2074 vero
2546 2020 2620 2075 ait
2648 2018 2817 2076 :Cum
2847 2020 3007 2091 igitur
3029 2028 3139 2078 tres
3167 2022 3374 2093 species
3403 2023 3554 2080 diffe-

1965 2105 2153 2161 rentia:
2190 2108 2616 2175 considerentur,
2649 2110 2712 2165 ad
2756 2109 2858 2167 hoc
2898 2112 3100 2179 retulit,
3132 2111 3270 2181 quod
3302 2112 3352 2168 in
3383 2114 3554 2183 prima

1967 2195 2388 2254 differentiarum
2420 2199 2705 2267 divisione,
2737 2201 2929 2272 partim
2966 2217 3057 2258 eas
3085 2216 3401 2259 communes
3428 2203 3554 2262 dicit

1966 2303 2109 2357 esse,
2141 2290 2332 2360 partim
2379 2292 2642 2362 proprias,
2684 2293 2875 2363 partim
2918 2294 3086 2363 magis
3129 2294 3369 2364 preprias
3398 2293 3555 2361 dixit,

1964 2395 2100 2451 quas
2138 2396 2325 2436 rursus
2376 2391 2484 2438 tres
2524 2381 2875 2453 differentias,
2909 2383 3043 2439 alias
3072 2382 3402 2453 separabiies
3434 2398 3554 2439 csso

1966 2475 2308 2541 monstravit,
2340 2475 2472 2530 alias
2517 2474 2925 2547 inseparabiles.
2967 2474 3305 2547 Separabiles
3340 2476 3554 2546 quidem

1965 2574 2298 2629 communes,
2351 2565 2734 2634 inseparabiles
2777 2581 2904 2621 vero
2951 2567 3229 2637 proprias,
3280 2582 3343 2622 ac
3390 2569 3554 2638 magis

1964 2651 2227 2720 prOprias.
2250 2652 2686 2722 lnseparabilium
2712 2670 2842 2710 vero
2864 2655 2988 2711 fecit
3010 2657 3325 2713 divisionem
3347 2658 3550 2725 dicens,

1964 2740 2098 2795 alias
2126 2756 2245 2797 esse
2274 2743 2569 2797 secundum
2609 2743 2877 2812 accidens,
2911 2746 3041 2799 alias
3082 2746 3374 2802 secundum
3423 2749 3553 2803 sub-

1965 2831 2216 2887 stantiam
2252 2832 2605 2900 considerari,
2644 2842 2697 2888 et
2739 2834 2860 2887 illas
2903 2849 3022 2891 esse
3070 2835 3363 2891 secundum
3413 2838 3553 2891 acci-

1965 2923 2122 2990 dens,
2141 2939 2259 2995 quae
2280 2912 2511 2996 prppria:
2533 2934 2907 2996 nuncupantur
2931 2943 2945 2982 :
2970 2928 3138 2997 magis
3159 2928 3406 2999 proprias
3426 2942 3552 2984 vero

1965 3014 2260 3069 secundum
2290 3014 2643 3070 substantiam
2670 3015 3023 3071 considerari.
3055 3016 3248 3072 Earum
3277 3032 3407 3073 vero
3436 3034 3553 3088 quau

1966 3105 2261 3162 secundum
2315 3105 2669 3162 substantiam
2719 3116 2872 3173 sunt,
2922 3106 3337 3162 subdivisioncm
3391 3106 3551 3170 facit,

269 3198 491 3255 animal.
524 3197 744 3270 Utrique
778 3201 920 3256 enim
965 3201 1240 3268 aequaliter
1277 3203 1546 3269 animalia,
1577 3204 1856 3275 aequaliter
1882 3207 1929 3271 C
1963 3195 2103 3267 quod
2131 3195 2251 3269 alia:
2278 3210 2460 3251 earum
2491 3211 2659 3268 genus
2688 3196 2947 3263 dividant,
2978 3197 3095 3252 alia:
3125 3198 3356 3268 speciem
3391 3198 3553 3255 infor-

272 3289 517 3345 ltomines
540 3304 658 3346 esse
684 3290 952 3347 dicuntur.
978 3291 1129 3360 Quod
1159 3293 1202 3348 si
1235 3293 1522 3365 unicuique
1553 3309 1673 3352 esse
1699 3310 1853 3351 suum

270 3396 373 3437 nec
403 3389 677 3438 cremento
711 3382 952 3452 ampliari
984 3391 1182 3454 potest,
1219 3400 1319 3439 nec
1356 3384 1730 3443 imminutione
1764 3386 1857 3442 de-

267 3488 539 3541 crescere,
565 3474 707 3545 quod
750 3490 844 3543 per
886 3474 940 3530 id
981 3473 1137 3531 facile
1174 3478 1458 3533 monstrari
1491 3487 1663 3547 potest
1688 3497 1700 3532 :
1725 3494 1857 3550 quo-

269 3565 411 3620 niam
440 3581 557 3636 qua:
603 3580 797 3638 genera
838 3577 963 3623 sunt
1002 3568 1085 3622 vel
1118 3568 1349 3637 δρθιίεε,
1380 3569 1522 3625 nulla
1554 3571 1854 3628 intensione

268 3655 351 3711 vel
385 3656 701 3712 remissione
732 3658 1026 3725 variantur,
1055 3648 1275 3715 nnn‘est
1299 3659 1519 3715 dubium
1552 3662 1679 3730 quin
1704 3662 1857 3718 diffe-

266 3744 455 3819 rentia:
484 3760 719 3815 quoque,
754 3760 873 3817 quae
910 3745 1328 3817 uniuscujusque
1368 3750 1565 3819 speciei
1609 3751 1857 3807 substan-

267 3837 397 3891 tiam
443 3836 749 3903 i;.l'urntant,
794 3852 893 3893 nec
938 3832 1272 3895 remissionis
1315 3839 1636 3896 detrimenta
1680 3846 1853 3899 susci-

264 3935 438 4003 piant,
466 3948 564 3989 nec
594 3933 912 3990 intensiouis
938 3945 1244 4005 augmenta.
1268 3918 1452 4006 Itaque
1476 3936 1854 3996 substantiales

261 4024 583 4081 differentia:
622 4040 793 4096 neque
838 4024 1228 4095 intensioncm,
1269 4042 1441 4099 neque
1480 4028 1853 4085 remissionem

260 4116 582 4187 suscipiunt,
611 4115 765 4187 hujus
794 4130 953 4172 eausa
984 4117 1099 4171 llaec
1127 4126 1212 4173 est
1240 4133 1256 4173 :
1286 4118 1546 4185 Quoniam
1580 4135 1702 4177 esse
1728 4121 1853 4176 uni-

259 4208 458 4279 cuique
487 4224 649 4263 unum
678 4217 779 4277 est,
806 4218 861 4265 et
886 4208 1028 4265 idem
1058 4219 1159 4276 est,
1190 4218 1245 4265 et
1277 4211 1631 4268 intensionem
1665 4215 1856 4269 remis-

257 4304 578 4374 sionemque
615 4318 718 4359 non
757 4304 997 4373 suscipit,
1032 4305 1189 4375 hujus
1217 4308 1521 4375 exemplum
1556 4308 1644 4363 sit.
1676 4308 1856 4365 Genus

257 4395 405 4450 enim
427 4394 530 4450 dici
553 4409 655 4450 non
680 4404 852 4465 potest
872 4396 993 4466 plus
1020 4397 1260 4453 minusve
1280 4399 1501 4455 cuilibet
1522 4414 1640 4455 esse
1661 4416 1849 4471 genus,

255 4484 507 4538 omnibus
548 4485 692 4539 enim
733 4500 898 4553 genus
936 4488 1209 4555 asqualiter
1250 4490 1647 4559 superponitur.
1690 4491 1850 4547 Diffe-

1962 3296 2130 3343 ment.
2167 3288 2245 3343 Ad
2295 3288 2448 3359 cujus
2488 3291 2563 3345 rei
2610 3289 2818 3346 facilem
2857 3292 3242 3362 cognitionem,
3284 3292 3369 3347 illa
3412 3293 3551 3348 tertii

1962 3377 2086 3434 libri
2118 3379 2420 3449 specierum
2446 3394 2808 3451 generumque
2836 3380 3120 3452 dispositio
3142 3382 3546 3447 trauscribatur,

1961 3471 2140 3542 sitque
2170 3473 2403 3542 primum
2435 3471 2754 3537 substantia,
2787 3472 2886 3528 sub
2918 3472 3016 3528 liae
3046 3469 3359 3544 corpoi-eum
3391 3483 3550 3544 atque

1961 3562 2359 3634 incorporeum,
2387 3563 2487 3618 sub
2513 3577 2739 3632 corpore
2768 3562 3061 3617 animatum
3094 3573 3252 3632 atque
3290 3564 3549 3617 inanima-
3586 3570 3589 3573 '

1962 3665 2095 3721 tum,
2146 3654 2244 3709 sub
2291 3654 2527 3709 animato
2566 3653 2820 3709 sensibile
2867 3663 3027 3723 atque
3074 3651 3404 3718 insensibile,
3448 3651 3548 3708 sub

1959 3734 2064 3812 quo
2092 3744 2313 3809 animal,
2349 3743 2447 3798 sub
2487 3742 2703 3797 animali
2744 3742 2999 3797 rationale
3028 3752 3187 3812 atque
3217 3740 3543 3805 irrationale,

1956 3834 2059 3889 sub
2095 3833 2342 3889 rationali
2386 3834 2613 3889 mortale
2643 3843 2802 3904 atque
2838 3833 3158 3901 immortale,
3191 3844 3243 3887 et
3272 3832 3372 3887 sub
3398 3848 3544 3888 mor-

1959 3927 2047 3981 tali
2095 3926 2302 3997 species
2342 3925 2593 3995 hominis,
2634 3941 2753 3998 quae
2798 3925 2927 3981 solis
2966 3925 3216 3996 deinceps
3264 3924 3547 3980 individuis

1957 4028 2315 4088 praeponatur.
2353 4018 2405 4072 In
2440 4020 2537 4073 hac
2562 4017 2722 4088 igitur
2749 4017 3037 4085 divisione,
3067 4033 3255 4073 omnes
3286 4018 3369 4072 lue
3398 4017 3547 4073 diffe-

1957 4112 2147 4166 rentiae
2172 4109 2435 4181 spccificre
2462 4120 2851 4181 nuncupantur,
2885 4124 3139 4180 generum
3169 4110 3314 4166 enim
3339 4109 3546 4181 Specie-
3624 4140 3625 4143 η

1958 4190 2183 4273 rumque
2212 4201 2526 4258 differentiae
2556 4211 2718 4257 sunt:
2746 4202 2840 4257 sed
2869 4218 3125 4273 generum
3162 4202 3374 4272 quidem
3406 4202 3544 4257 divi-

1956 4293 2109 4362 sivre,
2152 4294 2452 4364 specierum
2490 4304 2670 4349 autem
2711 4296 3091 4364 constitutivte,
3127 4294 3178 4348 id
3214 4304 3389 4349 autem
3421 4309 3571 4366 pro-y
3666 4286 3671 4291 ’

1957 4386 2111 4441 batur
2141 4384 2240 4441 hoc
2270 4386 2429 4441 modo
2467 4404 2482 4442 :
2514 4386 2861 4441 substantiam
2892 4387 3088 4456 quippe
3114 4386 3359 4455 corporei
3384 4396 3543 4456 atque

1956 4478 2257 4549 incorporei
2302 4478 2615 4535 differentiae
2664 4478 2995 4549 partiuntur,
3042 4493 3361 4548 corporeum
3415 4494 3544 4533 vero

255 4576 445 4631 τεηιῑςιι
475 4590 685 4646 quoque
712 4591 831 4647 quam,
855 4554 1099 4632 dividam
1123 4593 1292 4648 genus
1317 4554 1375 4633 ξι
1405 4554 1694 4636 infamant
1733 4597 1854 4652 5pc-
1874 4554 1936 4645 ID
1961 4573 2179 4626 animati
2226 4581 2386 4642 atque
2428 4572 2724 4637 inanimati,
2758 4571 3051 4627 animatum
3092 4571 3360 4627 sensibilis
3385 4581 3543 4642 atque

255 4666 417 4731 ciem,
450 4667 701 4736 quoniam
733 4666 933 4736 speciei
962 4668 1247 4722 essentiam
1285 4669 1576 4739 complent.
1622 4685 1722 4727 nec
1766 4672 1849 4727 in-

253 4760 555 4816 tensionem
610 4759 903 4828 recipiunt,
960 4774 1059 4816 nec
1102 4760 1492 4818 remissionem.
1542 4762 1673 4831 Qum
1719 4779 1850 4819 vero

252 4852 547 4909 secundum
575 4852 825 4908 accidens
851 4853 1164 4909 differentia:
1199 4863 1323 4909 sunt
1360 4854 1760 4925 inseparabiles,
1794 4865 1852 4911 ut

250 4947 450 5002 simum
498 4960 646 5014 esse,
688 4945 771 5003 vel
818 4946 1151 5018 aquilinum,
1196 4946 1279 5004 vel
1327 4947 1621 5003 coloratum
1672 4934 1873 5018 aliquo,

252 5038 444 5103 modo,
499 5046 553 5094 et
604 5039 961 5097 intensionem
1014 5041 1313 5111 suscipiunt
1355 5050 1409 5096 et
1454 5026 1871 5097 remissionem.

249 5130 400 5187 Fieri
442 5130 581 5187 enim
622 5141 799 5203 p0test
837 5139 893 5187 ut
924 5131 1006 5187 ltic
1044 5133 1205 5202 paulo
1241 5131 1312 5188 sit
1354 5132 1572 5204 nigrior,
1608 5131 1693 5188 hic
1718 5147 1846 5187 vero

248 5218 483 5288 amplius
509 5221 675 5276 simus
701 5222 791 5287 sit,
829 5222 919 5277 ille
961 5222 1138 5277 minus
1178 5223 1404 5292 aquilas.
1438 5226 1507 5278 At
1546 5237 1673 5278 vero
1702 5208 1867 5292 quod

248 5325 361 5366 non
389 5326 576 5367 omnes
595 5312 839 5367 homines
868 5314 1145 5383 aequaliter
1170 5313 1455 5369 rationales
1482 5314 1841 5383 mortalesque

247 5400 381 5465 sint,
408 5417 507 5457 nec
533 5403 855 5471 specierum,
888 5418 986 5460 nec
1029 5403 1447 5461 differentiarum
1481 5411 1664 5459 natura
1692 5404 1839 5459 vide-

248 5496 338 5545 tur
361 5489 669 5552 admittere.
1291 5552 1307 5569 ,

242 5607 246 5611 ·
322 5589 451 5643 Cum
480 5590 636 5662 igitur
668 5598 768 5647 tres
793 5592 985 5662 species
1020 5591 1327 5659 dilferentia:
1362 5593 1764 5657 considerantur,
1800 5605 1845 5648 et

245 5696 364 5736 sum
388 5682 467 5736 Ine
491 5684 697 5754 quidem
716 5684 817 5738 sint
839 5685 1169 5757 separabiles,
1192 5685 1298 5740 illa:
1316 5701 1431 5740 vero
1458 5686 1842 5756 inseparabiles,

246 5784 296 5831 et
335 5792 513 5833 rursus
553 5777 999 5852 inseparabilinm,
1029 5779 1110 5835 lue
1142 5779 1346 5851 quidem
1375 5777 1476 5835 sint
1509 5797 1600 5851 per
1625 5798 1699 5851 se,
1739 5781 1845 5837 illa:
1886 5848 1911 5858 ι

1960 4665 2287 4720 insensibilis
2309 4665 2627 4735 partiuntur.
2657 4664 2729 4719 lta
2756 4665 2916 4735 igitur
2942 4679 3135 4735 genera
3166 4664 3544 4720 substantiales

1956 4757 2273 4814 differentia:
2304 4758 2622 4827 partiuntur,
2648 4768 2701 4814 et
2730 4758 2979 4813 dicuntur
3002 4773 3259 4829 generum
3283 4758 3539 4814 divisivtr.

1959 4852 2030 4906 At
2059 4866 2185 4907 vero
2214 4852 2258 4907 si
2289 4850 2493 4907 eredem
2527 4851 2841 4908 differentia:
2869 4868 2989 4923 quae
3026 4867 3054 4906 a
3090 4868 3286 4924 genere
3316 4858 3541 4909 descen-

1958 4943 2147 5000 dentes
2183 4960 2351 5016 genus
2389 4946 2651 5016 dividunt,
2690 4947 3030 5019 colligantur,
3070 4956 3126 5003 et
3160 4946 3225 5002 ad
3270 4964 3432 5005 ttnum
3475 4947 3541 5000 ad

1956 5038 2098 5109 quod
2126 5050 2347 5109 possunt
2371 5040 2524 5112 jungi
2552 5042 2889 5111 copulentur,
2910 5041 3119 5112 species
3146 5042 3501 5097 informantur
3526 5056 3538 5090 :

1952 5144 2074 5185 nam
2096 5147 2217 5187 cum
2248 5134 2445 5189 animal
2481 5134 2796 5190 substantia:
2827 5136 2897 5190 sit
2926 5135 3135 5205 species
3163 5135 3364 5205 (omnia
3399 5131 3541 5186 enim

1945 5225 2227 5293 superiora
2269 5227 2337 5283 de
2386 5228 2731 5284 inferioribus
2782 5228 3160 5299 prmdieantur,
3197 5239 3250 5284 et
3287 5224 3540 5295 quidquid

1944 5315 2167 5386 inferius
2194 5317 2375 5385 fuerit,
2408 5319 2620 5389 species
2647 5318 2749 5373 erit
2778 5319 2938 5375 etiam
2967 5319 3305 5391 superioris),
3334 5317 3541 5369 anima-

1952 5416 2065 5464 tum
2097 5418 2271 5465 tamen
2303 5419 2462 5481 atque
2492 5410 2748 5466 sensibile
2791 5398 3074 5482 qutesunt
3112 5407 3352 5479 ejusdem
3392 5405 3539 5463 diffe.

1954 5502 2162 5569 rentite,
2193 5502 2237 5557 si
2268 5505 2567 5558 re'erantur
2595 5501 2662 5557 ad
2691 5517 2885 5574 genera
2930 5503 3179 5557 divisiva:
3222 5507 3366 5566 sunt,
3401 5498 3443 5552 si
3476 5497 3540 5553 ad

1954 5596 2210 5664 speciem,
2257 5596 2614 5652 constitutiva:
2663 5598 2795 5652 fiunt
2839 5595 3103 5656 animalis.
3150 5592 3369 5662 ejusque
3411 5592 3540 5646 sub-

1950 5688 2204 5742 stantiam
2232 5686 2461 5743 formant
2489 5695 2651 5757 atque
2678 5686 3028 5747 constituunt,
3060 5681 3539 5753 dimnitionemquu

1947 5778 2304 5848 conformant,
2345 5787 2401 5834 ttt
2439 5780 2507 5834 sit
2534 5777 2733 5833 animal
2764 5775 3061 5832 substantia
3093 5773 3323 5829 animata
3365 5776 3536 5831 sensi-
