4066 6328
530 422 632 479 525
752 427 757 433 ’
798 482 803 487 ,
1752 417 1863 475 ΛΝ.
1904 417 2112 474 MANL.

2202 417 2305 474 EV.
2350 416 2568 477 ΒΟΕΤΙΙ
3710 422 3808 477 124

523 540 667 597 bilis.
712 538 1017 596 Substantia
1057 535 1268 608 quidem
1308 542 1391 591 est
1424 549 1610 607 genus,
1642 533 1931 591 animatum
1978 538 2106 589 vero
2134 535 2188 598 Α
2212 548 2328 604 quae
2353 542 2471 589 sunt
2500 532 2812 589 irrationalis
2853 541 2899 589 el
2943 530 3194 601 mortalis,
3234 525 3666 591 irrationabiliuin
3693 540 3812 593 ani‘

526 640 687 703 atque
715 631 970 688 sensibile
999 629 1235 685 divisiva:
1262 628 1504 700 ejusdem
1544 627 1880 693 differentiae,
1912 626 2115 682 consti-
2224 624 2461 681 inalium.
2513 624 2603 683 Sic
2649 634 2696 679 et
2732 628 2969 697 suprema
3011 625 3311 692 substantia,
3354 641 3469 679 cum
3508 626 3716 680 divisit-zz
3751 632 3811 680 sit

527 724 711 779 tutim
741 722 1006 778 animalis.
1055 721 1181 777 Item
1215 721 1410 776 animal
1441 720 1828 777 rationabilitas
1854 729 2013 790 atque
2042 719 2115 775 ir-
2217 722 2435 775 animati
2465 729 2511 775 et
2540 702 2806 775 inanimali
2832 718 3144 788 differentia,
3174 720 3401 775 sensibili
3428 728 3478 774 et
3502 720 3808 790 insensibili,

526 815 935 879 rationabilitas,
968 814 1265 869 mortalitas
1302 822 1461 884 atque
1503 813 1873 869 immortalitas
1903 812 2110 880 dividit,
2214 813 2441 866 animata
2484 821 2534 866 et
2575 810 2831 866 sensibilis
2860 822 3182 884 congregata:
3206 814 3274 866 ad
3306 812 3659 879 substantiam,
3691 815 3809 870 ani-

527 908 619 966 sed
639 908 819 977 juncta
841 907 1174 961 rationalitas
1199 915 1357 976 atque
1379 906 1697 974 mortalitas,
1723 921 1840 978 qua
1868 905 2112 961 animalis
2162 958 2171 967 ,
2214 907 2319 959 mal
2341 907 2677 975 perfecerunt,
2704 907 2931 959 animata
2956 920 3071 959 vero
3097 914 3143 960 et
3165 904 3475 962 insensibilis
3492 898 3812 980 perfecerunl

525 1001 744 1056 divisiva
775 1000 1005 1063 fuerant,
1044 998 1173 1056 ﬁunt
1216 999 1448 1056 hominis
1477 1001 1859 1063 constitutiva,
1890 1000 2112 1069 ejusque
2213 998 2471 1068 plantam.

523 1090 802 1161 perﬁciunt
843 1084 1101 1161 speciem,
1134 1098 1292 1161 atque
1323 1106 1535 1146 omnem
1573 1091 1688 1160 ejus
1720 1091 1979 1146 rationem
2010 1089 2113 1145 dif-
2286 1090 2569 1147 Geminum
2613 1082 3034 1167 diﬁ‘erentiarum
3086 1104 3240 1146 usum
3283 1103 3403 1147 esse
3449 1090 3806 1160 demonstrat,

523 1181 775 1237 finitionis
806 1182 1097 1237 informant
1121 1188 1280 1252 atque
1310 1182 1615 1254 perﬁciunt.
1645 1183 1714 1238 At
1745 1182 1791 1237 si
1830 1182 2111 1237 irrationa-
2212 1199 2377 1241 unum
2410 1184 2623 1257 quidem
2653 1199 2757 1255 quo
2782 1198 2979 1255 genera
3007 1182 3337 1251 dividuntur,
3364 1182 3524 1239 alium
3547 1199 3655 1255 quo
3684 1199 3811 1254 speq

520 1272 699 1328 bilitas
744 1287 864 1328 cum
918 1274 1243 1329 mortalitate
1289 1273 1562 1345 jungatur,
1606 1272 1697 1330 ﬁet
1742 1289 1910 1349 equus
1949 1284 2109 1343 atque
2212 1278 2321 1333 cies
2348 1277 2699 1331 informantur
2731 1293 2747 1331 :
2781 1290 2954 1346 neque
2983 1273 3128 1331 enim
3159 1274 3261 1330 hoc
3291 1274 3463 1330 solum
3491 1270 3806 1331 differentiis

518 1366 793 1436 quodlibet
821 1367 1038 1430 animal,
1072 1367 1214 1438 quod
1243 1367 1450 1423 ratione
1488 1382 1593 1423 non
1632 1366 1817 1423 utitur.
1857 1366 2110 1421 Rationa-
2213 1368 2434 1434 faciunt,
2468 1377 2527 1425 ut
2571 1385 2761 1441 genera
2810 1367 3131 1439 partiantur,
3168 1368 3514 1425 verumetiam
3556 1368 3680 1424 dum
3709 1384 3803 1441 ge.

517 1458 699 1515 bilitas
723 1475 849 1515 vero
869 1468 1027 1530 atque
1054 1460 1432 1515 immortalitas
1464 1460 1725 1530 cepulata:
1757 1458 2104 1514 substantiam
2210 1477 2340 1518 nera
2378 1462 2649 1529 dividunt,
2686 1462 2896 1533 species
2944 1461 2997 1518 in
3045 1477 3180 1535 quas
3224 1476 3421 1534 genera
3466 1460 3805 1517 deducuntur

518 1554 613 1609 Dei
641 1554 950 1609 informant.
988 1553 1059 1608 lta
1098 1555 1261 1625 igitur
1289 1554 1490 1609 easdem
1522 1553 1839 1609 diﬁ‘erentiae
1869 1568 1986 1608 cum
2018 1568 2104 1608 re-
2209 1552 2468 1609 efﬁciunt.
2498 1556 2679 1624 Itaque
2707 1570 2825 1624 qua:
2850 1554 3035 1612 divisa:
3064 1562 3189 1610 sunt
3212 1569 3494 1625 generum,
3521 1557 3655 1608 ﬁunt
3674 1568 3806 1609 con-

518 1645 761 1701 feruntur
788 1645 855 1700 ad
885 1660 1101 1715 genera,
1133 1644 1372 1701 divisivte
1403 1656 1661 1715 generum
1694 1646 1848 1701 ﬁunt.
1886 1643 1940 1700 Si
1978 1659 2107 1700 vero
2211 1646 2466 1701 stitutivae
2515 1648 2835 1717 specierum,
2880 1647 3150 1719 ltujusque
3194 1644 3322 1702 illud
3360 1646 3663 1717 exemplum
3694 1655 3799 1712 est,

520 1739 587 1793 ad
625 1738 905 1795 inferiores
947 1739 1155 1809 species
1197 1738 1622 1807 considerentur,
1660 1738 1948 1793 informant
1980 1753 2105 1808 spe-
2208 1736 2350 1807 quod
2377 1735 2492 1807 ipse
2520 1737 2747 1807 subjecit
2778 1754 2794 1792 :
2826 1738 3071 1794 animalis
3101 1738 3298 1810 quippe
3326 1737 3643 1793 differentia:
3676 1747 3805 1794 sunt

518 1830 647 1899 cies,
682 1844 974 1901 earumque
1000 1830 1351 1886 substantiam
1382 1829 1727 1885 convenienti
1767 1830 2104 1900 copulatione
2209 1827 2472 1895 divisivte,
2517 1830 2774 1887 rationale
2815 1841 2978 1902 atque
3017 1829 3343 1895 irrationale,
3376 1830 3604 1887 mortale
3640 1840 3801 1902 atque

514 1924 865 1978 constituunt.
916 1922 972 1976 In
1021 1923 1122 1977 hoc
1171 1922 1451 1992 quaesitum
1503 1930 1603 1987 est,
1651 1921 2099 1991 quemadmodum
2133 1918 2533 1990 Bimmortale,
2579 1920 2662 1978 bis
2711 1923 2853 1979 enim
2896 1923 3208 1993 pradicatio
3246 1922 3499 1979 dividitur
3532 1923 3798 1977 animalis.

516 2015 822 2070 dicerentur
850 2028 971 2069 esse
1001 2014 1083 2067 lia:
1113 2012 1431 2069 differentiae
1461 2014 1761 2084 specierum
1800 2012 2102 2068 constituti-
2203 2013 2374 2070 Omne
2403 2015 2544 2070 enim
2574 2014 2717 2086 quod
2749 2014 2948 2072 animal
2974 2025 3078 2085 est,
3111 2025 3203 2071 aut
3232 2015 3516 2083 rationale,
3542 2024 3631 2070 aut
3658 2014 3798 2069 irra-

514 2109 615 2174 Vaa,
646 2121 765 2163 cum
810 2104 1189 2161 irrationabilis
1238 2104 1537 2160 differentia
1584 2113 1745 2174 atque
1789 2102 2103 2159 immortalis
2204 2108 2421 2173 tionale,
2465 2117 2556 2163 aut
2603 2110 2849 2178 mortale,
2904 2117 2997 2166 aut
3049 2110 3349 2166 immortale
3390 2119 3492 2165 est.
3534 2110 3639 2165 Sed
3685 2110 3804 2167 ista:

514 2197 715 2253 nullam
736 2198 972 2265 speciem
994 2195 1274 2251 videantur
1302 2197 1535 2251 efficere.
1564 2194 1968 2264 Respondemus
1996 2191 2104 2264 pri-
2202 2197 2518 2254 differentim
2544 2216 2662 2271 quae
2684 2200 2925 2257 dividunt
2949 2217 3119 2273 genus
3141 2202 3283 2270 quod
3311 2213 3394 2259 est
3422 2202 3643 2271 animal,
3675 2218 3800 2274 spe-

514 2306 659 2350 mum
705 2291 922 2363 quidem
969 2291 1183 2362 placere
1234 2290 1538 2355 Aristoteli,
1593 2289 1833 2346 caelestia
1880 2302 2102 2359 corpora
2205 2288 2303 2345 eiei
2338 2291 2691 2347 substantiam
2734 2292 3067 2364 formamque
3107 2293 3463 2349 constituunt.
3514 2293 3645 2350 Nam
3678 2310 3799 2350 cum

516 2388 746 2440 animata
776 2401 882 2439 non
916 2398 1054 2441 esse.
1087 2384 1239 2452 Quod
1268 2398 1397 2439 vero
1421 2384 1711 2438 animatum
1742 2397 1844 2436 non
1876 2382 1966 2449 sit,
1993 2382 2107 2435 ani-
2204 2382 2274 2437 sit
2303 2380 2465 2437 homo
2510 2385 2729 2449 animal,
2758 2384 2987 2441 efficitur
3015 2385 3261 2442 rationali
3302 2388 3618 2458 mortalique
3652 2386 3804 2443 diffe-

518 2477 624 2533 mal
651 2491 770 2533 esse
800 2492 905 2533 non
938 2478 1137 2548 posse:
1169 2476 1310 2548 quod
1350 2490 1480 2532 vero
1522 2490 1626 2532 non
1654 2477 1724 2531 sit
1754 2475 1975 2542 animal,
2004 2489 2105 2531 nec
2206 2477 2416 2544 rentiis,
2450 2493 2569 2548 qua:
2598 2476 2795 2533 dudum
2828 2479 3028 2534 animal
3076 2478 3466 2550 partiebantur.
3517 2479 3647 2535 Item
3679 2496 3802 2535 cum

515 2570 775 2626 rationale
812 2585 934 2626 esse
977 2570 1219 2637 concedi,
1253 2570 1347 2625 sed
1386 2568 1572 2625 eadem
1619 2584 1845 2639 corpora
1888 2577 2106 2639 propter
2206 2568 2277 2623 sit
2320 2584 2489 2639 equus
2527 2569 2747 2637 animal,
2791 2570 3083 2626 irrationali
3132 2570 3454 2642 mortalique
3484 2556 3819 2627 diﬁ‘erentiis'

516 2663 907 2734 simplicitatem
960 2672 1014 2719 et
1064 2663 1471 2734 perpetuitatem
1520 2673 1695 2718 motus
1742 2670 1942 2716 mterna
1985 2674 2106 2717 esse
2206 2663 2565 2731 constituitur,
2619 2678 2739 2734 qua;
2783 2662 2982 2719 dudum
3034 2664 3231 2719 animal
3279 2664 3607 2720 dividebant.
3660 2664 3806 2720 Deus
3875 2648 3884 2659 ’

516 2758 813 2815 conﬁrmat.
842 2758 935 2813 Est
957 2757 1116 2827 igitur
1138 2757 1335 2829 aliquid
1362 2758 1503 2829 quod
1526 2772 1590 2812 ex
1618 2756 1821 2811 duabus
1847 2755 1932 2811 his
1955 2754 2107 2811 diffe-
2208 2763 2386 2808 autem
2414 2750 2633 2809 cum'sit
2662 2754 2881 2822 animal,
2913 2762 2971 2809 ut
3000 2753 3068 2809 de
3106 2753 3222 2809 sole
3260 2755 3523 2821 dicamus,
3558 2755 3802 2811 rationali

514 2849 703 2906 rentiis
730 2850 1063 2918 conficiatur,
1092 2849 1441 2907 irrationabili
1474 2849 1681 2904 scilicet
1703 2859 1862 2919 atque
1885 2848 2107 2904 immor-
2208 2845 2601 2918 immortalique
2638 2845 2867 2901 efﬁcitur
2897 2847 3233 2914 differentiis,
3266 2863 3399 2919 quas
3437 2847 3673 2902 dividere
3714 2863 3807 2915 ge-

516 2941 628 2997 tali.
658 2943 807 3011 Quod
835 2941 881 2997 si
911 2944 1080 3012 magis
1105 2940 1507 2996 concedendum
1540 2940 1749 2994 Platani
1784 2949 1885 3005 est,
1918 2948 1973 2994 et
1997 2954 2109 2995 cce-
2209 2955 2310 2994 nus
2341 2939 2519 2994 habita
2549 2938 2764 3007 partitio
2797 2940 2955 3009 paulo
2985 2941 3321 2994 monstravit.
3363 2936 3470 2994 Sed
3502 2938 3589 2993 hic
3618 2939 3698 3009 (ut
3724 2937 3809 2994 di-

516 3032 670 3088 lestia
701 3048 927 3104 corpora
955 3034 1187 3087 animata
1216 3048 1337 3088 esse
1372 3032 1718 3093 credendum,
1754 3031 1955 3086 nullum
1984 3031 2105 3100 qui-
2210 3027 2406 3099 ximus)
2439 3028 2606 3084 Deum
2638 3044 2957 3098 corporeum
2999 3028 3223 3101 intelligi
3272 3030 3501 3100 oportet,
3544 3032 3605 3083 ut
3633 3028 3809 3084 solem

516 3126 637 3180 dem
665 3126 749 3180 bis
778 3124 1095 3181 differentiis
1124 3133 1297 3194 petest
1335 3139 1455 3179 esse
1483 3123 1805 3193 subjectum.
1838 3121 2105 3195 Quidquid
2211 3131 2264 3177 et
2284 3118 2476 3176 ccelum
2509 3131 2807 3192 czeteraque
2838 3121 3163 3192 hujusmodi,
3192 3136 3312 3194 qua:
3338 3137 3457 3177 cum
3490 3120 3720 3175 animata
3751 3127 3812 3175 et

516 3218 658 3272 enim
686 3215 1051 3271 irrationabile
1076 3226 1158 3271 est
1183 3215 1509 3285 corruptioni
1552 3212 1835 3286 subjzicens
1862 3223 1916 3271 et
1943 3230 2103 3284 gene—
2213 3213 2547 3269 rationabilia
2570 3210 2720 3268 Plato
2749 3226 2868 3270 esse
2899 3214 3202 3283 conﬁrmat,
3238 3224 3348 3269 tum
3382 3214 3431 3268 in
3464 3213 3685 3268 deorum
3714 3227 3813 3266 vo-

517 3307 731 3374 rationi,
774 3306 1077 3362 immortale
1108 3314 1226 3362 esse
1266 3322 1372 3362 non
1412 3305 1626 3378 poterit.
1676 3306 1780 3362 Sed
1815 3317 1990 3362 tamen
2025 3306 2107 3362 lue
2136 3294 2183 3360 C
2214 3305 2461 3361 cabulum
2508 3304 2838 3376 antiquitatis
2888 3308 3234 3361 veneratione
3273 3304 3564 3376 probantur
3602 3318 3814 3359 assum-

518 3397 852 3463 differentiae,
876 3398 1127 3469 quoniam
1152 3398 1205 3454 in
1228 3396 1657 3455 substantialium
1686 3397 2105 3454 differentiarum
2210 3398 2328 3469 pta,
2361 3398 2429 3453 de
2462 3399 2631 3471 primo
2661 3413 2874 3470 quoque
2902 3414 3131 3470 genere,
3175 3399 3225 3454 id
3271 3408 3354 3455 est
3390 3394 3682 3455 substantia
3712 3398 3806 3452 de-

520 3506 746 3547 numero
774 3501 916 3559 sunt,
950 3493 995 3548 si
1036 3489 1185 3563 jungi
1216 3491 1320 3548 ullo
1367 3492 1526 3548 modo
1567 3492 1889 3562 potuissent,
1921 3508 2103 3549 earum
2211 3500 2577 3547 monstrantur
2605 3492 2788 3547 venire
2824 3490 3159 3548 differentiae.
3190 3491 3323 3547 Nam
3367 3506 3487 3547 cum
3525 3490 3641 3560 ejus
3675 3488 3816 3545 divi-

520 3590 764 3638 naturam
811 3592 864 3639 et
901 3583 1135 3654 speciem
1166 3600 1382 3656 quoque
1420 3595 1639 3655 possent
1666 3586 1879 3641 efﬁcere
1910 3604 1922 3639 :
1952 3595 2110 3657 atque
2212 3578 2339 3637 sivae
2382 3581 2489 3636 sint
2534 3580 2847 3636 differentiae
2886 3582 3179 3636 animatum
3226 3592 3386 3653 atque
3426 3582 3808 3645 inanimatam,

424 3664 431 3669 ’
519 3680 581 3728 ut
623 3673 947 3746 intelligatur
973 3691 1092 3745 quae
1129 3676 1199 3732 sit
1231 3679 1343 3733 ltzrc
1386 3676 1621 3748 potentia
1659 3677 1957 3734 efﬁciendam
1986 3678 2113 3734 sub.
2212 3670 2468 3727 sensibile
2493 3680 2652 3742 atque
2678 3670 3010 3741 insensibile,
3050 3671 3251 3744 junctae
3282 3672 3602 3729 differentia:
3638 3673 3816 3729 sensi-

519 3765 728 3819 stantite
766 3767 1071 3836 specieique
1116 3767 1445 3836 formanda),
1486 3770 1840 3839 respiciamus
1878 3770 1943 3825 ad
1985 3785 2111 3840 pro-
2214 3763 2336 3819 bilis
2364 3773 2526 3834 atque
2571 3764 2791 3818 animati
2837 3763 3077 3819 efﬁciunt
3124 3765 3472 3820 substantiam
3521 3767 3815 3821 animan

519 3855 664 3924 prias
693 3864 852 3937 atque
889 3872 1227 3924 communes,
1258 3874 1377 3927 qua:
1409 3861 1618 3914 tametsi
1648 3858 1957 3930 jungantur,
1992 3876 2115 3930 spe-
2215 3867 2374 3930 atque
2403 3858 2737 3923 sensibilem,
2761 3858 2901 3929 quod
2928 3868 3011 3913 est
3038 3858 3257 3914 animal.
3278 3854 3406 3915 iure
3429 3858 3584 3930 igitur
3610 3857 3814 3913 dictum

520 3947 657 4001 ciem
708 3948 1168 4018 substantiamque
1215 3948 1357 4004 nulla
1404 3950 1613 4005 ratione
1660 3953 2013 4007 constituunt.
2056 3950 2112 4007 Si
2214 3959 2300 4007 est
2328 3967 2445 4021 quae
2477 3948 2716 4004 divisivze
2755 3956 2881 4004 sunt
2917 3947 3234 4004 differentiae
3277 3964 3553 4021 generum,
3595 3946 3817 4005 easdem

520 4038 639 4107 quis
679 4036 819 4091 enim
863 4037 1111 4107 loquatur
1152 4038 1454 4107 ambulans,
1488 4052 1607 4110 quae
1636 4052 1760 4095 sunt
1804 4040 1924 4095 duae
1968 4056 2113 4095 com-
2216 4040 2588 4096 constitutis-as
2617 4047 2736 4095 e5se
2766 4039 3086 4110 specierum.

521 4146 708 4187 manes
738 4129 1073 4199 differentiae,
1108 4131 1193 4186 vel
1240 4132 1285 4187 si
1329 4132 1514 4202 longus
1562 4147 1627 4188 ac
1668 4133 1843 4200 albus,
1877 4148 2003 4187 num
2035 4131 2115 4187 id-
2290 4130 2543 4196 Quoniam
2570 4147 2689 4203 ergo
2716 4132 2901 4185 eadem
2929 4129 3099 4199 aliquo
3127 4132 3277 4185 modo
3307 4122 3526 4202 accepta?
3545 4133 3673 4200 ﬁunt
3693 4124 3833 4187 con;

521 4223 667 4280 circe
697 4223 898 4279 eisdem
944 4224 1060 4295 ejus
1102 4225 1399 4280 substantia
1441 4224 1823 4280 constituitur?
1867 4224 2111 4279 minime.
2214 4223 2479 4289 stitutivw,
2505 4221 2677 4293 aliquo
2707 4224 2857 4279 modo
2879 4224 3049 4279 autem
3079 4223 3326 4290 divisiva’,
3360 4241 3531 4279 omnes
3561 4227 3821 4296 speci/ica:

522 4319 670 4374 (Zur?
698 4318 831 4387 Quia
865 4334 969 4373 non
1015 4317 1255 4386 ejusdem
1305 4327 1430 4374 sunt
1470 4318 1705 4389 generis,
1739 4334 1859 4390 quae
1890 4316 2117 4388 alicujus
2217 4316 2494 4371 dicuntur:
2522 4325 2569 4370 et
2601 4316 2677 4370 his
2707 4317 2925 4371 maxime
2952 4333 3077 4387 Opus
3097 4325 3168 4370 est
3189 4319 3257 4371 ad
3285 4317 3552 4371 divisiones
3573 4335 3821 4391 generum

428 4416 431 4419 ’
524 4418 751 4479 possunt
778 4407 1105 4463 constituere
1150 4416 1204 4462 et
1248 4408 1585 4464 conformare
1617 4408 1967 4465 substantiam
1999 4428 2012 4464 :
2044 4411 2113 4464 ita
2218 4416 2264 4461 et
2293 4407 2618 4483 diﬁinitiones
2659 4400 2958 4477 specierum,
3005 4407 3093 4459 sed
3134 4404 3236 4460 non
3268 4406 3345 4461 his
3379 4423 3495 4478 qua:
3532 4408 3821 4465 secundum

524 4500 688 4572 igitur
711 4503 815 4569 lue,
843 4500 893 4557 id
926 4511 1009 4555 est
1040 4499 1346 4555 irrationale
1372 4508 1529 4570 atque
1560 4498 1877 4567 immortale,
1907 4500 2115 4555 etiamsi
2218 4498 2454 4554 accidens
2482 4497 2864 4570 inseparabiles,
2898 4514 2989 4551 nec
3028 4501 3189 4570 magis
3222 4498 3320 4569 his,
3358 4516 3469 4571 qua:
3505 4509 3624 4554 sunt
3661 4517 3820 4572 sepa-

521 4591 819 4665 subjectum
864 4590 1079 4661 aliquod
1124 4592 1435 4646 substantiae
1481 4590 1679 4645 habere
1721 4606 1824 4645 non
1866 4599 2111 4660 possunt,
2220 4594 2426 4648 rabiles.
2474 4594 2489 4610 '

522 4691 745 4755 possent
792 4692 969 4738 tamen
1026 4681 1379 4737 substantiam
1428 4680 1679 4745 efﬁcere,
1716 4680 1760 4735 si
1806 4680 1912 4734 ullo
1958 4679 2114 4735 modo
2142 4685 2198 4747 1)
2292 4684 2493 4740 Omnes
2536 4694 2569 4738 a
2614 4699 2812 4754 genere
2863 4682 3193 4740 differentias
3241 4684 3593 4756 procedentes
3646 4701 3821 4756 genus

521 4776 673 4847 iungi
727 4773 1074 4846 copularique
1122 4774 1437 4844 potuissent.
1489 4772 1755 4829 Praeterea
1807 4773 2116 4829 irrationale
2223 4778 2399 4849 ipsum
2427 4791 2457 4832 a
2479 4791 2584 4847 quo
2614 4775 2927 4846 procedunt,
2957 4776 3195 4833 dividere
3224 4776 3400 4832 nullus
3431 4776 3657 4849 ignorat.
3683 4778 3821 4847 Ipsa:

520 4869 765 4941 junctum
802 4884 923 4925 cum
961 4867 1173 4923 mortali
1217 4866 1567 4923 substantiam
1601 4866 1817 4936 pecudis
1851 4865 1996 4920 facit.
2025 4866 2118 4921 Est
2164 4867 2172 4876 “
2225 4877 2399 4924 autem
2429 4884 2549 4940 quae
2579 4866 2823 4923 dividunt
2861 4883 3054 4939 genus,
3084 4868 3127 4923 si
3160 4868 3225 4922 ad
3258 4871 3580 4937 posteriores
3608 4872 3820 4937 sreeies

520 4964 686 5037 igitur
729 4963 1069 5020 constitutiva
1109 4963 1434 5018 irrationalis
1475 4948 1797 5017 differentia.
1845 4961 1976 5017 Item
2013 4961 2116 5015 im-
2225 4962 2587 5033 applicentur,
2632 4961 2922 5016 informant
2970 4960 3297 5017 substantias
3346 4976 3567 5033 earum,
3619 4968 3847 5033 easque

523 5059 752 5115 mortale
804 5068 964 5125 atque
1003 5055 1267 5112 rationale
1309 5054 1614 5126 conjuncta,
1648 5053 1887 5109 efﬁciunt
1930 5052 2117 5107 Deum.
2227 5054 2527 5125 perficiunt.
2566 5053 2779 5107 Errdem
2818 5053 2977 5124 igitur
3005 5070 3124 5125 qua:
3154 5066 3275 5110 sunt
3305 5056 3661 5111 constitutiva:
3697 5072 3822 5127 Spe.

525 5152 618 5209 Est
648 5152 809 5223 igitur
838 5148 1142 5206 immortale
1177 5146 1320 5219 quod
1360 5147 1596 5218 speciem
1639 5145 1852 5200 format.
1882 5143 2035 5212 Quod
2073 5147 2116 5199 si
2230 5148 2455 5213 eierum,
2482 5144 2684 5201 eadem
2713 5152 2837 5202 sunt
2864 5145 3159 5204 divisibiles
3197 5164 3472 5219 generum,
3509 5149 3612 5204 alio
3641 5158 3821 5206 tamen

522 5253 665 5319 jnter
699 5256 757 5299 se
793 5242 941 5313 jungi
970 5236 1259 5310 nequeunt,
1297 5253 1401 5293 non
1432 5236 1631 5293 idcirco
1661 5234 1801 5306 quod
1837 5235 1888 5289 in
1920 5242 2113 5288 natura

2231 5242 2391 5299 modo
2412 5251 2573 5312 atque
2600 5240 2704 5295 alio
2732 5240 3108 5310 consideratur,
3140 5251 3198 5297 ut
3226 5242 3271 5297 si
3300 5244 3481 5299 relata:
3509 5244 3721 5314 quidem
3755 5243 3819 5299 ad

522 5350 710 5397 eorum
737 5343 839 5398 est,
870 5333 1181 5403 abrogatur.
2229 5349 2399 5405 genus
2420 5333 2471 5387 in
2495 5329 2814 5386 contrariam
2836 5329 3150 5387 divisionem
3177 5345 3502 5404 spectentur,
3526 5333 3821 5389 divisibiles

596 5430 701 5486 Sed
742 5428 819 5483 ha:
860 5426 1064 5497 quidem
1103 5439 1216 5494 qum
1247 5423 1471 5477 division:
1496 5427 1615 5474 sunt
1644 5417 1946 5488 diﬁ'erentia:
1971 5433 2121 5491 gene-

2230 5428 2443 5498 generis
2475 5423 2841 5481 inveniuntur.
2889 5408 2945 5479 Si
2988 5441 3117 5482 vero
3143 5426 3343 5495 junctm
3374 5425 3571 5496 aliquid
3603 5422 3821 5480 efficere

522 5539 658 5589 runt,
689 5517 1002 5591 complelivw
1031 5518 1163 5588 ﬁunt
1200 5522 1247 5569 el
1285 5513 1618 5569 constitutiva
1643 5511 1966 5583 specierum:
1989 5511 2119 5564 divi-
2227 5527 2485 5590 possunt,
2519 5517 2819 5587 specierum
2869 5518 3224 5573 οοηειίιυιίνιε
3263 5530 3407 5574 sum.
3440 5519 3569 5587 Qua;
3599 5534 3719 5573 cum
3750 5518 3820 5573 ita

520 5615 663 5668 ditur
690 5614 820 5668 enim
850 5610 1043 5666 animal
1070 5606 1313 5664 rationali
1343 5614 1389 5661 et
1412 5603 1704 5659 irrationali
1731 5602 2049 5670 diﬂ‘erentia,
2072 5609 2120 5656 et
2226 5609 2353 5677 sint,
2399 5607 2482 5664 D8
2522 5606 2838 5664 differentia:
2872 5623 2993 5678 quae
3022 5623 3187 5678 genus
3227 5607 3490 5678 dividunt,
3525 5607 3818 5664 rectissime

439 5684 443 5688 ﬁ
525 5724 707 5761 rursus
752 5705 958 5760 mortali
1002 5713 1049 5758 et
1093 5696 1372 5756 immortali
1415 5695 1737 5765 cli/Terentia;
1774 5695 1864 5750 sed
1904 5709 1975 5750 ea:
2005 5706 2121 5763 qua:
2226 5701 2467 5758 divisivae
2498 5701 2882 5757 nominantur:
2916 5715 3033 5770 quae
3064 5702 3206 5756 enim
3235 5703 3819 5771 constituuntspeciem

526 5818 641 5862 sunt
668 5807 934 5861 rationalis
963 5802 1264 5871 lli/ferentia:
1283 5810 1330 5857 et
1358 5800 1609 5869 mortalis,
1635 5797 1973 5856 constitutiva
2000 5802 2120 5851 sunt
2228 5794 2492 5863 speciﬁcae
2537 5802 2929 5863 nuncupantur,
2969 5792 3061 5848 sed
3106 5795 3435 5850 constituunt
3474 5798 3704 5864 Speciem
3739 5796 3819 5853 Iun

529 5908 766 5975 hominis,
804 5901 1076 5960 rationalis
1106 5917 1222 5967 vero
1247 5913 1299 5957 et
1321 5898 1649 5970 immortalis,
1690 5898 1783 5952 Dei
1815 5912 1835 5953 :
1871 5895 1979 5951 illa
2004 5910 2121 5951 vero
2156 5962 2192 5975 Α
2230 5888 2547 5947 differentias
2574 5902 2694 5958 qua
2722 5895 2846 5943 sunt
2884 5887 3097 5957 generis
3130 5888 3389 5946 divisivae.
3422 5890 3583 5963 Igitur
3617 5889 3816 5946 eadem

2153 5962 2193 5983 eis
