4106 6336
288 383 395 439 125

1211 372 1278 430 uv
1317 374 1767 433 PORPHYRIUM
1806 364 2456 437 COMMENTARIORUM
2498 381 2637 436 Lm;
2668 380 2751 442 tv.

3486 384 3587 440 126

284 518 407 577 qua:
448 509 571 557 sunt
620 494 923 568 specierum
964 490 1346 554 conStitutivm,
1378 491 1644 561 specificre
1677 507 1888 548 nuncu-
1915 488 1975 553 Α
2001 496 2142 565 quod
2179 498 2257 563 tit,
2290 499 2450 553 habet
2480 495 2679 568 aliquid
2711 495 2854 554 unde
2900 496 3037 554 effici
3065 501 3246 573 possit
3274 509 3432 572 atque
3470 501 3579 558 for-

282 603 518 667 pamur;
549 604 715 660 quare
742 602 863 658 quae
883 600 1137 657 generum
1166 583 1424 647 divisivm,
1451 595 1503 640 et
1524 602 1643 654 quae
1674 586 1881 658 specie-

280 703 402 744 rum
442 681 802 742 coustitutivae
838 685 982 746 sunt,
1023 677 1144 747 jure
1184 676 1444 746 specifiea‘.
1485 686 1874 746 nuncupantur.

278 782 392 838 Has
420 779 579 850 igitur
606 777 658 833 in
697 773 962 830 divisione
996 770 1211 842 generis
1238 779 1292 826 et
1322 768 1375 825 in
1406 769 1721 826 diffinitione
1750 786 1875 842 spe-

276 875 484 931 cierum
524 868 693 939 accipi
732 876 1016 939 oportere,
1065 864 1405 921 manifestum
1450 872 1532 920 est
1572 882 1584 919 :
1623 866 1876 936 quoniam

276 968 423 1023 enim
462 965 704 1021 divisivat
750 969 897 1028 sunt,
949 975 1044 1029 per
1081 974 1175 1016 eas
1215 958 1377 1014 dividi
1417 968 1626 1031 oportet
1660 975 1873 1031 genus:

274 1060 526 1133 quoniam
551 1066 729 1113 autem
751 1054 1136 1121 constitutivae,
1168 1069 1261 1120 per
1281 1068 1374 1110 eas
1398 1054 1607 1125 species
1631 1053 1872 1122 difﬁniri,

273 1155 471 1227 quibus
484 1152 628 1209 enim
652 1149 1072 1222 unumquodque
1095 1149 1455 1219 constituitur,
1481 1148 1689 1205 hisdem
1710 1150 1873 1205 etiam

272 1245 556 1302 diffinitur.
588 1240 948 1299 Constituitur
974 1247 1153 1295 autem
1185 1240 1392 1310 species
1424 1254 1518 1309 per
1544 1238 1872 1297 dilierentias

269 1340 485 1411 generis
508 1336 787 1402 divisivas,
816 1347 940 1405 qua:
969 1340 1093 1387 sunt
1118 1330 1409 1402 speciflccc.
1441 1330 1569 1386 Jure
1598 1332 1757 1403 igitur
1788 1332 1871 1387 ha:

267 1434 535 1504 specilica:
563 1430 716 1497 solm,
752 1437 808 1485 et
849 1428 904 1484 in
943 1427 1158 1497 generis
1189 1426 1472 1491 divisione,
1500 1434 1555 1482 et
1584 1428 1634 1481 in
1666 1428 1870 1498 Specie-

267 1536 387 1583 rum
428 1522 749 1580 dilfinitione
797 1527 1101 1591 ponuntur,
1143 1527 1198 1573 et
1242 1517 1311 1574 de
1348 1516 1614 1587 specilicis
1652 1518 1869 1589 quidem

266 1616 390 1673 haec
429 1617 569 1672 ratio
599 1623 700 1669 est.
733 1612 813 1668 De
840 1611 922 1666 his
949 1618 1126 1666 autem
1154 1625 1274 1680 qua:
1298 1608 1379 1664 vel
1411 1610 1750 1676 separabilia,
1788 1610 1868 1666 vel

267 1707 651 1777 inseparabilia
695 1704 971 1760 continent
1008 1701 1326 1764 accidentia,
1358 1700 1492 1756 nihil
1521 1702 1573 1755 in
1609 1716 1864 1771 generum

265 1800 555 1863 divisione,
580 1797 662 1852 vel
685 1796 739 1851 in
760 1794 1079 1851 diffinitione
1098 1792 1399 1862 specierum
1424 1793 1617 1860 poterit
1637 1793 1862 1862 assumi,

1988 590 2146 645 mari.
2177 590 2307 657 Qua:
2338 589 2732 659 propositiones
2759 589 2916 644 talem
2954 590 3155 647 faciunt
3182 593 3529 663 qumstionem
3561 614 3575 649 :

1986 681 2190 738 dictum
2214 691 2296 736 est
2319 679 2673 735 differentiam
2699 695 2820 737 esse
2840 681 2890 735 id
2914 698 3017 752 qua
3041 683 3158 753 plus
3186 684 3344 741 habet
3369 688 3578 755 species

1984 788 2262 845 agenere.
2307 773 2442 841 Quid
2482 773 2681 845 igitur?
2726 761 3083 831 dicendumne
3127 788 3228 843 est,
3279 795 3446 850 genus
3485 762 3577 837 eas

1983 861 2333 930 differentias,
2365 879 2497 935 quas
2523 863 2685 920 habet
2714 866 2923 935 species
2949 882 3054 921 non
3088 867 3284 924 habere
3310 888 3320 921 :
3349 881 3400 925 et
3436 874 3575 928 ιιιιςέε

1981 957 2206 1013 habebit
2243 958 2454 1027 species
2498 956 2827 1012 differentias
2867 974 2999 1028 quas
3040 974 3208 1030 genus
3246 976 3349 1015 non
3385 962 3576 1017 habet?

1980 1052 2086 1109 nisi
2116 1052 2258 1108 enim
2286 1050 2357 1107 sit
2386 1051 2526 1107 unde
2551 1053 2784 1118 veniant,
2809 1051 3122 1108 differentias
3146 1054 3196 1107 in
3221 1055 3456 1123 speciem
3488 1072 3574 1111 ιε-

1979 1146 2098 1200 nire
2126 1161 2234 1199 non
2262 1152 2485 1214 possunt
2512 1161 2524 1197 :
2553 1143 2694 1213 quod
2724 1143 2768 1199 si
2792 1159 2957 1213 genus
2988 1142 3086 1198 has
3112 1144 3440 1202 differentias
3467 1144 3570 1202 non

1979 1236 2162 1304 habet,
2194 1237 2399 1307 species
2424 1246 2601 1291 autem
2631 1235 2815 1302 habet,
2842 1236 3091 1292 videntur
3118 1254 3181 1293 ex
3214 1239 3381 1294 nihilo
3413 1241 3570 1295 difTe~

1975 1328 2165 1383 rentia;
2192 1328 2245 1382 in
2273 1326 2505 1397 speciem
2539 1327 2874 1392 convenisse,
2908 1337 2961 1382 et
2993 1329 3186 1382 factum
3216 1344 3333 1384 esse
3369 1324 3568 1401 aliquid

1975 1433 2043 1472 ex
2071 1418 2261 1484 nihilo,
2295 1415 2435 1487 quod
2465 1417 2577 1471 ﬁeri
2607 1434 2712 1473 non
2745 1433 2902 1489 posse
2932 1420 3177 1489 superius
3207 1408 3341 1474 dicta
3370 1438 3565 1493 propo-

1973 1511 2099 1566 sitio
2139 1512 2505 1566 monstravit:
2540 1511 2679 1583 quod
2721 1512 2763 1566 si
2805 1510 3137 1567 differentias
3175 1528 3363 1569 omnes
3404 1532 3567 1585 genus

1974 1604 2236 1667 continet,
2262 1603 2579 1658 differentia:
2610 1614 2787 1659 autem
2818 1605 2869 1658 in
2896 1607 3163 1661 contraria
3184 1607 3567 1680 dissolvuntur,

1973 1690 2066 1750 fiet
2090 1704 2145 1750 ut
2171 1695 2639 1751 rationabilitatem
2671 1707 2829 1767 atque
2859 1697 3398 1766 irrationabilitatem,
3428 1716 3568 1757 mor=

1973 1777 2231 1844 talitatem
2265 1800 2425 1859 atque
2457 1788 2919 1845 immortalitatem
2943 1791 3099 1845 simul
3130 1790 3325 1849 habeat
3347 1794 3567 1863 animal,

265 1876 472 1950 idcirco
509 1890 762 1961 quoniam
800 1902 922 1959 qua:
972 1885 1271 1942 divisibiles
1318 1893 1465 1952 sunt,
1507 1884 1862 1940 substantiam
1896 1868 1944 1940 Β
1972 1880 2115 1950 quod
2161 1891 2243 1934 est
2287 1897 2482 1951 genus,
2524 1893 2578 1938 et
2620 1883 2861 1938 eruntin
2892 1884 3081 1939 eodem
3118 1885 3566 1957 bina'contraria,

265 1982 483 2055 generis
513 1979 763 2037 dividunt
788 1996 803 2033 :
826 1986 887 2033 et
911 1992 1030 2049 quae
1055 1977 1414 2032 constitutivm
1440 1985 1586 2043 sunt,
1619 1970 1868 2031 substan-

268 2077 394 2131 tiam
416 2074 616 2146 speciei
643 2071 979 2128 constitunnt
1001 2088 1013 2125 :
1040 2085 1160 2140 quae
1182 2084 1315 2124 vero
1335 2077 1462 2125 sunt
1488 2068 1867 2138 inseparabilia

266 2168 598 2234 accidentia,
647 2165 846 2221 nullius
892 2162 1095 2233 speciei
1138 2161 1495 2218 substantiam
1537 2161 1865 2225 informant;

267 2262 411 2319 unde
438 2262 496 2316 fit
522 2270 582 2316 ut
611 2260 779 2315 multo
805 2258 986 2314 minus
1011 2254 1329 2328 separabilia
1359 2255 1651 2313 accidentia
1682 2257 1747 2311 ad
1779 2258 1866 2312 di-

267 2356 528 2410 visionem
557 2366 814 2424 generum
841 2350 929 2406 vel
953 2349 1252 2418 specierum
1281 2347 1633 2403 diffinitiones
1655 2363 1866 2404 accom-

268 2447 574 2505 modentur.
600 2443 832 2499 Omnino
858 2440 1003 2498 enim
1029 2440 1316 2495 dissimiles
1346 2448 1468 2494 sunt
1501 2439 1866 2496 substantiali-

267 2537 371 2593 bus
418 2534 758 2592 differentiis.
802 2532 934 2589 Nam
984 2531 1361 2602 inseparabilia
1415 2532 1711 2587 accidentia
1750 2531 1868 2601 hoc

269 2632 499 2685 fortasse
534 2628 738 2683 habent
773 2639 1059 2682 commune
1103 2640 1224 2680 cum
1269 2624 1574 2695 speciticis,
1633 2625 1736 2681 hoc
1785 2634 1868 2681 est

270 2735 393 2777 cum
416 2718 857 2777 substantialibus
879 2717 1212 2781 diti'erentiis,
1240 2715 1380 2787 quod
1401 2706 1550 2786 aeque
1568 2716 1864 2787 subjectum

270 2829 377 2867 non
403 2812 730 2883 relinquunt,
754 2811 891 2866 sicut
924 2824 1021 2865 nec
1042 2808 1306 2880 specificae
1337 2808 1674 2866 differentiae.
1704 2810 1867 2880 Sepa-

268 2903 457 2960 rabilia
494 2912 671 2958 autem
708 2901 1023 2970 accidentia,
1069 2915 1167 2956 nec
1208 2899 1309 2955 hoc
1336 2900 1553 2971 quidem
1590 2903 1868 2972 :separari

267 2998 414 3054 enim
447 3006 672 3067 possunt
702 3012 810 3052 non
835 3005 1037 3052 tantum
1072 3002 1334 3066 potestate
1354 3004 1408 3051 et
1430 2994 1622 3050 mentis
1646 2986 1866 3050 ratioci-

267 3091 514 3159 natione,
559 3090 653 3145 sed
698 3101 848 3144 actus
886 3088 1047 3145 etiam
1094 3088 1398 3158 praesentia,
1440 3096 1495 3142 ct
1530 3088 1749 3143 omnino
1777 3103 1870 3144 ve-

265 3183 454 3240 niendi
484 3183 566 3239 vel
594 3182 903 3240 discedendi
943 3182 1291 3238 varietatibus
1321 3191 1715 3252 permutantur.
1776 3194 1813 3245 is

1977 1973 2114 2042 quod
2160 1972 2271 2027 fieri
2314 1988 2418 2027 non
2459 1983 2653 2042 potest.
2699 1973 2883 2045 Neque
2912 1976 3055 2031 enim
3094 1976 3144 2030 in
3177 1992 3403 2048 corpore.
3437 1972 3567 2037 ευΙεί

1974 2079 2093 2120 εεεε
2124 2064 2223 2119 alia
2253 2080 2375 2135 pars
2402 2066 2541 2131 alba,
2574 2066 2677 2120 alia
2704 2066 2876 2138 nigra,
2912 2066 2983 2122 ita
3015 2068 3131 2124 fleri
3170 2069 3225 2124 in
3252 2086 3447 2139 genere
3473 2087 3567 2141 po-

1970 2164 2081 2212 test
2130 2174 2144 2212 :
2184 2173 2351 2227 genus
2392 2159 2534 2213 enim
2569 2174 2663 2229 per
2701 2174 2758 2213 se
2799 2159 3197 2216 consideratum
3244 2174 3424 2234 partes
3466 2171 3568 2223 no'n

1973 2247 2153 2313 habet,
2186 2249 2288 2303 nisi
2319 2247 2384 2304 ad
2424 2250 2633 2315 species
2663 2251 2929 2306 referatur
2958 2270 2968 2304 :
2996 2253 3249 2325 quidquid
3289 2255 3447 2325 igitur
3477 2255 3567 2311 ha~

1974 2341 2081 2406 bet,
2124 2356 2228 2395 non
2265 2340 2526 2411 partibus,
2562 2341 2803 2405 sed,tota
2848 2342 2929 2398 sui
2970 2345 3338 2416 magnitudine
3366 2348 3568 2404 retine-

1972 2430 2067 2486 bit.
2096 2430 2205 2486 Nec
2234 2430 2610 2513 illud‘dubium
2640 2442 2723 2489 est
2752 2432 2879 2505 quin
2907 2434 2961 2489 iu
2986 2436 3234 2504 partibus
3264 2439 3376 2492 suis
3402 2436 3568 2510 genus

1973 2525 2168 2582 habeat
2209 2526 2641 2597 contrarietates,
2694 2536 2751 2582 ut
2800 2528 2998 2584 animal
3050 2528 3102 2583 in
3150 2529 3368 2586 homine
3411 2529 3568 2593 habet

1971 2620 2467 2689 rationabilitatem,
2500 2621 2555 2677 in
2589 2621 2725 2677 bove
2754 2637 2884 2676 vero
2912 2624 3263 2678 contrarium.
3294 2616 3397 2680 Sed
3430 2641 3569 2685 nunc

1972 2728 2078 2767 non
2125 2712 2192 2768 de
2226 2712 2510 2785 Specie-bus
2542 2713 2834 2783 qumrimus
2864 2713 2931 2768 de
2970 2713 3162 2786 quibus
3192 2724 3403 2771 conStat
3431 2717 3569 2787 quod

1971 2804 2172 2861 dictum
2204 2814 2308 2872 est,
2346 2804 2440 2860 sed
2480 2821 2546 2861 an
2582 2805 2758 2876 ipsum
2791 2820 2888 2876 per
2916 2822 2975 2862 se
3003 2820 3170 2879 genus
3200 2824 3289 2863 eas
3317 2809 3569 2865 differen-

1971 2899 2093 2965 tias,
2124 2914 2256 2970 quas
2286 2897 2491 2955 habent
2506 2898 2735 2970 species,
2772 2898 2971 2955 habere
3010 2900 3199 2970 possit,
3232 2909 3390 2971 atque
3432 2904 3567 2960 intra

1971 3008 2079 3047 suae
2101 2993 2415 3048 substantiae
2444 2993 2702 3048 ambitum
2725 2991 3003 3048 continere
3028 3011 3040 3046 :
3073 2991 3211 3048 hanc
3239 2993 3396 3063 igitur
3424 3010 3569 3065 qua}—

1971 3084 2199 3140 stionem
2233 3083 2325 3140 tali
2359 3083 2570 3141 ratione
2609 3081 2989 3140 dissolvimus:
3020 3084 3203 3140 Potest
3228 3085 3487 3157 quidlibet
3517 3086 3567 3141 id

1972 3176 2114 3248 quod
2146 3188 2226 3233 est
2257 3192 2364 3233 non
2388 3192 2527 3247 esse,
2561 3177 2655 3234 sed
2685 3178 2792 3234 alio
2820 3176 2982 3233 modo
3009 3183 3151 3247 εεεε,
3183 3179 3287 3239 alio
3311 3195 3437 3234 vero
3465 3196 3567 3238 non

342 3277 485 3346 Quas
504 3278 657 3331 etiam
680 3277 1074 3330 determinautes
1098 3275 1313 3329 dicunt:
1342 3274 1645 3343 Di/ferentia
1667 3284 1738 3330 est
1760 3291 1861 3344 qua
1892 3269 1940 3333 C
1969 3288 2110 3340 esse,
2135 3282 2194 3328 ut
2220 3273 2469 3329 Socrates
2496 3288 2617 3329 cum
2650 3281 2779 3341 stat,
2809 3283 2864 3328 et
2892 3271 3043 3328 sedet
3069 3282 3122 3327 et
3142 3287 3246 3327 non
3280 3273 3452 3343 sedet,
3485 3289 3568 3329 εε‹

264 3373 489 3429 abundat
533 3372 723 3443 species
749 3387 780 3424 a
808 3386 1006 3442 genere.
1048 3368 1221 3424 Homo
1250 3370 1384 3422 enim
1414 3368 1475 3421 ab
1507 3368 1720 3422 animali
1746 3370 1861 3439 plus

266 3467 415 3522 habet
454 3464 708 3518 rationale
751 3472 797 3516 et
843 3457 1059 3515 mortale
1085 3476 1104 3514 :
1130 3459 1324 3514 animal
1352 3459 1485 3513 enim
1527 3460 1694 3531 ipsum
1732 3458 1864 3514 nihil

266 3560 453 3615 horum
476 3567 569 3625 est,
600 3574 718 3611 nam
746 3556 878 3610 unde
907 3554 1148 3609 haberent
1179 3553 1365 3624 species
1393 3551 1749 3620 di/ferentias?
1774 3569 1864 3606 nec

264 3656 401 3711 enim
428 3669 600 3708 omnes
627 3651 892 3721 oppositas
922 3648 1092 3717 habet,
1130 3664 1349 3718 namque
1374 3647 1511 3701 idem
1538 3644 1691 3702 simul
1713 3644 1866 3701 habe-

265 3747 337 3802 bit
375 3746 658 3817 appositas,
701 3740 793 3797 sed
841 3740 1272 3813 quemadmodum
1332 3740 1573 3808 probant,
1625 3746 1867 3810 potestate

263 3841 469 3911 quidem
512 3839 658 3893 habet
695 3853 867 3891 omnes
897 3834 1212 3904 di/ferentias
1242 3832 1329 3887 sub
1359 3850 1434 3902 se,
1461 3841 1579 3886 actu
1608 3850 1723 3888 vero
1748 3833 1868 3888 nul-

263 3933 389 3989 lam.
413 3931 480 3987 Et
502 3932 575 3985 sic
597 3945 689 3985 nec
714 3946 780 3985 ea:
804 3928 884 3982 his
914 3945 1029 3999 qua:
1055 3944 1157 3982 non
1185 3935 1325 3994 sunt,
1357 3926 1554 3999 aliquid
1579 3927 1658 3996 ﬁt,
1690 3942 1782 3981 nec
1809 3928 1863 3978 in

261 4026 442 4080 eodem
470 4024 625 4079 simul
653 4022 888 4095 opposita
911 4031 1082 4077 erunt.

337 4116 633 4188 Specificas
656 4116 992 4171 differentias
1016 4114 1338 4169 difﬁnitione
1361 4111 1653 4178 concludit.
1681 4112 1868 4169 dicens

260 4209 646 4269 substantiales
667 4208 1000 4263 differentias
1024 4222 1054 4261 a
1082 4206 1402 4277 quibusdam
1427 4205 1519 4261 tali
1545 4205 1860 4277 descriptio-

210 4302 223 4315 '
259 4304 349 4361 nis
372 4301 580 4359 ratione
601 4300 836 4356 dilfiniri.
862 4299 1174 4355 Differentia
1198 4298 1441 4369 specifica
1466 4307 1551 4352 est
1572 4314 1677 4369 qua
1694 4299 1861 4353 abun-

258 4398 357 4453 dat
392 4396 603 4466 species
631 4411 658 4449 a
690 4409 907 4465 genere,
940 4393 998 4448 fit
1022 4393 1166 4450 enim
1204 4407 1373 4464 genus
1401 4392 1621 4458 animal,
1650 4391 1856 4462 species

260 4492 460 4548 homo:
482 4489 643 4545 habet
662 4489 820 4559 igitur
840 4489 998 4544 homo
1020 4488 1348 4544 dill‘erentias
1366 4488 1417 4543 in
1433 4502 1516 4553 se,
1539 4502 1658 4557 qua:
1679 4487 1851 4557 ipsum

259 4572 596 4639 constituunt
643 4581 908 4636 rationale
955 4590 1113 4652 atque
1158 4579 1385 4636 mortale
1426 4596 1440 4632 :
1482 4579 1660 4636 omnis
1706 4579 1846 4634 enim
1886 4636 1899 4652 _,

1967 3362 2058 3421 det
2081 3364 2292 3436 quidem
2319 3372 2603 3436 potestate,
2632 3372 2754 3421 actu
2779 3380 2910 3420 vero
2937 3381 3041 3419 non
3069 3365 3237 3421 sedet.
3263 3366 3395 3420 Cum
3422 3362 3563 3422 enim

1968 3469 2095 3525 stat,
2129 3458 2471 3515 manifestum
2508 3467 2591 3513 est
2620 3474 2742 3513 eum
2782 3472 2888 3513 nou
2933 3472 3092 3529 agere
3124 3458 3443 3526 sessionem,
3477 3458 3567 3517 sed

1968 3553 2145 3624 potius
2190 3552 2366 3607 standi
2415 3549 2864 3606 immobilitatem.
2914 3551 3018 3607 Sed
3066 3566 3251 3607 rursus
3290 3567 3407 3606 cum
3440 3561 3565 3620 Stat,

1967 3645 2141 3710 sedet,
2173 3660 2280 3700 non
2320 3643 2446 3714 quia
2482 3642 2594 3713 jam
2638 3645 2813 3710 sedet,
2843 3642 2935 3697 sed
2965 3642 3086 3713 quia
3124 3643 3312 3697 sedere
3343 3652 3515 3713 potest
3550 3661 3565 3701 :

1970 3738 2045 3792 ita
2082 3735 2451 3807 actuquidem
2494 3750 2601 3791 non
2639 3735 2813 3801 sedet,
2847 3744 3110 3807 potestate
3137 3750 3267 3790 vero
3298 3734 3468 3791 sedet.
3502 3736 3565 3797 Et

1971 3846 2131 3887 ovum
2163 3829 2363 3885 animal
2388 3838 2492 3900 est,
2516 3839 2570 3886 et
2595 3844 2701 3884 non
2731 3839 2812 3885 est
2840 3828 3036 3885 animal
3063 3846 3075 3884 :
3099 3844 3203 3884 non
3235 3839 3317 3885 est
3346 3828 3563 3900 quidem

1971 3923 2169 3979 animal
2196 3930 2337 3992 actu,
2366 3922 2541 3978 adhuc
2574 3938 2801 3993 namque
2831 3938 2988 3977 ovum
3021 3929 3126 3990 cst,
3153 3937 3252 3978 nec
3281 3922 3333 3975 in
3362 3922 3565 3977 anima-

1970 4016 2037 4074 lis
2069 4021 2331 4089 processit
2352 4018 2790 4083 vivilicationem,
2819 4016 2912 4073 sed
2943 4016 3080 4071 idem
3112 4024 3195 4071 est
3223 4024 3425 4071 tantum
3452 4017 3564 4071 ani-

1973 4110 2078 4165 mal
2113 4118 2377 4181 potestate
2402 4126 2417 4165 :
2443 4112 2564 4181 quia
2587 4118 2761 4180 potest
2791 4109 2927 4164 efﬁci
2950 4107 3167 4173 animal,
3192 4124 3310 4163 cum
3337 4108 3563 4164 formam

1971 4220 2035 4258 ac
2064 4205 2298 4274 speciem
2345 4202 2721 4258 vivificationis
2771 4203 3058 4273 acceperit.
3098 4200 3170 4255 Ita
3203 4199 3363 4272 igitur
3398 4217 3565 4272 genus

1969 4294 2127 4349 habet
2159 4296 2256 4349 has
2292 4294 2622 4349 differentias
2661 4305 2716 4349 et
2754 4309 2861 4348 non
2905 4292 3082 4360 habet,
3115 4308 3218 4347 non
3254 4292 3415 4349 habet
3443 4294 3563 4365 qui-

1962 4389 2087 4445 dem
2120 4399 2263 4458 actu,
2291 4389 2384 4446 sed
2418 4389 2577 4445 habet
2606 4399 2892 4460 potestate.
2921 4389 2977 4446 Si
3005 4391 3147 4445 enim
3180 4389 3352 4461 ipsuin
3385 4405 3478 4460 per
3503 4406 3563 4447 se

1957 4482 2160 4537 animal
2183 4481 2576 4546 consideretur,
2603 4480 2930 4535 differentias
2956 4497 3060 4536 non
3092 4481 3272 4535 habet.
3299 4481 3353 4537 Si
3379 4492 3559 4539 autem

1960 4574 2027 4631 ad
2059 4574 2264 4645 species
2294 4574 2601 4639 reducatur,
2634 4573 2830 4629 habere
2858 4583 3055 4644 potest,
3084 4574 3175 4630 sed
3204 4572 3555 4652 distributim,

257 4672 471 4743 species
493 4672 866 4729 constitutivas
895 4648 1085 4728 form-re
1113 4687 1224 4728 sum
1251 4672 1583 4726 differentias
1607 4673 1659 4725 in
1686 4687 1743 4727 se
1771 4687 1857 4728 re-
1886 4648 1941 4710 D
1963 4677 2125 4739 atque
2155 4678 2213 4722 ut
2237 4670 2353 4737 ejus
2378 4667 2660 4737 speciebus
2684 4667 2970 4737 separatim
3006 4666 3134 4722 nihil
3158 4670 3322 4736 possit
3346 4648 3562 4726 evenire

260 4768 415 4833 tinet,
442 4780 543 4823 nec
566 4774 764 4838 praeter
792 4766 911 4822 illas
940 4781 1061 4822 esse
1089 4775 1286 4836 potest,
1310 4780 1536 4835 quarum
1560 4780 1855 4836 congrega~

259 4859 407 4915 tione
453 4858 691 4929 perfecta
736 4868 839 4913 est.
891 4859 949 4914 Si
996 4858 1159 4927 igitur
1195 4859 1391 4913 animal
1430 4857 1643 4928 quidem
1679 4858 1853 4913 solum

255 4965 428 5022 genus
461 4958 564 5017 est,
608 4950 773 5005 homo
799 4965 929 5006 vero
964 4958 1045 5005 est
1078 4949 1277 5004 animal
1304 4948 1566 5004 rationale
1605 4949 1849 5015 mortale,

256 5042 381 5113 plus
426 5042 588 5099 habet
630 5045 794 5100 homo
829 5043 897 5099 ab
938 5044 1153 5097 animali
1194 5042 1245 5097 id
1290 5042 1429 5112 quod
1470 5043 1732 5098 rationale
1771 5051 1854 5099 est

257 5143 421 5203 atque
445 5134 685 5191 mortale.
719 5136 836 5203 Quo
878 5135 1039 5206 igitur
1080 5134 1315 5190 abundat
1346 5136 1552 5203 species
1580 5150 1606 5186 a
1635 5151 1851 5206 genere,

258 5225 314 5280 id
342 5234 427 5281 est
450 5241 553 5295 quo
574 5237 791 5296 superat
809 5242 999 5298 genus,
1024 5236 1078 5283 et
1098 5242 1204 5298 quo
1236 5229 1353 5297 plus
1384 5226 1543 5282 habet
1573 5243 1602 5282 a
1627 5243 1846 5297 genere,

256 5317 361 5373 hoc
411 5329 492 5374 est
539 5320 790 5389 speciﬁca
840 5319 1174 5375 dili‘erentia?
1217 5319 1321 5375 Sed
1371 5318 1496 5375 huic
1542 5320 1847 5375 diffinitioni

254 5411 499 5483 quaedam
546 5416 772 5483 quaestio
810 5413 1022 5469 videtur
1066 5428 1371 5481 occurrere,
1409 5413 1613 5469 habens
1659 5415 1854 5482 princi-

256 5506 402 5574 pium
434 5521 499 5560 ex
531 5506 741 5562 duabus
787 5506 1239 5577 propositionibus
1284 5522 1380 5577 per
1428 5522 1485 5561 se
1532 5508 1670 5562 notis
1706 5525 1718 5561 :
1752 5524 1853 5563 uua

252 5596 495 5667 quidem,
524 5598 776 5669 quoniam
820 5603 926 5653 duo
974 5599 1240 5653 contraria
1280 5599 1332 5653 in
1372 5597 1563 5653 eodem
1597 5612 1715 5654 esse
1747 5615 1852 5654 non

253 5698 481 5759 possunt
509 5707 522 5741 :
547 5690 652 5745 alia
682 5704 829 5760 vero,
863 5691 1114 5763 quoniam
1145 5705 1208 5746 ex
1252 5690 1420 5744 nihilo
1449 5689 1583 5745 nihil
1611 5690 1685 5745 fit.
1719 5691 1852 5747 Nam

180 5759 189 5777 ί
254 5796 429 5850 neque
458 5782 732 5837 contraria
762 5759 1019 5851 pati—sese
1048 5788 1290 5851 possunt,
1321 5789 1374 5835 ut
1405 5781 1457 5833 in
1483 5781 1670 5834 eodem
1696 5781 1854 5837 simul

253 5873 382 5940 sint,
428 5887 531 5929 nec
575 5873 775 5944 aliquid
818 5889 886 5944 et;
926 5874 1092 5930 nihilo
1124 5872 1234 5929 fieri
1276 5880 1451 5943 potest
1482 5890 1495 5928 :
1523 5887 1682 5928 omne
1710 5873 1851 5927 enim

1964 4762 2313 4816 contrarium.
2364 4760 2434 4814 Ita
2478 4759 2849 4830 ipsumgenus
2894 4760 2937 4813 si
2982 4774 3074 4830 per
3104 4774 3162 4814 se
3193 4760 3561 4816 consideretur

1962 4854 2277 4909 dill‘erentiis
2304 4862 2452 4907 caret
2485 4870 2498 4905 :
2534 4852 2674 4922 quod
2712 4852 2755 4906 si
2800 4851 2866 4907 ad
2910 4852 3117 4922 species
3160 4852 3420 4908 referatur
3465 4869 3560 4923 per

1962 4945 2272 4999 distributas
2311 4944 2715 5014 species,'velut
2763 4944 2813 4997 in
2858 4943 3098 5012 partibus
3138 4942 3247 4998 suis
3289 4947 3559 4999 contraria

1964 5036 2232 5100 retinebit,
2261 5046 2420 5106 atque
2448 5036 2521 5089 ita
2559 5051 2656 5090 nec
2700 5050 2763 5090 ex
2809 5036 2975 5090 nihilo
3004 5047 3261 5090 venerunt
3295 5037 3553 5091 differen-

1963 5127 2049 5183 tiae
2075 5144 2206 5198 quas
2234 5143 2401 5199 genus
2428 5127 2624 5181 retinet
2652 5137 2936 5199 poteState,
2963 5142 3059 5181 nec
3090 5134 3313 5196 utraque
3341 5138 3557 5180 contra-

1960 5222 2034 5274 ria
2068 5220 2120 5274 in
2153 5220 2340 5274 eodem
2374 5228 2516 5287 sunt,
2552 5197 3009 5275 cum'eontrarias
3050 5217 3376 5273 diﬂ‘erentias
3409 5217 3461 5271 in
3493 5232 3558 5271 eo

1959 5311 2099 5382 quod
2133 5310 2325 5366 dicitur
2354 5326 2542 5381 genus,
2575 5319 2696 5364 actu
2738 5326 2843 5365 non
2885 5310 3078 5364 habeat
3111 5327 3125 5363 :
3159 5306 3558 5379 impossibilitas

1960 5405 2100 5458 enim
2135 5403 2252 5473 ejus
2281 5402 2659 5474 pmpositionis
2684 5418 2803 5474 quae
2833 5402 2961 5457 dicit
2985 5402 3249 5456 contraria
3283 5399 3336 5455 in
3364 5398 3555 5455 eodem

1957 5512 2079 5552 esse
2103 5511 2207 5551 non
2236 5512 2410 5567 posse,
2444 5496 2494 5550 in
2528 5512 2593 5552 eo
2624 5496 2870 5552 consistit
2893 5494 3033 5565 quod
3062 5494 3331 5549 contraria
3353 5501 3470 5548 actu
3502 5493 3555 5549 in

1958 5588 2146 5644 eodem
2178 5603 2300 5644 esse
2330 5606 2437 5643 non
2468 5599 2710 5660 possunt.
2738 5581 2879 5643 Nam
2917 5594 3202 5657 potestate,
3227 5582 3278 5642 et
3305 5603 3408 5641 non
3437 5596 3557 5646 actu

1957 5680 2065 5736 duo
2088 5684 2351 5736 contraria
2392 5681 2443 5735 in
2476 5680 2663 5736 eodem
2690 5694 2809 5735 esse
2834 5678 2966 5731 nihil
2996 5677 3238 5748 impedit.
3274 5668 3401 5748 Quae
3428 5696 3555 5735 vero

1958 5788 2056 5827 nos
2096 5773 2363 5827 contraria
2405 5772 2659 5839 diximus,
2705 5765 3033 5834 Porphyrius
3080 5772 3321 5841 opposita
3354 5786 3557 5826 nuncu-

1960 5870 2121 5941 pavit.
2172 5870 2265 5924 Est
2293 5868 2434 5924 enim
2470 5866 2639 5939 genus
2680 5860 2939 5919 contrarii
2990 5866 3290 5935 oppositum
3326 5883 3341 5920 :
3374 5864 3555 5925 omnia
