4066 6328
546 287 641 343 {2.7

1775 280 1884 342 AN.
1926 277 2134 338 MANL.
2180 275 2331 338 SEV.
2376 275 2598 333 BOETll

3738 277 3830 337 [23

543 398 685 454 enim
717 393 1005 459 contraria,
1037 393 1080 447 si
1120 390 1465 463 sibimetipsis
1501 389 1933 456 considerentur,
1971 404 2140 460 Oppo-
2167 394 2218 455 Α
2251 389 2542 459 perficitur.
2577 388 2748 458 Atque
2776 401 2835 442 ea
2867 387 3078 459 quidem
3109 403 3225 458 quae
3254 403 3512 463 corporea
3539 401 3694 463 sunt,
3722 412 3833 452 mu-

543 491 642 545 sita
667 497 808 542 sunt.

617 582 879 648 Deﬁniunt
919 589 1084 632 autent
1126 588 1171 632 et
1211 576 1308 631 hoc
1350 579 1503 632 modo
1536 594 1554 631 :
1590 576 1894 645 Ili/ferentia
1925 583 1999 629 est
2029 591 2143 644 qua:

546 676 608 729 de
638 675 865 743 pluribus
896 681 944 726 et
973 671 1323 739 cli/ferentibus
1355 671 1518 743 specie
1551 671 1600 723 in
1632 687 1690 724 eo
1721 670 1858 741 quod
1893 670 2047 738 quale
2076 669 2143 720 sit

547 767 852 837 prwdicatur
875 780 892 818 :
919 765 1169 818 rationale
1200 765 1333 817 enim
1365 776 1411 818 et
1442 763 1655 817 mortale
1686 762 1746 815 de
1779 761 1977 814 homine
2008 775 2142 828 pra!-

546 862 769 914 dicatum
797 859 846 912 in
873 873 930 912 eo
959 858 1096 928 quod
1124 858 1275 928 quale
1301 867 1370 912 est
1413 861 1563 912 homo
1589 856 1800 922 dicitur,
1831 855 1920 909 sed
1965 870 2063 907 non
2091 854 2144 907 in

544 970 601 1008 ea
630 953 764 1022 quod
797 952 917 1021 quid
949 961 1061 1006 est:
1091 951 1336 1021 quidnam
1373 953 1505 1004 enim
1537 960 1606 1005 est
1636 950 1789 1005 homo
1819 949 2145 1021 interroqatis

545 1045 720 1112 nobis,
753 1043 1053 1100 conveniens
1084 1051 1158 1099 est
1199 1043 1395 1110 dicere,
1429 1045 1625 1099 animal
1649 1058 1666 1099 :
1689 1043 1838 1113 quale
1867 1050 2034 1097 autem
2065 1057 2147 1094 re-

543 1139 750 1208 quisiti,
802 1137 1054 1193 rationale
1109 1147 1153 1191 et
1205 1136 1453 1203 mortale",
1505 1137 1862 1190 convenienter
1914 1135 2147 1207 assigna-

547 1231 728 1285 bimus.

618 1323 750 1378 Tres
778 1331 901 1379 sunt
929 1323 1378 1393 interrogationes
1425 1320 1490 1377 ad
1521 1336 1651 1390 quas
1679 1336 1880 1392 genus,
1915 1322 2142 1392 species,

545 1413 876 1479 differentia,
918 1414 1190 1486 pr0prium
1217 1459 1230 1482 ,
1267 1422 1427 1484 atque
1473 1413 1724 1470 accidens
1764 1413 2144 1485 respondetur,

546 1502 630 1558 hae
662 1511 837 1560 autem
871 1511 992 1558 sunt
1026 1522 1037 1556 :
1070 1503 1193 1572 quid
1227 1503 1314 1569 sit,
1350 1503 1507 1572 quale
1537 1505 1626 1568 sit,
1661 1503 1932 1574 quomodo
1957 1519 2015 1558 se
2046 1503 2143 1556 ha-

546 1596 654 1652 bet.
685 1596 814 1660 Nam
839 1597 881 1650 si
907 1598 1026 1667 quis
1051 1599 1344 1667 interroget
1368 1596 1494 1667 quid
1522 1607 1602 1650 est
1631 1597 1901 1662 Socrates,
1923 1611 2148 1665 respon-

547 1689 677 1748 dere
708 1705 801 1760 per
837 1705 1006 1759 genus
1039 1705 1100 1744 ac
1129 1690 1363 1758 speciem
1396 1689 1648 1744 convenit
1677 1698 1767 1743 aut
1791 1688 1986 1743 animal
2007 1729 2019 1752 ,
2054 1695 2147 1742 aut

2246 477 2498 533 nifestum
2525 488 2605 532 cst
2627 493 2689 532 ex
2716 478 2937 532 materia
2968 479 3243 550 formaque
3266 481 3556 538 subsistere
3583 501 3596 539 :
3622 500 3683 540 ea
3705 502 3833 546 vero

2245 586 2364 642 quae
2410 579 2534 626 sunt
2583 570 2971 641 incorporalia,
3019 573 3084 626 ad
3134 574 3538 632 similitudinem
3595 580 3836 636 materia:

2247 671 2404 732 atque
2428 661 2614 716 formze
2636 661 2832 716 habent
2859 665 3221 733 superpositas
3246 665 3451 736 priores
3480 668 3834 738 antiquiores~

2247 772 2352 828 que
2373 766 2606 824 naturas,
2629 772 2791 827 super
2812 773 2946 829 quas
2969 757 3280 815 differentiae
3300 762 3576 818 venientes
3596 764 3835 822 efficiunt

2247 850 2467 920 aliquid.
2501 849 2642 920 quod
2668 849 2856 906 eodem
2889 851 3050 908 modo
3076 852 3213 908 sicut
3233 867 3427 922 corpus
3447 896 3460 920 ,
3494 863 3744 928 tanquam
3773 873 3836 914 ex

2247 943 2472 998 materia
2501 957 2561 997 ac
2590 941 2754 1013 figura
2779 944 3075 999 consistere
3101 943 3362 1014 videatur,
3392 955 3450 1001 ut
3482 947 3531 1002 in
3559 962 3756 1017 genere
3778 962 3837 1006 ac

2247 1034 2457 1105 specie,
2492 1034 2686 1090 additis
2726 1035 2909 1106 generi
2937 1035 3251 1094 differentiis
3279 1038 3487 1109 species
3516 1041 3705 1096 effecta
3733 1051 3833 1098 est.

2247 1126 2318 1184 Ut
2347 1127 2505 1199 igitur
2531 1136 2613 1184 est
2642 1129 2692 1183 in
2737 1128 2958 1184 Achillis
2988 1137 3158 1186 statua
3180 1172 3193 1196 ,
3241 1147 3309 1188 ars
3353 1132 3566 1205 quidem
3615 1137 3836 1192 materia

2249 1229 2362 1287 cst,
2395 1220 2563 1275 forma
2589 1235 2715 1275 vero
2742 1220 2967 1276 Achillis
2996 1221 3223 1294 qualitas
3245 1268 3258 1293 ,
3293 1233 3344 1280 et
3371 1219 3611 1296 quardam
3642 1225 3836 1298 figura,

2249 1325 2314 1366 ex
2343 1311 2535 1381 quibus
2562 1310 2791 1366 efficitur
2821 1311 3040 1368 Achiilis
3068 1323 3262 1381 statua,
3296 1331 3416 1386 quae
3447 1317 3684 1387 subjecta
3711 1334 3837 1374 sen-

2251 1403 2398 1458 sibus
2448 1403 2700 1472 capitur:
2737 1404 2806 1458 ita
2854 1404 3011 1459 etiam
3061 1405 3111 1460 in
3153 1407 3333 1476 specie
3375 1424 3492 1478 qua:
3523 1417 3606 1464 est
3656 1413 3839 1479 homo,

2249 1496 2472 1551 materia
2505 1495 2722 1568 quidem
2754 1497 2872 1568 ejus
2902 1513 3070 1568 genus
3101 1509 3183 1554 est
3212 1500 3350 1569 quod
3383 1511 3463 1557 est
3493 1503 3688 1557 animal
3710 1547 3723 1569 ,
3758 1506 3839 1561 cui

2250 1589 2636 1656 superveniens
2661 1589 2892 1658 qualitas
2924 1591 3220 1656 rationalis,
3255 1593 3448 1648 animal
3477 1595 3758 1662 rationale,
3791 1598 3840 1654 id

2204 1753 2207 1757 .
2253 1691 2337 1736 est
2369 1685 2600 1752 speciem
2635 1683 2782 1738 facit.
2817 1685 2978 1754 igitur
3004 1687 3199 1755 speciei
3232 1689 3451 1743 materia
3493 1690 3735 1759 quaedam
3765 1698 3842 1748 est

550 1781 731 1834 homo.
781 1779 834 1835 Si
878 1780 996 1850 quis
1027 1781 1296 1850 quomodo
1325 1795 1382 1835 sc
1414 1779 1611 1835 habeat
1638 1779 1887 1836 Socrates
1917 1780 2146 1834 interro-
2177 1773 2226 1833 B
2251 1789 2419 1844 genus
2447 1792 2461 1830 :
2492 1774 2662 1828 forma
2694 1790 2845 1842 vero,
2873 1777 3024 1845 quasi
3050 1777 3322 1847 qualitatis
3349 1779 3666 1837 differentia.
3693 1783 3843 1851 Quod

546 1888 662 1949 get,
689 1873 1090 1948 jure'aceidens
1123 1879 1502 1949 respondetur,
1537 1880 1586 1934 id
1630 1888 1712 1934 est
1739 1890 1827 1934 aut
1872 1879 2022 1933 sedet
2050 1885 2142 1932 aut

547 1970 702 2041 legit,
741 1979 792 2026 et
823 1979 1036 2026 caetera.
1069 1970 1126 2026 Si
1167 1971 1283 2042 quis
1315 1986 1444 2027 vero
1477 1972 1647 2040 qualis
1685 1972 1755 2025 sit
1784 1971 2036 2027 Socrates
2065 1971 2146 2025 in-

547 2070 804 2133 terroget,
838 2073 926 2118 aut
959 2062 1284 2131 differentia,
1316 2071 1408 2120 aut
1438 2065 1735 2135 proprium,
1771 2072 1863 2118 aut
1893 2063 2144 2119 accidens

547 2155 983 2224 respondebitur,
1012 2155 1063 2210 id
1096 2165 1179 2211 est
1201 2155 1282 2212 vel
1315 2156 1592 2211 rationalis
1613 2202 1626 2223 ,
1659 2156 1741 2210 vel
1773 2154 2026 2222 risibilis,
2059 2154 2145 2210 vel

546 2251 750 2307 calvus.
798 2251 905 2307 Sed
955 2252 1007 2307 in
1059 2254 1276 2322 preprlo
1319 2251 1536 2322 quidem
1586 2250 1678 2306 illa
1716 2259 1798 2306 est
1837 2248 2146 2305 observatio

547 2345 689 2416 quod
720 2346 849 2402 illud
874 2347 1149 2416 proprium
1180 2346 1283 2402 dici
1316 2353 1528 2417 potest,
1558 2343 1699 2416 quod
1730 2344 1797 2400 de
1837 2359 1938 2399 una
1970 2344 2149 2414 Specie
2175 2339 2177 2342 ’

546 2438 908 2507 praedicatur:
942 2437 1192 2493 accidens
1228 2453 1356 2493 vero
1389 2437 1491 2492 tale
1526 2447 1607 2492 est
1651 2437 1795 2504 quod
1840 2435 2147 2507 qualitatem

546 2530 794 2601 designat
832 2547 950 2604 qua:
987 2547 1093 2586 non
1121 2532 1473 2588 substantiam
1517 2531 1801 2603 significat.
1838 2528 2148 2584 Diﬂ‘erentia

548 2639 677 2678 vero
707 2623 827 2680 talis
858 2634 959 2691 est,
993 2640 1111 2695 qua:
1140 2625 1492 2680 substantiam
1522 2625 1876 2680 demonstret.
1910 2624 2149 2679 Interro-

549 2717 693 2784 ganti
742 2717 898 2786 igitur
945 2716 1120 2786 qualis
1171 2732 1500 2788 unaqumque
1552 2732 1639 2772 res
1681 2717 1786 2783 sit,
1827 2715 1872 2771 si
1903 2714 2150 2770 volumus

552 2808 781 2864 reddere
813 2808 1126 2864 substantia:
1158 2809 1466 2880 qualitatem
1505 2808 1862 2864 differentiam
1896 2807 2151 2877 praedica-

549 2915 686 2954 mus.
712 2898 842 2965 Quae
875 2899 1178 2955 differentia
1208 2916 1476 2970 nunquam
1507 2901 1571 2968 de
1594 2916 1697 2955 una
1726 2911 1932 2954 tantum
1964 2901 2150 2968 specie

548 2991 888 3059 praedicatur,
920 3000 975 3046 ut
1003 2991 1227 3047 mortale
1253 2993 1337 3048 vel
1364 2993 1650 3058 rationale,
1675 2993 1770 3058 sed
1793 2992 1860 3047 de
1885 2992 2146 3061 pluribus.

549 3082 700 3151 Quod
734 3082 892 3154 igitur
923 3083 988 3139 de
1017 3085 1258 3154 pluribus
1288 3085 1574 3156 speciebus
1614 3084 1752 3139 inter
1789 3099 1848 3139 se
1889 3083 2144 3140 differen-

550 3175 690 3230 tibus
723 3175 1042 3245 prredicatur
1064 3177 1129 3232 ad
1156 3193 1272 3232 eam
1306 3178 1784 3246 interrogationem
1802 3220 1815 3243 ,
1853 3191 1971 3246 qua:
1993 3177 2148 3248 quale
2175 3150 2221 3215 Ο

548 3271 618 3326 sit
647 3271 694 3324 id
727 3270 792 3326 de
824 3285 932 3339 quo
963 3271 1221 3340 quarritur
1251 3272 1580 3340 interrogat,
1610 3284 1672 3323 ea
1703 3278 1786 3323 est
1813 3267 2146 3336 differentia,

549 3361 700 3432 cujus
732 3362 889 3417 talem
916 3363 1088 3433 posuit
1112 3361 1492 3417 diffinitionem
1520 3377 1532 3414 :
1564 3360 1876 3416 Diifercntia
1903 3370 1983 3416 est
2006 3361 2149 3433 quod

549 3453 617 3509 de
660 3453 896 3522 pluribus
943 3455 1124 3524 specie
1172 3452 1545 3508 differentibus
1595 3451 1648 3506 in
1699 3467 1764 3507 eo
1804 3453 1945 3524 quod
1993 3453 2150 3524 quale

551 3544 677 3614 quid
716 3546 785 3600 sit
829 3545 1178 3615 praedicatur;
1223 3543 1376 3614 cujus
1421 3544 1759 3602 diffinitionis
1803 3559 2018 3602 causam
2064 3561 2150 3602 ra-

553 3638 860 3707 tionemque
889 3646 1220 3706 pertractans
1250 3638 1323 3691 ait
1352 3656 1363 3690 :

623 3727 790 3780 Rebus
815 3729 947 3780 enim
987 3743 1049 3782 ea:
1074 3728 1285 3783 materia
1315 3738 1363 3782 et
1387 3732 1554 3800 forma
1580 3731 1946 3798 constantibus,
1977 3733 2052 3786 vel
2083 3732 2149 3784 ad

549 3821 935 3877 similitudinem
966 3824 1446 3894 proportionemque
1478 3825 1708 3880 matericc
1734 3835 1782 3880 et
1823 3826 2003 3896 forma:
2031 3842 2153 3880 con-

552 3916 865 3970 stitutionem
898 3916 1220 3986 habentibus,
1252 3921 1688 3992 quemadmodum
1713 3931 1884 3976 statua
1905 3939 1969 3976 ea:
1995 3931 2157 3976 mate-

552 4008 629 4060 ria
659 4008 862 4077 quidem
893 4021 964 4063 est
989 4026 1136 4075 certe.
1178 4016 1345 4082 forma
1373 4023 1543 4066 autem
1580 4013 1748 4082 ﬁgura
1771 4028 1790 4066 :
1817 4013 1890 4067 sic
1931 4023 1976 4066 et
2003 4012 2156 4066 homo

553 4101 838 4154 communis
871 4111 914 4155 et
942 4102 1203 4172 specialis,
1229 4120 1294 4157 ea:
1320 4105 1534 4158 materia
1563 4103 1773 4175 quidem
1801 4104 2158 4174 proportiona-

555 4189 723 4244 bilitcr
744 4193 972 4245 consistit
998 4209 1178 4264 genere
1201 4209 1219 4248 :
1249 4210 1310 4248 ea:
1331 4198 1500 4265 forma
1524 4206 1692 4249 autem
1716 4193 2008 4260 different-ia
2029 4235 2043 4261 ,
2077 4203 2156 4247 to-

556 4297 664 4340 tum
695 4296 860 4340 autem
904 4289 1000 4341 hoc
1041 4290 1236 4342 animal
1275 4289 1527 4344 rationale
1567 4291 1814 4357 mortale,
1857 4290 2006 4344 homo
2046 4299 2156 4356 est,

557 4379 986 4448 quemadmodum
1019 4391 1208 4436 statua.

632 4471 774 4524 Dixit
818 4473 1064 4540 superius
1112 4473 1441 4528 differentias
1481 4488 1602 4528 esse
1643 4489 1762 4543 quae
1813 4475 1862 4528 in
1904 4475 2160 4546 qualitate

2253 1875 2337 1921 est
2359 1867 2518 1937 igitur
2545 1866 2596 1920 in
2630 1875 2800 1921 statua
2829 1882 2922 1933 ses,
2955 1869 3052 1922 hoc
3077 1876 3160 1923 est
3182 1869 3234 1924 in
3265 1872 3442 1940 specie
3470 1887 3636 1941 genus
3663 1891 3674 1927 :
3702 1877 3844 1945 quod

2250 1962 2302 2014 in
2337 1966 2510 2012 statua
2545 1959 2709 2028 figura
2739 1958 3082 2014 conformans
3102 2002 3114 2024 ,
3145 1961 3198 2014 id
3233 1961 3284 2015 in
3317 1962 3494 2032 specie
3522 1963 3842 2025 difieremia.

2248 2051 2403 2117 Quod
2433 2051 2484 2105 in
2516 2059 2687 2106 statua
2721 2060 2803 2108 est
2829 2052 2942 2122 ipsa
2972 2061 3171 2121 statua,
3200 2069 3318 2126 quae
3348 2070 3410 2110 ex
3433 2070 3541 2112 tere
3573 2057 3846 2130 figuraque

2250 2142 2640 2211 conformatur,
2693 2141 2743 2197 id
2776 2143 2827 2198 in
2859 2145 3039 2215 specie
3078 2153 3158 2200 est
3199 2146 3310 2216 ipsa
3341 2148 3578 2216 species,
3624 2166 3746 2221 quae
3780 2167 3845 2209 ex

2255 2252 2456 2307 genere
2487 2236 2898 2307 differentiaque
2938 2238 3296 2310 coniungitur.
3342 2241 3492 2310 Quod
3532 2243 3574 2297 si
3622 2247 3845 2300 materia

2253 2331 2496 2402 quaedam
2524 2330 2721 2402 speciei
2752 2345 2920 2402 genus
2951 2341 3055 2398 est,
3089 2332 3257 2388 forma
3299 2344 3473 2392 autem
3504 2335 3800 2393 differentia
3828 2356 3842 2393 :

2254 2421 2431 2478 omnis
2458 2437 2586 2477 vero
2614 2423 2780 2477 forma
2811 2423 3040 2495 qualitas
3068 2435 3169 2490 est,
3200 2426 3320 2496 jure
3347 2429 3521 2484 omnis
3544 2430 3845 2488 differentia

2253 2519 2481 2589 qualitas
2509 2520 2828 2590 appellatur.
2853 2522 2982 2588 Quae
3004 2535 3124 2576 cum
3150 2521 3220 2577 ita
3245 2523 3371 2588 sint,
3396 2523 3517 2595 jure
3545 2526 3596 2580 in
3619 2540 3683 2582 eo
3706 2527 3845 2598 quod

2255 2612 2411 2682 quale
2435 2613 2505 2666 sit
2534 2613 2987 2684 interrogantibus
3009 2615 3382 2682 respondetur.

2329 2703 2635 2760 Describunt
2683 2715 2854 2761 autem
2905 2707 3200 2778 ltujusmodi
3255 2708 3600 2776 differentias,
3655 2722 3701 2766 et
3753 2713 3849 2768 hoc

2255 2796 2450 2851 modo:
2481 2795 2786 2865 Diifercntia
2815 2809 2887 2852 est
2928 2799 3064 2867 quod
3091 2809 3162 2853 est
3199 2810 3372 2870 aptum
3416 2811 3590 2855 natum
3621 2804 3852 2860 dividere

2255 2904 2314 2942 ea
2346 2903 2460 2957 qua:
2485 2888 2573 2942 sub
2605 2890 2780 2943 eodem
2810 2907 2990 2961 genere
3029 2901 3147 2944 sunt
3178 2908 3197 2946 :
3229 2893 3476 2948 rationale
3519 2896 3655 2949 enim
3693 2905 3742 2951 et
3777 2898 3850 2952 ir-

2254 2979 2506 3034 rationale
2529 3020 2542 3046 ,
2576 2981 2833 3036 hominem
2864 2991 2912 3036 et
2938 2998 3123 3054 equum
3165 2999 3281 3054 quia
3317 2985 3411 3039 sub
3449 2985 3624 3042 eodem
3667 3005 3853 3059 genere

2257 3085 2374 3130 sunt
2403 3075 2618 3129 animali
2643 3075 2895 3130 dividunt.

2328 3170 2451 3226 llaec
2477 3170 2693 3242 quidem
2724 3171 2968 3228 diffinitio
2998 3188 3118 3229 cum
3157 3175 3225 3231 sit
3266 3177 3457 3232 usitata
3493 3187 3545 3232 et
3572 3186 3697 3232 ante
3721 3193 3853 3234 ocu-

2254 3262 2335 3318 los
2363 3264 2605 3333 exposita
2633 3282 2643 3317 :
2677 3279 2794 3320 eam
2827 3274 3003 3322 tamen
3044 3269 3276 3340 exempli
3304 3268 3524 3340 insuper
3551 3271 3668 3326 luce
3699 3286 3853 3329 rese-

2255 3358 2412 3414 ravit.
2463 3356 2664 3415 Omnes
2709 3360 2854 3416 enim
2903 3360 3218 3418 differentiae
3285 3362 3485 3418 idcirco
3533 3363 3855 3421 differentiae

2255 3462 2655 3524 nuncupantur,
2689 3455 2809 3523 quia
2843 3456 3054 3525 species
3083 3471 3112 3508 a
3141 3471 3198 3511 se
3229 3455 3447 3512 differre
3473 3457 3694 3523 faciunt,
3720 3474 3855 3530 quas

2255 3563 2422 3605 unum
2453 3562 2621 3617 genus
2652 3548 2906 3616 includit,
2940 3558 2996 3606 ut
3043 3550 3202 3606 homo
3232 3561 3390 3622 atque
3421 3566 3592 3622 equus
3622 3553 3854 3624 propriis

2256 3641 2566 3710 discrepant
2597 3641 2912 3698 differentiis
2940 3662 2951 3697 :
2983 3659 3106 3698 nam
3139 3645 3280 3700 sicut
3310 3644 3471 3701 homo
3511 3647 3709 3701 animal
3748 3656 3856 3712 est.

2258 3733 2328 3788 ita
2362 3733 2522 3788 etiam
2555 3749 2726 3806 equus
2747 3777 2762 3802 ,
2798 3751 2926 3805 ergo
2951 3736 3249 3792 secundum
3282 3751 3450 3807 genus
3501 3738 3649 3794 nullo
3696 3740 3860 3796 modo

2259 3825 2478 3880 distant.
2510 3827 2638 3894 Quae
2673 3828 2833 3898 igitur
2858 3829 3154 3883 secundum
3185 3844 3351 3899 genus
3381 3828 3526 3884 nullo
3556 3828 3719 3884 modo
3746 3829 3860 3885 dis-

2260 3927 2500 3988 crepant,
2535 3933 2598 3973 ea
2629 3917 2948 3974 differentiis
2978 3919 3395 3974 distribuuntur.
3420 3919 3673 3974 Additum
3708 3921 3858 3975 enim

2261 4008 2523 4062 rationale
2573 4009 2786 4080 quidem
2840 4009 3080 4076 homini,
3138 4011 3444 4065 irrationale
3492 4026 3625 4066 vero
3677 4026 3859 4083 equo,

2261 4116 2430 4171 equus
2473 4111 2633 4171 atque
2679 4101 2838 4156 homo
2880 4117 2998 4170 qua:
3043 4101 3143 4156 sub
3170 4101 3357 4157 eodem
3391 4100 3600 4158 fuerant
3635 4116 3864 4171 genere,

2261 4193 2654 4248 distribuuntur
2699 4203 2753 4248 et
2802 4194 3147 4264 discrepant,
3198 4193 3394 4249 additis
3458 4193 3662 4250 scilicet
3709 4193 3866 4249 diffe-

2262 4287 2468 4342 reutiis.

2335 4383 2610 4452 Assignant
2641 4383 2791 4437 etiam
2823 4383 2917 4436 hoc
2942 4383 3092 4436 modo
3120 4398 3137 4437 :
3165 4382 3455 4450 differentia
3491 4392 3597 4448 est,
3629 4399 3731 4452 qua
3759 4382 3870 4453 dif-

2265 4474 2436 4542 ferunt
2472 4493 2502 4528 a
2529 4492 2580 4528 se
2611 4476 2846 4545 singula,
2888 4491 3107 4544 namque
3133 4473 3282 4528 homo
3318 4484 3364 4528 et
3401 4490 3556 4544 equus
3580 4476 3871 4528 secundum

558 4562 754 4630 speciei
777 4562 1199 4634 praedicarentur
1222 4581 1234 4617 :
1261 4579 1401 4617 nunc
1417 4573 1595 4619 autem
1618 4579 1806 4618 causas
1825 4567 2155 4636 exsequitur,
2187 4534 2238 4596 Β
2268 4586 2427 4640 genus
2458 4585 2556 4622 non
2587 4567 2854 4635 di/ferunt.
2888 4567 3082 4622 Sumus
3108 4568 3243 4620 enim
3266 4567 3513 4620 animalia
3545 4583 3635 4619 nos
3658 4576 3704 4620 et
3731 4568 3874 4620 irra-

560 4668 656 4706 cur
686 4654 881 4721 speciei
915 4653 1144 4724 qualitas
1187 4653 1486 4708 differentia
1523 4655 1590 4708 sit
1621 4673 1632 4708 :
1667 4657 1899 4721 Omnes,
1951 4657 2156 4726 inquit,

565 4759 650 4798 res
679 4744 762 4798 vel
789 4759 851 4798 ex
887 4745 1108 4798 materia
1141 4745 1417 4815 formaque
1443 4748 1773 4814 consistunt,
1804 4749 1882 4802 vel
1913 4748 1978 4802 ad
2013 4749 2163 4803 simi-

564 4840 845 4895 littulinem
877 4841 1118 4896 materia:
1144 4849 1303 4910 atque
1336 4841 1521 4895 forma:
1550 4844 1903 4898 substantiam
1928 4844 2164 4898 sortiun-

565 4942 668 4985 tur.
719 4931 797 4985 Ex
830 4934 1054 4987 materia
1086 4933 1300 5002 quidem
1331 4934 1608 5003 formaque
1653 4935 1954 4990 subsismnt
1985 4939 2161 4991 omnia

563 5039 899 5094 quarcunque
927 5035 1051 5079 sunt
1082 5027 1405 5096 corporalia.
1451 5027 1560 5082 Nisi
1590 5029 1731 5083 enim
1761 5030 1832 5084 sit
1859 5029 2162 5098 subjectum

565 5130 760 5184 corpus
809 5117 954 5186 quod
985 5117 1246 5188 suscipiat
1291 5119 1550 5185 fortnam,
1605 5121 1736 5175 nihil
1782 5123 2004 5176 omnino
2046 5136 2166 5177 esse

567 5214 760 5276 potest.
793 5208 846 5262 Si
892 5209 1035 5264 enim
1067 5211 1272 5279 lapides
1305 5228 1409 5267 non
1445 5212 1671 5268 fuissent
1711 5214 1874 5279 tanti,
1907 5213 2044 5267 muri
2076 5227 2169 5284 pa-

567 5303 838 5375 rietesque
863 5321 969 5360 non
1004 5316 1206 5364 essent.
1237 5308 1291 5363 Si
1320 5307 1524 5379 lignum
1559 5323 1665 5363 non
1694 5307 1911 5374 fuisset,
1949 5307 2169 5363 omnino

568 5409 668 5450 nec
697 5410 880 5451 mensa
925 5397 1176 5466 quidem,
1221 5415 1339 5470 quae
1381 5415 1446 5455 ex
1482 5399 1606 5468 ligni
1651 5400 1869 5452 materia
1900 5408 2010 5462 est,
2044 5413 2163 5453 esse

569 5491 849 5560 potuisset.
884 5493 1046 5563 igitur
1067 5494 1341 5562 supposita
1365 5493 1587 5548 materia
1613 5507 1673 5545 ac
1698 5491 2020 5560 praajaccnte
2041 5506 2161 5546 cum

570 5586 740 5656 ipsam
787 5586 951 5657 ﬁgura
976 5588 1380 5658 supervenerit,
1432 5589 1486 5640 fit
1515 5586 1764 5656 quaelibet
1795 5586 1882 5640 illa
1922 5601 2007 5641 res
2037 5600 2159 5640 cor-

571 5697 732 5754 porca
771 5700 837 5742 ex
882 5686 1106 5741 materia
1153 5684 1430 5753 formaque
1469 5682 1767 5737 subsistens
1802 5699 1814 5735 :
1847 5691 1904 5735 ut
1934 5680 2159 5735 Achillis

571 5785 743 5837 statua
769 5795 837 5837 ex
872 5781 997 5838 seris
1037 5780 1286 5847 materia,
1320 5788 1369 5836 et
1417 5794 1480 5835 ex
1532 5778 1696 5850 ipsius
1741 5779 1960 5836 Achillis
1993 5778 2158 5850 ﬁgura

2267 4662 2556 4724 tionabilia,
2583 4662 2671 4715 sed
2701 4660 2931 4713 additum
2959 4659 3212 4713 rationale
3237 4659 3486 4730 disjunxit
3513 4675 3602 4711 nos
3624 4659 3686 4710 ab
3715 4660 3828 4713 illis
3855 4676 3874 4717 ζ

2269 4755 2548 4808 rationales
2575 4771 2776 4824 quoque
2802 4769 2977 4806 sumus
3001 4763 3049 4807 et
3078 4767 3170 4808 nos
3200 4761 3243 4806 et
3271 4751 3377 4816 dii,
3411 4751 3499 4806 sed
3526 4750 3744 4805 mortale
3774 4767 3876 4821 ap-

2269 4853 2487 4922 positum
2515 4851 2763 4920 disjunxit
2795 4866 2885 4903 nos
2912 4850 2971 4902 ab
2995 4849 3118 4902 illis.

2343 4944 2543 4996 Vitiosa
2578 4942 2789 4996 ratione
2821 4951 2876 4996 et
2905 4956 3011 4995 non
3034 4956 3161 4995 sana
3190 4941 3332 5011 quod
3363 4941 3473 4996 vult
3498 4941 3738 5011 explicat
3764 4942 3877 4997 dif-

2275 5036 2444 5090 finitio
2475 5035 2854 5105 quorumdam.
2898 5035 2953 5088 id
2984 5035 3124 5089 enim
3165 5035 3294 5089 dicit
3336 5050 3456 5091 esse
3485 5035 3873 5104 differentiam,

2272 5143 2373 5197 qua
2419 5142 2754 5195 unaqtneque
2797 5141 2882 5180 res
2925 5126 2993 5180 ab
3037 5126 3141 5180 alia
3178 5125 3371 5192 distat,
3424 5125 3475 5179 iu
3521 5140 3623 5196 qua
3667 5125 3880 5183 diffini-

2272 5223 2418 5276 tione
2450 5221 2581 5275 nihil
2618 5222 2840 5276 interest
2872 5220 3010 5289 quod
3043 5221 3112 5275 ita
3140 5220 3304 5285 dixit,
3335 5235 3401 5274 an
3436 5220 3504 5273 ita
3535 5219 3833 5277 concludat
3863 5237 3879 5275 :

2274 5315 2586 5370 Diifercntia
2631 5323 2711 5368 est
2755 5314 2803 5368 id
2854 5313 2994 5383 quod
3038 5323 3118 5367 cst
3160 5313 3270 5382 ipsa
3303 5312 3631 5377 differentia;
3665 5314 3882 5369 etenim

2277 5405 2592 5460 differentia:
2622 5405 2837 5459 nomine
2869 5405 2918 5458 in
2965 5403 3204 5473 ejusdem
3251 5403 3569 5459 differentia:
3613 5418 3741 5460 usus
3790 5415 3883 5461 est

2274 5497 2594 5552 diffinitione
2621 5496 2841 5551 dicens:
2878 5494 3181 5550 Diifercntia
3219 5505 3301 5550 est
3337 5510 3438 5563 qua
3469 5492 3722 5549 differunt
3750 5509 3781 5548 a
3817 5509 3886 5552 so

2276 5589 2504 5660 singula.
2537 5588 2689 5655 Quod
2722 5588 2764 5642 si
2791 5586 2965 5641 adhuc
2985 5585 3281 5640 differentia
3305 5585 3559 5649 nescitur,
3590 5586 3693 5640 nisi
3726 5586 3885 5641 diffi-

2274 5684 2478 5738 nitione
2507 5682 2806 5746 clarescat,
2852 5679 3067 5734 differre
3099 5693 3306 5748 quoque
3329 5677 3453 5748 quid
3496 5678 3566 5731 sit
3597 5677 3886 5746 quomodo

2271 5790 2557 5849 possumus
2605 5771 2934 5848 agnoscere?
2986 5771 3054 5826 ita
3118 5767 3248 5824 nihil
3303 5758 3531 5841 amplius
3574 5769 3751 5826 attulit
3804 5771 3882 5829 ad
