4106 6336
219 396 328 456 129

1072 386 1140 446 tu
1176 379 1626 446 ponpnrmuu
1664 350 2310 436 connemsntonun
2349 367 2480 427 LIB.
2519 365 2607 423 tv.

3395 362 3497 418 150

218 511 586 585 agnitionem,
614 521 705 579 qut
734 504 1049 562 dill‘erentite
1075 494 1293 559 nomine
1320 501 1373 556 in
1410 498 1654 570 ejusdem
1683 510 1810 551 usus
1838 500 1889 556 Α
1919 489 2049 561 quid
2102 487 2440 544 difﬁnitionis
2487 499 2610 555 pars
2660 480 2849 545 fuerit,
2903 478 3016 550 ejus
3059 477 3161 534 erit
3210 492 3332 547 pars
3378 493 3497 548 quae

220 611 308 660 est
335 596 685 657 diltinitione.
710 595 806 652 Est
829 603 1006 650 autem
1036 591 1336 648 communis
1364 600 1419 644 et
1444 602 1577 659 vaga
1606 600 1705 643 nec
1734 586 1814 640 in-

220 693 445 751 cludens
469 687 850 747 substantiales
870 686 1221 751 differentias,
1246 683 1339 740 sed
1363 682 1631 753 quaslibet
1652 682 1815 737 etiam

222 781 587 841 accidentales
617 781 721 836 hoc
750 778 911 835 modo
940 796 953 830 :
987 776 1293 833 Dill'erentia
1324 785 1407 829 est
1437 790 1540 844 qua
1566 788 1595 826 a
1624 787 1685 828 se
1710 771 1815 827 dif-

224 879 408 936 ferunt
433 876 674 948 singula;
702 889 823 945 qua:
865 870 1009 927 enim
1048 884 1244 940 genere
1271 876 1395 923 sunt
1421 866 1632 933 eadem,
1662 864 1818 920 diffe-

226 972 402 1029 rentia
444 971 785 1040 discrepant:
818 975 877 1022 ut
902 980 1024 1022 cum
1067 965 1230 1020 homo
1272 972 1434 1032 atque
1464 974 1633 1031 equus
1675 958 1816 1014 idem

162 1050 169 1061 ’
225 1065 338 1121 sint
367 1066 421 1120 in
447 1062 696 1118 animalis
732 1074 965 1132 genere,
994 1057 1247 1128 quoniam
1277 1064 1502 1124 utraque
1546 1060 1673 1108 sunt
1696 1052 1818 1106 ani-

228 1158 417 1220 malia,
452 1155 703 1212 dilIerunt
729 1161 907 1209 tamen
950 1148 1252 1206 differentia
1283 1145 1528 1202 rationali
1555 1159 1572 1199 :
1599 1153 1655 1200 et
1696 1157 1817 1197 cum

228 1248 305 1305 dii
333 1259 491 1319 atque
520 1247 762 1303 homines
787 1245 889 1301 sub
913 1242 1279 1298 rationalitate
1309 1240 1416 1295 sint
1444 1237 1636 1309 positi,
1667 1236 1820 1292 dilic-

230 1352 358 1400 runt
394 1351 569 1400 tame'n
610 1342 957 1399 mortalitate.
1010 1337 1350 1394 Rationabile
1396 1336 1557 1406 igitur
1586 1333 1821 1389 hominis

230 1437 297 1492 ad
323 1453 516 1507 equum
543 1436 842 1493 differentia
870 1443 983 1499 est,
1014 1434 1240 1489 mortale
1268 1432 1502 1488 hominis
1528 1430 1594 1485 ad
1629 1431 1817 1493 Deum,
1892 1480 1895 1483 .

232 1538 395 1598 atque
440 1529 542 1583 hoc
598 1526 814 1598 quidem
861 1525 1020 1580 modo
1064 1524 1443 1581 substantiales
1504 1521 1821 1577 diflerentim

232 1621 577 1690 colliguntur.
606 1618 760 1687 Quod
787 1618 832 1673 si
862 1618 1113 1673 Socrates
1138 1616 1342 1680 sedeat,
1376 1615 1529 1670 Plato
1552 1628 1678 1668 vero
1707 1626 1822 1666 am-
1874 1648 1875 1651 η

232 1712 405 1779 bulet,
434 1713 539 1768 erit
562 1711 858 1767 differentia
885 1710 1055 1767 sessio
1083 1709 1168 1765 vel
1194 1708 1507 1772 ambulatio,
1538 1722 1660 1777 qua:
1689 1706 1819 1760 sub-

232 1804 502 1859 stantialis
530 1817 634 1858 non
660 1812 761 1859 est.
784 1801 1025 1872 Namque
1046 1801 1199 1857 istam
1221 1813 1434 1871 quoque
1460 1796 1816 1853 diﬂerentiam

234 1894 483 1951 dil'linitio
510 1894 720 1951 videtur
744 1893 1022 1950 includere
1050 1908 1169 1970 cum
1207 1891 1335 1947 dicit
1359 1933 1373 1956 ,
1402 1887 1700 1968 diﬂerentia
1733 1900 1820 1945 est

234 2003 336 2058 qua
380 1986 633 2043 diﬂ‘erunt
671 2002 701 2041 a
745 2001 805 2042 se
848 1986 1088 2056 singula;
1145 1984 1629 2055 quomodocunque
1674 1982 1819 2037 enim

234 2080 483 2136 Socrates
506 2096 535 2134 a
568 2080 788 2136 Platone
815 2078 1107 2135 distiterit?
1137 2077 1282 2132 nullo
1316 2087 1494 2131 autem
1527 2076 1631 2130 alio
1661 2075 1821 2129 modo

235 2172 436 2228 distare
463 2171 530 2227 ab
555 2171 644 2226 illo
685 2171 788 2226 nisi
825 2169 1195 2227 accidentibus
1224 2176 1417 2237 potest.
1447 2167 1503 2221 ltl
1534 2167 1636 2221 erit
1663 2166 1819 2221 diﬂ'e-

235 2266 406 2322 rentia
451 2264 745 2321 secundum
784 2262 1075 2333 superioris
1119 2261 1404 2316 terminum
1450 2258 1819 2324 dilﬁnitionis,

237 2372 396 2427 quam
424 2372 537 2412 rem
564 2356 773 2413 scilicet
794 2355 1042 2411 viderunt
1084 2354 1246 2409 etiam
1275 2352 1328 2406 hi
1358 2350 1447 2423 qui
1486 2350 1822 2405 dilﬁnitionis

234 2449 397 2521 hujus
427 2466 617 2521 vagum
660 2463 1109 2518 communemque
1159 2448 1318 2502 linem
1367 2444 1822 2515 reprehendentes

235 2551 402 2599 certae
423 2542 784 2599 conclusionis
809 2542 1095 2597 terminum
1126 2538 1491 2609 subiecerunt.

312 2635 537 2691 Interius
584 2644 754 2689 autem
799 2641 1170 2705 perscrutantes
1214 2630 1555 2699 differentiam
1609 2630 1816 2696 dicunt,

238 2745 341 2783 non
366 2728 622 2796 quodlibet
658 2727 888 2781 dividens
926 2742 986 2779 ea
1012 2740 1126 2797 qua:
1157 2724 1247 2779 sub
1289 2723 1466 2777 eodem
1491 2737 1670 2792 genere
1703 2729 1823 2775 sunt

236 2835 344 2874 esse
364 2817 727 2887 diﬂ‘erentiam,
750 2818 839 2871 sed
857 2816 1001 2887 quod»
1015 2816 1082 2871 ad
1103 2831 1210 2869 esse
1234 2812 1491 2879 conducit,
1516 2820 1563 2867 et
1584 2810 1721 2881 quod
1749 2820 1823 2865 est

236 2927 357 2981 pars
384 2914 520 2982 ejus,
552 2920 597 2965 et
626 2910 760 2979 quod
784 2918 857 2964 est
881 2924 989 2963 esse
1006 2908 1099 2963 rei.
1127 2906 1305 2976 Neque
1330 2906 1465 2959 enim
1489 2904 1627 2975 quod
1645 2913 1824 2975 aptum

237 3012 417 3056 natum
452 3010 525 3056 est
552 3003 811 3074 navigare,
840 3001 935 3054 erit
975 2998 1195 3054 hominis
1225 2996 1546 3065 di/ferentia,
1579 2996 1669 3049 etsi
1710 3010 1824 3063 pro-

236 3095 408 3165 prium
436 3095 503 3149 sit
541 3093 780 3147 hominis.
823 3078 1048 3146 Dicimus
1079 3091 1212 3149 enim
1241 3089 1543 3143 animalium
1574 3089 1681 3143 hazc
1716 3088 1823 3158 qui-

237 3184 355 3239 dem
374 3193 497 3250 apta
525 3166 632 3239 esse
651 3184 718 3237 ad
745 3182 1114 3252 navigandum,
1158 3181 1251 3235 illa
1271 3196 1387 3235 vero
1427 3180 1668 3244 minime,
1694 3179 1825 3253 divi-

1920 582 2343 654 uniuscujusque
2384 581 2461 635 rei
2501 578 2629 650 quid
2671 592 2791 632 esse
2835 574 2905 631 sit
2942 573 3206 643 designet.
3238 571 3501 627 D.iﬁnitio

1918 686 2001 732 est
2029 674 2243 746 quidem
2283 688 2401 744 quae
2431 670 2555 741 quid
2596 686 2699 724 una
2744 682 2970 738 quasque
3012 680 3100 721 res
3128 665 3226 729 sit,
3267 664 3502 719 ostendit

1920 782 1984 823 ac
2014 766 2250 839 profert,
2284 765 2783 832 demonstraturque
2827 760 2967 831 quod
2999 759 3281 830 unicuique
3324 759 3403 813 rei
3433 758 3505 812 sit

1921 877 2047 918 esse
2081 875 2177 929 per
2216 858 2549 915 dilﬁnitionis
2578 854 3012 926 assignationem.
3045 854 3154 908 illa:
3186 866 3311 907 vero
3354 850 3506 906 dim:-

1921 954 2114 1008 rentia:
2141 967 2261 1022 qua:
2284 966 2388 1005 non
2416 948 2481 1004 ad
2507 947 2856 1003 substantiam
2880 944 3203 1009 conducunt,
3225 943 3318 999 sed
3340 943 3507 1013 quod-

1924 1043 2051 1099 dam
2083 1042 2413 1097 extrinsecus
2442 1038 2689 1094 accidens
2717 1035 2965 1103 alierum,
2997 1034 3261 1105 spcciﬁcae
3292 1049 3398 1090 non
3428 1032 3509 1088 di-

1923 1141 2138 1197 cuntur,
2166 1132 2285 1187 licet
2308 1130 2407 1185 sub
2434 1130 2621 1184 eodem
2644 1142 2840 1197 genere
2866 1127 3063 1197 positas
3085 1127 3292 1196 species
3313 1125 3511 1180 faciant

1924 1225 2232 1295 discrepare
2258 1242 2269 1277 :
2304 1232 2359 1278 ut
2391 1223 2435 1277 si
2465 1222 2583 1293 quis
2613 1221 2844 1276 hominis
2866 1228 3025 1288 atque
3046 1217 3168 1288 equi
3195 1218 3331 1274 hanc
3357 1217 3510 1273 dilic-

1923 1314 2153 1389 rentiam
2196 1313 2339 1368 dicat
2366 1322 2550 1382 aptum
2589 1325 2709 1366 esse
2740 1310 2805 1364 ad
2837 1308 3193 1379 navigandum
3225 1307 3383 1363 homo
3412 1323 3510 1362 au-

1925 1417 2033 1463 tem
2062 1416 2215 1476 aptus
2244 1416 2324 1461 est
2354 1405 2421 1459 ad
2464 1404 2817 1474 navigandum
2838 1444 2853 1470 ,
2890 1417 3060 1473 equus
3090 1415 3216 1457 vero
3246 1400 3464 1455 minime
3496 1419 3507 1453 :

1924 1509 1981 1559 et
2005 1514 2126 1553 cum
2158 1498 2227 1551 sit
2256 1511 2424 1567 equus
2452 1503 2611 1565 atque
2637 1494 2798 1549 homo
2828 1493 2927 1548 sub
2955 1492 3144 1549 eodem
3175 1507 3371 1562 genere
3400 1491 3511 1546 ani-

1926 1591 2103 1656 malis,
2130 1590 2313 1643 addita
2339 1575 2659 1653 dilleren'tia,
2689 1595 2867 1656 aptum
2892 1600 3011 1640 esse
3038 1583 3105 1638 ad
3132 1582 3512 1654 navigandum,

1926 1701 2127 1757 equum
2158 1684 2400 1740 distinxit
2427 1683 2493 1738 ab
2523 1680 2759 1736 homine.
2790 1679 2894 1736 Sed
2926 1687 3105 1748 aptum
3132 1692 3251 1733 esse
3278 1676 3345 1732 ad
3367 1675 3514 1731 navi-

1924 1779 2159 1849 gandum
2211 1792 2315 1830 non
2366 1783 2449 1831 est
2499 1772 2836 1842 huiusmodi,
2884 1772 3024 1841 quod
3071 1770 3241 1841 possit
3289 1769 3515 1824 hominis

1851 1865 1901 1926 B
1924 1858 2158 1926 lormare
2202 1868 2556 1924 substantiam
2605 1868 2744 1922 sicut
2792 1865 3051 1920 rationale
3072 1907 3086 1932 ,
3119 1879 3237 1935 qum
3272 1871 3356 1919 est
3390 1862 3515 1917 sub-

1874 2000 1875 2007 η
1929 1962 2196 2017 stantialis
2211 1961 2459 2032 qualitas,
2480 1958 2573 2014 sed
2595 1967 2798 2012 tantum
2821 1955 3104 2028 quamdam
3122 1952 3515 2026 quodammodo

1874 2090 1877 2091 ν
1927 2051 2279 2124 aptitudinem
2322 2059 2614 2115 monstrat,
2669 2058 2722 2104 et
2759 2047 2825 2102 ad
2865 2046 3161 2102 iaciendum
3206 2045 3407 2115 aliquid
3438 2044 3517 2102 rei

1927 2159 2036 2201 non
2066 2143 2366 2200 faciendum
2397 2142 2885 2213 opportunitatem,
2918 2139 3119 2195 idcirco
3156 2140 3314 2209 igitur
3344 2138 3516 2207 speci-

1930 2235 2029 2291 ﬁca
2056 2236 2375 2295 ,dill‘erentia
2417 2250 2523 2290 non
2566 2233 2778 2289 dicitur.
2832 2232 2948 2299 Quo
2986 2232 3046 2285 ﬁt
3097 2238 3155 2285 ut
3196 2246 3302 2285 non
3346 2232 3517 2286 omnis

1929 2328 2236 2384 dilierentia
2276 2343 2396 2399 quae
2443 2328 2543 2383 sub
2589 2326 2778 2383 eodem
2821 2340 3015 2396 genere
3069 2324 3273 2393 positas
3313 2324 3516 2393 species

1930 2424 2233 2489 distribuit,
2265 2422 2514 2493 speciﬁca
2544 2436 2664 2477 esse
2704 2420 2901 2490 possit,
2936 2420 3029 2475 sed
3068 2433 3131 2474 ea
3169 2426 3371 2474 tantum
3401 2433 3519 2487 qua:

1930 2515 1997 2569 ad
2029 2514 2382 2570 substantiam
2413 2513 2625 2589 speciei
2662 2512 2897 2581 prolicit,
2931 2520 2984 2565 et
3010 2524 3128 2581 qua:
3156 2509 3209 2564 in
3241 2517 3392 2587 parte
3422 2506 3519 2561 dif.

1930 2605 2193 2669 ﬁnitionis
2221 2605 2503 2674 accipitur.
2536 2584 2819 2658 Concludit
2858 2601 3015 2671 igitur
3046 2614 3138 2656 eas
3166 2614 3285 2657 esse
3308 2584 3519 2670 specili-

1931 2713 2023 2755 cas
2046 2698 2376 2754 diﬂ'erentias
2396 2710 2514 2767 quae
2530 2696 2727 2751 alteras
2744 2710 2777 2771 va
2795 2710 2854 2749 se
2871 2694 3075 2763 species
3092 2692 3305 2748 diﬂ‘erre
3322 2691 3521 2746 iaciunt

1931 2805 2027 2861 per
2049 2789 2329 2845 distantias
2371 2786 2749 2843 substantiales
2775 2802 2789 2838 :
2821 2799 2942 2839 nam
2971 2785 3017 2839 si
3049 2783 3330 2853 unicuique
3359 2783 3409 2837 id
3438 2792 3521 2841 est

1930 2894 2082 2945 esse,
2115 2864 2467 2949 quodcunque
2514 2875 2934 2950 substantialiter
2975 2874 3122 2930 fuere
3143 2916 3158 2943 ,
3191 2888 3520 2943 quaecunque

1930 2975 2245 3030 differentiae
2273 2971 2697 3030 substantialiter
2719 2970 2948 3026 diversa:
2974 2976 3125 3035 sunt,
3157 2975 3213 3024 et
3247 2966 3364 3023 illas
3402 2981 3521 3037 spe-

1930 3069 2042 3123 cies
2068 3066 2261 3137 quibus
2303 3067 2503 3121 adsunt
2528 3064 2675 3120 omni
2714 3062 3011 3121 substantia
3055 3061 3256 3116 faciunt
3297 3060 3429 3115 alias
3458 3074 3520 3116 ac

1931 3159 2326 3229 discrepantes,
2344 3168 2501 3230 atque
2526 3158 2606 3213 ha:
2624 3158 2678 3212 in
2699 3155 3030 3212 dilﬁnitionis
3047 3162 3197 3226 parte
3216 3163 3518 3219 sumuntur,

238 3238 421 3331 deum.
450 3238 703 3331 ιιοηιερξεηι
732 3276 794 3330 ab
820 3238 937 3330 αὖε,
958 3289 977 3329 ε
1002 3238 1297 3344 ,διιάρεηηι
1324 3288 1433 3327 me
1472 3272 1541 3325 ad
1576 3238 1825 3341 ηαξήραη.
1850 3247 1900 3312 C
1933 3267 2058 3306 nam
2091 3251 2135 3305 si
2161 3249 2407 3305 difﬁnitio
2434 3249 2787 3305 substantiam
2813 3256 3096 3313 monstrat,
3127 3252 3181 3301 et
3201 3238 3521 3299 substantia-
3581 3263 3585 3267 ·

240 3367 392 3435 dum,
424 3384 527 3421 non
560 3366 656 3422 erit
682 3366 1033 3436 completurum
1060 3363 1383 3431 substantiae,
1422 3377 1513 3415 nec
1541 3364 1652 3434 ejus
1680 3376 1818 3430 pars,

241 3461 329 3516 sed
353 3460 586 3530 aptitudo
622 3458 858 3531 quadam
887 3440 1071 3513 solum.
1105 3456 1310 3511 Idcirco
1333 3458 1451 3526 quia
1479 3470 1578 3508 non
1602 3464 1675 3509 est
1707 3454 1825 3506 talis

241 3553 555 3621 differentia,
602 3553 779 3621 quales
823 3560 942 3607 sunt
983 3549 1284 3618 diﬂerentiw
1311 3562 1425 3617 qua:
1451 3546 1702 3617 speci/ica:
1744 3544 1827 3598 di-

242 3659 444 3718 cuntur,
486 3657 633 3704 erunt
678 3664 798 3718 ergo
838 3647 1089 3716 speci/ica
1136 3643 1473 3712 differentiae,
1519 3656 1827 3712 quecunque

242 3741 456 3796 alteram
488 3742 685 3812 faciunt
707 3741 944 3809 speciem,
976 3748 1023 3793 et
1048 3752 1360 3809 quacunque
1389 3737 1441 3789 in
1470 3751 1526 3790 eo
1547 3734 1683 3806 quod
1706 3733 1827 3803 quid

242 3847 318 3889 est
345 3850 453 3889 esse
477 3835 549 3888 rei
584 3831 1029 3903 accipiuntur.‘Ac
1069 3830 1132 3883 de
1158 3827 1459 3896 di/ferentiis
1496 3825 1701 3897 quidem
1728 3825 1827 3879 ista

242 3926 512 3995 snﬁiciant.
1178 3916 1183 3921 ’

316 4016 520 4072 Sensus
548 4014 925 4086 propositionis
955 4011 1260 4084 hujusmodi
1284 4019 1407 4067 est:
1440 4009 1703 4078 Quoniam
1731 4011 1827 4065 su-

243 4110 430 4178 perius
458 4108 592 4163 dixit
618 4108 1007 4167 determinasse
1035 4087 1296 4175 quosdam
1326 4103 1680 4159 dilferentiam
1708 4115 1829 4157 esse

245 4214 354 4270 qua
384 4214 413 4253 a
450 4214 509 4255 se
536 4202 739 4271 singula
787 4200 1191 4269 discreparent,
1240 4198 1315 4251 ait
1359 4196 1493 4251 alio‘s
1523 4194 1831 4265 diligentius

244 4293 318 4350 de
356 4293 653 4350 diﬁerentia
698 4303 1128 4366 perscrutantes,
1178 4307 1283 4347 non
1330 4290 1494 4344 fuisse
1541 4288 1832 4342 arbitratus

244 4397 393 4445 recte
422 4404 543 4446 esse
573 4388 817 4461 superius
851 4389 1177 4460 propositam
1207 4384 1602 4441 difﬁnitionem.
1650 4379 1833 4449 Neque

246 4481 392 4536 enim
439 4482 618 4537 omnia
661 4498 994 4553 quaecunque
1039 4480 1140 4536 sub
1187 4478 1377 4535 eodem
1427 4474 1596 4545 posita
1634 4486 1833 4543 genere

248 4574 464 4630 differre
488 4574 687 4630 faciunt
713 4575 1028 4632 diﬂ'erentiae
1056 4574 1125 4629 de
1153 4572 1346 4645 quibus
1377 4584 1520 4625 nunc
1550 4575 1833 4631 tractatur,-

1933 3342 2016 3397 les
2057 3340 2373 3417 dill'erentiae
2403 3341 2610 3409 species
2644 3338 2913 3407 elﬁciunt,
2944 3336 3326 3395 substantiales
3364 3333 3519 3391 dill‘e-

1932 3438 2121 3491 rentia:
2149 3442 2327 3505 partes
2356 3444 2483 3489 sunt
2512 3433 2913 3489 diltinitionum.
3264 3418 3265 3421 “

1943 3532 1946 3535 “
2504 3525 2593 3579 DE
2634 3524 2951 3580 PROPRIO.

2007 3621 2290 3691 Proprium
2330 3636 2446 3675 vero
2491 3619 2866 3690 quadrifariam
2903 3617 3133 3671 dividunt
3164 3632 3183 3670 :
3224 3631 3344 3669 nam
3385 3623 3431 3669 et
3470 3615 3520 3667 id

1934 3698 2072 3787 quod
2093 3715 2189 3768 soli
2209 3715 2364 3767 alicui
2384 3713 2568 3782 speciei
2591 3712 2799 3776 accidit,
2819 3721 2863 3764 et
2887 3712 2930 3765 si
2954 3726 3054 3763 non
3077 3710 3235 3775 omni,
3261 3709 3522 3778 praprium

1936 3819 2052 3863 est:
2082 3817 2135 3861 ut
2170 3807 2364 3861 homini
2404 3822 2509 3861 esse
2550 3806 2798 3861 medicum
2824 3806 2899 3859 vel
2922 3813 3250 3875 geometram.
3298 3800 3363 3855 Et
3390 3801 3523 3871 quod

1937 3900 2078 3953 omni
2105 3900 2314 3966 accidit,
2343 3908 2389 3953 et
2415 3899 2460 3952 si
2482 3914 2583 3951 non
2610 3897 2732 3964 soli,
2759 3894 3183 3965 quemadmodum
3207 3892 3399 3946 homini
3420 3906 3524 3945 esse

1937 3992 2186 4061 bipedem.
2216 3989 2285 4044 Et
2309 3991 2446 4059 quod
2474 3991 2570 4044 soli
2596 4000 2642 4043 et
2678 3989 2820 4049 omni
2849 3997 2895 4041 et
2925 3985 3227 4057 aliquando,
3258 3994 3312 4038 ut
3335 3984 3525 4037 homini

1937 4088 1990 4139 in
2019 4095 2270 4140 senectute
2294 4101 2580 4141 canescere.
2615 4083 2683 4139 Et
2709 4083 2842 4154 quod
2875 4082 2971 4137 soli
2998 4090 3043 4134 et
3070 4081 3206 4134 omni
3235 4088 3279 4133 et
3308 4093 3525 4148 semper,

1939 4179 2364 4245 quemadmodum
2387 4177 2580 4233 homini
2602 4193 2709 4231 esse
2726 4175 2953 4230 risibile:
2978 4189 3095 4226 nam
3125 4173 3217 4227 etsi
3238 4188 3338 4226 non
3358 4171 3526 4227 rideat

1940 4288 2155 4342 semper,
2185 4282 2354 4325 tamen
2374 4269 2585 4324 risibilis
2607 4270 2816 4333 dicitur,
2841 4283 2941 4322 non
2960 4267 3099 4338 quod
3120 4280 3318 4333 semper
3340 4266 3525 4329 rideat,

1940 4364 2029 4417 sed
2057 4363 2192 4433 quod
2219 4378 2415 4434 semper
2437 4369 2589 4432 aptus
2616 4369 2765 4414 natus
2794 4361 2859 4413 sit
2888 4360 2955 4411 ad
2982 4358 3275 4425 ridendum,
3306 4360 3399 4410 hoc
3437 4373 3528 4409 aus

1941 4468 2042 4512 tem
2068 4458 2113 4511 ei
2146 4472 2343 4527 semper
2366 4456 2599 4510 naturale
2632 4464 2734 4520 est,
2766 4463 2821 4508 ut
2850 4463 2897 4508 et
2931 4469 3056 4520 equo
3094 4451 3357 4506 [tinnibile.
3400 4449 3527 4505 Hau:

1941 4558 2115 4603 autem
2136 4547 2468 4602 nominantur
2487 4563 2599 4601 vere
2619 4545 2849 4615 propria,
2875 4544 3111 4622 quoniam
3132 4552 3491 4597 convertuntur
3510 4558 3546 4596 εκ

248 4664 303 4724 id
333 4674 415 4720 est
459 4665 722 4734 speciiicze
753 4665 1019 4733 nominari
1052 4631 1280 4735 queunt.
1326 4631 1509 4717 i’lures
1539 4661 1680 4714 enim
1709 4668 1837 4713 sunt
1859 4637 1915 4700 Ῑ)
1940 4631 2189 4735 σιιξᾷσιιὶά
2217 4640 2350 4694 enim
2381 4650 2453 4693 εει
2482 4655 2636 4708 equus
2662 4636 2911 4701 Ιιίηηὶθὶίε
2939 4648 3040 4706 εδει
3066 4646 3113 4690 ει
3140 4635 3388 4705 (ιιιὶιλτμιίά
3416 4634 3528 4688 Μη-

249 4770 372 4824 qua:
398 4754 469 4809 ita
497 4755 756 4812 dividunt
780 4744 989 4827 species
1015 4758 1115 4812 sub
1151 4770 1260 4810 uno
1289 4768 1488 4824 genere
1516 4751 1748 4820 positas,
1780 4761 1839 4805 ut

250 4855 435 4902 tamen
464 4849 647 4916 eorum
680 4846 1042 4906 substantiam
1062 4847 1284 4903 minime
1313 4846 1650 4901 conlo'rment
1673 4859 1687 4898 :
1713 4842 1837 4910 quia

250 4934 365 4993 non
387 4938 635 4994 videntur
665 4954 787 4997 esse
812 4939 1128 5011 dili‘erentitc
1156 4939 1438 5011 specilicae,
1470 4937 1572 4993 nisi
1595 4937 1699 4992 illae
1722 4936 1846 4990 tan-3

248 5036 364 5083 tum
393 5043 510 5099 qua:
537 5025 611 5084 ad
637 5029 687 5084 id
717 5029 859 5100 quod
890 5038 974 5085 est
1007 5018 1129 5089 esse
1171 5029 1492 5099 proﬁciunt,
1537 5026 1588 5081 id
1630 5034 1713 5081 est.
1756 5024 1840 5078 hae

248 5134 376 5189 qua:
411 5119 461 5174 in
492 5120 900 5179 dillinitionibus
928 5123 1156 5195 aiicujus
1195 5132 1377 5193 partes
1406 5130 1675 5192 ponuntur
1706 5135 1721 5173 :
1755 5118 1840 5174 ba:

247 5218 432 5264 autem
461 5220 616 5280 sunt,
645 5221 704 5267 ut
728 5214 991 5269 rationale
1034 5214 1285 5269 hominis.
1328 5212 1458 5269 Nam
1485 5210 1841 5267 substantiam

250 5298 488 5354 hominis
526 5301 854 5369 conformat,
886 5314 942 5360 et
981 5303 1049 5359 ad
1087 5318 1207 5360 esse
1252 5303 1487 5359 hominis
1518 5302 1756 5372 prolicit,
1784 5294 1841 5360 et

246 5392 588 5449 dit‘liuitionis
617 5396 733 5465 ejus
774 5412 897 5467 pars
927 5409 1010 5454 est
1042 5414 1057 5451 :
1088 5414 1219 5469 ergo
1256 5399 1357 5454 nisi
1385 5398 1450 5453 ad
1495 5397 1546 5452 id
1576 5396 1714 5465 quod
1755 5405 1842 5452 est

246 5497 373 5569 esse
397 5486 671 5555 conducit,
702 5494 758 5543 et
776 5487 894 5559 ejus
914 5488 1057 5559 quod
1084 5499 1166 5544 est
1194 5504 1316 5544 esse
1342 5489 1416 5543 rei
1450 5503 1572 5557 pars
1597 5487 1687 5554 sit,
1716 5502 1838 5557 spe-

247 5574 406 5629 cilica
435 5576 740 5633 dillerentia
764 5579 912 5635 nullo
944 5578 1102 5635 modo
1131 5580 1322 5649 poterit
1350 5580 1664 5649 nuncupari.
1697 5578 1839 5645 Quid

246 5674 339 5720 est
378 5675 558 5722 autem
596 5684 718 5725 esse
744 5671 819 5725 rei
847 5670 978 5725 nihil
1019 5669 1161 5725 aliud
1194 5669 1293 5724 nisi
1321 5668 1589 5723 dil‘linitio.
1625 5667 1840 5723 Unicui-

249 5774 361 5827 que
389 5761 534 5815 enim
562 5762 641 5817 rei
671 5763 1011 5833 interrogata:
1056 5763 1181 5833 quid
1225 5771 1339 5829 est,
1372 5763 1416 5817 si
1446 5762 1563 5831 quis
1589 5764 1728 5830 quod
1759 5769 1844 5814 cst

242 5866 377 5928 esse
417 5866 718 5917 monstrare
756 5856 1021 5931 voluerit,
1054 5857 1425 5916 dilliuitioucm
1455 5854 1601 5912 dicit.
1629 5852 1766 5924 Ergo
1796 5852 1844 5908 si
1890 5931 1913 5947 ς

1946 4731 2121 4798 nibile,
2144 4748 2320 4802 equus.
2414 4802 2417 4805 _
2566 4784 2569 4787 λ

2012 4825 2276 4895 Superius
2297 4824 2494 4878 dictum
2524 4824 2815 4899 estomnia
2844 4822 3057 4893 propria
3083 4836 3149 4875 ex
3174 4819 3530 4875 accidentium

1949 4915 2148 4987 genere
2175 4916 2520 4973 descendere.
2552 4915 2818 4985 Quidquid
2850 4915 2992 4969 enim
3023 4913 3089 4968 de
3116 4909 3297 4982 aliquo
3336 4911 3531 4982 praedi-

1903 5018 1908 5024 '
1950 5023 2104 5068 catur
2135 5022 2226 5067 aut
2254 5011 2604 5066 substantiam
2638 5008 2919 5074 informat,
2948 5018 3038 5062 aut
3066 5005 3359 5061 secundum
3396 5003 3531 5059 acci~

1951 5103 2087 5159 deus
2113 5103 2271 5158 inest.
2296 5101 2434 5157 Nihil
2464 5115 2590 5156 vero
2615 5108 2695 5155 est
2716 5099 2855 5173 quod
2878 5093 3162 5167 cujuslibet
3189 5098 3264 5153 rei
3290 5097 3532 5152 substan-

1950 5197 2077 5251 tiam
2129 5204 2387 5249 monstret
2432 5194 2532 5247 nisi
2580 5194 3065 5262 genus,.species,
3115 5198 3169 5245 et
3213 5186 3508 5243 differentia

1953 5288 2133 5342 Genus
2176 5286 2389 5357 quidem
2434 5293 2489 5340 et
2528 5283 2853 5348 dilierentia,
2902 5283 3096 5353 speciei
3129 5298 3141 5333 :
3172 5279 3379 5347 species
3408 5293 3533 5333 vero
3589 5338 3593 5345 ,

1948 5379 2367 5435 individuorum.
2399 5376 2663 5447 Quidquid
2710 5391 2839 5447 ergo
2869 5376 3129 5446 reliquum
3174 5370 3353 5438 cst_in
3397 5369 3535 5423 acci-
3588 5440 3591 5441 ν

1950 5474 2192 5529 dentium
2214 5485 2437 5526 numero
2458 5470 2687 5539 ponitur.
2711 5467 2813 5525 Sed
2835 5469 3083 5538 qu0niutn
3103 5463 3215 5533 ipsa
3237 5460 3535 5533 accidentia

1951 5566 2149 5621 habent
2194 5567 2336 5620 inter
2380 5578 2439 5618 se
2479 5562 2709 5632 aliquam
2755 5560 3145 5620 differentiam,
3192 5553 3393 5608 idcirco
3433 5553 3536 5610 alia

1952 5660 2165 5729 quidem
2197 5657 2443 5729 pr0pria,
2474 5657 2574 5710 alia
2602 5656 2779 5724 priore
2803 5662 2962 5720 atque
2991 5649 3291 5719 antiquiore
3319 5647 3537 5702 nomine

1953 5756 2250 5812 accidentia
2300 5761 2704 5822 nuncupantur,
2756 5756 2809 5802 et
2866 5746 2932 5798 de
2976 5743 3340 5800 accidentibus
3382 5743 3539 5811 paulo

1953 5859 2094 5920 post.
2123 5847 2269 5904 Nunc
2299 5846 2365 5902 de
2400 5846 2627 5917 propriis
2654 5855 2772 5913 qua:
2798 5838 3177 5912 quadrifariam
3205 5824 3540 5905 dividuntur,
