4106 6336
541 290 633 348 iiii
1760 288 1873 345 AN.
1916 281 2102 343 MANL

2217 286 2317 342 BV.
2362 284 2589 342 BOETII

3715 286 3817 347 1‘53

537 430 647 471 non
695 420 943 482 tanquam
995 419 1165 480 genus
1211 402 1428 475 aliquod
1477 403 1749 474 proprium
1798 404 1851 459 in
1894 414 2121 477 quatuor
2148 408 2205 470 Α
2228 413 2283 462 et
2306 404 2433 470 soli,
2467 413 2518 459 et
2547 416 2761 472 semper
2784 402 2964 469 adest,
2999 410 3058 457 ut
3080 408 3203 458 esse
3228 400 3454 458 risibile.
3488 403 3666 474 Atque
3694 404 3816 460 ideo

538 505 746 577 species
787 502 949 559 dividi
975 499 1253 567 secarique
1278 496 1478 566 possit,
1507 495 1601 552 sed
1632 496 1732 553 hoc
1767 498 1908 567 quod
1937 497 2011 551 ait
2036 498 2116 553 di-

534 600 743 668 vidunt,
774 600 844 654 ita
868 593 1265 664 intelligendum
1296 600 1380 647 est
1406 601 1655 662 tanquam
1677 595 1723 647 si
1751 591 1957 646 diceret
1978 609 2114 647 nun-

537 703 763 763 cupant,
798 690 846 746 id
873 697 953 744 est
984 686 1258 757 proiirium
1299 683 1675 756 quadrifariam
1706 684 1922 749 dicunt,
1963 685 2115 754 cuius

536 782 870 854 quadrifarite
896 777 1270 849 appellationis
1296 777 1713 846 signiﬁcationes
1735 788 2030 842 enumerat,
2058 786 2117 831 ut

535 891 655 947 quae
675 875 741 930 sit
760 870 1087 927 conveniens
1110 878 1162 923 et
1183 883 1413 936 congrua
1436 868 1757 938 nuncupatio
1776 868 2116 937 proprietatis

534 962 797 1020 ostendat.
831 960 972 1016 Dicit
1004 974 1133 1030 ergo
1160 958 1301 1027 quod
1332 959 1601 1029 proprium
1636 962 1806 1025 primo
1834 965 1945 1023 est,
1975 958 2116 1013 acci-

534 1056 665 1111 dens
692 1055 831 1124 quod
863 1054 937 1107 ita
963 1053 1050 1106 uni
1080 1051 1277 1121 speciei
1303 1051 1474 1116 adest,
1504 1059 1562 1104 ut
1588 1059 1764 1103 tamen
1788 1049 1933 1103 nullo
1954 1048 2116 1103 modo

530 1155 835 1216 coaequetur
864 1145 912 1199 ei
936 1186 951 1210 ,
980 1143 1075 1198 sed
1119 1142 1259 1197 infra
1287 1142 1543 1196 subsistat
1565 1156 1627 1195 ac
1658 1151 1896 1205 maneat,
1928 1149 1985 1194 ut
2013 1141 2113 1194 ho-

530 1241 691 1296 minis
719 1240 915 1296 dicitur
944 1238 1215 1308 proprium
1258 1235 1520 1292 medicum
1560 1248 1709 1298 esse,
1744 1232 1943 1289 idcirco
1972 1232 2115 1303 quod

529 1333 661 1389 nulli
687 1332 995 1387 animalium
1020 1330 1193 1384 inesse
1220 1337 1415 1398 potest.
1444 1326 1553 1380 Nec
1574 1323 1702 1379 illud
1730 1323 2115 1379 attendendum

528 1442 595 1481 an
628 1426 729 1481 hoc
758 1426 822 1479 de
854 1424 998 1478 omni
1034 1422 1251 1477 homine
1280 1418 1558 1489 praedicari
1607 1416 1806 1486 possit,
1844 1414 1936 1471 sed
1986 1413 2116 1470 illud

529 1528 734 1575 tantum
760 1518 903 1590 quod
932 1518 999 1571 de
1027 1515 1174 1570 nullo
1196 1514 1299 1568 alio
1325 1514 1425 1566 nisi
1451 1510 1519 1565 de
1542 1509 1759 1563 homine
1783 1507 1885 1563 dici
1921 1515 2112 1577 potest,

529 1611 796 1666 medicum
835 1623 975 1663 esse.
1024 1607 1088 1662 Et
1135 1606 1249 1659 haac
1289 1603 1503 1675 quidem
1550 1601 1870 1671 significatio
1914 1598 2114 1668 proprii

531 1704 727 1758 dicitur
754 1717 875 1757 eSse
896 1700 1018 1768 soli,
1047 1697 1253 1753 etiamsi
1275 1712 1379 1750 non
1402 1694 1565 1750 omni.
1589 1693 1702 1749 Soli
1724 1693 1867 1749 enim
1890 1692 2111 1761 speciei,

2219 507 2417 552 rietera
2444 497 2660 566 quidem
2699 496 2939 551 converti
2988 510 3094 550 non
3142 504 3389 566 possunt.
3432 494 3621 566 Neque
3669 497 3817 551 enim

2217 596 2525 657 coaequatur
2567 588 2707 657 quod
2748 586 2866 654 soli,
2919 586 3014 641 sed
3058 601 3164 641 non
3209 586 3359 641 omni
3403 586 3601 654 speciei
3631 585 3812 640 adest.

2220 680 2440 750 Species
2467 681 2682 751 quidem
2726 679 2795 734 de
2837 680 2956 748 ipso
2984 679 3086 733 dici
3134 688 3337 748 potest,
3383 679 3556 749 ipsum
3586 695 3718 735 vero
3746 680 3814 735 de

2219 773 2401 843 specie
2449 773 2689 827 minime.
2733 771 2833 838 Qui
2877 772 3021 826 enim
3070 772 3308 826 medicus
3336 780 3446 838 est,
3492 780 3668 841 potest
3705 772 3814 830 dici

2219 865 2402 918 homo.
2433 866 2602 919 llomo
2624 879 2756 919 vero
2776 864 2865 934 qui
2889 873 2993 929 est,
3019 863 3257 919 medicus
3277 864 3441 919 etiam
3465 878 3569 919 non
3591 864 3809 919 dicitur.

2220 957 2452 1012 Rursum
2481 957 2620 1027 quod
2663 959 2732 1010 ita
2777 966 2858 1010 est
2898 957 2985 1010 alii
3038 956 3339 1023 proprium,
3383 967 3439 1009 ut
3478 955 3627 1009 omni
3670 955 3813 1009 adsit

2220 1051 2430 1105 etiamsi
2473 1064 2579 1104 non
2609 1050 2743 1115 soli,
2775 1049 2947 1117 ipsum
2975 1050 3193 1117 quidem
3221 1050 3290 1105 de
3317 1049 3498 1116 specie
3529 1049 3810 1117 praedicari

2220 1151 2417 1211 potest,
2448 1142 2657 1210 species
2688 1155 2817 1195 vero
2843 1142 2911 1195 de
2949 1155 3015 1195 eo
3058 1142 3298 1196 minime.
3329 1138 3462 1194 Nam
3492 1140 3645 1209 bipes
3674 1156 3811 1209 prai-

2219 1236 2386 1290 dicari
2425 1234 2494 1290 de
2525 1234 2742 1287 homine
2771 1240 2975 1300 potest,
3004 1232 3164 1288 homo
3192 1247 3323 1289 vero
3347 1232 3417 1288 de
3440 1232 3635 1302 bipede
3664 1233 3812 1288 nullo

2185 1401 2192 1408 ο
2220 1329 2401 1383 modo.
2432 1327 2637 1381 Rursus
2660 1325 2805 1396 quod
2843 1328 2912 1381 ita
2941 1326 3126 1391 adest,
3154 1334 3214 1381 ut
3253 1327 3397 1381 omni
3418 1366 3434 1390 ,
3465 1334 3520 1380 et
3548 1324 3684 1391 soli,
3714 1325 3809 1382 sed

2219 1420 2507 1490 aliquando
2534 1418 2699 1484 adsit,
2734 1419 2987 1487 quoniam
3033 1418 3102 1472 de
3145 1426 3385 1487 tempore
3418 1417 3579 1473 habet
3607 1416 3809 1487 aliquid

2218 1511 2576 1579 diminutum,
2619 1525 2723 1566 nec
2764 1509 3079 1581 simpliciter
3121 1509 3301 1575 adest,
3352 1509 3676 1579 reciprocari
3703 1523 3809 1563 non

2220 1604 2436 1673 poterit.
2470 1604 2762 1657 Possumus
2800 1603 2942 1657 enim
2986 1602 3195 1665 dicere,
3229 1602 3404 1655 omnis
3441 1603 3529 1667 qui
3563 1601 3810 1669 pubescit

2223 1694 2388 1749 homo
2414 1704 2529 1760 est,
2560 1710 2668 1749 non
2710 1704 2888 1750 tamen
2929 1692 3189 1758 dicimus,
3217 1693 3391 1747 omnis
3418 1693 3508 1763 qui
3536 1703 3615 1747 est
3646 1692 3810 1747 homo

528 1795 737 1851 etiamsi
782 1808 887 1847 non
930 1789 1077 1846 omni
1123 1798 1449 1856 coaequatur,
1496 1796 1552 1840 ut
1598 1785 1797 1839 homini
1843 1772 2197 1849 medicum'B
2222 1788 2710 1859 pubescitzpotest
2733 1787 2876 1843 enim
2904 1786 3124 1840 minime
3150 1783 3567 1854 adiuventutem
3597 1786 3808 1850 venire,

528 1901 670 1952 esse,
703 1886 801 1940 soli
830 1883 1046 1955 quidem
1075 1882 1213 1936 inest
1242 1878 1466 1945 homini,
1489 1878 1585 1934 sed
1616 1893 1722 1932 non
1750 1878 1997 1932 omnibus
2019 1878 2116 1932 ho-

528 1978 756 2032 minibus
784 1976 849 2030 ad
878 1975 1154 2030 scientiam
1183 1972 1352 2027 adest.
1385 1970 1542 2025 Aliud
1569 1969 1842 2039 proprium
1864 1978 1946 2023 est
1970 1970 2116 2039 quod

528 2050 651 2125 huic
693 2069 1000 2125 ccontrario
1040 2065 1233 2121 dicitur
1269 2064 1414 2120 omni
1463 2063 1622 2117 etiam
1664 2076 1769 2116 non
1808 2059 1935 2129 soli,
1969 2061 2115 2131 quod

528 2161 831 2232 huiusmodi
856 2169 972 2226 est,
1005 2167 1061 2213 ut
1089 2170 1302 2212 omnem
1333 2154 1548 2225 quidem
1577 2154 1810 2223 speciem
1840 2154 2115 2207 contineat

526 2268 749 2323 eamque
777 2249 1135 2306 transcendat.
1165 2248 1230 2302 Et
1256 2248 1509 2316 quoniam
1540 2245 1756 2315 quidem
1785 2244 1917 2298 nihil
1942 2255 2113 2300 estex

526 2343 783 2412 subjectis
804 2341 1002 2411 speciei
1028 2338 1170 2411 quod
1194 2339 1285 2393 illo
1314 2338 1531 2407 proprio
1556 2352 1661 2392 non
1689 2346 1864 2392 utatur
1883 2338 2112 2393 dicimus

526 2435 691 2490 omni.
737 2434 1000 2502 Quoniam
1045 2447 1174 2487 vero
1214 2430 1543 2486 transcendit
1584 2432 1634 2485 in
1678 2432 1837 2497 alias,
1881 2430 2112 2487 dicimus

526 2542 632 2582 non
659 2527 778 2591 soli,
811 2525 914 2579 hoc
946 2522 1250 2594 huiusmodi
1280 2533 1361 2577 est
1392 2523 1548 2593 quale
1578 2522 1780 2578 homini
1819 2538 1937 2578 esse
1962 2523 2112 2594 bipe-

524 2618 669 2674 dem.
687 2616 966 2687 Pr0prium
986 2618 1131 2671 enim
1152 2624 1234 2670 est
1254 2615 1485 2671 hominis
1501 2630 1620 2671 esse
1641 2616 1906 2686 bipedem.
1925 2617 2111 2671 Omnis

523 2710 666 2766 enim
697 2709 858 2764 homo
877 2708 1027 2778 bipes
1051 2716 1133 2763 est
1159 2708 1374 2763 etiamsi
1404 2723 1508 2762 non
1539 2708 1703 2774 solus,
1732 2723 1858 2763 aves
1889 2709 2031 2763 enim
2056 2719 2110 2763 et

524 2804 742 2874 bipedes
785 2812 930 2859 sunt.
972 2803 1213 2859 Gemina:
1258 2802 1419 2873 igitur
1460 2801 1878 2873 significationes
1906 2802 2107 2871 proprii

523 2914 644 2970 qua:
665 2900 909 2968 superius
932 2897 1087 2953 dictae
1115 2906 1242 2953 sunt
1265 2897 1463 2953 habent
1487 2896 1680 2966 aliquid
1706 2896 1908 2959 minus;
1936 2896 2106 2963 prima

524 2991 735 3060 quidem
765 2990 905 3061 quod
930 3005 1037 3045 non
1062 2990 1229 3056 omni,
1264 2989 1495 3045 secunda
1529 3003 1655 3043 vero
1681 2988 1819 3056 quod
1849 3002 1954 3041 non
1982 2987 2104 3052 soli,

523 3097 655 3151 quas
684 3083 726 3136 si
754 3081 1063 3152 iungimus,
1094 3080 1320 3136 facimus
1343 3080 1487 3134 omni
1511 3088 1564 3135 et
1591 3079 1710 3133 soli.
1741 3080 1845 3132 Sed
1872 3078 2107 3148 dempsi-

2221 1893 2385 1953 atque
2410 1882 2532 1938 ideo
2554 1896 2655 1937 nec
2677 1882 2967 1951 pubescere
2990 1878 3115 1951 (nisi
3138 1878 3277 1933 forte
3298 1894 3402 1934 non
3424 1879 3494 1933 sit
3515 1877 3810 1947 pubescere

2224 1973 2458 2029 hominis
2495 1972 2823 2044 proprium),
2863 1970 2959 2027 sed
2996 1970 3049 2025 in
3076 1969 3359 2040 iuventute
3404 1969 3694 2039 pubescere
3719 1984 3809 2022 so-

2223 2064 2517 2119 lummodo.
2548 2065 2653 2118 Aut
2696 2063 2857 2117 etiam
2887 2076 3008 2117 cum
3036 2060 3271 2116 nondum
3303 2071 3384 2116 est
3412 2060 3465 2115 in
3501 2059 3803 2129 iuventute,

2221 2165 2315 2210 aut
2347 2158 2508 2211 etiam
2541 2154 2831 2225 praeteriit,
2863 2164 3043 2210 tamen
3071 2156 3145 2209 sit
3180 2154 3232 2208 ei
3261 2154 3532 2224 proprium
3562 2169 3668 2207 non
3702 2153 3809 2208 tale

2222 2249 2381 2316 quale
2409 2256 2533 2301 tunc
2572 2248 2684 2301 lieri
2714 2255 2915 2315 potest,
2949 2261 3071 2301 cum
3098 2256 3295 2315 praeter
3326 2244 3658 2316 iuventutem
3686 2256 3803 2313 est,

2221 2340 2317 2395 sed
2339 2340 2494 2410 quale
2518 2353 2640 2395 cum
2669 2340 2721 2394 in
2746 2341 3027 2408 iuventute
3053 2340 3330 2406 consistit,
3362 2348 3521 2410 atque
3550 2338 3671 2395 ideo
3703 2340 3807 2394 hoc

2219 2434 2363 2504 quod
2393 2449 2499 2488 non
2528 2432 2581 2488 in
2612 2448 2771 2489 omne
2801 2443 3011 2501 tempus
3051 2433 3302 2500 tenditur,
3348 2432 3555 2487 etiamsi
3585 2432 3694 2487 tale
3720 2440 3807 2489 est

2219 2526 2363 2595 quod
2394 2526 2539 2581 omni
2566 2526 2765 2596 speciei
2798 2526 2962 2592 adsit,
2995 2526 3137 2596 quod
3166 2534 3342 2581 tamen
3378 2526 3430 2580 in
3465 2533 3678 2595 tempus
3706 2525 3807 2578 ali-

2218 2618 2359 2685 quod
2387 2617 2684 2685 diﬂ'eratur,
2720 2619 2985 2688 integrum
3012 2627 3173 2690 atque
3197 2618 3497 2675 absolutum
3525 2618 3805 2687 proprium

2217 2725 2340 2766 esse
2369 2726 2473 2766 non
2506 2710 2723 2768 dicitur.
2755 2711 3014 2781 Quartum
3051 2721 3135 2769 est
3159 2712 3300 2783 quod
3339 2713 3411 2768 ita
3439 2712 3619 2777 adest,
3662 2721 3720 2766 ut
3747 2719 3807 2768 et

2215 2803 2385 2857 solam
2417 2812 2595 2859 teneat
2623 2804 2878 2875 speciem,
2909 2812 3039 2859 etut
3063 2804 3207 2859 omni
3231 2803 3394 2871 adsit,
3419 2815 3474 2860 et
3497 2805 3805 2860 absolutum

2216 2897 2337 2950 sita
2368 2898 2628 2967 temporis
2653 2897 2982 2965 conditione,
3006 2906 3066 2952 ut
3093 2896 3299 2953 risibile
3320 2896 3461 2967 quod
3480 2912 3510 2951 a
3535 2896 3806 2967 superiori

2216 2986 2505 3055 plurimum
2532 2986 2723 3054 distat,
2759 3002 2880 3043 nam
2920 2986 3059 3058 quod
3092 2986 3295 3043 risibile
3336 2996 3449 3055 est,
3485 2977 3700 3057 semper
3728 2989 3808 3043 ri-

2214 3079 2345 3135 dere
2364 3088 2563 3150 potest.
2586 3081 2791 3137 Rursus
2809 3081 2897 3152 qui
2920 3089 3094 3153 potest
3115 3082 3168 3136 in
3186 3081 3462 3151 iuventute
3480 3080 3802 3152 pubescere,

525 3188 643 3229 mus
670 3174 867 3244 aliquid
895 3173 1191 3230 secundum
1229 3180 1467 3241 tempus,
1512 3172 1557 3224 si
1597 3172 1645 3225 ei
1688 3169 1973 3239 adjiciatur
2013 3171 2111 3225 ali-
2138 3173 2186 3239 C
2217 3186 2338 3227 cum
2380 3172 2493 3242 ipsa
2532 3174 2787 3241 iuventus
2822 3189 2927 3228 non
2969 3173 3039 3228 sit
3084 3188 3317 3245 semper,
3370 3188 3475 3230 non
3519 3174 3567 3229 ei
3615 3173 3803 3241 adest,

523 3252 755 3337 quando,
789 3274 847 3321 ut
872 3266 941 3321 sit
967 3264 1083 3320 haec
1105 3264 1263 3320 tertia
1289 3263 1486 3334 proprii
1519 3264 1859 3333 nuncupatio,
1889 3264 2033 3320 omni
2059 3274 2113 3319 et

523 3359 646 3425 soli,
676 3357 767 3414 sed
798 3357 1107 3427 aliquando,
1130 3366 1188 3411 ut
1208 3364 1292 3412 est
1316 3356 1368 3410 in
1392 3363 1669 3411 senectute
1693 3370 2003 3421 canescere,
2026 3356 2112 3412 vel

522 3450 577 3504 in
603 3452 881 3520 iuventute
910 3450 1203 3520 pubescere
1234 3465 1247 3501 :
1279 3448 1425 3503 omni
1450 3448 1594 3504 enim
1641 3447 1843 3503 homini
1874 3447 2027 3504 adest
2056 3448 2110 3503 in

521 3541 795 3614 iuventute
819 3542 1133 3613 pubescere,
1157 3542 1282 3598 etin
1308 3550 1582 3598 senectute
1601 3557 1891 3599 canescere
1911 3553 1965 3598 et
1985 3543 2106 3599 soli.

522 3633 821 3693 Pubescere
849 3636 992 3692 enim
1022 3636 1187 3691 solius
1224 3643 1306 3690 est
1349 3634 1616 3705 hominis,
1662 3636 1755 3691 sed
1799 3635 2108 3707 aliquando,

521 3742 694 3799 neque
720 3729 864 3784 enim
892 3728 944 3782 in
972 3729 1117 3782 omni
1149 3737 1411 3798 tempore,
1443 3727 1537 3783 sed
1565 3726 1618 3781 in
1649 3729 1763 3784 sola
1792 3736 1994 3783 tantum
2022 3728 2111 3797 ju-

521 3829 755 3877 ventute.
802 3821 925 3875 llaec
954 3822 1114 3890 igitur
1151 3820 1526 3875 determinatio
1554 3823 1759 3889 proprii
1800 3823 1852 3875 in
1883 3835 1948 3875 co
1989 3821 2109 3887 qui-

522 3914 644 3968 dem
675 3911 814 3982 quod
837 3911 1007 3977 omni,
1035 3919 1090 3967 et
1110 3910 1212 3966 soli
1243 3910 1400 3979 inest,
1434 3909 1680 3964 absoluta
1707 3919 1808 3976 est,
1834 3911 1928 3966 sed
1953 3925 2017 3965 ex
2045 3926 2111 3965 eo

523 4006 701 4061 minus
749 4002 951 4074 aliquid
999 4001 1294 4069 contrahit,
1341 4016 1462 4056 cum
1512 4001 1740 4057 dicimus
1787 4001 2107 4071 aliquando,

523 4096 663 4168 quod
692 4095 737 4151 si
768 4095 1098 4159 auferamus,
1133 4094 1192 4147 fit
1220 4092 1420 4164 proprii
1452 4093 1660 4162 integra
1689 4100 1742 4147 et
1781 4091 2008 4161 simplex
2039 4091 2113 4146 si-

521 4188 793 4259 gniﬁcatio
832 4186 936 4242 hoc
970 4186 1129 4241 modo
1158 4202 1170 4238 :
1204 4184 1476 4256 proprium
1520 4194 1603 4240 est
1647 4183 1789 4254 quod
1836 4184 2014 4249 omni,
2056 4193 2111 4239 et

522 4281 656 4349 soli,
689 4287 743 4335 et
768 4292 980 4348 semper
1011 4277 1190 4341 adest,
1222 4283 1281 4331 ut
1309 4276 1513 4332 homini
1542 4275 1776 4343 risibile,
1812 4291 1951 4346 equo
1992 4277 2111 4331 hin-

525 4370 707 4427 nihile.
739 4369 925 4425 Omnis
952 4368 1096 4425 enim
1122 4368 1310 4434 homo,
1341 4378 1394 4424 et
1418 4369 1567 4422 solus
1596 4371 1756 4422 homo
1782 4368 2003 4423 risibilis
2026 4377 2111 4423 est

522 4475 577 4521 et
605 4480 833 4535 semper,
866 4463 1113 4519 similiter
1147 4472 1201 4518 et
1237 4477 1407 4532 equus
1449 4462 1724 4517 hinnihile.
1770 4461 1951 4531 Neque
1981 4461 2111 4516 illud

2218 3279 2432 3335 semper
2470 3275 2527 3320 ut
2556 3266 2607 3320 in
2632 3264 2911 3335 iuventute
2937 3264 3194 3336 pubescat
3219 3284 3231 3318 :
3264 3265 3379 3321 haec
3401 3274 3576 3321 autem
3612 3274 3804 3334 quarta

2218 3358 2419 3426 preprii
2444 3357 2760 3427 significatio
2781 3371 2938 3427 quam
2967 3358 3110 3411 nulla
3134 3358 3388 3427 temporis
3406 3357 3655 3413 diffinitio
3675 3373 3805 3412 con-

2217 3453 2459 3521 stringit,
2489 3450 2733 3505 absoluta
2762 3460 2877 3515 est,
2920 3462 3079 3521 atque
3108 3451 3229 3507 ideo
3258 3452 3419 3506 etiam
3448 3452 3802 3517 convertitur,

2218 3552 2275 3597 et
2301 3543 2369 3599 de
2410 3558 2468 3597 se
2498 3543 2726 3599 invicem
2757 3542 3029 3613 proprium
3068 3552 3226 3613 atque
3260 3543 3469 3614 species
3507 3543 3804 3613 praedican-

2217 3646 2306 3690 tur
2337 3654 2350 3689 :
2386 3635 2545 3692 homo
2569 3636 2711 3692 enim
2739 3636 2913 3693 omnis
2937 3636 3157 3692 risibilis
3196 3644 3307 3701 est,
3336 3646 3391 3693 et
3416 3651 3575 3693 omne
3599 3636 3809 3692 risibile

2216 3726 2401 3783 homo.

2755 3819 2844 3875 DE
2885 3818 3262 3877 ACClDENTI.

2290 3910 2537 3964 Accidens
2562 3919 2636 3964 est
2660 3912 2795 3980 quod
2818 3913 2960 3966 adest
2993 3922 3037 3966 et
3062 3912 3218 3978 abest,
3248 3922 3428 3984 prater
3456 3913 3665 3985 subjecti
3691 3931 3806 3968 cor.

2215 4004 2523 4074 ruptieuem.
2553 4004 2809 4058 Diuiditur
2838 4007 3091 4071 autemiu
3120 4009 3243 4072 duo,
3268 4008 3322 4061 in
3351 4008 3635 4078 separabile
3679 4019 3726 4062 et
3752 4011 3805 4063 in

2216 4095 2571 4165 inseparabile.
2605 4095 2901 4167 Separabile
2920 4100 3055 4153 enim
3080 4100 3316 4153 accidens
3339 4109 3411 4154 est
3435 4100 3657 4155 dormire
3681 4116 3699 4154 :
3726 4103 3807 4155 ni-

2216 4204 2365 4258 grum
2391 4204 2505 4242 vero
2537 4204 2673 4256 esse,
2702 4190 3106 4258 inseparabiliter
3135 4208 3282 4246 corvo
3320 4203 3369 4247 et
3405 4192 3644 4263 xEtltiOpi
3673 4197 3809 4248 acci-

2216 4279 2294 4332 dit
2321 4294 2342 4333 :
2371 4289 2533 4347 potest
2554 4292 2724 4335 autem
2751 4283 2989 4354 intelligi,
3019 4294 3068 4336 et
3093 4300 3274 4338 corvus
3299 4286 3465 4350 albus,
3489 4295 3534 4340 et
3558 4284 3808 4357 /Etltiops

2216 4370 2383 4424 nitens
2409 4372 2631 4427 candore
2659 4384 2844 4444 printer
2871 4375 3084 4444 subjecti
3117 4378 3511 4446 corruptionem.
3550 4378 3809 4447 lii/ﬁnitur

2216 4470 2388 4515 autem
2415 4464 2490 4516 sic
2536 4480 2733 4536 quoque
2758 4480 2776 4519 :
2804 4467 3040 4521 accidens
3078 4469 3317 4535 estquod
3360 4470 3604 4541 contingit
3643 4471 3809 4523 eidem

524 4575 624 4615 nos
668 4558 775 4613 ulla
802 4556 1133 4612 dubitatione
1176 4556 1455 4625 perturbet
1500 4554 1644 4624 quod
1689 4569 1902 4624 semper
1946 4554 2110 4610 homo
2136 4555 2193 4619 Β
2215 4553 2381 4609 inesse
2419 4556 2498 4610 vel
2527 4573 2628 4610 non
2656 4558 2853 4623 inesse,
2883 4567 2929 4612 et
2958 4560 3092 4628 quod
3128 4576 3292 4631 neque
3327 4577 3485 4631 genus
3513 4573 3616 4629 est,
3649 4578 3811 4633 neque

525 4665 629 4705 non
657 4649 871 4704 rideat:
898 4664 1006 4703 non
1042 4648 1184 4703 enim
1214 4646 1393 4703 ridere
1435 4646 1708 4717 proprium
1749 4657 1831 4701 est
1874 4646 2106 4716 homini,

524 4742 622 4798 sed
651 4742 877 4808 risibile,
905 4741 1048 4811 quod
1080 4756 1187 4796 non
1227 4740 1279 4795 in
1312 4748 1456 4807 actu,
1487 4739 1580 4795 sed
1611 4740 1662 4794 in
1685 4748 1948 4805 potestate
1977 4756 2109 4796 con-

524 4833 664 4889 sistit
695 4850 709 4899 ;
753 4848 884 4904 ergo
923 4831 1134 4889 etiamsi
1166 4848 1272 4887 non
1300 4831 1509 4899 rideat,
1538 4832 1662 4902 quia
1703 4833 1881 4889 ridere
1929 4823 2111 4889 tamen

527 4926 721 4997 possit,
762 4925 863 4981 soli
903 4934 958 4981 et
985 4924 1130 4980 omni
1170 4921 1374 4979 homini
1418 4937 1633 4995 semper
1661 4924 1854 4981 adesse
1891 4925 2107 4994 dicitur,

524 5030 581 5075 et
608 5017 987 5076 convenienter
1014 5021 1289 5088 proprium
1322 5027 1680 5087 nuncupatur.
1714 5015 1847 5071 Nam
1898 5018 1945 5073 si
1987 5030 2111 5074 actu

524 5121 804 5184 separetur
828 5127 858 5167 a
880 5110 1059 5182 specie
1082 5118 1343 5179 potestate
1366 5110 1512 5165 nulla
1532 5112 1738 5165 ratione
1766 5111 2105 5182 disiungitur.

524 5205 764 5271 Quatuor
780 5204 939 5275 igitur
954 5202 1371 5274 significationes
1392 5203 1593 5272 proprii
1613 5203 1767 5259 dixit.
1788 5203 1917 5259 Nam
1937 5208 2112 5275 prima

525 5296 739 5365 quidem
790 5305 874 5351 est
919 5291 1134 5364 quando
1184 5292 1432 5347 accidens
1482 5291 1556 5347 ita
1601 5294 1859 5364 subjecta:
1908 5296 2108 5364 speciei

525 5387 709 5452 adest,
741 5396 799 5441 ut
828 5385 928 5442 soli
957 5385 1008 5441 ei
1038 5384 1210 5453 adsit,
1236 5384 1445 5439 etiamsi
1474 5398 1581 5439 non
1609 5386 1790 5451 omni,
1819 5396 1874 5441 ut
1903 5386 2109 5442 homini

526 5478 812 5533 medicina.
845 5476 1089 5533 Secunda
1122 5491 1251 5532 vero
1278 5490 1400 5531 cum
1425 5476 1525 5532 soli
1553 5478 1767 5547 quidem
1797 5494 1899 5533 non
1928 5478 2101 5546 adest,

526 5570 673 5623 omni
705 5584 833 5625 vero
860 5583 1074 5639 semper
1098 5568 1425 5640 adiungitur,
1473 5578 1531 5624 ut
1558 5568 1762 5624 homini
1802 5586 1922 5626 esse
1954 5570 2101 5639 bipe-

525 5664 670 5716 dem.
698 5656 878 5717 Tertia
907 5678 1035 5719 vero
1058 5678 1177 5718 cum
1209 5663 1355 5717 omni
1394 5672 1446 5718 et
1477 5664 1609 5728 soli,
1655 5664 1750 5719 sed
1796 5665 2101 5735 aliquando,

526 5760 584 5808 ut
606 5753 807 5812 homini
830 5755 880 5811 in
897 5755 1176 5824 iuventute
1207 5755 1522 5827 pubescere.
1553 5756 1757 5826 Quarta
1780 5772 1901 5812 cum
1933 5758 2099 5825 omni,

2217 4651 2427 4720 species,
2462 4665 2622 4721 neque
2643 4649 2955 4717 cii/ferentia,
2981 4667 3145 4723 neque
3165 4655 3452 4722 proprium,
3484 4670 3683 4724 semper
3706 4671 3807 4708 au~

2218 4750 2316 4796 tem
2340 4751 2413 4797 est
2441 4742 2495 4795 in
2524 4741 2751 4813 subjecto
2777 4742 3073 4798 subsistens.
3107 4742 3355 4799 Omnibus
3380 4745 3539 4817 igitur
3570 4748 3811 4801 determi-

2217 4836 2355 4889 natis
2382 4850 2499 4905 qua:
2525 4835 2789 4907 proposita
2824 4845 2982 4891 sunt:
3010 4837 3123 4892 dico
3154 4847 3325 4893 autem
3360 4855 3573 4912 genere,
3610 4843 3807 4907 specie,

2218 4927 2539 4997 diﬂ'erentia,
2582 4929 2822 4998 preprio,
2851 4937 2900 4984 et
2934 4930 3228 4997 accidente,
3278 4933 3547 4988 dicendum
3584 4941 3660 4989 est
3695 4949 3811 5003 qui:

2216 5024 2320 5077 sint
2356 5022 2479 5089 ipsis
2508 5023 2833 5092 communia,
2864 5032 2914 5077 et
2941 5039 3057 5095 quia
3078 5025 3305 5094 propria.

2290 5113 2586 5183 Quoniam,
2627 5124 2688 5169 ut
2730 5114 2977 5186 superius
3005 5116 3203 5171 dictum
3247 5126 3359 5186 est,
3390 5119 3565 5173 omnia
3594 5133 3715 5189 quas
3740 5119 3812 5176 de

2217 5205 2398 5275 aliqua
2424 5205 2801 5274 praedicantur,
2830 5206 2914 5290 vel
2941 5206 3362 5263 substantialiter
3386 5209 3469 5263 vel
3497 5209 3809 5264 accidenta-

2218 5298 2343 5354 liter
2368 5298 2639 5354 dicuntur.
2671 5297 2911 5369 Cumque
2933 5315 2996 5355 ea
3019 5316 3140 5370 qua:
3161 5302 3584 5357 substantialiter
3610 5305 3809 5372 prmdi-

2218 5401 2432 5460 cantur,
2457 5393 2574 5462 eius
2612 5392 2679 5448 de
2712 5407 2818 5462 quo
2855 5393 3105 5447 dicuntur
3145 5392 3495 5449 substantiam
3526 5394 3808 5449 difﬁnitio-

2218 5497 2447 5553 nemque
2467 5482 2798 5550 contineant,
2822 5494 2875 5539 et
2896 5484 3001 5538 sint
3018 5501 3083 5540 eo
3103 5487 3401 5555 antiquiora
3422 5498 3581 5555 a'que
3604 5486 3806 5557 majora

2219 5574 2359 5643 quod
2387 5590 2451 5629 ex
2481 5575 2919 5631 substantialibus
2947 5578 3250 5648 praedicatis
3280 5577 3545 5633 efficitur:
3579 5594 3807 5648 cumque

2216 5683 2280 5723 ea
2312 5684 2428 5736 qua:
2453 5664 3160 5725 substant‘aliterdicuntur
3190 5681 3445 5741 pereunt,
3477 5687 3697 5727 necesse
3726 5683 3805 5731 est

2214 5773 2275 5817 ut
2305 5761 2459 5817 simul
2492 5764 2650 5819 etiam
2700 5780 2759 5820 ea
2810 5766 3207 5834 interimuntur,
3254 5780 3479 5836 quorum
3527 5774 3804 5834 naturam,

4039 869 4044 966 ἱ

4037 1213 4044 1418 t

4037 1781 4044 1992 i
