4066 6328
222 201 312 262 135
491 225 501 234 ·
1121 203 1190 260 ΙΝ
1228 200 1674 273 PORPHYRIUM
1713 200 2357 301 COMDIEN‘TARIOBUM
2400 207 2528 265 LIB.
2572 207 2634 263 V.

3388 202 3490 267 134

216 324 672 395 substantiamque
715 320 1056 383 formabant:
1096 338 1216 395 quae
1250 337 1370 379 cum
1411 323 1485 378 ita
1530 325 1664 393 sint,
1709 341 1801 383 ne-
1830 326 1884 405 Α
1907 324 2108 381 interiit
2130 324 2337 395 Species
2362 342 2374 379 :
2402 339 2529 394 ergo
2554 323 2694 392 quod
2735 321 2935 391 dictum
2963 331 3046 387 est
3084 321 3275 383 adesse
3302 332 3359 379 et
3394 324 3491 385 ab.

216 433 359 475 resse
401 429 486 473 est
534 426 592 471 ut
635 431 754 488 qum
802 413 1199 470 accidentaliter
1235 414 1503 482 dicuntur,
1553 417 1803 493 quoniam

216 508 565 566 substantiam
597 507 817 562 minime
846 506 1167 574 informant,
1204 515 1258 561 et
1296 506 1485 564 adesse
1520 516 1576 564 et
1616 509 1808 565 abesse

217 600 420 672 possint
458 607 652 669 praeter
678 597 904 666 subjecti
935 598 1355 668 corruptionem.
1393 599 1466 653 Ea
1507 600 1648 656 enim
1683 610 1802 656 tan-

220 704 317 751 tum
348 709 473 747 eum
504 694 699 767 absunt
728 691 1025 763 subjectum
1056 706 1403 761 corrumpere
1427 702 1667 763 possunt,
1688 712 1808 765 qua:

218 786 449 842 efficiunt
478 795 641 857 atque
679 787 1017 840 conformant
1062 801 1179 855 quae
1224 795 1350 840 sunt
1397 787 1807 843 substantialia:

220 894 326 948 qua:
358 892 490 932 vero
522 894 628 931 non
672 876 912 932 efﬁciunt
950 877 1299 933 substantiam
1322 922 1336 946 ,
1383 888 1440 933 ut
1478 880 1807 955 accidentia,

221 983 272 1022 ea
300 984 423 1023 cum
458 967 683 1031 adsunt,
719 968 803 1023 vel
833 968 1050 1032 absunt,
1101 984 1202 1023 nec
1242 969 1532 1027 informant
1560 971 1809 1027 substan-

223 1062 337 1114 tiam
370 1076 474 1115 nec
503 1069 874 1131 corrumpunt.
904 1060 999 1115 Est
1020 1060 1178 1132 igitur
1206 1061 1456 1118 accidens
1487 1064 1627 1133 quod
1658 1063 1811 1119 adest

223 1163 266 1207 et
291 1155 441 1208 abest
476 1163 672 1223 praeter
708 1152 933 1222 subjecti
973 1154 1392 1222 corruptionem.
1427 1154 1481 1209 ld
1518 1164 1694 1210 autem
1730 1154 1811 1211 di-

226 1245 410 1299 viditur
436 1244 489 1298 in
517 1245 650 1298 duas
683 1253 881 1312 partes.
913 1242 1177 1299 Accidens
1202 1246 1344 1299 enim
1373 1244 1513 1299 aliud
1545 1256 1625 1301 est
1656 1260 1814 1315 sepa-

225 1335 416 1401 rabile,
469 1335 613 1390 aliud
666 1335 1037 1405 inseparabile.
1092 1334 1403 1405 Separabile
1452 1337 1703 1407 quidem,
1755 1348 1816 1395 ut

226 1425 494 1492 dormire,
528 1425 742 1481 sedere.
788 1424 1147 1496 lnseparabile
1193 1442 1323 1481 vero
1368 1426 1605 1499 Aithiopi
1656 1436 1815 1498 atque

227 1531 408 1584 corvo,
437 1518 590 1574 color
629 1519 797 1590 niger.
846 1520 901 1574 ln
933 1536 1035 1589 qua
1078 1534 1136 1575 re
1169 1519 1289 1574 talis
1319 1521 1491 1575 oritur
1529 1522 1812 1592 dubitatio,

229 1602 293 1662 ita
322 1609 465 1664 enim
508 1618 592 1664 est
626 1607 915 1664 diffinitum
947 1628 958 1662 :
989 1610 1241 1666 accidens
1270 1620 1353 1666 est
1392 1612 1532 1682 quod
1572 1612 1723 1668 adest
1760 1623 1817 1669 et

1894 432 2050 485 ,esse,
2082 432 2187 472 non
2220 432 2300 482 re,
2330 417 2421 473 sed
2451 417 2629 471 animo
2662 415 3063 489 intelligendum
3093 426 3192 482 est,
3218 416 3415 488 alioqui
3441 425 3496 475 et

1907 509 2272 585 substantialia
2298 525 2416 581 qum
2447 511 2664 573 omnino
2690 509 2928 578 separari
2951 525 3058 565 non
3087 520 3327 581 possunt,
3349 514 3497 580 sarpe

1909 602 2087 656 animo
2130 611 2182 655 et
2216 600 2538 670 eugitatione
2573 600 2961 672 disjungimus,
2996 612 3054 657 ut
3094 602 3137 657 si
3182 602 3248 667 ab
3280 602 3498 659 homine

1910 690 2376 767 rationabilitatem
2409 690 2733 759 auferamus,
2760 708 2918 764 quam
2946 693 3074 749 licet
3098 700 3220 748 actu
3248 707 3500 762 separare

1913 800 2018 851 non
2051 799 2367 856 possumus,
2403 792 2578 840 tamen
2612 784 2658 840 si
2686 785 2849 840 animi
2884 785 3256 856 imaginatione
3288 784 3498 855 disjun-

1912 879 2115 948 gimus,
2149 878 2327 932 statim
2372 879 2505 948 perit
2538 877 2770 933 hominis
2807 878 3050 948 species,
3077 876 3220 950 quod
3257 875 3399 933 idem
3445 876 3500 931 in

1912 967 2278 1023 accidentibus
2316 983 2422 1022 non
2460 969 2539 1024 fit.
2578 968 2799 1023 Sublato
2828 969 2970 1022 enim
2998 967 3262 1025 accidenti
3303 967 3500 1034 cogita-

1915 1059 2094 1125 tione,
2142 1061 2350 1130 species
2405 1069 2605 1115 manet.
2671 1059 2765 1115 Est
2808 1074 3018 1130 quoque
3061 1058 3162 1113 alia
3210 1056 3505 1113 accidentis

1915 1148 2165 1204 diffinitio
2186 1160 2504 1209 cmterorum
2531 1131 2768 1204 omnium
2793 1149 3112 1219 privatione,
3137 1159 3196 1204 ut
3223 1149 3274 1204 id
3296 1148 3505 1205 dicatur

1916 1242 2163 1297 accidens
2197 1243 2335 1315 quod
2370 1258 2540 1315 neque
2568 1257 2739 1313 genus
2767 1243 2855 1308 sit,
2881 1256 3053 1311 neque
3080 1242 3303 1310 species,
3331 1253 3505 1310 neque

1916 1334 2237 1403 differentia,
2272 1350 2444 1404 neque
2475 1335 2769 1405 proprium,
2799 1350 2916 1404 qua:
2942 1333 3189 1389 diffinitio
3217 1333 3509 1403 plurimum

1918 1441 2049 1496 vaga
2075 1434 2159 1481 est
2196 1426 2459 1496 valdeque
2488 1430 2809 1482 communis.
2842 1425 2933 1482 Sic
2972 1426 3114 1480 enim
3148 1425 3306 1479 etiam
3338 1438 3508 1493 genus

1919 1519 2139 1574 difﬁniri
2173 1529 2378 1589 potesr,
2409 1520 2550 1590 quod
2580 1534 2752 1590 neque
2784 1522 3020 1588 Species,
3052 1532 3225 1589 neque
3253 1515 3513 1573 differens

1921 1611 2025 1679 tia,
2056 1628 2228 1685 neque
2262 1613 2535 1682 proprium
2566 1612 2669 1679 sit,
2713 1627 2811 1667 nec
2837 1611 3126 1667 accidens:
3159 1609 3347 1667 eodem
3379 1624 3511 1679 quos

230 1699 378 1756 abest
405 1710 598 1770 praeter
622 1701 852 1770 subjecti
886 1702 1307 1773 corruptionem.
1341 1702 1483 1758 Idem
1516 1714 1690 1759 tamen
1722 1720 1815 1759 ac-
1847 1715 1896 1779 Β
1921 1718 2024 1773 que
2055 1703 2213 1757 modo
2236 1706 2443 1773 species
2471 1718 2532 1758 ac
2560 1702 2855 1758 differentia
2877 1712 3033 1772 atque
3056 1702 3350 1772 proprium.
3374 1700 3513 1757 Cum

231 1794 406 1850 cidens
432 1794 723 1867 aliquando
763 1794 1120 1867 inseparabile
1156 1796 1387 1851 dicitur:
1418 1796 1557 1868 quod
1599 1799 1642 1852 si
1675 1800 1817 1854 inse-

232 1887 463 1957 parabile
492 1897 603 1953 est,
636 1888 828 1944 abesse
856 1903 960 1943 non
992 1889 1208 1959 poterit.
1247 1888 1465 1945 Frustra
1498 1891 1653 1961 igitur
1676 1894 1819 1962 posi-

233 1968 333 2034 tum
364 1987 450 2035 est
479 1978 731 2035 accidens
758 1994 878 2035 esse
899 1978 1043 2051 quod
1075 1979 1289 2047 adesse,
1322 1990 1376 2035 et
1400 1981 1590 2036 abesse
1630 1986 1816 2053 possit,

234 2087 344 2128 cum
368 2072 476 2128 sint
504 2074 747 2145 quaadam
773 2073 1089 2143 accidentia,
1115 2090 1235 2145 quae
1263 2090 1291 2129 a
1313 2074 1555 2147 subjecto
1586 2092 1690 2131 non
1726 2093 1820 2131 va-

234 2164 371 2222 leant
398 2166 662 2239 separari.
692 2166 797 2223 Sed
830 2166 888 2223 fit
915 2183 1058 2239 saepe
1085 2175 1145 2224 ut
1170 2182 1291 2239 qua:
1313 2179 1432 2239 actu
1462 2168 1693 2241 disjungi
1717 2187 1820 2227 non

234 2259 474 2326 valeant,
526 2270 708 2316 mente
756 2268 810 2315 et
863 2252 1199 2331 cogitatione
1232 2270 1564 2332 separentur.
1629 2264 1731 2318 Sed
1776 2263 1822 2318 si

234 2349 391 2404 animi
418 2351 627 2407 ratione
655 2351 939 2424 disjunctae
962 2351 1246 2423 qualitates
1272 2368 1301 2407 a
1328 2353 1581 2424 subjectis
1622 2372 1726 2411 non
1758 2371 1823 2413 ea

234 2445 543 2514 perimunt,
588 2445 683 2500 sed
725 2445 780 2500 in
811 2461 906 2500 sua
954 2444 1247 2500 substantia
1281 2456 1621 2517 permanent,
1663 2460 1823 2519 atque

234 2536 564 2607 perdurant,
596 2537 893 2594 accidentes
932 2553 1054 2594 esse
1102 2539 1490 2609 intelliguntur.
1522 2540 1635 2612 Age
1666 2541 1824 2612 igitur

234 2620 492 2700 quoniam
540 2627 777 2700 .‘Ethiopi
823 2630 973 2687 color
1019 2632 1168 2704 niger
1215 2631 1410 2687 auferri
1462 2648 1565 2687 non
1615 2643 1824 2703 potest,

234 2722 415 2773 animo
436 2734 561 2775 eum
583 2729 639 2775 et
663 2721 984 2793 cogitatione
1008 2737 1340 2794 separemus,
1369 2722 1473 2777 erit
1496 2721 1654 2793 igitur
1678 2710 1827 2780 color

235 2808 386 2866 albus
417 2811 679 2883 EthiOpi.
704 2812 838 2868 Num
869 2813 1067 2869 idcirco
1091 2813 1297 2885 species
1318 2824 1646 2886 consumpta:
1668 2812 1827 2871 sunt?

235 2896 465 2959 Minime.
501 2903 630 2959 Item
664 2909 825 2960 etiam
857 2921 1075 2973 corvus,
1106 2906 1148 2961 si
1175 2907 1241 2961 ab
1266 2922 1331 2963 eo
1351 2908 1584 2965 colorem
1612 2910 1823 2979 nigrum

232 2992 613 3069 imaginatione
642 3012 988 3070 separemus,
1019 3007 1298 3070 permanet
1339 3007 1516 3056 tamen
1541 3001 1689 3066 avis;
1723 3017 1825 3057 nec

1922 1808 2100 1852 autem
2144 1795 2329 1852 eadem
2371 1796 2717 1851 similitudine
2760 1794 3087 1851 definitionis
3119 1794 3348 1863 plurima
3379 1791 3513 1847 defi~

1921 1887 2024 1961 niri
2067 1898 2297 1958 queunt,
2333 1903 2435 1943 non
2481 1897 2562 1942 est
2607 1888 2897 1943 terminans
2942 1897 2994 1942 et
3023 1885 3373 1942 circumclusa
3416 1886 3511 1942 de-

1921 1980 2161 2049 scriptio,
2197 1982 2493 2059 praesertim
2534 1997 2656 2037 cum
2688 1981 2845 2053 longe
2874 1982 2942 2038 sit
2972 1982 3038 2036 ab
3075 1981 3400 2037 definitionis
3431 1979 3512 2035 in-

1922 2076 2171 2149 tegritate
2195 2076 2521 2146 sejunctum,
2549 2076 2690 2144 quod
2717 2075 3001 2146 cujuslibet
3022 2075 3099 2131 rei
3128 2073 3355 2130 formam
3384 2073 3512 2129 aliaa

1923 2182 2041 2223 rum
2093 2183 2273 2224 rerum
2308 2170 2591 2238 negatione
2632 2170 2986 2225 demonstrat.
3023 2167 3224 2234 Quibus
3266 2168 3515 2225 omnibus

1926 2259 2214 2328 expeditis,
2242 2259 2294 2314 id
2323 2271 2403 2315 est
2434 2275 2663 2335 genere,
2694 2261 2903 2331 specie,
2934 2258 3265 2327 differentia,
3298 2259 3517 2330 proprio.

1926 2362 2085 2429 atque
2116 2352 2414 2418 accidenti,
2450 2353 2839 2424 descriptisque
2865 2368 3051 2410 eorum
3080 2352 3325 2410 terminis
3348 2366 3513 2423 quan-

1927 2451 2039 2497 tum
2084 2445 2384 2510 postulabat
2414 2445 2773 2519 institutionis
2821 2446 3091 2515 brevitas,
3128 2462 3193 2502 ea
3220 2447 3332 2516 ipsa
3369 2459 3516 2501 com-

1928 2539 2161 2592 muniter
2205 2525 2583 2607 pertractanda
2616 2540 2971 2609 persequitur,
3004 2548 3063 2595 ut
3098 2554 3232 2612 quas
3271 2539 3413 2595 inter
3458 2554 3521 2598 sa

1930 2624 2161 2686 habeant
2185 2630 2511 2688 differentias
2535 2633 2649 2686 hmc
2671 2633 2926 2702 quinque,
2956 2632 3023 2688 de
3052 2632 3247 2702 quibus
3268 2627 3519 2701 superius

1931 2724 2258 2794 disputatum
2281 2732 2395 2792 est,
2427 2739 2627 2795 quasve
2656 2724 3061 2780 communiones
3090 2723 3345 2778 mediocri
3390 2736 3517 2776 con~

1930 2816 2256 2893 sideratione
2285 2800 2645 2882 demonstret,
2675 2824 2731 2871 ut
2758 2830 2863 2870 non
2888 2814 3061 2870 solum
3091 2828 3210 2889 quae
3246 2814 3359 2884 ipsa
3388 2811 3523 2883 sint,

1931 2924 2119 2964 verum
2143 2908 2306 2963 etiam
2333 2907 2782 2979 quemadmodum
2811 2906 2925 2978 ipsa
2951 2906 3091 2962 inter
3117 2917 3177 2961 se
3202 2916 3516 2975 comparen-

1933 3011 2045 3071 tur,
2070 3010 2341 3073 appareat.

232 3134 3495 3165 _________._______________________._______________

1341 3229 1717 3332 LIBER
1777 3230 2390 3359 QUINTUS.
2456 3143 2461 3149 κ

300 3485 579 3558 Expeditis
608 3501 704 3557 per
728 3498 787 3541 se
813 3486 1061 3543 omnibus
1087 3501 1206 3558 quae
1237 3482 1536 3559 proposuit,
1565 3492 1620 3541 et
1652 3497 1823 3554 quan:
1853 3484 1899 3547 C
1934 3482 2102 3545 ﬂama
2129 3495 2376 3557 praeterea
2408 3488 2473 3544 de
2499 3488 2581 3547 bis
2602 3490 2691 3560 qui
2716 3497 2839 3544 sunt
2870 3488 3239 3557 particulam,
3272 3489 3521 3559 prndio-av

233 3583 341 3637 tum
384 3576 442 3633 in
488 3577 911 3648 uniuscujusque
959 3577 1401 3639 consideratione
1459 3582 1700 3645 poterat,
1760 3572 1829 3626 ad

230 3670 477 3726 scientia:
511 3672 799 3727 terminum
833 3671 1071 3727 breviter
1101 3671 1375 3745 adductis,
1404 3684 1546 3741 nunc
1573 3668 1683 3738 jam
1717 3680 1826 3727 nou

229 3761 296 3839 de
319 3764 660 3837 singularum
691 3771 913 3829 natura,
939 3762 991 3819 id
1028 3774 1108 3821 cst
1143 3763 1227 3819 vel
1265 3763 1513 3834 generis,
1553 3761 1634 3815 vel
1673 3758 1830 3817 diffe-

229 3858 453 3929 rentiae,
490 3856 574 3911 vel
608 3856 838 3925 speciei,
874 3856 957 3913 vel
995 3855 1227 3928 proprii,
1262 3854 1347 3911 vel
1374 3853 1702 3918 accidentis,
1736 3850 1829 3906 sed

226 3945 296 4003 de
316 3948 380 4003 ad
402 3963 467 4004 se
496 3948 724 4003 invicem
757 3948 1020 4011 relatione
1049 3956 1359 4017 pertractat.
1378 3945 1509 4002 Nam
1530 3944 1656 4016 quia
1678 3958 1831 3999 com-

228 4041 520 4095 muniones
553 4054 616 4095 ac
655 4039 989 4095 differentias
1017 4056 1196 4096 rerum
1227 4039 1460 4110 colligit,
1489 4052 1594 4101 non
1625 4045 1682 4091 ut
1708 4042 1835 4093 sunt

224 4148 327 4204 per
348 4150 406 4188 se
434 4149 525 4189 res
555 4134 660 4187 illm
684 4133 1022 4201 considerat,
1052 4134 1144 4188 sed
1168 4132 1235 4188 ad
1264 4133 1395 4187 alias
1418 4131 1647 4203 qualiter
1674 4143 1829 4182 coar-

226 4237 509 4298 parentnr.
541 4227 596 4283 id
627 4237 808 4285 autem
842 4226 1039 4297 duplici
1071 4228 1231 4282 modo
1254 4226 1339 4292 fit,
1370 4225 1456 4280 vel
1477 4221 1829 4279 similitudine

223 4323 354 4393 dum
380 4331 647 4380 retractat
675 4323 1112 4389 communitates,
1136 4300 1226 4377 ‘vel
1247 4318 1685 4376 dissimilitudine
1704 4314 1832 4371 dum

224 4417 566 4474 differentias
593 4435 609 4470 :
641 4433 762 4489 qua:
792 4432 912 4473 cum
937 4416 1008 4473 ita
1027 4417 1156 4481 sint,
1180 4430 1279 4470 nos
1308 4428 1523 4486 quoque
1550 4414 1631 4475 (ut
1660 4410 1833 4467 adhuc

224 4508 492 4577 fecimus)
539 4520 762 4580 propter
805 4510 1106 4581 planiorem
1146 4508 1473 4563 intellectum
1524 4504 1832 4578 pliilOSOphi

223 4604 453 4673 vestigia
487 4610 901 4672 persequentes,
933 4600 1211 4658 ordiemur
1236 4599 1305 4655 de
1332 4598 1415 4654 his
1435 4598 1835 4654 communitati-

220 4692 327 4749 bus
352 4710 476 4764 quae
500 4692 699 4748 adsunt
725 4695 944 4764 generi,
977 4692 1179 4764 speciei
1209 4690 1562 4759 differentiae,
1593 4689 1830 4762 proprio,

219 4799 390 4857 atque
412 4785 711 4843 accidenti.
998 4772 1011 4783 δ

1934 3586 2035 3639 tur.
2071 3579 2279 3633 Ilisibile
2311 3597 2510 3650 quoque
2547 3581 2684 3635 etde
2711 3581 2913 3635 nomine
2939 3619 2954 3645 ,
2986 3588 3032 3637 el
3067 3580 3129 3634 de
3173 3581 3253 3635 his
3288 3582 3375 3649 qui
3402 3593 3520 3635 sunt

1933 3671 2288 3743 particulares,
2322 3673 2656 3741 prwdicatur.
2685 3671 2907 3743 Nigrum
2925 3682 3181 3743 postremo
3209 3672 3273 3727 de
3294 3688 3443 3727 corvo
3473 3682 3523 3731 et
3556 3680 3557 3683 ‘

1932 3763 2090 3818 ebeno
2111 3805 2125 3829 ,
2149 3774 2192 3819 et
2229 3765 2292 3818 de
2316 3764 2396 3825 his
2449 3767 2537 3831 qui
2566 3775 2683 3820 sunt
2718 3766 3083 3835 particulares,
3115 3764 3252 3836 quod
3281 3776 3356 3821 est
3388 3765 3523 3820 acci-

1935 3857 2057 3913 dens
2089 3858 2446 3925 inseparabile.
2477 3856 2610 3913 Item
2642 3860 2829 3913 moveri
2864 3858 2927 3911 de
2958 3858 3160 3912 homine
3187 3867 3234 3912 et
3272 3857 3335 3913 de
3371 3873 3520 3926 equo,

1935 3957 1981 4025 et
2003 3948 2065 4001 de
2085 3948 2163 4001 Itis
2184 3951 2269 4021 qui
2296 3960 2414 4006 sunt
2444 3950 2806 4020 particulares,
2837 3950 2975 4021 quod
3010 3960 3085 4003 est
3112 3951 3345 4004 accidens
3375 3968 3523 4017 sepa-

1933 4041 2116 4113 rabile,
2141 4041 2230 4095 sed
2254 4042 2604 4112 principaliter
2630 4041 2832 4111 quidem
2861 4042 2922 4094 de
2947 4040 3242 4104 individuis,
3273 4041 3524 4095 secunda-

1935 4134 2011 4188 rio
2042 4150 2153 4188 vero
2181 4143 2227 4187 et
2263 4134 2325 4188 de
2351 4133 2431 4187 Itis
2470 4150 2582 4204 qua:
2606 4134 2862 4187 continent
2890 4132 3154 4186 individua
3191 4133 3520 4202 praedicatur.

2006 4225 2306 4295 Antequam
2338 4225 2671 4295 singulorum
2700 4224 2768 4280 ad
2796 4224 3213 4295 unumquodque
3255 4224 3525 4280 habitudi-

1937 4333 2059 4397 nem
2090 4327 2302 4384 tractet,
2337 4318 2480 4373 illam
2512 4318 2657 4388 prius
2687 4316 2939 4386 respicit,
2972 4332 3133 4387 quam
3164 4333 3352 4373 omnes
3372 4316 3438 4371 ad
3467 4332 3531 4383 se

1937 4414 2164 4470 invicem
2195 4414 2392 4470 habere
2420 4414 2667 4470 videntur
2703 4431 2717 4468 ;
2762 4412 2877 4468 haec
2905 4420 3086 4467 autem
3120 4421 3204 4468 est
3245 4429 3348 4468 una
3376 4426 3525 4467 com-

1937 4508 2120 4571 munio
2155 4523 2270 4577 qua!
2313 4507 2707 4577 propositarum
2738 4503 2973 4575 quinque
3012 4518 3191 4560 rerum
3237 4518 3519 4561 numerum

1937 4599 2243 4673 pluralitate
2292 4597 2686 4668 praedicationis
2734 4596 2991 4663 includit,
3040 4598 3219 4650 omnia
3262 4594 3408 4650 enim
3456 4596 3525 4651 de

1937 4690 2177 4760 pluribus
2207 4690 2564 4760 praedicantur
2589 4706 2604 4754 ;
2647 4689 2698 4745 in
2724 4687 2825 4744 hoc
2852 4704 2979 4759 ergo
3008 4687 3111 4743 sibi
3154 4695 3343 4751 cuncta
3372 4702 3524 4745 com-

1938 4782 2251 4850 municant,
2296 4798 2419 4837 nam
2466 4790 2519 4839 et
2562 4797 2732 4852 genus
2779 4781 2844 4837 de
2886 4780 3126 4851 pluribus
3171 4781 3524 4850 praedicatur,

297 4877 435 4933 Cum
460 4878 622 4951 igitur
652 4878 884 4933 omnibus
904 4890 977 4935 est
1018 4880 1081 4933 de
1129 4877 1363 4949 pluribus
1403 4877 1697 4957 prtedicari.
1724 4877 1832 4933 Sed
1858 4874 2176 4945 Ditemque
2218 4875 2428 4945 species
2466 4891 2531 4928 ac
2569 4874 2904 4941 differentia,
2936 4884 2991 4929 et
3032 4875 3335 4944 proprium,
3366 4884 3526 4945 atque

221 4988 391 5044 genus
411 4971 621 5042 quidem
644 4970 707 5023 de
732 4971 964 5025 omnibus
992 4972 1084 5026 sub
1115 4987 1168 5025 se
1194 4970 1456 5042 speciebus
1503 4981 1549 5024 et
1591 4971 1654 5025 de
1699 4969 1835 5024 indi—

219 5063 434 5126 viduis,
459 5063 700 5117 similiter
726 5074 773 5117 et
803 5063 1098 5133 di/ferentia
1137 5063 1470 5135 prwdicatur,
1499 5064 1690 5132 species
1720 5078 1833 5116 vero

218 5156 287 5210 de
318 5155 407 5207 his
435 5170 552 5225 qua:
572 5155 665 5209 sub
696 5156 809 5225 ipsa
838 5166 955 5210 sunt
985 5156 1265 5211 individuis
1295 5170 1314 5209 :
1340 5163 1391 5207 at
1438 5156 1704 5225 proprium
1729 5195 1741 5216 ,
1786 5160 1834 5207 et

217 5248 286 5302 de
305 5247 486 5315 specie
511 5247 660 5316 cujus
689 5258 764 5302 est
792 5248 1078 5320 proprium,
1104 5258 1149 5301 et
1179 5246 1348 5303 deliis
1378 5262 1492 5316 qua:
1521 5244 1611 5300 sub
1634 5261 1694 5300 ea
1719 5261 1834 5317 spe-

213 5341 297 5394 cie
327 5347 456 5392 sunt
486 5338 788 5394 individuis.
816 5339 1061 5394 Accidens
1083 5352 1272 5404 autent,
1307 5350 1352 5393 et
1382 5339 1445 5393 de
1471 5337 1751 5408 speciebus,
1784 5346 1832 5392 el

214 5433 286 5486 de
317 5429 610 5483 individuis
638 5444 657 5483 :
687 5446 904 5497 namque
928 5432 1124 5486 animal
1154 5441 1196 5486 et
1224 5432 1287 5485 de
1310 5431 1481 5499 equis,
1518 5439 1564 5484 et
1595 5429 1655 5484 de
1678 5428 1834 5486 bobus

213 5522 570 5595 prcdicalur,
601 5538 718 5593 qua:
754 5532 871 5577 sunt
918 5525 1142 5593 species,
1176 5532 1221 5578 et
1267 5525 1329 5577 de
1372 5524 1466 5577 hoc
1512 5538 1668 5593 equo,
1698 5532 1744 5577 rt
1774 5523 1837 5575 de

216 5620 324 5671 hoc
355 5617 506 5682 bore,
533 5631 649 5685 quae
674 5627 790 5669 sunt
815 5617 1101 5673 individua.
1130 5617 1445 5672 Irr..lionale
1465 5633 1582 5671 vero
1604 5618 1667 5670 de
1692 5616 1837 5687 equis

212 5720 265 5787 et
297 5710 502 5777 bobus,
528 5718 577 5764 el
614 5709 679 5763 de
711 5708 790 5764 Itis
831 5711 920 5782 qui
962 5722 1080 5767 sunt
1120 5713 1455 5785 partirulnres
1503 5711 1837 5780 prtedicatur.

1942 4966 2190 5024 accidens
2224 4984 2237 5019 :
2266 4981 2385 5038 quae
2411 4980 2533 5021 cum
2577 4964 2647 5020 ita
2688 4965 2825 5029 sint,
2871 4972 2954 5021 est
2999 4980 3183 5036 eorum
3220 4980 3325 5022 una
3372 4975 3533 5036 atque

1942 5060 2230 5117 indiscreta
2256 5058 2573 5125 communio,
2596 5056 2666 5113 de
2692 5056 2932 5126 pluribus
2949 5058 3245 5126 praedicari.
3279 5057 3531 5126 Desiguat

1942 5161 2121 5208 autem
2151 5149 2481 5221 Porphyrius
2506 5149 2673 5221 ipsam
2703 5148 2771 5205 de
2797 5149 3041 5218 pluribus
3071 5149 3523 5219 prmdicationem,

1942 5242 2389 5317 quemadmodum
2446 5242 2497 5295 in
2546 5240 2770 5309 singulis
2828 5241 2960 5306 fiat,
3006 5249 3062 5297 et
3110 5240 3526 5309 unumquodque

1940 5337 2334 5409 propositorum
2365 5334 2431 5390 de
2466 5333 2656 5404 quibus
2692 5333 2932 5401 pluribus
2985 5333 3305 5403 praedicetur
3345 5341 3501 5387 ostcn

1940 5429 2037 5486 dit.
2071 5428 2155 5483 Ait
2177 5428 2317 5482 enim
2338 5439 2506 5496 genus
2532 5424 2744 5493 quidem
2773 5422 2840 5479 de
2870 5423 3111 5494 pluribus
3140 5421 3440 5493 praedicari,
3477 5424 3527 5477 id

1942 5529 2025 5575 est
2053 5517 2333 5589 speciebus
2355 5530 2418 5571 ac
2441 5517 2743 5584 specierum
2775 5514 3080 5582 individuis,
3097 5526 3154 5569 ut
3176 5515 3371 5570 animal
3396 5532 3530 5585 pra:—

1943 5614 2152 5669 dicatur
2182 5611 2249 5667 dc
2275 5610 2491 5666 homine
2529 5617 2688 5679 atque
2718 5622 2856 5678 equo
2876 5652 2891 5672 ,
2920 5622 2984 5663 ac
3010 5607 3078 5663 de
3121 5607 3206 5663 bis
3245 5608 3533 5665 individuis

1945 5722 2063 5779 quae
2089 5704 2190 5763 sub
2219 5703 2299 5762 eis
2327 5712 2471 5761 sunt.
2500 5702 2628 5760 Item
2652 5715 2821 5773 genus
2852 5698 3171 5772 praedicatur
3191 5700 3260 5760 de
3282 5700 3535 5761 differen~
