4106 6336
585 282 691 343 155

1821 288 1930 346 ΑΝ.
1970 287 2180 347 MANL.
2218 287 2375 347 sev.
2418 274 2644 345 BOE'l‘ll

3773 288 3879 345 456

580 409 670 466 tiis
696 398 1027 480 specierum,
1058 400 1218 478 atque
1241 404 1291 461 id
1312 404 1433 475 jure
1464 423 1475 457 :
1506 403 1755 476 quoniam
1784 406 1928 460 enim
1958 407 2167 477 species
2193 409 2244 469 Α
2274 406 2497 476 aequalia
2519 402 2882 460 suntsibimet
2909 410 3311 460 convertantur.
3332 403 3517 477 quue
3539 388 3604 462 lit
3629 393 3685 462 ut
3706 422 3881 477 genus

577 501 896 558 diﬂ‘erentize
923 498 1231 555 informant.
1256 496 1388 554 Cum
1412 496 1573 567 igitur
1597 512 1765 566 genus
1797 497 1863 553 de
1886 499 2169 569 speciebus
2192 510 2199 539 ι

584 594 941 665 praedicetur,
970 605 1308 661 consequens
1336 599 1418 646 est
1453 600 1511 645 ut
1539 590 1699 645 etiam
1729 590 1797 646 de
1828 590 1909 645 bis
1939 590 2171 658 dicatur,

578 700 698 754 quas
752 684 1050 755 specierum
1107 681 1461 738 substantiam
1512 680 1848 753 formamque
1898 681 2169 749 elliciunt,

578 791 685 845 quo
716 777 794 843 lit,
821 785 878 830 ut
904 789 1073 845 genus
1099 776 1269 845 etiam,
1290 772 1357 831 de
1384 773 1707 830 diﬂ'erentiis
1741 774 2080 843 praedicetur,
2109 766 2181 831 ac

579 869 778 925 nonde
806 883 907 924 una
927 910 943 935 ,
974 868 1070 926 sed
1100 867 1167 924 de
1198 868 1439 940 pluribus
1471 884 1486 923 :
1519 867 1713 924 dicitur
1736 868 1877 927 enim
1910 866 2051 938 quod
2082 881 2170 921 ra-

578 960 776 1016 tionale
818 969 902 1017 est
928 964 1075 1016 'esse
1122 960 1350 1028 animal,
1390 970 1444 1016 et
1478 975 1664 1015 rursus
1694 959 1836 1029 quod
1863 953 2185 1014 irrationale

577 1063 692 1120 est,
714 1067 837 1121 esse
866 1053 1088 1109 animal.
1117 1055 1192 1109 lta
1222 1070 1391 1125 genus
1421 1053 1489 1110 de
1516 1053 1798 1124 speciebus
1826 1068 1889 1107 ac
1921 1044 2183 1109 dill’eren?

577 1143 666 1199 tiis
689 1143 1033 1213 praedicatur,
1065 1160 1128 1200 ac
1157 1144 1226 1200 de
1255 1144 1337 1199 bis
1363 1160 1480 1214 quae
1511 1132 1611 1200 Sub
1634 1144 1774 1214 ipsis
1813 1155 1938 1199 sunt
1977 1144 2172 1199 indivi-

574 1235 718 1301 duis,
752 1237 1067 1294 diﬁ‘erentize
1089 1230 1313 1293 veroide
1342 1237 1581 1306 pluribus
1612 1236 1864 1292 dicuntur
1894 1235 2175 1306 speciebus

577 1344 641 1386 ac
670 1330 736 1385 de
762 1345 945 1385 earum
984 1329 1272 1385 individuis
1291 1370 1306 1395 ,
1348 1339 1406 1385 ut
1433 1330 1744 1384 irrationale
1772 1329 1839 1385 de
1868 1342 2007 1399 equo
2039 1343 2177 1399 pra:-

579 1421 788 1476 dicatur
818 1438 878 1476 ac
904 1422 1065 1488 bove,
1095 1437 1214 1492 quae
1242 1432 1366 1476 snnt
1412 1421 1590 1491 plures
1622 1420 1836 1492 species
1856 1460 1872 1486 ,
1914 1429 1967 1476 et
1996 1419 2062 1475 de
2093 1419 2177 1475 his

578 1530 698 1585 qua:
730 1514 831 1569 sub
861 1515 991 1584 ipsis
1024 1524 1152 1571 sunt
1192 1514 1483 1569 individuis
1521 1514 1713 1569 eodem
1744 1514 1904 1569 modo
1935 1513 2131 1569 dicitur
2161 1530 2174 1567 :

580 1622 706 1662 nam
740 1607 881 1678 quod
914 1608 980 1663 de
1027 1607 1317 1663 universali
1364 1604 2077 1677 priedicatur,‘pr:edicatur
2122 1614 2179 1661 et

581 1696 651 1752 de
682 1682 982 1753 individuo.
1015 1697 1169 1766 Quod
1212 1698 1256 1753 si
1286 1697 1590 1754 diﬂ'erentia
1629 1697 1696 1754 de
1732 1698 2016 1767 speciebus
2044 1698 2177 1753 dici-

2277 498 2345 554 de
2362 497 2697 565 dili'erentiis,
2725 506 2781 553 et
2804 495 3109 567 speciebus,
3125 505 3181 552 et
3201 497 3432 568 propriis
3447 508 3608 568 atque
3628 499 3881 555 acciden-

2278 591 2419 647 tibus
2440 591 2785 661 prauiicetur,
2814 598 2873 645 ut
2901 605 3023 645 cum
3057 589 3284 645 dicimus
3314 590 3455 662 quod
3481 592 3748 648 rationale
3770 602 3881 657 est,

2275 681 2475 737 animal
2495 692 2595 747 est;
2617 696 2785 753 genus
2796 682 2865 738 de
2880 680 3201 748 dill‘erentia,
3219 681 3361 752 quod
3379 680 3542 737 homo
3557 692 3661 750 est,
3677 681 3885 739 animal

2278 783 2388 838 est;
2422 788 2591 845 genus
2617 773 2685 829 de
2718 773 2928 844 specie,
2965 773 3109 841 quod
3151 772 3354 829 risibile
3394 781 3504 841 est,
3531 774 3731 828 animal
3762 785 3885 839 est;

2280 880 2449 936 genus
2480 865 2547 921 de
2573 866 2819 935 proprio,
2844 864 2984 935 quod
3027 864 3240 936 nigrum
3267 873 3379 930 est;
3412 865 3455 920 si
3489 864 3628 921 forte
3652 880 3885 920 corvum

2285 960 2370 1016 vel
2400 958 2711 1030 Ethiopem
2741 959 3205 1023 demonstremus,
3240 958 3437 1012 animal
3467 967 3580 1026 est,
3610 973 3780 1028 genus
3812 958 3886 1013 de

2284 1052 2547 1108 accidenti
2580 1050 2957 1122 pnedicamus.
2996 1049 3201 1105 Rursus
3246 1048 3389 1120 quod
3436 1050 3596 1104 homo
3644 1058 3763 1116 est,
3792 1065 3886 1104 ra-

2284 1145 2482 1202 tionale
2508 1155 2610 1215 est,
2640 1144 3000 1200 differentiam
3033 1142 3101 1199 de
3123 1142 3325 1213 specie.
3355 1142 3506 1211 Quod
3538 1141 3746 1198 risibile
3773 1154 3883 1209 cst,

2283 1238 2546 1294 rationale
2572 1246 2692 1305 est,
2724 1236 3081 1291 differentiam
3109 1235 3177 1291 de
3206 1235 3449 1306 proprio.
3483 1234 3636 1302 Quod
3668 1236 3885 1305 nigrum

2280 1328 2394 1399 est,
2424 1332 2685 1388 rationale
2707 1340 2818 1396 est;
2863 1332 2909 1385 si
2936 1329 3246 1399 Ethiopem
3289 1328 3753 1394 demonstremus,
3779 1327 3887 1381 dil-

2281 1427 2562 1484 l‘erentiam
2595 1427 2662 1481 de
2683 1412 2979 1480 accidente.
3016 1424 3146 1478 ltetn
3180 1423 3321 1493 quod
3349 1421 3552 1476 risibile
3577 1420 3691 1486 est,
3716 1420 3887 1474 homo

2284 1530 2385 1584 est,
2417 1520 2650 1590 speciem
2677 1516 2744 1574 de
2768 1516 3005 1587 praprio.
3032 1512 3184 1582 Quod
3214 1513 3426 1583 nigrum
3454 1524 3559 1579 est,
3583 1512 3749 1567 homo
3775 1522 3884 1575 est,

2286 1612 2330 1667 si
2356 1610 2662 1681 AsthiOpem
2693 1610 3054 1679 desiguemus,
3088 1606 3321 1675 speciem
3351 1604 3418 1659 de
3446 1603 3731 1659 accidenti.
3768 1602 3888 1669 Qua

2285 1704 2338 1759 in
2372 1720 2428 1760 re
2454 1704 2596 1774 quod
2627 1702 2835 1773 nigrum
2880 1708 2991 1767 cst,
3020 1699 3179 1754 etiam
3211 1697 3413 1753 risibile
3440 1706 3553 1761 est,
3583 1695 3638 1751 in
3671 1694 3889 1751 ιΕιΙιὶο·

583 1797 689 1857 tur,
720 1790 1093 1861 prmdicnbitur
1120 1792 1280 1848 etiam
1310 1792 1376 1847 de
1405 1792 1644 1863 ejusdem
1674 1792 1872 1862 speciei
1896 1792 2174 1862 subjectis.

2290 1798 2365 1868 pis
2386 1796 2842 1853 demonstratione
2863 1836 2879 1862 ,
2906 1792 3181 1864 prpprium
3211 1791 3279 1848 de
3308 1790 3571 1847 accidenti
3622 1790 3889 1859 praedica-

584 1884 803 1955 Species
826 1900 954 1940 vero
983 1886 1050 1940 de
1077 1885 1188 1940 suis
1217 1892 1421 1940 tantum
1458 1884 1746 1939 individuis
1786 1884 2111 1955 prtedicatur
2160 1902 2172 1937 :

584 1990 760 2047 neque
784 1976 929 2032 enim
962 1978 1075 2031 ﬁeri
1110 1986 1316 2047 potest,
1350 1985 1408 2031 ut
1446 1991 1565 2046 quae
1610 1976 1818 2047 species
1864 1983 1948 2030 est
1993 1975 2178 2030 ultima

583 2082 808 2139 qua-que
831 2084 958 2125 vere
999 2070 1210 2139 species
1253 2083 1315 2123 ac
1360 2069 1531 2139 magis
1571 2069 1780 2139 species
1810 2077 2177 2138 nuncupatur,

583 2160 701 2219 haec
728 2162 859 2219 alias
885 2164 1178 2219 deducatur
1208 2163 1261 2217 in
1287 2163 1525 2233 species;
1558 2162 1697 2233 quod
1740 2163 1784 2216 si
1817 2160 1885 2215 ita
1919 2169 2035 2229 est,
2068 2160 2182 2214 sola

584 2244 706 2327 post
739 2257 974 2327 speciem
1019 2256 1290 2312 individua
1330 2265 1535 2312 restant
1570 2274 1581 2309 :
1620 2256 1743 2325 jure
1772 2255 1935 2325 igitur
1968 2255 2180 2334 species

583 2346 651 2403 de
678 2348 789 2404 suis
823 2358 1025 2404 tantum
1054 2349 1340 2404 individuis
1365 2349 1710 2419 praedicatur,
1737 2358 1793 2403 ut
1817 2350 1975 2404 homo
2003 2348 2070 2403 de
2090 2342 2184 2405 Soé

583 2452 761 2512 crate,
789 2445 1042 2512 Platone,
1070 2443 1366 2511 Cicerone,
1396 2454 1450 2502 et
1474 2446 1707 2502 caeteris.
1738 2446 2024 2521 Proprium
2054 2447 2181 2502 item

584 2534 651 2592 de
677 2536 856 2606 Specie
884 2536 1206 2607 praedicatur
1225 2539 1377 2608 cujus
1400 2547 1481 2594 est
1508 2542 1808 2609 pr0prium,
1836 2553 2009 2608 neque
2036 2537 2181 2592 enim

584 2637 727 2697 esset
758 2630 1029 2699 proprium
1070 2630 1295 2701 alicujus
1342 2631 1387 2686 si
1432 2631 1499 2687 de
1541 2631 1720 2701 aliquo
1768 2629 2179 2701 praedicaretur;

584 2717 651 2774 de
679 2736 786 2790 quo
813 2721 955 2799 enim
983 2736 1211 2793 qumque
1237 2738 1355 2791 res,
1385 2732 1439 2778 et
1460 2724 1560 2779 soli
1589 2732 1643 2780 et
1666 2724 1813 2779 omni
1836 2765 1852 2791 ,
1886 2732 1936 2780 et
1968 2735 2185 2793 semper

584 2814 798 2882 dicitur,
848 2815 1090 2885 ejusdem
1138 2817 1413 2888 proprium
1463 2833 1585 2875 esse
1630 2828 1960 2876 monstratur
1998 2836 2013 2873 :
2065 2833 2185 2888 qua:

584 2922 705 2963 cum
732 2910 802 2964 ita
826 2910 967 2976 sint,
999 2912 1277 2981 proprium
1310 2911 1382 2967 de
1424 2913 1605 2980 specie
1651 2904 1866 2982 dicitur,
1897 2920 1954 2967 ut
1980 2911 2187 2968 risibile

585 2998 653 3053 de
694 2997 942 3065 homine,
983 3002 1160 3055 omnis
1206 3001 1348 3055 enim
1390 3000 1553 3056 homo
1584 3001 1803 3056 risibilis
1846 3011 1947 3063 est.
1982 3000 2188 3056 Dicitur

586 3090 750 3145 etiam
785 3092 852 3146 de
898 3091 1186 3147 individuis
1225 3093 1425 3162 speciei
1464 3093 1531 3147 de
1568 3108 1670 3162 qua
1720 3094 2062 3163 praedicatur.
2094 3095 2188 3150 Est

2286 1899 2410 1943 tur:
2445 1889 2683 1945 converti
2729 1898 2906 1941 autem
2952 1885 3020 1940 ad
3062 1892 3231 1939 totum
3281 1882 3534 1938 accidens
3575 1891 3796 1952 potest,
3831 1889 3891 1937 ut

2284 1982 2533 2049 quoniam
2566 1979 2855 2035 individuis
2884 1977 3219 2048 singulorum
3246 1988 3365 2030 esse
3399 1975 3735 2044 praeponitur
3756 2016 3773 2041 ,
3807 1973 3890 2027 id-

2284 2074 2431 2131 circo
2460 2075 2529 2131 de
2557 2074 2929 2144 superioribus
2958 2072 3121 2129 etiam
3161 2069 3503 2141 praedicatur,
3535 2077 3595 2123 ut
3626 2068 3891 2139 quoniam

2286 2169 2540 2224 Socrates
2588 2167 2787 2223 animal
2809 2175 2921 2236 est,
2966 2164 3232 2221 rationale
3284 2173 3390 2229 est,
3432 2161 3639 2218 risibile
3683 2170 3795 2229 est,
3835 2169 3891 2217 et

2287 2261 2449 2317 homo
2478 2270 2580 2317 est.
2609 2259 2853 2331 Cumque
2900 2258 2955 2314 in
2985 2256 3209 2314 Socrate
3238 2256 3307 2312 sit
3336 2255 3607 2311 calvitium
3635 2253 3783 2323 quod
3806 2258 3891 2308 est

2287 2353 2560 2421 accidens,
2595 2352 2919 2424 praedicatur
2951 2351 3093 2406 idem
3143 2351 3212 2404 de
3236 2346 3485 2414 animali,
3516 2347 3584 2402 de
3611 2344 3889 2425 rationali,

2288 2445 2356 2501 de
2382 2445 2595 2512 risibili,
2624 2445 2690 2500 de
2713 2444 2952 2510 homine,
2983 2450 3042 2498 ut
3068 2440 3320 2497 accidens
3337 2438 3404 2495 de
3420 2447 3648 2509 quatuor
3666 2437 3892 2507 reliquis

2289 2537 2632 2607 prmdicetur.
2666 2538 2772 2594 Sed
2802 2538 2992 2593 horum
3024 2533 3342 2607 profundior
3375 2531 3601 2603 qumstio
3638 2539 3753 2599 est,
3790 2544 3893 2586 nec

2289 2633 2357 2689 ad
2383 2631 2698 2688 solvendum
2739 2630 2871 2686 satis
2911 2637 2994 2685 est
3017 2627 3308 2698 temporis,
3346 2625 3451 2682 hoc
3479 2634 3684 2680 tantum
3709 2624 3893 2694 ingre-

2290 2726 2552 2783 dientium
2580 2723 2933 2796 intelligentia
2978 2730 3293 2793 exspectet,
3336 2720 3493 2797 quod.
3522 2720 3627 2775 alia
3671 2718 3894 2790 quidem

2291 2831 2441 2875 recto
2462 2819 2652 2873 ordine
2672 2817 3055 2888 prmdicantur,
3079 2816 3182 2869 alia
3213 2828 3342 2870 vero
3364 2812 3893 2885 obliquo,‘quonianr

2293 2909 2499 2965 moveri
2528 2908 2801 2964 hominem
2827 2916 3031 2963 rectum
3055 2913 3160 2973 est,
3186 2904 3237 2962 id
3269 2904 3411 2976 quod
3433 2914 3683 2959 movetur
3714 2902 3895 2959 homi-

2293 3017 2415 3057 nem
2457 3016 2579 3057 esse
2608 3016 2865 3057 conversa
2923 3000 3194 3055 locutione
3234 3000 3567 3071 proponitur.
3622 2997 3895 3064 Quocirca

2293 3102 2494 3148 rectam
2523 3089 2855 3163 Porphyrius
2884 3092 2938 3146 in
2989 3091 3241 3159 omnibus
3277 3089 3699 3161 propositionem
3744 3103 3895 3143 sum-

587 3182 731 3238 euim
764 3183 1045 3247 Socrates,
1082 3156 1272 3248 Plato;
1294 3193 1351 3239 et
1395 3156 1598 3239 Cicero-
1623 3156 1846 3241 risibilis
1881 3203 1893 3239 :
1926 3156 2259 3247 accidens‘C
2293 3184 2420 3255 psit.
2472 3156 2723 3250 Quod-siv
2744 3184 2865 3255 quis
2906 3184 3010 3239 vim
3058 3156 3455 3254 praedicationis
3497 3181 3897 3253 s‘olutionisquo

588 3287 721 3331 vero
745 3274 891 3329 etde
919 3275 1200 3345 speciebus
1238 3275 1478 3345 pluribus
1503 3275 1727 3345 dicitur,
1756 3277 1906 3334 et-de
1941 3280 2187 3335 diversa-

590 3460 841 3531 Aithiops
871 3452 1045 3531 niger,
1078 3469 1131 3516 et
1162 3460 1248 3517 hic
1279 3460 1530 3533 .Ethiops
1553 3472 1715 3534 atque
1741 3462 1827 3519 hic
1856 3478 2072 3531 corvus,
2097 3463 2188 3536 qui

589 3562 717 3610 sunt
746 3554 1024 3621 individui,
1052 3554 1189 3625 nigri
1216 3556 1716 3614 autemsecundum
1737 3558 2032 3629 nigrediuis
2055 3574 2190 3630 qua—

600 3652 802 3711 litatem
833 3648 1092 3711 vocantur
1111 3695 1127 3722 ,
1152 3666 1312 3726 atque
1343 3654 1444 3711 hoc
1472 3654 1683 3725 quidem
1709 3664 1794 3715 εει
1818 3654 2070 3711 accidens
2106 3655 2189 3711 in-

591 3749 910 3818 separabile.
943 3748 1048 3804 Sed
1095 3749 1268 3803 multo
1317 3750 1484 3819 magis
1527 3748 1846 3819 separabilia
1891 3739 2189 3805 accidentia

590 3842 836 3910 pluribus
876 3842 1277 3909 inhaerescunt,
1322 3851 1382 3896 ut
1426 3843 1631 3899 moveri
1671 3824 1913 3910 homini,
1944 3852 1998 3897 et
2024 3843 2185 3909 bovi;

591 3934 815 4002 uterque
836 3931 979 3987 enim
1013 3940 1279 3986 movetur.
1313 3932 1588 3988 Et‘rursus
1610 3948 1673 3989 ea
1698 3949 1816 4003 quae
1846 3934 1946 3990 sub
1968 3933 2189 3991 homine

592 4033 715 4079 sunt
740 4033 901 4095 atque
927 4024 1066 4080 bove
1084 4024 1373 4091 individua,
1400 4026 1607 4081 moveri
1631 4041 1775 4097 saepe
1803 4026 2187 4098 praedicantur.

594 4116 701 4172 Sed
733 4108 1121 4173 advertendum
1153 4126 1270 4184 est,
1304 4121 1527 4175 auctore
1558 4107 1890 4191 Porphyrio;
1932 4121 2075 4190 quod
2121 4136 2189 4177 ea

592 4225 713 4280 qua:
742 4211 1041 4267 accidentia
1071 4222 1196 4267 sunt
1226 4212 1595 4282 principaliter
1631 4213 1847 4284 quidem
1876 4213 1942 4269 de
1986 4213 2067 4269 bis
2106 4210 2193 4269 di;

592 4313 808 4368 cuntur,
826 4290 876 4358 in
907 4303 1104 4373 quibus
1126 4313 1251 4360 sunt
1274 4305 1573 4362 individuis
1597 4325 1608 4361 :
1634 4306 1871 4362 secundo
1896 4321 2029 4363 vero
2045 4306 2187 4372 loco,

593 4396 658 4451 ad
694 4397 1017 4453 universalia
1066 4398 1464 4455 individuorum
1520 4399 1865 4465 referuntur,
1908 4409 2069 4469 atque
2115 4401 2193 4456 ita

594 4489 904 4558 praedicatio
957 4491 1318 4547 subteriorum
1373 4492 1742 4561 superioribus
1795 4491 2076 4557 redditur,
2131 4500 2190 4548 ut

594 4581 845 4650 quoniam
881 4568 1104 4653 nigred'o
1139 4583 1361 4652 singulis
1382 4583 1559 4639 corvis
1582 4582 1772 4639 adesse
1796 4582 2017 4652 dicitur,
2050 4581 2189 4639 dici-
2216 4562 2271 4625 Ῑ)

596 4684 683 4728 tttr
723 4674 885 4728 etiam
934 4674 1131 4747 adesse
1162 4675 1381 4745 speciali
1410 4689 1593 4730 corvo.
1647 4677 1778 4731 Nam
1833 4676 1956 4747 quia
2002 4677 2190 4739 omnia

597 4764 935 4834 particularia
981 4765 1213 4836 qualitas
1273 4768 1370 4821 ista
1418 4767 1711 4823 accidentis
1766 4766 2057 4839 nigredinis
2110 4766 2227 4841 in-_

598 4842 742 4919 licit,
776 4854 975 4910 idcirco
1014 4855 1258 4911 eamdem
1292 4857 1627 4926 nigredincm
1664 4859 1732 4919 de
1771 4858 1953 4929 specie
1978 4874 2191 4930 quoque

596 4944 947 5012 prtedicatuus
967 4945 1230 5011 dicentes,
1254 4960 1476 5002 corvum
1501 4942 1670 5018 ipsam
1693 4949 1953 5019 speciem,
1977 4949 2189 5020 nigrum

595 5051 738 5093 esse.
773 5037 827 5091 In
865 5038 1059 5108 quibus
1093 5039 1342 5094 omnibus
1385 5040 1579 5095 mirum
1622 5041 1791 5096 videri
1838 5050 2049 5112 potest,
2092 5038 2191 5099 cur

595 5120 764 5201 genus
792 5132 861 5185 de
883 5121 1102 5200 proprio
1145 5120 1424 5201 praedicari
1466 5148 1574 5188 non
1615 5133 1833 5189 dixerit
1866 5151 1879 5186 :
1929 5129 2027 5191 nec
2059 5149 2191 5201 vero

597 5224 831 5293 speciem
859 5223 927 5279 de
948 5223 1139 5279 eodem
1171 5225 1418 5295 proprio,
1452 5241 1551 5282 nec
1578 5225 1933 5285 dill‘erentiam
1963 5228 2031 5284 de
2061 5244 2190 5299 pro-

578 5318 716 5389 .prio
739 5360 755 5386 ,
787 5318 883 5375 sed
905 5327 1116 5374 tantum
1149 5335 1318 5390 genus
1359 5321 1573 5391 quidem
1610 5321 1676 5377 de
1706 5322 1988 5395 speciebus
2024 5331 2189 5393 atque

594 5412 931 5469 differentiis.
966 5412 1483 5491 Dill‘ere‘ntiamver.)
1514 5415 1580 5471 de
1610 5405 1891 5487 speciebus
1914 5426 2073 5486 atque
2097 5416 2187 5471 in-

596 5508 847 5565 dividuis.
878 5510 1123 5580 Speciem
1153 5508 1220 5565 de
1243 5510 1550 5567 individuis.
1587 5511 1867 5579 PrOprium
1911 5510 1978 5565 de
2003 5510 2187 5580 Specie

593 5611 753 5671 atque
782 5602 1093 5659 individuis.
1127 5604 1393 5660 Accidens
1425 5605 1490 5661 de
1527 5604 1807 5673 speciebus
1846 5614 2006 5673 atque
2047 5601 2193 5657 indi-

592 5692 787 5748 viduis.
822 5693 959 5750 Fieri
992 5697 1131 5753 enim
1165 5707 1341 5768 potest
1372 5709 1429 5753 ut
1457 5714 1573 5769 qua:
1598 5698 1819 5768 majoris
1848 5696 2188 5768 praedicatio-

592 5789 678 5850 ais
695 5798 839 5858 sunt,
868 5805 929 5848 ea
952 5790 1019 5851 de
1034 5793 1243 5852 cunctis
1263 5793 1559 5853 minoribus
1581 5792 1960 5867 praedicentur,
1980 5800 2045 5854 ,ει
2066 5807 2187 5865 qua:
2232 5873 2237 5878 ‘

996 5954 1024 5965 ⁸⁸
1056 5963 1065 5969 .

1076 5970 1079 5973 -
1140 5968 1165 5979 π

2292 3281 2589 3336 attenderit
2614 3281 2668 3335 in
2691 3272 2916 3351 singulis
2937 3294 3255 3349 comparans
3278 3277 3778 3350 praedicationibus,
3802 3291 3897 3335 eas

590 3382 709 3423 rum
738 3366 1042 3437 specierum
1075 3367 1382 3423 individuis.
1410 3367 1612 3424 Dicitur
1641 3369 1783 3424 enim
1809 3386 2005 3425 corvus
2026 3380 2187 3443 atque
2217 3367 2230 3382 ’

2290 3372 2511 3444 quidem
2541 3373 2871 3444 prolatioites
2898 3388 3018 3443 quas
3056 3380 3221 3428 recta:
3245 3380 3397 3437 sunt,
3432 3371 3668 3427 inveniet
3697 3385 3729 3426 a
3754 3370 3897 3425 Por-

2299 3468 2495 3540 phyrio
2524 3482 2645 3524 esse
2676 3476 2985 3524 numeratas
3016 3484 3029 3521 :
3058 3481 3152 3524 eas
3189 3481 3321 3523 vero
3354 3481 3475 3538 quas
3503 3478 3771 3524 converso
3801 3477 3897 3520 or-

2293 3563 2421 3620 dine
2443 3564 2827 3635 przedicantur,
2859 3561 3023 3619 fuisse
3040 3564 3332 3631 sepositas.
3700 3558 3705 3559 “

2365 3656 2648 3713 Commune
2674 3663 2747 3710 est
2772 3664 2943 3710 autem
2967 3656 3140 3727 generi
3160 3664 3215 3710 et.
3241 3652 3551 3721 cli/ferentia:
3576 3653 3898 3709 continentia

2293 3751 2575 3820 specierum
2604 3764 2625 3806 :
2649 3750 2872 3804 continet
2896 3750 3032 3819 enim
3057 3756 3101 3803 et
3127 3746 3417 3814 ili/Terentia
3441 3747 3650 3817 species,
3674 3747 3769 3802 etsi
3793 3762 3900 3801 non

2296 3851 2370 3897 tot
2412 3852 2535 3912 quot
2566 3859 2754 3916 genera
2778 3860 2797 3909 ;
2826 3842 3082 3896 rationale
3104 3842 3262 3908 enim,
3294 3840 3386 3911 etsi
3413 3856 3511 3895 non
3540 3824 3805 3894 contineat
3828 3840 3901 3893 ir-

2295 3936 2628 3990 rationabilia
2648 3930 3079 4006 quemadmodum
3110 3924 3323 3999 animal,
3347 3942 3514 3987 tamen
3542 3918 3765 3998 continet
3799 3917 3901 3985 rm;

2296 4026 2485 4080 minem
2511 4037 2559 4081 et
2582 4027 2775 4092 Deum,
2790 4041 2905 4096 qui:
2932 4034 3049 4080 sunt
3076 4024 3287 4094 species.
3323 4019 3390 4077 Et
3419 4038 3731 4093 quaecunque
3755 4036 3899 4092 prte-

2298 4120 2537 4175 dicantur
2566 4120 2631 4174 de
2659 4109 2882 4191 genere,
2924 4127 2979 4171 ut
3003 4108 3191 4190 genus,
3241 4125 3288 4171 et
3315 4116 3379 4170 de
3400 4100 3491 4169 Altis
3517 4128 3631 4185 qua:
3661 4114 3753 4167 sub
3783 4115 3902 4186 ipso

2298 4222 2416 4269 sunt
2438 4213 2700 4285 speciebus
2714 4211 3085 4285 prazdicantur.
3102 4208 3233 4263 Item
3246 4224 3417 4280 quaeea
3426 4224 3554 4279 nque
3567 4210 3632 4261 de
3653 4205 3903 4281 differen-

2299 4309 2371 4363 tia
2386 4309 2763 4385 prwdicantur,
2796 4317 2852 4362 ut
2875 4304 3197 4374 differentia,
3222 4294 3273 4357 et
3300 4305 3365 4358 de
3402 4294 3481 4357 his
3524 4314 3640 4372 qua:
3677 4318 3741 4356 ex
3782 4303 3905 4371 ipsa

2298 4408 2420 4454 sunt
2440 4400 2702 4471 speciebus
2730 4392 3159 4470 prwdicabuntur.
3196 4400 3334 4455 Nam
3365 4414 3477 4452 cum
3507 4412 3667 4469 genus
3687 4394 3753 4448 sit
3784 4393 3906 4447 ani-

2298 4494 2425 4561 mal,
2457 4510 2560 4548 non
2589 4478 2756 4548 solum
2783 4494 2846 4548 de
2870 4510 2928 4548 eo
2948 4496 3261 4565 praedicatur
3288 4492 3593 4555 substantia,
3616 4499 3660 4544 et
3691 4487 3906 4541 anima-

2300 4597 2430 4651 tum,
2475 4597 2524 4642 et
2562 4588 2821 4655 sensibile,
2858 4589 2947 4644 sed
2977 4590 3131 4643 etiam
3164 4576 3239 4643 ἀθ
3274 4587 3353 4641 his
3384 4578 3512 4655 ’σιειὲ
3546 4572 3640 4657 sub
3682 4580 3904 4634 animali

2302 4689 2421 4733 sunt
2443 4664 2703 4747 speciebus
2735 4680 2969 4735 omnibus
2999 4681 3348 4751 praedicantur
3376 4677 3486 4733 luec
3525 4689 3683 4745 usque
3723 4673 3790 4726 ad
3821 4675 3905 4726 in-

2304 4772 2534 4827 dividua.
2569 4773 2796 4843 Cumque
2824 4774 2889 4829 sit
2920 4774 3212 4844 ili/ferentia
3251 4772 3503 4827 rationale
3525 4811 3541 4837 ,
3588 4769 3905 4845 prwdicatttr

2302 4866 2367 4920 de
2392 4883 2450 4920 ea
2473 4876 2529 4921 ut
2549 4866 2869 4934 differentia,
2902 4869 2959 4923 id
2978 4869 3113 4939 quod
3136 4878 3207 4923 est
3232 4866 3528 4921 ratione’uli
3550 4880 3569 4928 ;
3600 4880 3699 4917 non
3729 4863 3903 4919 solum

2303 4968 2472 5013 autem
2501 4960 2564 5013 de
2592 4975 2651 5015 eo
2679 4961 2814 5027 quod
2854 4942 2931 5015 est.
2955 4962 3207 5015 rationale
3225 5003 3239 5026 ,
3283 4961 3373 5013 sed
3406 4961 3557 5013 ctiam
3576 4964 3650 5031 rte
3674 4955 3754 5010 Itis
3783 4969 3903 5024 quia

2303 5050 2397 5105 sub
2432 5051 2675 5105 rationali
2716 5060 2833 5104 sunt
2878 5032 3137 5121 speciebus
3169 5051 3529 5121 prtedicabitur
3573 5048 3773 5102 ratione
3800 5050 3900 5103 uti.

2306 5141 2584 5197 Commune
2607 5160 2724 5216 uero
2747 5155 2849 5213 est,
2889 5154 2936 5198 et
2984 5144 3080 5203 hoc
3122 5124 3589 5216 perempto‘genere
3628 5140 3705 5191 vel
3747 5136 3905 5204 diﬂ'e-

2302 5234 2483 5298 rentia,
2517 5235 2669 5288 simul
2698 5235 2880 5305 perimi
2902 5242 2949 5288 et
2979 5216 3176 5301 eaquae
3202 5244 3318 5288 sunt
3347 5216 3438 5286 sub
3470 5231 3629 5299 ipsis;
3650 5225 3906 5299 quemad-

2301 5326 2513 5379 modum
2541 5328 2673 5381 enim
2698 5326 2745 5380 si
2787 5341 2887 5379 non
2934 5326 3000 5379 sit
3036 5326 3260 5390 animal,
3304 5340 3403 5378 non
3440 5332 3513 5377 est
3538 5338 3696 5393 equus
3740 5335 3905 5389 neque

2300 5414 2453 5470 homo
2476 5433 2495 5471 :
2514 5417 2588 5471 sic
2608 5419 2652 5471 si
2679 5433 2782 5471 non
2808 5418 2874 5473 sit
2899 5417 3176 5486 rationale,
3198 5418 3398 5473 nullum
3420 5417 3512 5471 erit
3535 5414 3731 5495 animal
3758 5411 3903 5483 quod

2302 5517 2476 5562 utatur
2500 5498 2719 5565 raiione.
3903 5522 3913 5547 ‘

2377 5603 2507 5658 Post
2531 5619 2649 5659 eam
2682 5618 2804 5674 quae
2829 5606 3034 5661 eunetis
3059 5606 3250 5662 adesse
3280 5605 3397 5689 visa
3422 5612 3504 5661 est
3543 5572 3908 5657 commttnitao‘

2305 5703 2438 5760 tem,
2468 5695 2805 5767 singulorum
2836 5697 2902 5753 ad
2931 5713 2987 5752 se
3009 5698 3389 5757 similitudines
3419 5711 3481 5751 ac
3508 5691 3909 5798 dissimilitudi}

2297 5804 2397 5848 nes
2423 5790 2633 5875 quaerit.
2675 5788 2739 5845 Et
2770 5790 3018 5861 quoniam
3068 5792 3204 5851 inter
3233 5792 3469 5867 quinque
3495 5784 3773 5864 proposita
3801 5784 3909 5872 θεέ
