4106 6336
284 277 376 334 I57
1079 273 1141 328 ΙΝ
1183 270 1626 330 ίὈιὶΡΙΙῖΒΙυΜ
1665 271 1872 328 COMMI

1975 269 2306 326 [ARIOBUM
2346 270 2546 326 LIBER
2593 272 2649 324 ν.

3451 281 3552 334 138

283 404 383 442 nos
414 399 474 440 ac
511 383 807 440 diﬁ'erentia
859 385 1256 440 universaliotis
1286 397 1410 440 sunt.
1454 384 1861 454 pradicationis.
1897 387 1942 447 Α
1973 385 2330 455 praedicantur
2383 387 2666 442 intereunt.
2728 387 3020 445 Commune
3077 391 3218 446 enim
3275 402 3359 448 est
3407 393 3547 462 hoc,

285 477 560 536 Siquidem
589 491 781 546 genus,
813 486 866 532 et
894 477 1100 546 species
1132 482 1367 532 continet
1399 487 1451 532 et
1490 477 1817 531 differentias
1845 493 1860 531 :

284 569 604 627 differentia
635 583 762 624 vero
790 570 996 638 species
1026 569 1332 638 continent,
1365 585 1535 639 neque
1561 570 1626 622 ab
1656 569 1736 622 his
1760 568 1864 622 ullo

286 662 447 718 modo
469 662 829 716 continentur.
859 658 1094 714 Primum
1119 660 1330 729 generis
1361 669 1412 713 et
1443 658 1862 714 diffeientiarum

287 753 666 810 similitudines
688 751 911 821 colligit,
938 768 1001 805 ac
1028 752 1257 822 primum
1285 753 1498 820 quidem
1532 752 1674 819 punit
1703 751 1861 805 hanc.

287 848 426 905 Dicit
458 847 601 903 enim
641 861 926 901 commune
965 860 1084 900 esse
1113 846 1296 915 generi
1327 860 1389 900 ac
1425 843 1739 900 differentia
1759 887 1774 911 ,
1808 854 1866 899 ut

288 938 493 1010 species
523 938 770 994 claudant
797 955 809 990 :
844 953 967 991 nam
991 938 1126 992 sicut
1147 951 1316 1009 genus
1339 938 1437 992 sub
1469 952 1527 991 se
1558 937 1720 991 habet
1741 951 1861 1006 spe-

289 1033 429 1099 cies,
457 1031 525 1086 ita
550 1031 710 1086 etiam
737 1029 1032 1085 differentia
1056 1072 1072 1095 ,
1108 1038 1163 1084 et
1203 1029 1248 1084 si
1280 1046 1384 1084 non
1435 1038 1511 1084 tot
1547 1037 1675 1099 quot
1704 1028 1865 1083 habet

289 1134 473 1194 genus.
534 1123 745 1178 Etenim
785 1122 1035 1192 quoniam
1081 1137 1247 1191 genus
1295 1120 1650 1176 differentiam
1701 1121 1862 1174 etiam

289 1216 517 1281 claudit,
563 1225 616 1272 et
655 1230 761 1270 non
808 1229 965 1268 unam
1015 1223 1216 1268 tantum
1269 1213 1368 1268 sub
1412 1227 1470 1268 se
1509 1211 1862 1266 differentiam

289 1316 500 1364 coercet
533 1321 596 1362 ac
625 1305 848 1369 retinet,
887 1305 1069 1377 plures
1097 1319 1318 1361 necesse
1347 1314 1429 1360 est
1459 1314 1513 1358 ut
1543 1304 1735 1358 habeat
1763 1303 1864 1358 sub

287 1398 521 1467 species,
556 1412 713 1467 quam
746 1395 999 1467 qualibet
1029 1412 1130 1451 una
1161 1412 1344 1451 earum
1376 1411 1509 1466 quas
1537 1396 1736 1451 claudit
1762 1395 1865 1450 dif-

288 1492 631 1547 ferentiarum
668 1507 682 1544 :
714 1500 770 1545 ut
801 1491 997 1546 animal
1036 1490 1354 1560 praedicatur
1383 1489 1449 1544 de
1481 1488 1779 1544 rationabili
1811 1496 1866 1544 et

286 1581 658 1638 irrationabili.
710 1582 861 1649 Quod
910 1583 954 1637 si
1011 1583 1083 1636 ita
1121 1591 1232 1646 est,
1289 1580 1662 1650 pradicabitur
1698 1589 1753 1635 et
1798 1580 1867 1636 de

288 1673 374 1728 his
404 1690 521 1744 qua
567 1675 664 1729 sub
710 1673 950 1729 rationali
997 1683 1123 1727 sunt
1161 1674 1347 1742 posita
1391 1671 1688 1742 speciebus,
1723 1670 1866 1726 etde

289 1763 372 1818 h.'s
401 1780 518 1834 qua
547 1765 645 1820 sub
670 1764 984 1825 irrationali.
1022 1764 1117 1820 Est
1153 1778 1280 1833 ergo
1320 1778 1604 1818 commune
1643 1761 1862 1817 animali

287 1865 339 1909 tt
371 1855 650 1920 rationali,
686 1855 736 1910 id
779 1864 860 1910 est
886 1856 1068 1925 generi
1098 1863 1152 1910 et
1192 1854 1524 1920 differentia,
1559 1853 1698 1923 quod
1731 1853 1871 1907 sicut

289 1961 453 2019 genus
477 1945 543 2002 de
577 1947 684 2001 Deo
710 1955 765 2002 et
812 1948 1026 2002 homine
1058 1946 1396 2016 praedicatur,
1426 1947 1495 1999 ita
1523 1944 1679 1998 etiam
1708 1946 1872 1999 ratio-

291 2039 405 2093 nale
434 2037 571 2106 quod
601 2047 682 2092 est
707 2036 1006 2093 differentia
1026 2081 1039 2103 ,
1072 2037 1138 2092 de
1173 2037 1283 2091 Deo
1310 2046 1363 2092 et
1392 2036 1458 2092 de
1495 2036 1710 2090 homine
1739 2037 1870 2091 dici-

294 2147 392 2186 .ur.
419 2132 524 2187 Sed
554 2146 658 2186 non
701 2141 907 2186 tantum
947 2131 1060 2185 hac
1089 2130 1397 2200 pradicatio
1435 2129 1672 2183 funditur
1703 2144 1872 2199 quan-

292 2232 400 2277 t..tu
432 2225 696 2290 animalis,
731 2225 783 2278 id
826 2233 908 2280 cst
955 2227 1186 2294 generis.
1221 2223 1431 2277 Animal
1481 2224 1622 2278 enim
1663 2239 1768 2277 non
1804 2224 1870 2280 de

292 2315 400 2370 Deo
425 2316 593 2369 solum
623 2326 780 2385 atque
812 2315 1029 2370 lumine
1049 2314 1267 2380 dicitur,
1288 2315 1380 2368 sed
1405 2315 1469 2368 de
1501 2329 1636 2383 equo
1661 2324 1712 2369 ct
1735 2315 1870 2372 bove

290 2405 626 2476 praedicatur,
661 2404 726 2459 ad
756 2419 876 2474 qua
906 2405 1181 2460 rationalis
1208 2404 1507 2459 differentia
1538 2421 1643 2459 nun
1677 2421 1870 2474 perve-

293 2498 389 2552 nit.
422 2496 525 2552 Sed
553 2495 974 2565 quandocunque
1005 2495 1168 2548 Deum
1216 2495 1565 2564 supponimus
1613 2495 1866 2560 animali,

293 2589 584 2644 secundum
629 2602 814 2644 eorum
859 2587 1164 2656 opinionem
1211 2586 1470 2652 facimus,
1529 2587 1616 2656 qui
1665 2588 1869 2651 solem,

293 2682 578 2750 stellasque
603 2691 760 2752 atque
790 2688 955 2734 totum
980 2679 1120 2735 hunc
1146 2679 1398 2733 mundum
1427 2679 1716 2734 animatum
1749 2695 1872 2736 esse

294 2777 648 2844 conﬁrmant,
697 2790 816 2846 qua
861 2775 1021 2829 etiam
1071 2774 1290 2830 deorum
1341 2775 1555 2830 nomine
1601 2778 1685 2844 (ut
1729 2790 1873 2844 sape

293 2870 494 2924 dictum
528 2874 643 2937 est)
672 2868 1090 2938 appellaverunt.
1130 2867 1372 2921 Secunda
1407 2866 1529 2920 item
1567 2867 1874 2922 communio

293 2971 371 3016 est
439 2960 652 3030 generis
718 2975 780 3014 ac
845 2958 1189 3025 diffetentia,
1243 2959 1492 3028 quoniam
1545 2973 1874 3029 quacunque

293 3055 652 3128 pradicantur
682 3054 747 3108 de
790 3069 987 3124 genere
1030 3061 1086 3106 ut
1131 3067 1324 3122 genera
1345 3093 1358 3117 ,
1391 3050 1578 3106 eadem
1609 3063 1663 3107 et
1699 3053 1762 3107 de
1793 3051 1875 3106 his

1973 475 2350 529 unit'ersalium
2406 476 2458 530 in
2510 479 2808 534 substantia
2852 482 3184 550 pereuntium
3221 486 3392 552 perire
3419 488 3550 542 sub-

1964 564 2128 634 jecta.
2163 566 2264 621 Sed
2302 568 2468 636 printa
2514 572 2821 626 communio
2847 572 3233 628 demonstravit
3259 591 3451 646 genera
3483 581 3552 635 de

1968 656 2251 724 speciebus
2280 659 2579 727 pradicari,
2607 663 2741 715 sicut
2765 663 2926 718 etiam
2957 664 3303 722 differentias.
3331 670 3551 741 l’ropter

1969 745 2107 801 hanc
2141 747 2300 816 igitur
2328 749 2729 806 similitudinem
2763 755 2807 809 si
2835 756 3143 812 auferantur
3168 773 3392 828 genera,
3431 777 3553 831 spe-

1967 839 2076 894 cies
2108 851 2351 909 pereunt.
2396 843 2486 898 Sic
2533 844 2692 898 etiam
2731 847 2940 916 species
2986 853 3161 918 perire
3205 867 3423 909 necesse
3471 865 3552 910 est

1968 949 2088 1004 qua
2116 935 2216 989 sub
2245 929 2560 991 differentiis
2581 947 2736 1004 sunt,
2773 940 2816 992 si
2847 941 3179 998 universales
3220 959 3403 1000 earum
3442 945 3552 1000 dif“.

1968 1025 2208 1080 ferentia
2236 1038 2640 1093 consumantur,
2660 1029 2810 1098 cujus
2834 1033 3139 1101 exemplum
3173 1043 3253 1089 est
3285 1053 3298 1090 :
3331 1037 3383 1090 Si
3408 1037 3552 1092 enim

1969 1117 2182 1172 auferas
2227 1119 2422 1173 animal
2476 1117 2749 1174 hominem
2790 1129 2950 1190 atque
2997 1137 3190 1193 equum
3233 1127 3550 1194 sustuleris,

1969 1223 2086 1277 qua
2108 1217 2232 1263 sunt
2261 1209 2470 1277 species
2501 1210 2688 1280 posita
2724 1211 2821 1264 sub
2853 1213 3095 1266 animali.
3128 1215 3188 1268 Si
3229 1216 3437 1271 auferas
3469 1232 3552 1270 ra-

1971 1299 2168 1354 tionale
2189 1340 2202 1364 ,
2237 1301 2503 1356 hominem
2533 1301 2810 1372 Deumque
2841 1305 3139 1371 sustuleris,
3168 1307 3256 1376 qui
3299 1319 3422 1364 sunt
3451 1310 3553 1364 sub

1969 1392 2215 1446 rationali
2245 1391 2541 1447 differentia
2574 1394 2851 1449 collocata.
2888 1395 2956 1451 Et
2995 1397 3061 1451 de
3087 1400 3553 1456 communitalibus

1968 1482 2182 1552 quidem
2217 1483 2493 1554 hactenus,
2525 1502 2663 1542 nunc
2690 1487 2756 1542 de
2786 1489 2999 1558 generis
3024 1499 3076 1544 et
3101 1489 3415 1548 differentia
3445 1494 3554 1550 dis-

1971 1574 2323 1630 similitudine
2352 1578 2655 1646 perpendit.

2044 1667 2320 1738 PrOprium
2361 1680 2530 1723 autent
2570 1673 2767 1740 gtneris
2807 1682 2880 1728 est
2921 1675 3248 1746 deptuiuous
3290 1672 3555 1747 prtedirari

1898 1771 1946 1832 Β
1972 1763 2124 1830 quam
2156 1759 2467 1829 di/ferentia,
2499 1773 2544 1816 et
2573 1765 2782 1831 species,
2816 1774 2862 1819 et
2891 1768 3176 1835 praprium,
3203 1779 3248 1822 et
3269 1772 3504 1825 accidens
3537 1789 3555 1827 :

1972 1852 2168 1905 animal
2194 1854 2325 1907 enim
2368 1855 2430 1906 de
2474 1855 2693 1918 homine,
2727 1867 2772 1910 et
2815 1875 2958 1929 equo,
2999 1870 3044 1914 et
3082 1879 3192 1928 ave,
3235 1872 3282 1916 et
3331 1879 3556 1935 serpente

1972 1947 2298 2015 pi'trdicatur.
2359 1949 2664 2019 Quadrupes
2712 1967 2828 2004 vero
2874 1953 2936 2005 de
2982 1954 3103 2007 solis
3144 1964 3362 2023 quatuor
3405 1960 3556 2027 pedes

1972 2037 2271 2092 lubentibus
2293 2078 2308 2103 ,
2341 2039 2489 2093 homo
2525 2059 2636 2095 vero
2665 2043 2726 2095 de
2772 2043 2894 2098 solis
2924 2045 3198 2100 individuis
3227 2050 3510 2104 hominibus
3537 2069 3554 2116 ;

1972 2130 2092 2184 item
2113 2129 2356 2185 ltinuibile
2385 2134 2446 2185 de
2469 2134 2577 2186 solo
2613 2150 2738 2204 equo
2759 2146 2805 2188 et
2837 2136 2899 2188 de
2923 2135 3001 2190 Itis
3028 2139 3114 2204 qui
3136 2150 3254 2192 sunt
3277 2143 3556 2207 particula-

1973 2237 2052 2274 res
2082 2237 2099 2274 .'
2124 2223 2358 2276 similiter
2388 2234 2434 2277 et
2477 2227 2710 2279 accidens
2740 2227 2802 2279 de
2843 2229 3167 2294 paucioribus
3195 2248 3348 2300 quam
3377 2250 3554 2302 genus.

1978 2313 2189 2381 Oportet
2240 2325 2408 2368 autem
2459 2316 2773 2382 differentias
2816 2322 3043 2387 accipere
3089 2323 3267 2389 quibus
3311 2327 3556 2381 dividitur

1973 2422 2152 2477 genus,
2186 2422 2285 2458 non
2317 2423 2533 2477 easqua:
2554 2412 2804 2479 complent
2829 2412 3162 2468 substantiam
3190 2420 3403 2485 generis.
3434 2419 3556 2472 Am~

1974 2495 2132 2565 plius,
2164 2513 2321 2565 genus
2353 2499 2572 2551 continet
2619 2501 2958 2564 di/[ereutiam
2999 2513 3275 2572 potesIate;
3319 2511 3556 2565 animalis

1974 2587 2108 2638 enim
2139 2586 2234 2640 hoc
2263 2590 2467 2657 quidem
2500 2592 2752 2646 rationale
2780 2604 2883 2658 est,
2915 2595 3046 2648 illud
3077 2613 3190 2650 vero
3230 2600 3556 2668 irrationale;

1975 2676 2278 2742 di/fereutia’
2309 2696 2422 2732 vero
2451 2698 2551 2733 non
2578 2684 2835 2737 continent
2861 2701 3068 2754 genera.
3095 2691 3347 2758 Amplius,
3371 2711 3557 2763 genera

1975 2770 2176 2838 quidem
2200 2771 2373 2838 priora
2395 2782 2510 2825 sunt
2540 2772 2619 2826 Itis
2642 2789 2754 2843 qua:
2778 2778 2868 2828 sub
2898 2793 2950 2831 se
2973 2787 3088 2831 sunt
3120 2781 3556 2848 positwdi/feren-

1975 2861 2078 2924 tiis,
2106 2870 2149 2916 et
2174 2876 2383 2932 propter
2404 2866 2498 2917 hoc
2525 2866 2676 2918 simul
2705 2867 2906 2935 quidem
2944 2884 3030 2923 eas
3053 2874 3312 2940 auferunt,
3339 2891 3440 2928 non
3461 2894 3555 2929 au-

1975 2959 2076 3004 tem
2100 2952 2253 3005 simul
2274 2955 2585 3023 auferuntur
2613 2956 2675 3008 ab
2703 2958 2772 3009 eis
2799 2973 2816 3011 :
2844 2959 3042 3014 sublata
3067 2966 3200 3016 enim
3228 2966 3440 3019 animali
3465 2985 3555 3022 au»

1978 3047 2142 3114 fertur
2167 3046 2417 3100 rationale
2444 3059 2489 3100 et
2540 3049 2861 3116 irrationale,
2885 3052 3187 3120 di/ferentia:
3211 3073 3323 3110 vero
3338 3075 3438 3112 non
3462 3075 3556 3113 uua

293 3165 413 3218 qua
454 3153 551 3201 sub
598 3149 713 3218 ipso
759 3154 882 3200 sunt
927 3144 1201 3215 speciebus
1242 3145 1598 3214 praedicantur
1641 3145 1705 3199 ad
1737 3145 1874 3200 hanc
1902 3147 1947 3210 C
1979 3137 2147 3202 ferunt
2167 3152 2322 3204 genus
2353 3153 2371 3190 :
2400 3153 2516 3190 nam
2538 3140 2735 3194 etiamsi
2771 3157 2943 3196 omnis
2993 3145 3366 3213 interimuntur,
3393 3161 3558 3207 tamen

295 3238 696 3293 similitudinem
732 3255 746 3291 :
779 3247 832 3292 et
861 3251 1187 3306 quacunque
1233 3237 1588 3305 praedicantur
1617 3237 1682 3292 de
1722 3235 1872 3294 dide-

296 3332 466 3386 rentia
514 3340 571 3384 ut
615 3329 946 3393 differentia,
983 3329 1168 3384 eadem
1213 3346 1421 3398 quoque
1457 3338 1512 3384 et
1551 3329 1617 3384 de
1649 3331 1728 3384 his
1758 3346 1876 3401 qua

296 3425 392 3480 sub
425 3424 536 3493 ipsa
568 3422 863 3477 differentia
893 3431 1039 3489 sunt,
1069 3430 1126 3476 ut
1152 3421 1462 3476 differentia
1496 3421 1868 3491 praedicantur.

297 3517 459 3584 L'njus
489 3515 767 3571 sententia:
797 3515 917 3569 talis
949 3523 1028 3569 est
1055 3514 1316 3583 expositio
1347 3530 1361 3568 ι
1393 3514 1527 3567 Sunt
1567 3515 1716 3582 pluta
1755 3530 1875 3584 qua

297 3611 361 3664 de
389 3609 674 3677 generibus
700 3608 1074 3678 pradicantur,
1108 3617 1163 3661 ut
1187 3622 1410 3676 genera;
1455 3617 1510 3661 ut
1547 3607 1612 3661 de
1659 3607 1875 3662 animali

299 3703 490 3757 dicitur
511 3701 798 3755 animatum
829 3709 883 3755 et
909 3699 1225 3765 substantia,
1249 3708 1408 3768 atque
1435 3698 1548 3754 hac
1578 3709 1634 3753 ut
1657 3714 1874 3770 genera.

299 3793 421 3848 llac
451 3793 607 3862 igitur
637 3790 990 3862 praedicantur
1027 3799 1081 3844 et
1111 3788 1175 3844 de
1227 3788 1311 3843 his
1357 3804 1476 3858 qua:
1518 3790 1616 3844 sub
1660 3789 1878 3845 animali

300 3897 442 3953 sunt,
469 3900 756 3955 rursusque
781 3894 834 3939 ut
865 3899 1063 3954 genera
1099 3901 1111 3937 :
1147 3899 1268 3938 nam
1311 3883 1562 3948 hominis,
1595 3893 1648 3939 et
1676 3885 1878 3940 anima-

300 3987 408 4033 tum
452 3986 506 4032 ct
547 3978 839 4032 substantia
885 3991 1052 4046 genus
1083 3983 1199 4039 est,
1239 3975 1378 4031 sicut
1401 3984 1524 4031 ante
1555 3975 1730 4029 fuerat
1765 3974 1880 4030 ani-

299 4072 473 4127 malis.
503 4074 628 4125 item
666 4070 718 4124 in
760 4071 888 4139 ipsis
929 4069 1244 4123 differentiis
1274 4068 1519 4137 quadam
1565 4067 1880 4124 differentia

300 4161 640 4219 inveniuntur
667 4175 784 4232 qua
811 4160 878 4214 de
909 4158 1037 4228 ipsis
1071 4157 1382 4212 differentiis
1416 4157 1792 4226 pradicantur,
1822 4167 1880 4213 ut

300 4258 369 4313 de
411 4253 653 4310 rationali
701 4251 820 4306 dua
864 4250 1175 4305 differentia
1226 4249 1493 4303 dicuntur.
1542 4248 1694 4316 Quod
1737 4249 1878 4303 enim

301 4346 562 4404 rationale
609 4353 691 4399 est
735 4345 895 4397 utitur
944 4342 1187 4406 ratione,
1241 4341 1321 4395 vel
1379 4340 1536 4395 habet
1591 4340 1876 4396 rationem.

300 4438 454 4497 Aliud
481 4444 562 4490 est
588 4445 763 4490 autem
794 4433 868 4487 uti
898 4433 1102 4487 ratione
1124 4473 1137 4498 ,
1179 4431 1319 4485 aliud
1360 4439 1444 4486 est
1481 4431 1677 4487 habere
1715 4433 1880 4488 ratio-

1979 3229 2262 3281 substuntia
2290 3231 2517 3283 animata
2537 3232 2821 3299 sensibilis,
2857 3235 3072 3307 intelligi
3096 3249 3294 3308 potest,
3329 3259 3444 3313 quae
3486 3257 3560 3300 est

1979 3318 2194 3372 animal.
2224 3320 2479 3390 Amplius,
2503 3338 2662 3393 genus
2691 3325 2740 3377 in
2771 3341 2828 3378 eo
2855 3328 2992 3396 quod
3012 3330 3133 3395 quid
3154 3341 3248 3399 est,
3274 3333 3413 3400 di/fei
3427 3339 3561 3392 entia

1979 3412 2032 3462 in
2057 3426 2113 3462 eo
2149 3411 2286 3479 quod
2315 3413 2464 3480 quale
2497 3414 2619 3482 quid
2656 3425 2729 3468 est
2775 3418 3104 3485 pra’dicatur,
3134 3427 3561 3491 quemadmodum

1979 3501 2172 3555 dictum
2193 3513 2286 3558 est.
2311 3505 2566 3572 Amplius,
2595 3523 2750 3574 genus
2780 3524 2934 3562 unum
2954 3511 3155 3579 quidem
3187 3524 3257 3566 est
3284 3520 3560 3574 secundum

1980 3609 2388 3665 unamquamque
2423 3599 2672 3665 speciem,
2707 3608 2759 3652 ul
2791 3611 2864 3654 est
2903 3601 3123 3657 hominis
3153 3607 3381 3674 animal;
3409 3611 3560 3677 di/fe:

1977 3687 2155 3739 rentia:
2180 3702 2293 3739 vero
2337 3688 2510 3756 plures
2535 3733 2556 3767 ,_
2581 3699 2636 3742 ut
2679 3692 2959 3759 rationale,
2995 3699 3206 3751 mortale
3230 3742 3244 3767 ,
3287 3705 3466 3756 utentis
3515 3716 3561 3760 es

1979 3778 2267 3846 disciplina:
2291 3765 2634 3851 susceptibile,
2661 3785 2840 3854 quibus
2863 3787 2923 3839 ab
2945 3789 3059 3841 aliis
3080 3765 3272 3855 differt.
3301 3794 3558 3864 Amplius,

1979 3889 2136 3946 genus
2157 3874 2358 3943 quidem
2388 3875 2554 3930 sintile
2583 3886 2652 3930 est
2684 3880 2938 3945 materiai,
2973 3883 3150 3952 formae
3179 3899 3296 3938 vero
3322 3886 3560 3954 di/feren.

1981 3969 2054 4019 tia
2077 3984 2093 4020 :
2115 3984 2232 4021 cum
2258 3977 2426 4022 autem
2455 3970 2583 4034 sint,
2614 3978 2657 4024 et
2687 3971 2790 4024 alia
2821 3977 3138 4041 communia,
3171 3986 3217 4029 et
3240 3980 3446 4049 propria
3475 3999 3559 4053 εις-ι

1981 4061 2118 4115 neris
2142 4071 2188 4116 et
2212 4061 2538 4130 diITerentite,
2564 4080 2699 4117 nunc
2732 4067 2830 4119 ista
2853 4068 3126 4137 sufﬁciant.

2055 4154 2336 4223 Proririum
2366 4155 2580 4225 quidem
2609 4157 2734 4226 quid
2762 4159 2829 4213 sit
2864 4162 3200 4218 convenienti
3223 4174 3383 4236 atque
3421 4168 3558 4226 inte-

1981 4261 2078 4316 gro
2104 4245 2359 4300 rucabtilo
2389 4245 2673 4302 dilfinitum
2716 4259 2816 4304 est.
2849 4252 2953 4307 Sed
2999 4269 3092 4320 per
3129 4255 3442 4315 abusionem
3476 4261 3559 4317 illa

1981 4337 2141 4392 etiam
2164 4339 2374 4406 propria
2399 4339 2758 4408 quorumlibet
2784 4340 3054 4402 dicuntur.
3081 4362 3198 4416 qua
3231 4349 3281 4403 in
3329 4363 3560 4420 unaqua-

1985 4447 2086 4500 que
2120 4445 2179 4487 re
2208 4431 2274 4485 ab
2295 4432 2414 4486 aliis
2433 4432 2712 4487 continent
2740 4433 3113 4505 differentiam,
3141 4440 3263 4495 lice.
3292 4458 3412 4498 tum
3440 4446 3562 4503 aliis

300 4547 443 4591 nem,
479 4537 535 4583 ut
574 4525 716 4581 aliud
759 4534 842 4581 est
882 4525 1077 4580 habere
1108 4539 1364 4588 sensum,
1404 4523 1547 4577 aliud
1590 4524 1665 4578 uti
1695 4539 1878 4579 sensu.
1908 4536 1960 4598 D
1986 4525 2091 4578 sint
2119 4539 2182 4578 ea
2214 4523 2322 4594 ipsa
2354 4525 2675 4578 communia.
2709 4525 2809 4580 Per
2853 4540 2914 4583 se
2944 4529 3139 4600 quip'pe
3169 4534 3442 4603 proprium
3481 4548 3563 4595 est

301 4623 471 4680 llabet
507 4620 703 4691 quipje
731 4633 945 4674 sensum
988 4626 1040 4672 et
1083 4617 1388 4681 dormiens,
1437 4616 1530 4671 sed
1556 4632 1660 4670 non
1692 4620 1873 4673 utitur.

300 4715 373 4772 Ita
416 4727 625 4784 quoque
669 4710 938 4764 dormiens
979 4709 1137 4762 habet
1185 4710 1478 4768 rationem,
1529 4709 1620 4762 sed
1660 4701 1881 4765 ininime

301 4809 492 4868 utitur;
527 4819 654 4873 ergo
685 4804 851 4871 ips.us
897 4801 1331 4857 rationabilitatis
1361 4801 1601 4868 quadam
1632 4801 1881 4857 differen-

299 4899 371 4953 tia
402 4906 486 4952 εει
514 4896 719 4952 ratione
749 4894 845 4958 uti,
875 4893 970 4948 sed
999 4895 1096 4946 sub
1129 4893 1543 4947 rationabilitate
1574 4895 1778 4962 positus
1801 4902 1883 4949 est

300 4988 482 5044 homo.
516 4985 835 5040 Pradicatur
876 4985 1034 5052 igitur
1073 4983 1140 5037 de
1172 4981 1386 5036 homine
1426 4982 1630 5037 ratione
1669 4984 1773 5049 uti,
1825 4993 1882 5038 ut

299 5079 539 5152 quadam
566 5074 882 5130 differentia.
912 5073 1095 5128 Differt
1126 5074 1267 5128 enim
1312 5088 1342 5128 a
1389 5076 1597 5129 calet-is
1637 5075 1881 5131 animali-

296 5172 400 5230 bus
448 5170 637 5231 homo,
669 5166 790 5234 quia
831 5164 1038 5220 ratione
1078 5165 1263 5219 utitur.
1315 5165 1745 5221 Demonstratum
1799 5177 1882 5224 est

295 5266 457 5336 igitur
481 5258 623 5332 quod
653 5259 791 5314 sicut
819 5271 880 5310 ea
911 5272 1030 5326 qua
1058 5257 1123 5312 de
1154 5271 1351 5326 genere
1381 5257 1771 5326 pra-dicantur,
1800 5259 1882 5314 di-

294 5363 488 5410 cuntur
520 5350 586 5404 de
613 5347 794 5418 generi
817 5346 1070 5416 subjectis
1101 5362 1114 5398 :
1144 5347 1214 5399 ita
1245 5346 1404 5400 etiam
1434 5361 1494 5400 ea
1529 5363 1646 5416 qua
1671 5348 1740 5404 de
1778 5349 1876 5404 dif-

295 5444 523 5504 ferentia
567 5438 948 5510 praedicantur,
981 5436 1230 5492 dicuntur
1257 5436 1325 5491 de
1356 5434 1438 5490 bis
1478 5452 1595 5506 qua
1625 5437 1874 5495 differen-

292 5541 384 5595 liis
408 5536 518 5592 suis
545 5540 938 5602 supponuntur.
973 5530 1210 5584 Tertium
1254 5544 1537 5584 commune
1577 5539 1693 5596 est,
1734 5534 1876 5602 quod

290 5634 433 5693 sicut
459 5625 758 5695 absumptis
788 5623 1103 5694 generibus,
1125 5622 1336 5689 species
1376 5621 1770 5690 interimuntur,
1805 5627 1878 5682 ita

290 5720 631 5792 consumptis
655 5715 968 5782 differentiis
997 5713 1205 5784 species
1237 5713 1305 5769 de
1341 5714 1531 5784 quibus
1565 5714 1877 5774 differentia

750 5837 1021 5898 Panos.
1059 5833 1277 5894 LXIV.

1988 4613 2187 4667 homini
2221 4613 2360 4684 quod
2411 4615 2458 4668 ci
2505 4616 2668 4681 omni,
2699 4627 2753 4671 et
2795 4617 2914 4685 soli,
2954 4629 3007 4674 et
3051 4636 3264 4692 semper
3304 4627 3473 4697 adest,
3505 4639 3565 4688 ut

1985 4703 2304 4758 risibilitas:
2357 4719 2452 4773 per
2498 4715 2804 4775 usurpatam
2858 4724 2986 4764 vero
3035 4711 3357 4770 locutionem
3402 4722 3563 4775 etiam

1985 4797 2261 4866 proprium
2297 4796 2526 4851 hominis
2560 4799 2946 4855 rationabilitas
2983 4802 3194 4871 dicitur,
3241 4823 3346 4862 non
3379 4825 3474 4878 per
3503 4827 3563 4868 se

1986 4888 2293 4958 proprium,
2335 4889 2530 4960 quippe
2563 4891 2702 4958 quod
2743 4891 2789 4944 ei
2835 4906 2954 4946 cum
2996 4893 3218 4950 deorum
3250 4908 3332 4953 est
3373 4910 3561 4956 natura

1984 4993 2300 5042 commune,
2333 4979 2425 5033 sed
2460 4981 2659 5034 homini
2701 4983 3090 5039 rationabilitas
3123 4990 3395 5058 proprium
3426 4992 3562 5046 dici-

1989 5079 2096 5135 tur,
2124 5072 2188 5124 ad
2211 5072 2586 5127 discretionem
2610 5076 2826 5144 pecudis
2850 5077 2990 5145 quod
3021 5082 3278 5134 rationale
3306 5099 3410 5136 non
3435 5094 3514 5137 est
3547 5101 3560 5136 :

1987 5164 2038 5219 id
2064 5179 2190 5218 vero
2232 5175 2448 5234 prepter
2477 5166 2613 5221 hanc
2655 5181 2868 5224 causam
2887 5209 2900 5234 ,
2928 5173 3178 5240 quoniam
3210 5172 3262 5226 id
3290 5175 3562 5242 proprium

1987 5256 2399 5324 uniuscujusque
2429 5257 2625 5312 dicitur
2650 5259 2792 5327 quod
2827 5260 2990 5315 habet
3025 5275 3214 5325 suum;
3257 5279 3360 5332 quo
3408 5264 3562 5332 igitur

1984 5347 2105 5418 quis
2133 5348 2199 5401 ab
2223 5349 2330 5402 alio
2355 5345 2551 5412 differf,
2573 5351 2843 5418 proprium
2871 5351 2988 5421 ejus
3018 5367 3122 5407 non
3148 5351 3374 5406 absurda
3409 5368 3563 5409 usur-

1987 5439 2199 5510 patione
2232 5439 2570 5509 pradicatur.
2622 5440 2728 5496 Sed
2777 5457 2916 5497 nunc
2960 5445 3100 5512 quod
3133 5441 3261 5498 dicit
3287 5443 3563 5513 proprium

1985 5533 2195 5602 generis
2224 5546 2342 5588 esse
2362 5532 2428 5586 de
2455 5533 2695 5602 pluribus
2722 5535 2998 5603 pradicari
3027 5551 3183 5604 quam
3214 5543 3410 5588 catera
3433 5551 3563 5604 qua-

1987 5635 2126 5691 tuor,
2162 5625 2387 5692 idipsum
2419 5627 2631 5693 generis
2660 5629 2762 5681 tale
2795 5627 3067 5696 proprium
3089 5635 3190 5692 est,
3215 5629 3369 5696 quale
3391 5643 3483 5697 per
3503 5646 3563 5687 so

1987 5717 2257 5789 proprium
2294 5715 2396 5772 dici
2429 5717 2596 5784 solet,
2633 5716 2684 5772 id
2715 5725 2818 5783 est,
2849 5715 2992 5784 quod
3026 5731 3260 5789 semper,
3283 5725 3341 5773 et
3365 5716 3563 5784 soli,et

3039 5828 3080 5890 5
