4066 6328
560 314 662 375 159
880 362 918 381 ρ

1795 312 1907 371 ΑΝ.
1948 313 2157 372 llANL.
2198 311 2350 372 SEV.
2392 310 2619 371 ΒΟΕΤΙῙ

3723 296 3819 372 {to

558 431 705 493 omni
730 430 868 489 adsit
891 428 1095 505 generi.
1125 429 1320 488 Generi
1366 427 1511 487 enim
1555 429 1655 487 soli
1702 429 1876 499 adest,
1903 438 1960 486 ut
1984 430 2139 489 diffe-
2168 432 2223 496 Α
2245 444 2370 485 num
2388 430 2878 500 poteritremanere
2903 432 3108 502 genus?
3134 432 3390 501 Dicimus,
3415 428 3826 502 potest.Unum-'

560 528 754 597 rentia,
780 528 980 598 specie,
1005 524 1222 599 proprio
1248 533 1405 595 atque
1432 523 1708 582 accidente
1735 525 1953 581 uberius
1980 534 2139 596 atque

561 623 866 680 afﬂuentius
894 621 1230 692 praedicetur.
1261 619 1367 675 Sed
1408 619 1475 676 de
1515 618 1597 675 his
1634 619 1951 675 differentiis
1976 664 1991 689 ,
2018 635 2142 689 pro-

561 708 693 786 priis
734 721 891 784 atque
934 710 1331 779 accidentibus,
1385 711 1437 766 id
1482 710 1585 766 dici
1632 721 1843 782 potest,
1892 728 2009 783 quae
2041 712 2142 768 sub

562 807 798 880 quolibet
817 819 1013 875 genere
1031 814 1174 872 sunt,
1200 804 1248 858 id
1264 812 1344 859 est
1362 804 1428 859 de
1447 804 1763 861 differentiis
1787 805 2000 875 quidem
2020 819 2140 876 quae

561 897 833 969 quodlibet
846 894 1088 951 dividunt
1100 910 1263 965 genus
1284 911 1298 950 :
1313 895 1491 965 specie
1506 910 1635 951 vero
1654 910 1771 965 quae
1784 895 2033 952 divisibili
2049 912 2142 965 ge-

562 988 706 1045 neris
725 986 1020 1043 differentia
1044 986 1377 1041 informatur.
1398 986 1620 1056 Proprio
1640 995 1819 1042 autem
1844 987 1924 1042 illi
1942 987 2142 1058 speciei

560 1094 678 1151 quae
696 1079 795 1135 sub
809 1079 900 1134 illo
912 1093 1110 1150 genere
1129 1087 1228 1145 est,
1248 1078 1387 1148 quod
1408 1079 1725 1135 differentiis
1736 1080 2139 1149 estdivisivum,

559 1172 1025 1241 accidentibusque
1064 1187 1183 1243 qua:
1223 1171 1306 1226 his
1338 1172 1542 1227 hzercnt
1572 1172 1859 1228 individuis
1883 1189 2004 1244 quae
2040 1176 2142 1232 sub

559 1274 621 1319 ea
644 1263 823 1334 specie
850 1271 991 1328 sunt,
1012 1278 1168 1333 quam
1200 1262 1530 1332 designatum
1554 1279 1719 1336 genus
1750 1265 1993 1321 includit.
2028 1267 2142 1322 iloc

559 1356 768 1412 facilius
790 1356 1031 1423 exempla
1062 1354 1355 1411 declarant.
1388 1356 1468 1411 Sit
1499 1358 1640 1412 enim
1684 1372 1854 1427 genus
1902 1356 2138 1425 animal,

560 1447 861 1519 quadrupes
903 1462 965 1501 ac
1012 1446 1161 1516 bipes
1201 1446 1513 1502 diﬂ’erentiae
1545 1449 1645 1502 sub
1676 1447 1920 1504 animalis
1953 1450 2141 1519 posita:

558 1539 879 1595 continentia
902 1578 918 1604 ,
954 1539 1113 1592 homo
1151 1549 1310 1607 atque
1355 1553 1525 1608 equus
1570 1538 1778 1608 Species
1819 1540 1921 1594 sub
1950 1540 2141 1596 eodem

558 1646 754 1702 genere
793 1631 1125 1697 constitutae,
1175 1631 1380 1685 risibile
1424 1640 1583 1702 atque
1627 1631 1885 1690 hinnibile
1923 1634 2143 1705 propria

558 1722 868 1779 earumdem
911 1721 1239 1792 specierum,
1270 1722 1426 1777 velox
1455 1731 1509 1777 et
1551 1723 1804 1792 bellator,
1840 1724 2141 1791 accidentia

2245 524 2493 594 quodque
2521 523 2665 579 enim
2698 539 2803 579 non
2834 539 2900 579 ex
2932 525 3014 581 his
3046 526 3113 582 de
3143 528 3334 597 quibus
3361 528 3705 596 praedicatur,
3730 526 3825 582 sed

2244 628 2308 669 ex
2343 613 2425 669 his
2456 630 2521 670 ex
2553 616 2744 686 quibus
2773 615 3007 673 efficitur
3034 620 3383 674 Substantiam
3416 621 3595 673 sumit.
3643 619 3827 692 itaque

2246 705 2305 762 ﬁt
2332 716 2390 761 ut
2418 721 2605 778 genus,
2636 707 2861 763 sublatis
2887 708 3201 765 differentiis
3221 710 3487 777 divisis-is,
3515 724 3830 779 permanere

2246 796 2436 868 possit,
2468 800 2594 853 dum
2627 807 2805 855 tamen
2838 807 3089 856 maneant
3132 801 3238 856 illa:
3274 816 3393 870 quae
3421 802 3585 871 ipsius
3616 802 3828 871 generis

2246 886 2472 944 formam
2501 882 2962 962 substantiamque
3003 894 3353 947 constituunt.
3392 892 3649 960 Quoniam
3681 896 3826 947 enim

2246 979 2444 1036 animal
2493 982 2727 1036 animata
2774 991 2933 1052 atque
2974 983 3245 1040 sensibilis
3292 984 3606 1040 differentias
3636 986 3829 1040 consti-

2246 1080 2438 1129 tuunt:
2471 1073 2556 1130 has
2584 1074 2629 1130 si
2652 1085 2899 1131 maneant
2926 1085 3085 1147 atque
3101 1077 3410 1147 junguntur,
3436 1078 3611 1147 perire
3628 1076 3829 1132 animal

2246 1179 2354 1219 non
2382 1175 2587 1233 potest,
2617 1166 2742 1222 licet
2771 1180 2832 1221 ea
2873 1178 3094 1237 pereant
3127 1167 3194 1223 de
3225 1167 3414 1237 quibus
3458 1169 3657 1222 animal
3687 1183 3828 1244 prae-

2247 1255 2475 1323 dicatur,
2502 1258 2763 1313 rationale
2792 1259 2998 1313 scilicet
3030 1270 3190 1328 atque
3220 1258 3533 1314 irrationale
3576 1279 3587 1311 :
3633 1274 3830 1315 unum-

2246 1348 2495 1419 quodque
2518 1351 2660 1405 enim
2694 1352 2777 1421 (ut
2797 1351 2996 1406 dictum
3027 1353 3134 1421 est)
3161 1368 3225 1407 ex
3249 1351 3332 1407 his
3358 1353 3667 1409 substantias
3699 1368 3828 1424 pro-

2247 1442 2526 1511 prietatem
2559 1445 2723 1499 sumit
2777 1458 2839 1500 ex
2867 1446 3058 1514 quibus
3087 1445 3338 1516 efficitur,
3372 1460 3480 1501 non
3525 1446 3593 1500 ab
3635 1445 3720 1500 his
3761 1447 3830 1503 de

2246 1532 2438 1602 quibus
2468 1534 2807 1604 praedicatur.
2853 1536 3099 1605 Amplius
3141 1538 3185 1591 si
3216 1544 3469 1607 utrasque
3497 1535 3830 1594 diﬁ‘erentias

2246 1639 2416 1696 genus
2447 1636 2713 1697 potestate
2742 1630 3006 1694 continet,
3038 1630 3208 1699 ipsum
3236 1645 3333 1701 per
3369 1645 3428 1686 se
3458 1641 3701 1687 neutram
3733 1648 3831 1688 ea-

2248 1735 2365 1773 rum
2394 1721 2528 1775 intra
2561 1735 2618 1776 se
2644 1722 2865 1791 positam
2894 1722 3314 1795 collocatamque
3343 1724 3611 1781 concludit
3640 1742 3653 1777 :
3686 1724 3831 1797 quod

558 1830 677 1885 quae
707 1814 787 1868 his
815 1812 1099 1867 individuis
1125 1812 1399 1877 accidunt,
1430 1827 1549 1882 quae
1589 1813 1690 1869 sub
1728 1814 2010 1883 speciebus
2036 1815 2137 1872 bo-
2170 1815 2221 1878 Β
2247 1811 2290 1865 si
2314 1820 2434 1867 actu
2457 1812 2669 1883 quidem
2701 1828 2792 1870 eas
2816 1829 2923 1870 non
2954 1816 3223 1882 continet,
3255 1817 3350 1873 sed
3381 1824 3645 1889 potestate
3665 1860 3681 1887 ,
3706 1826 3831 1876 actu

561 1905 718 1961 minis
745 1913 905 1975 atque
933 1905 1056 1974 equi
1084 1904 1448 1959 continentur.
1474 1904 1685 1960 Animal
1714 1905 1873 1978 igitur
1892 1908 2035 1977 quod
2059 1919 2143 1965 est

557 2012 743 2068 genus,
772 1995 1095 2067 praedicatur
1115 1996 1183 2050 de
1209 1994 1554 2068 quadrupede
1576 2007 1629 2052 et
1655 1996 1847 2067 bipede
1872 2013 1990 2068 qure
2016 2007 2143 2055 sunt

557 2087 868 2144 differentiae
902 2106 913 2140 :
946 2086 1253 2158 quadrupes
1281 2101 1410 2142 vero
1446 2103 1554 2143 non
1585 2088 1779 2144 dicitur
1816 2090 1884 2146 de
1911 2090 2139 2161 bipede,

558 2182 650 2237 sed
681 2190 882 2237 tantum
906 2180 973 2235 de
1000 2179 1081 2235 his
1108 2178 1425 2235 animalibus
1450 2195 1570 2251 qua:
1596 2190 1826 2259 quatuor
1851 2185 2017 2253 pedes
2046 2185 2142 2239 ha-

560 2274 706 2329 bent.
738 2272 860 2327 Plus
890 2273 1051 2343 igitur
1079 2271 1399 2340 praedicatur
1434 2285 1605 2343 genus
1631 2288 1789 2342 quam
1817 2275 2136 2332 differentia.

558 2366 762 2421 Rursus
790 2364 950 2419 homo
971 2365 1038 2420 de
1068 2365 1319 2435 Platone'j
1356 2373 1411 2420 et
1453 2363 1675 2422 Socrate
1703 2368 2055 2438 praedicatur,
2087 2378 2143 2427 et

558 2458 626 2512 de
647 2457 857 2513 caeteris
886 2474 899 2508 :
931 2456 1127 2510 animal
1157 2470 1286 2512 vero
1313 2471 1420 2512 non
1447 2458 1609 2513 modo
1644 2459 1712 2514 de
1741 2460 1972 2516 hominis
2003 2462 2140 2516 indi-

559 2550 759 2615 viduis,
791 2550 1142 2605 verumetiam
1179 2548 1248 2604 de
1278 2551 1486 2606 caeteris
1517 2551 1971 2609 irrationabilibus
1998 2554 2141 2610 iudi-

558 2642 733 2698 viduis
757 2640 984 2696 dicitur:
1017 2642 1133 2711 plus
1156 2641 1317 2712 igitur
1337 2656 1505 2713 genus
1531 2658 1690 2714 quam
1714 2646 1921 2715 species
1950 2646 2143 2717 praedi-

559 2745 729 2790 catur.
757 2734 863 2790 Sed
893 2750 1015 2791 cum
1036 2735 1105 2791 sit
1137 2735 1409 2807 proprium
1439 2742 1558 2808 equi
1588 2737 1879 2808 hinnibile,
1913 2755 2142 2812 cumque

557 2838 727 2895 genus
753 2840 909 2897 quam
950 2826 1157 2897 species
1197 2828 1415 2885 uberius
1455 2830 1794 2900 pmdicetur,
1833 2834 2142 2903 praedicatio

556 2931 768 2990 quoque
796 2918 1012 2989 generis
1041 2920 1242 2989 proprii
1266 2922 1668 2992 supergreditur
1681 2923 2137 2993 prmdicationem.

558 3013 822 3068 Accidens
852 3027 1093 3083 quoque,
1135 3020 1190 3069 et
1227 3015 1271 3068 si
1302 3014 1544 3085 pluribus
1586 3016 1765 3071 inesse
1813 3026 2017 3085 potest,
2065 3028 2143 3072 ta-

558 3120 680 3161 men
710 3119 852 3176 srepe
879 3121 1077 3177 genere
1106 3104 1435 3162 contractius
1475 3105 1762 3175 invenitur,
1796 3116 1854 3162 ut
1892 3107 2138 3177 bellator,

2244 1902 2403 1957 etiam
2431 1904 2498 1958 ab
2523 1904 2605 1960 bis
2634 1906 2824 1974 poterit
2845 1908 3081 1976 separari
3111 1924 3122 1960 :
3159 1906 3259 1963 hoc
3287 1907 3461 1978 ipsum
3490 1908 3658 1975 enim,
3687 1908 3831 1978 quod

2245 2003 2326 2049 est
2346 2009 2439 2050 eas
2473 2005 2733 2064 potestate
2764 1998 3061 2067 continere,
3094 1999 3148 2053 id
3175 2008 3293 2053 erat
3340 2007 3462 2054 actu
3503 2014 3607 2053 non
3651 1999 3832 2054 conti-

2242 2100 2392 2141 nere.
2437 2086 2619 2142 Genus
2657 2103 2816 2157 vero,
2864 2089 2989 2161 quia
3027 2090 3295 2161 quaslibet
3335 2089 3665 2146 differentias
3710 2098 3833 2148 actu

2245 2188 2354 2231 non
2371 2180 2633 2244 continet,
2658 2189 2779 2234 actu
2804 2180 2872 2235 ab
2902 2179 3101 2235 eisdem
3125 2182 3285 2236 etiam
3307 2188 3602 2251 separatur.
3627 2180 3834 2239 Rursus

2242 2269 2390 2325 aliud
2430 2281 2516 2326 est
2566 2274 2781 2342 generis
2831 2276 3143 2343 proprium,
3201 2274 3341 2345 quod
3387 2291 3452 2330 ex
3507 2276 3833 2345 pr0prietate

2244 2362 2671 2431 praedicationis,
2707 2366 3031 2434 agnoscitur.
3074 2367 3245 2421 Omne
3267 2367 3409 2421 enim
3447 2381 3612 2437 genus
3644 2368 3711 2422 ad
3754 2369 3833 2423 in-

2252 2455 2665 2525 terrogationem
2716 2457 2841 2528 quid
2880 2466 2963 2512 est
3011 2458 3462 2530 unumquodque,
3517 2459 3833 2527 responderi

2244 2548 2526 2615 convenit,
2560 2557 2619 2603 ut
2654 2549 2852 2603 animal
2891 2549 2941 2604 in
2970 2565 3035 2604 eo
3066 2551 3205 2620 quod
3248 2551 3374 2620 quid
3399 2558 3480 2605 est
3520 2553 3588 2606 de
3614 2551 3834 2607 homine

2244 2637 2565 2707 praedicatur
2596 2657 2608 2693 :
2640 2638 2938 2695 differentia
2969 2655 3094 2695 vero
3115 2642 3355 2707 minime,
3382 2641 3476 2697 sed
3506 2644 3555 2696 in
3587 2658 3654 2699 eo
3689 2645 3833 2714 quod

2245 2733 2404 2803 quale
2444 2734 2544 2799 sit;
2584 2736 2760 2790 omnis
2800 2737 2941 2791 enim
2984 2735 3281 2792 differentia
3315 2738 3366 2792 in
3411 2736 3835 2808 qualitate'con-

2245 2824 2405 2879 sistit.
2431 2825 2537 2881 Sed
2570 2826 2669 2881 hoc
2696 2829 2969 2897 proprium
2999 2830 3103 2883 tale
3126 2836 3209 2882 cst
3230 2830 3388 2899 quale
3416 2816 3659 2899 superius
3691 2833 3834 2888 dixi-

2247 2931 2384 2983 mus,
2414 2931 2520 2971 non
2553 2933 2646 2987 per
2670 2933 2748 2985 se,
2783 2919 2877 2974 sed
2909 2920 3202 2976 secundum
3228 2923 3453 2993 alicujus
3478 2923 3833 2982 differentiam

2246 3010 2469 3075 dictum,
2499 3012 2694 3082 alioqui
2720 3026 3006 3067 commune
3035 3021 3117 3067 est
3147 3014 3247 3069 hoc
3277 3018 3460 3093 generi
3482 3031 3602 3070 cum
3630 3018 3833 3086 specie,

2246 3109 2303 3156 ut
2333 3100 2383 3156 in
2414 3117 2478 3157 eo
2507 3102 2648 3173 quod
2670 3102 2799 3174 quid
2827 3106 2897 3161 sit
2918 3105 3277 3175 praedicetur:
3305 3107 3397 3163 sed
3421 3109 3541 3179 quia
3567 3108 3667 3165 hac
3695 3111 3746 3165 in
3775 3126 3835 3171 re

557 3209 663 3250 non
688 3196 901 3266 proprie
939 3197 1040 3251 nisi
1068 3195 1230 3251 homo
1260 3195 1475 3265 dicitur,
1506 3205 1561 3253 et
1587 3198 1843 3254 velocitas
1872 3198 1924 3255 in
1958 3203 2141 3269 paucis
2170 3186 2218 3251 Ο
2249 3206 2415 3263 genus
2463 3208 2492 3245 a
2540 3192 2837 3248 diﬁcrentia
2887 3196 3181 3266 discrepat,
3234 3199 3483 3267 quoniam
3531 3199 3834 3261 differentia

557 3286 875 3343 animalibus
902 3287 1172 3343 invenitur
1202 3303 1218 3341 :
1250 3302 1357 3357 quo
1387 3287 1466 3353 fit,
1515 3297 1571 3342 ut
1610 3305 1781 3360 genus
1809 3301 1863 3347 et
1890 3291 2141 3349 differen-

559 3379 652 3445 tia,
683 3388 739 3435 et
762 3380 961 3450 specie,
988 3388 1043 3437 et
1073 3379 1307 3450 proprio,
1332 3386 1387 3435 et
1414 3380 1710 3451 accidente,
1747 3383 1975 3455 amplius
1999 3400 2138 3456 prte-

559 3469 787 3526 dicetur.
817 3470 989 3541 Atque
1031 3470 1146 3525 haec
1194 3478 1279 3527 est
1307 3485 1410 3526 una
1442 3470 1737 3543 proprietas
1770 3474 1983 3546 generis
2022 3493 2141 3549 qua:

558 3577 725 3633 genus
750 3562 818 3618 ab
842 3562 960 3618 aliis
985 3561 1236 3618 omnibus
1266 3562 1538 3635 disiungat
1560 3579 1623 3620 ac
1653 3574 1883 3637 separet.
1921 3567 2143 3638 Oportet

559 3666 762 3724 autem,
789 3658 977 3727 inquit,
996 3670 1134 3711 nunc
1152 3670 1246 3712 eas
1267 3656 1599 3713 differentias
1619 3659 2141 3732 intelligere,quibus

558 3749 813 3805 dividitur
840 3762 1028 3819 genus,
1057 3764 1160 3805 non
1204 3750 1396 3820 quibus
1440 3749 1759 3807 informatur
1801 3768 1967 3823 genus
1995 3769 2009 3806 :
2039 3754 2141 3810 illae

559 3839 702 3895 enim
736 3853 764 3893 a
794 3839 983 3909 quibus
1011 3839 1327 3894 informatur
1350 3854 1545 3910 genus,
1594 3840 1715 3910 plus
1757 3857 1917 3912 quam
1966 3842 2137 3913 ipsum

560 3945 727 4002 genus
756 3930 871 3986 sine
898 3930 1061 3986 dubio
1082 3929 1457 4000 praedicantur,
1492 3942 1548 3985 ut
1585 3931 1875 3986 animatum
1927 3942 1982 3988 et
2022 3949 2143 3989 cor-

560 4038 780 4094 poreum
820 4023 959 4079 ultra
996 4022 1194 4078 animal
1239 4022 1467 4076 tendunt
1506 4036 1627 4076 cum
1677 4023 1783 4078 sint
1826 4024 2140 4081 differentiae

561 4114 805 4170 animalis
833 4127 935 4169 non
963 4113 1231 4177 divisivaz,
1261 4111 1357 4168 sed
1398 4113 1573 4182 potius
1606 4112 1985 4171 constitutivaa.
2015 4118 2142 4173 0m-

562 4209 647 4263 nia
677 4208 817 4263 enim
840 4209 1112 4277 superiora
1138 4206 1207 4262 de
1236 4206 1577 4263 inferioribus
1608 4208 1979 4278 praedicantur.
2010 4213 2141 4279 Qua:

561 4312 693 4354 vero
732 4299 798 4354 de
843 4298 1183 4353 inferioribus
1235 4298 1630 4369 praedicantur,
1680 4316 1853 4372 neque
1901 4306 2141 4361 converti

563 4403 807 4464 possunt,
836 4392 950 4448 haec
975 4394 1041 4448 ab
1067 4393 1145 4447 eis
1172 4405 1290 4460 qua:
1319 4389 1571 4445 inferiora
1601 4399 1725 4446 sunt
1751 4394 1975 4463 amplius
2004 4412 2143 4467 prae-

559 4486 825 4541 dicantur.
858 4486 980 4539 Post
1012 4485 1113 4538 hoc
1150 4483 1296 4537 aliud
1341 4483 1611 4553 proprium
1657 4486 1869 4554 generis
1907 4489 2141 4545 ostendit

2245 3282 2458 3352 quidem
2484 3283 2539 3337 in
2571 3299 2637 3338 eo
2664 3284 2803 3354 quod
2835 3286 2991 3356 quale
3019 3295 3129 3352 cst,
3161 3288 3330 3356 genus
3356 3303 3482 3344 vero
3511 3289 3563 3343 in
3592 3304 3674 3346 eo.
3690 3293 3834 3363 quod

2243 3377 2371 3447 quid
2400 3384 2485 3433 est
2522 3377 2869 3446 praedicatur,
2910 3381 3126 3449 generis
3166 3380 3437 3449 proprium
3483 3382 3680 3437 dicitur
3725 3400 3834 3440 non

2245 3483 2341 3538 per
2359 3483 2439 3533 se,
2464 3469 2557 3524 sed
2584 3470 2650 3524 ad
2679 3470 2994 3526 differentiae
3020 3474 3475 3542 comparationem
3496 3515 3511 3541 ,
3544 3484 3599 3530 et
3624 3475 3679 3529 in
3711 3490 3833 3531 om-

2246 3559 2401 3615 nibus
2428 3560 2650 3631 reliquis
2675 3562 2917 3617 eamdem
2946 3566 3207 3621 rationem
3231 3567 3513 3621 conveniet
3539 3568 3833 3636 speculari;

2242 3651 2595 3720 quodcunque
2635 3652 2775 3707 enim
2823 3652 2894 3707 ita
2940 3657 3215 3724 proprium
3263 3657 3449 3726 generi
3494 3658 3723 3725 dicitur,
3776 3670 3834 3720 ut

2244 3742 2373 3796 nulli
2412 3743 2483 3797 sit
2529 3743 2619 3797 alii
2666 3744 2981 3812 commiine,
3027 3746 3121 3802 sed
3172 3755 3375 3803 tantum
3407 3748 3508 3806 hoc
3538 3766 3709 3821 genus
3738 3752 3827 3808 ha-

2243 3830 2385 3898 beat,
2418 3841 2471 3887 et
2496 3848 2731 3905 semper,
2763 3836 2814 3891 id
2843 3838 3137 3893 secundum
3167 3853 3226 3895 se
3252 3843 3523 3911 proprium
3554 3859 3832 3917 nuncupa-

2244 3934 2331 3980 tur
2362 3944 2374 3978 :
2406 3927 2666 3998 quidquid
2695 3945 2820 3985 vero
2851 3946 2971 3985 cum
3009 3933 3115 3988 alio
3156 3948 3442 3991 commune
3486 3944 3567 3992 est
3588 3978 3604 4005 ,
3640 3938 3693 3993 id
3723 3955 3833 4000 non

2246 4033 2342 4085 per
2366 4033 2446 4085 se,
2471 4019 2564 4075 sed
2596 4020 2662 4075 ad
2691 4022 2911 4077 alterius
2935 4022 3291 4080 differentiam
3315 4029 3589 4098 proprium
3612 4030 3831 4088 dicitur.

2244 4110 2362 4165 Alia
2386 4126 2569 4167 rursus
2597 4114 2808 4182 generis
2834 4122 2889 4168 et
2915 4114 3229 4172 differentia:
3256 4119 3523 4188 separatio
3544 4129 3655 4190 est,
3686 4124 3833 4194 quod

2243 4216 2409 4271 genus
2451 4202 2663 4273 quidem
2713 4205 2908 4274 speciei
2957 4222 3120 4262 unum
3166 4222 3381 4280 semper
3417 4210 3833 4280 adest,scilicet

2244 4296 2546 4365 proximum
2581 4314 2594 4351 :
2624 4297 2772 4367 plura
2798 4300 2938 4356 enim
2963 4313 3187 4371 possunt
3210 4318 3331 4361 esse
3356 4307 3656 4377 superiora,
3684 4311 3832 4370 velut

2246 4385 2475 4441 hominis
2498 4389 2691 4443 animal
2722 4400 2880 4461 atque
2900 4392 3219 4463 substantia,
3244 4396 3339 4453 sed
3362 4399 3661 4468 proximum
3686 4404 3833 4474 ejus—

2245 4482 2365 4537 dem
2399 4484 2629 4539 hominis
2660 4487 2860 4541 animal
2885 4496 3087 4544 tantum
3111 4507 3124 4543 :
3148 4490 3461 4548 differentia:
3488 4510 3615 4549 vero
3645 4497 3833 4567 plures

560 4592 664 4648 quo
692 4577 761 4632 ab
801 4577 884 4631 his
918 4575 1235 4630 differentiis
1264 4590 1383 4644 quae
1412 4576 1512 4630 sub
1554 4575 1743 4632 eodem
1784 4588 1911 4634 sunt
1953 4583 2142 4651 posita:
2169 4567 2224 4628 Ι)
2246 4576 2337 4630 uni
2365 4578 2560 4646 speciei
2590 4577 2781 4634 adesse
2817 4582 3094 4654 poterunt],
3130 4591 3187 4637 ut
3210 4584 3466 4639 rationale
3486 4595 3648 4656 atque
3681 4604 3833 4643 mor-

558 4675 892 4738 segregatur.
922 4666 1093 4720 Omne
1138 4666 1279 4720 enim
1322 4680 1489 4735 genus
1535 4667 1773 4723 continet
1808 4669 2141 4728 differentias

562 4766 824 4829 potestate
854 4775 868 4812 :
900 4755 1200 4813 differentia
1231 4770 1360 4812 vero
1388 4771 1555 4828 genus
1598 4772 1705 4814 non
1743 4770 1919 4829 potest
1964 4765 2142 4820 conti-

559 4865 712 4907 nere.
739 4849 949 4905 Animal
985 4848 1127 4904 enim
1157 4848 1415 4905 rationale
1456 4859 1613 4919 atque
1659 4849 1967 4908 irrationale
2014 4869 2144 4909 cou-

559 4944 695 4999 tinet
714 4949 1009 5012 potestate,
1051 4954 1224 5010 neque
1255 4938 1398 4996 enim
1427 4941 1815 4998 rationabilitas
1834 4984 1850 5011 ,
1892 4955 1981 4999 aut
2010 4945 2144 5001 irra-

559 5031 884 5090 tionabilitas
922 5031 1123 5085 animal
1154 5033 1349 5101 poterit
1396 5033 1694 5089 continere.
1739 5034 2009 5092 Potestate
2043 5052 2139 5093 au-

557 5135 664 5182 tem
716 5125 792 5179 ait
822 5123 1098 5181 continere
1125 5125 1322 5181 animal
1348 5126 1707 5195 differentias,
1745 5129 1871 5200 quia
1902 5130 2001 5200 (ut
2047 5146 2138 5187 su-

500 5270 507 5275 .
546 5218 737 5289 perius
761 5216 963 5273 dictum
988 5218 1092 5289 est)
1121 5233 1287 5289 genus
1314 5219 1530 5292 quidem
1554 5236 1740 5278 omnes
1771 5221 1930 5278 habet
1958 5224 2056 5277 sub
2076 5237 2136 5280 sc

556 5307 885 5365 diderentias
930 5317 1193 5381 potestate
1217 5352 1234 5380 ,
1275 5322 1396 5368 actu
1437 5313 1830 5386 vero-minime
1876 5330 1890 5366 :
1935 5329 2002 5370 ex
2029 5329 2136 5386 quo

555 5401 636 5471 fit,
667 5409 728 5456 ut
752 5402 854 5457 alia
881 5368 1177 5474 proprietas
1204 5368 1427 5461 oriatur.
1462 5368 1684 5462 Subfato
1728 5408 1870 5463 enim
1910 5368 2131 5478 genere,

555 5492 694 5559 perit
715 5490 1014 5549 diﬂerentia
1048 5511 1061 5548 :
1103 5496 1260 5550 veluti
1295 5496 1503 5551 sublato
1549 5497 1764 5552 animali
1814 5498 2135 5555 interimitur

555 5584 973 5654 rationabilitas,
1005 5586 1145 5656 quod
1173 5596 1255 5642 est
1283 5586 1601 5642 differentia.
1634 5589 1701 5642 At
1730 5589 1774 5641 si
1813 5589 2134 5646 rationabile

555 5675 861 5744 interimas,
907 5676 1268 5733 irrationabile
1315 5679 1511 5733 animal
1568 5689 1765 5736 manet.
1816 5681 1920 5738 Sed
1971 5682 2131 5751 objici

552 5776 758 5837 potest,
780 5770 905 5839 quid
932 5770 975 5826 si
995 5779 1248 5842 utrasque
1274 5771 1599 5830 differentias
1640 5774 1801 5830 simul
1831 5776 2129 5843 abstulero,

2246 4668 2350 4722 tale
2377 4667 2596 4732 homini.
2637 4670 2815 4741 Itaque
2853 4672 2911 4726 fit
2949 4673 3195 4732 diffinitio
3234 4691 3301 4732 ex
3343 4693 3452 4733 uno
3494 4679 3711 4749 quidem
3739 4698 3832 4752 ge-

2246 4773 2404 4826 nere,
2448 4762 2541 4815 sed
2594 4762 2834 4831 pluribus
2871 4763 3216 4836 differentiis,
3258 4779 3314 4823 ut
3362 4769 3592 4826 hominis
3629 4776 3831 4831 animal

2246 4852 2503 4907 rationale
2548 4865 2723 4922 atque.
2749 4857 2992 4913 mortale.
3043 4858 3248 4915 Rursus
3295 4862 3395 4917 alia
3434 4864 3690 4922 discretio
3722 4878 3828 4935 est,

2246 4943 2385 5011 quod
2415 4957 2581 5012 genus
2606 4947 2820 5015 quidem
2858 4949 3004 5004 velut
3042 4952 3325 5021 quemdam
3373 4955 3601 5026 subjecti
3651 4958 3831 5016 locum

2246 5043 2407 5102 tcnet,
2441 5034 2737 5093 differentia
2769 5055 2892 5095 vero
2920 5041 3126 5111 formae,
3158 5044 3227 5098 ita
3252 5054 3310 5099 ut
3340 5046 3468 5102 illud
3499 5050 3564 5101 sit
3599 5052 3829 5105 materia

2245 5127 2510 5197 quzedam,
2541 5144 2657 5199 quae
2684 5129 2903 5202 figuram
2930 5137 3183 5205 suscipiat
3207 5152 3221 5189 :
3254 5136 3368 5192 haec
3384 5153 3512 5193 vero
3534 5140 3601 5193 sit
3629 5140 3828 5208 forma,

2241 5233 2360 5289 quas
2402 5222 2787 5290 superveniens
2820 5224 3017 5293 speciei
3058 5226 3407 5283 substantiam
3455 5230 3831 5303 rationemque

2242 5310 2496 5380 perficiat.
2530 5311 2731 5367 Idcirco
2761 5316 2997 5384 pluribus
3030 5317 3347 5376 differentiis
3376 5337 3406 5377 a
3448 5339 3642 5393 genere
3671 5325 3830 5381 diffe-

2239 5404 2463 5459 ren'iam
2495 5408 2809 5476 segregavit,
2843 5410 2963 5480 quia
2994 5412 3104 5466 haec
3129 5414 3360 5470 maxime
3389 5418 3599 5485 generis
3630 5434 3829 5489 quam-

2241 5497 2359 5551 dam
2383 5498 2782 5554 similitudincm
2813 5502 3083 5574 continet,
3114 5505 3235 5575 quia
3272 5516 3355 5562 est
3386 5508 3736 5576 universalis,
3771 5523 3828 5572 et

2240 5600 2436 5662 prmtcr
2475 5608 2641 5662 genus
2686 5594 2822 5649 inter
2865 5605 3056 5651 c‘rtcra
3107 5599 3357 5656 maxima.
3402 5600 3507 5657 Sed
3553 5619 3675 5658 cum
3722 5606 3826 5662 alia

2240 5684 2387 5749 plura
2414 5686 2733 5752 communia,
2760 5687 3014 5758 pluraque
3039 5692 3247 5760 propria
3276 5694 3487 5762 generis
3514 5695 3656 5750 inter
3678 5711 3737 5751 se
3760 5711 3826 5755 ac

2238 5774 2549 5832 differentia:
2578 5778 2787 5833 valeant
2816 5780 3075 5849 inveniri,
3110 5783 3373 5840 sufficiant
3414 5802 3587 5855 nunc,
3619 5788 3823 5858 inquit,
