4106 6336
232 328 331 394 ιιι

1074 323 1142 381 ΙΝ
1181 318 1621 380 PORPHYRIUM
1657 311 2299 375 COMMENTARIORUM
2338 318 2468 375 LIB.
2508 317 2563 377 V.

3406 324 3517 385 its

235 458 353 505 tsta.
381 445 529 506 Satis
557 450 643 501 est
669 442 814 499 enim
854 440 921 496 ad
960 438 1341 495 discretionem
1372 434 1638 504 quaslibet
1666 431 1819 487 diﬂ'e-
1846 429 1900 492 Α
1928 429 2077 498 piens
2102 431 2476 500 diﬁerentiam,
2509 433 2742 503 speciem
2766 432 2914 504 facit,
2945 434 3048 492 hoc
3177 450 3345 508 genus
3369 435 3519 508 quod

234 539 435 596 rentius
461 546 768 602 assumere,
798 532 1006 589 etiamsi
1033 540 1153 600 quae
1179 526 1283 583 dici
1312 533 1536 597 possunt
1563 540 1669 579 non
1700 538 1823 579 om-

234 632 318 688 nia
347 630 690 701 colligantur.

302 721 479 778 Genus
506 728 712 787 unum,
745 725 791 771 et
835 714 1029 787 species
1077 727 1346 768 commune
1388 709 1590 780 quidem
1637 707 1826 761 habent

234 815 297 869 de
325 812 557 882 pluribus
581 807 875 880 praedicari,
897 802 1327 875 quemadmodum
1353 800 1547 855 dictant
1574 808 1669 853 est.
1713 797 1824 854 Su-

236 916 405 962 matur
423 913 592 959 autem
617 901 851 969 species,
875 907 929 951 ut
973 896 1167 967 species
1205 894 1371 948 solum
1392 932 1411 957 ,
1437 908 1540 945 non
1566 899 1736 945 autem
1768 897 1825 943 ut

236 1014 417 1068 genus,
442 996 487 1049 si
517 993 668 1061 fuerit
688 992 827 1046 idem
849 988 1039 1057 species
1063 998 1110 1041 et
1132 1002 1313 1058 genus.
1337 982 1614 1037 Commune
1641 982 1720 1037 his
1752 989 1828 1035 est

237 1090 386 1143 etiam
422 1086 539 1150 hoc,
583 1084 758 1153 priora
784 1081 865 1136 his
896 1096 1005 1135 esse
1042 1078 1106 1134 ds
1141 1077 1326 1145 quibus
1374 1074 1743 1145 prwdicantur,
1778 1080 1828 1126 et

237 1190 397 1237 totum
424 1177 683 1249 quoddam
700 1190 813 1232 esse
832 1182 1127 1242 utrumque.

308 1272 535 1331 Generis
557 1274 617 1327 et
638 1267 839 1339 speciei
867 1272 1149 1322 enumerat
1176 1262 1277 1318 tria
1301 1259 1605 1317 communia
1622 1298 1641 1323 ,
1663 1271 1829 1317 unum

238 1367 453 1437 quidem
478 1364 549 1420 de
572 1361 817 1433 pluribus
847 1357 1125 1429 praedicari
1154 1372 1170 1412 :
1200 1369 1375 1425 genus
1410 1353 1557 1413 enim
1600 1360 1654 1407 et
1704 1365 1830 1418 spe-

238 1459 348 1516 cies
368 1458 435 1513 de
455 1455 693 1527 p‘urihtts
717 1452 1101 1522 praedicantur,
1125 1448 1223 1504 sed
1248 1462 1417 1517 genus
1436 1447 1504 1503 de
1525 1445 1828 1517 speciebus,

239 1559 302 1607 ut
324 1550 532 1607 dictum
563 1554 681 1610 est,
708 1543 916 1613 species
945 1555 1074 1596 vero
1103 1540 1170 1595 de
1209 1537 1520 1595 individuis.
1551 1536 1657 1593 Sed
1689 1550 1833 1590 nune

240 1642 310 1699 de
342 1643 432 1699 illa
462 1638 645 1711 specie
671 1636 907 1707 loquitur
951 1648 1072 1703 qum
1102 1640 1310 1691 tantum
1357 1631 1568 1701 species
1613 1638 1725 1695 est,
1772 1636 1833 1687 ut

241 1736 441 1804 ιιοωθ,
469 1732 521 1789 id
550 1739 643 1791 est
674 1744 795 1800 qua
832 1743 943 1784 non
972 1725 1132 1782 etiam
1160 1738 1329 1795 genus
1360 1732 1482 1789 est,
1511 1721 1605 1777 sed
1648 1720 1831 1777 ultima

1915 524 2095 579 'habet
2126 525 2435 580 latissimam
2460 527 2916 596 praedicationem,
2939 538 3266 587 coarctatum
3290 532 3343 588 in
3367 530 3523 590 ωηο.

1931 616 2132 669 rentias
2170 624 2226 670 et
2267 624 2602 671 contractum
2653 617 2779 673 facit
2811 620 3049 688 speciem
3083 639 3096 673 :
3126 622 3347 678 omnino
3375 624 3524 678 enim

1929 706 2111 773 generi
2136 705 2321 776 juncta
2348 707 2648 764 differentia
2679 710 2911 778 speciem
2968 711 3165 778 reddit,
3195 721 3250 768 et
3300 729 3370 770 ex
3406 715 3528 770 uni-
3567 701 3589 746 ‘-

1934 797 2242 853 versalitate
2306 809 2361 853 et
2406 799 2666 854 latissima
2717 802 3099 870 praedicatione
3146 804 3200 859 in
3245 817 3529 876 anguet”

1932 892 2133 958 speciei
2166 893 2453 947 terminum
2481 893 2773 948 contrahit.
2796 894 3009 958 Animal
3030 895 3176 952 enim
3207 898 3362 967 cujus
3392 913 3532 967 prae-

1933 984 2134 1040 dicatio
2176 1000 2274 1055 per
2319 1001 2380 1043 se
2427 986 2585 1057 longe
2615 986 2827 1057 lateque
2855 986 3042 1043 diffusa
3065 997 3168 1058 est,
3199 990 3246 1045 si
3274 991 3533 1062 corripiat

1934 1076 2213 1132 rationalis
2259 1076 2615 1133 dill'erentiam
2672 1086 2728 1133 et
2779 1078 3044 1145 mortalis,
3075 1080 3328 1137 diminuit
3368 1090 3545 1152 atque-

1934 1167 2204 1223 contrahit
2255 1169 2306 1223 in
2344 1184 2509 1223 unum
2560 1170 2795 1227 hominis
2841 1171 3078 1241 speciem
3118 1190 3132 1226 :
3166 1174 3309 1230 unde
3364 1174 3425 1229 lit
3474 1183 3547 1235 m-

1936 1258 2114 1313 minor
2148 1258 2218 1313 sit
2259 1274 2474 1329 semper
2506 1261 2715 1331 species
2765 1277 2925 1332 quam
2964 1277 3155 1333 genus,
3197 1272 3367 1336 atque
3398 1265 3533 1323 ideo

1936 1352 2298 1431 contineatur,
2352 1354 2576 1409 sednon
2632 1356 2928 1422 contineat,
2969 1350 3288 1430 sublatoque
3335 1372 3549 1430 genero‘

1936 1446 2209 1501 auferatur
2252 1447 2500 1517 species:
2534 1450 2577 1503 si
2618 1450 2761 1504 enim
2806 1458 2975 1505 totum
3008 1450 3242 1519 auferas,
3276 1467 3399 1523 pars
3423 1469 3535 1513 non

1936 1539 2074 1603 erit;
2104 1540 2248 1609 quod
2272 1540 2318 1596 si
2345 1542 2556 1610 species
2586 1541 2879 1609 auferatur,
2911 1558 3081 1614 genus
3110 1552 3296 1601 manet
3322 1563 3335 1599 :
3369 1547 3537 1606 velut!

1937 1644 2058 1685 cum
2098 1632 2296 1686 animal
2343 1635 2650 1701 snstuleris,
2680 1634 3008 1691 interimitur
3053 1638 3215 1694 etiam
3253 1620 3443 1705 horno;
3490 1639 3540 1700 si

1940 1721 2212 1778 hominem
2244 1725 2478 1790 auferas,
2499 1726 2696 1780 animal
2724 1737 2894 1783 restat
2920 1729 3069 1784 :‘hoc
3092 1728 3253 1786 etiam
3272 1745 3436 1789 causa
3454 1740 3541 1792 est

238 1824 474 1896 species.
506 1822 661 1890 Quod
687 1820 731 1875 si
758 1817 920 1875 talem
948 1817 1182 1887 speciem
1212 1828 1474 1885 ponamus
1507 1827 1627 1882 qua:
1665 1812 1825 1867 etiam
1856 1814 1908 1874 B
1936 1823 1991 1868 ut
2020 1828 2190 1883 genus
2212 1815 2281 1870 de
2300 1815 2481 1885 specie
2507 1817 2734 1873 univoce
2763 1818 3103 1889 praedicetur,
3126 1820 3178 1877 id
3206 1830 3310 1890 est,
3326 1834 3385 1879 ut
3411 1839 3540 1896 spe-

240 1933 411 1991 genus
435 1930 562 1973 esse
590 1922 800 1984 potest,
823 1926 887 1968 ac
914 1910 984 1966 de
1014 1925 1080 1966 ea
1109 1909 1351 1963 dicamus
1375 1906 1517 1979 quod
1544 1920 1830 1963 commune

248 2011 413 2068 habet
435 2023 557 2067 cum
587 2020 786 2078 genere
811 2005 883 2060 de
904 2003 1146 2075 pluribus
1160 1999 1439 2071 praedicari
1456 2040 1471 2064 ,
1499 1997 1630 2052 nihil
1662 1998 1841 2052 inter-

243 2110 328 2161 eat
360 2115 430 2155 an
468 2100 541 2159 ita
582 2098 863 2163 dicamus,
901 2096 1075 2164 ipsum
1106 2109 1275 2163 genus
1336 2091 1387 2145 id
1425 2105 1606 2147 secum
1639 2089 1841 2149 habere

132 2212 152 2227 ο
244 2206 550 2258 commune,
578 2190 646 2247 de
676 2189 918 2260 pluribus
946 2186 1249 2257 praedicari.
1275 2184 1419 2239 Talis
1441 2192 1520 2238 est
1543 2182 1685 2237 enim
1709 2197 1838 2252 spe-

245 2288 386 2354 cies,
426 2300 546 2357 qua:
592 2298 698 2343 non
740 2283 914 2339 solum
955 2288 1039 2336 est
1075 2278 1311 2350 species,
1352 2274 1446 2330 sed
1478 2274 1637 2330 etiam
1674 2288 1843 2344 genus

247 2391 351 2441 est.
398 2380 495 2435 Est
531 2388 713 2435 autem
750 2389 1037 2435 commune
1074 2372 1159 2427 his
1200 2384 1416 2441 quoque
1445 2368 1587 2438 quod
1621 2376 1846 2435 utraque

248 2472 429 2543 priora
468 2478 605 2537 sunt
640 2469 724 2523 his
758 2466 830 2522 de
859 2465 1053 2538 quibus
1089 2464 1470 2534 praedicantur.
1499 2462 1669 2515 Omne
1700 2460 1846 2519 enim

253 2563 402 2635 quod
424 2564 492 2618 de
518 2560 759 2632 p'uribus
790 2558 1137 2630 praedicatur,
1185 2555 1232 2611 si
1280 2562 1428 2610 recto
1465 2552 1559 2623 (ut
1602 2552 1849 2621 superius

251 2656 463 2713 dictum
494 2654 611 2722 est)
639 2653 826 2711 ordine
849 2650 1090 2713 dicatur,
1126 2648 1274 2719 prius
1298 2656 1379 2702 est
1427 2645 1511 2702 his
1548 2643 1617 2699 de
1656 2642 1852 2712 quibus

252 2747 594 2817 praedicatur.
632 2745 896 2819 Praeterea
937 2750 1022 2798 est
1068 2741 1173 2795 illis
1198 2739 1299 2795 hoc
1342 2738 1501 2792 etiam
1538 2749 1847 2801 commune,

252 2838 396 2910 quod
428 2851 596 2906 genus
633 2850 698 2890 ac
735 2834 944 2905 species
974 2841 1144 2889 totum
1176 2838 1302 2887 sunt
1336 2842 1524 2885 eorum
1566 2840 1685 2896 quae
1714 2826 1854 2879 intra

251 2944 413 2985 suum
443 2928 704 2985 ambitum
734 2926 1013 2987 continent
1036 2931 1087 2978 et
1116 2928 1371 2986 coercent
1401 2936 1415 2974 :
1443 2918 1681 2974 omnium
1707 2916 1853 2977 enim

253 3019 558 3090 specierum
586 3027 753 3075 totum
774 3030 945 3088 genus
972 3022 1078 3084 est,
1107 3021 1162 3069 et
1186 3011 1429 3071 omnium
1457 3008 1857 3065 individuorum

252 3119 428 3166 totum
472 3120 555 3165 est
600 3110 827 3180 species.
879 3106 1057 3179 Eque
1113 3105 1256 3162 enim
1312 3118 1481 3175 genus
1535 3112 1592 3159 et
1643 3101 1855 3172 species

1938 1905 2050 1963 cies
2071 1906 2331 1977 suscipiat
2350 1907 2726 1963 dilﬁnitionein
2753 1913 2970 1979 generis
2997 1920 3054 1967 et
3073 1928 3292 1982 nomen,
3315 1915 3409 1971 sed
3434 1931 3537 1973 non

1942 2015 1973 2053 e
1998 2014 2284 2065 converso,
2307 2000 2708 2068 difﬁnitionem;
2731 2004 2929 2073 quippe
2953 2005 3150 2074 speciei
3179 2021 3349 2076 genus
3375 2009 3540 2063 susci-

1945 2110 2081 2164 pere
2112 2110 2217 2150 non
2249 2094 2486 2164 videtur,
2519 2096 2872 2150 substantiam
2919 2097 3064 2153 enim
3121 2099 3364 2168 priorum
3406 2100 3541 2157 inle-

1947 2189 2091 2245 riora
2121 2188 2447 2257 suseipiunt.
2477 2188 2533 2242 Si
2576 2189 2721 2243 enim
2777 2189 3015 2244 dil‘linias
3050 2191 3270 2258 animal,
3303 2202 3359 2247 et
3394 2192 3542 2252 dicat

1948 2281 2302 2338 substantiam
2351 2296 2472 2337 esse
2537 2283 2825 2336 animatam
2876 2291 3037 2353 atque
3075 2284 3383 2340 sensibilem
3412 2292 3541 2339 :-aut

1949 2374 1992 2427 si
2051 2373 2309 2443 praedices
2355 2374 2426 2429 de
2473 2372 2692 2429 homine
2729 2374 2947 2459 aqimnl,
2990 2389 3175 2429 verum
3225 2375 3450 2431 dixeris.
3484 2374 3546 2438 Si

1951 2466 2112 2521 etiam
2135 2466 2383 2520 animalis
2406 2465 2779 2521 diliinitionem
2807 2466 2876 2522 de
2905 2466 3122 2521 homine
3146 2468 3548 2539 praedicaveris.

1953 2557 2208 2629 dicasque
2247 2559 2521 2615 hominem
2550 2574 2674 2615 esse
2695 2559 3046 2615 substantiam
3074 2560 3360 2617 animatam
3386 2574 3546 2634 atque

1955 2651 2292 2718 scnsibilem,
2325 2650 2461 2706 nihil
2502 2651 2668 2706 fuerit
2715 2652 2769 2706 in
2801 2651 3168 2721 propositione
3207 2654 3347 2718 falsi,
3378 2655 3473 2709 sed
3500 2655 3548 2718 si

1958 2744 2190 2799 hominis
2216 2746 2480 2800 rationem
2514 2744 2729 2813 reddas,
2759 2745 2961 2799 animal
2998 2745 3261 2802 rationale
3297 2748 3548 2821 mortale,

1957 2852 2018 2890 ea
2048 2836 2267 2891 animali
2295 2852 2403 2891 non
2433 2837 2786 2901 conveniunt;
2821 2851 2995 2907 neque
3018 2836 3161 2891 enim
3192 2836 3242 2891 id
3267 2837 3409 2907 quod
3432 2837 3545 2894 anio'

1958 2928 2189 2992 malest,
2219 2927 2271 2982 id
2303 2927 2407 2983 dici
2441 2926 2640 2998 poterit
2663 2927 2863 2983 animal
2904 2927 3167 2983 rationale
3204 2929 3458 2997 mortale;
3492 2929 3549 2988 ill

1960 3019 2138 3089 igitur.
2174 3027 2232 3073 ut
2275 3018 2415 3073 sicut
2452 3019 2661 3089 species
2693 3020 2908 3088 generis
2952 3034 3147 3076 nomen
3191 3020 3436 3092 suscipit,
3478 3022 3548 3083 itt

1960 3115 2120 3169 etiam
2141 3112 2319 3183 capiat
2345 3112 2717 3168 diliinitionem
2742 3130 2756 3165 :
2782 3121 2839 3167 et
2861 3113 2998 3169 sicut
3019 3129 3188 3184 genus
3214 3129 3409 3171 nomen
3430 3129 3538 3186 spe

250 3202 538 3258 adunativa
556 3208 641 3257 est
666 3198 1040 3269 plurimorum,
1069 3194 1214 3267 quod
1238 3209 1368 3251 vero
1400 3194 1689 3249 multorum
1716 3192 1843 3247 adu-

1954 3206 2052 3262 ciei
2084 3221 2190 3261 non
2218 3206 2465 3275 suscipit,
2508 3206 2578 3260 ita
2630 3220 2730 3261 nec
2773 3206 3015 3275 ejusdem
3046 3205 3367 3263 dil’linitione
3397 3222 3540 3265 mon-

251 3294 490 3350 nativum
535 3303 616 3348 est
636 3331 653 3359 ,
687 3290 739 3347 id
784 3305 970 3347 eorum
999 3303 1124 3360 quae
1151 3288 1219 3345 ad
1248 3287 1470 3355 unitath
1510 3287 1736 3343 formam
1759 3300 1869 3349 rer

252 3386 419 3451 ducit,
445 3393 592 3440 recte
622 3382 817 3437 dicitur
849 3389 1044 3437 totum.

325 3486 585 3555 Differunt
612 3492 784 3538 autem
821 3498 881 3538 eo
908 3481 1049 3553 quod
1075 3497 1237 3553 genus
1264 3481 1473 3552 quidem
1499 3480 1695 3551 species
1722 3495 1851 3535 con-

254 3577 402 3644 tinet,
424 3574 617 3646 species
664 3588 781 3627 uero
825 3568 1135 3636 continetur,
1159 3579 1207 3624 et
1232 3585 1333 3625 non
1361 3570 1619 3625 continent
1636 3584 1845 3640 genera.

254 3665 336 3721 De
386 3664 617 3735 pluribus
670 3662 805 3717 enim
849 3661 1160 3734 prmdicatur
1215 3675 1375 3731 genus
1425 3675 1578 3728 quam
1635 3659 1844 3729 species.

252 3756 487 3829 Amplius
512 3771 700 3828 genera
720 3754 925 3824 quidem
946 3753 1223 3823 prtejacere
1254 3760 1470 3821 oportet,
1495 3759 1543 3805 et
1569 3751 1850 3821 informata

255 3845 564 3914 differentiis
604 3844 857 3914 speciﬁcis
882 3842 1127 3915 perﬁcere
1153 3841 1387 3910 species;
1429 3841 1565 3895 unde
1594 3850 1643 3894 et
1674 3840 1851 3909 priora

250 3946 373 3991 sunt
416 3934 720 3991 naturaliter
744 3949 954 4005 genera,
982 3940 1030 3989 et
1056 3947 1226 3988 secum
1251 3930 1445 4001 species
1472 3930 1848 3996 interimentia,

250 4046 348 4083 nec
374 4036 545 4083 tamen
583 4025 645 4079 ab
684 4026 757 4079 eis
786 4012 1188 4079 interimuntur:
1218 4037 1337 4077 nam
1363 4020 1413 4081 si.
1436 4022 1626 4093 species
1665 4021 1752 4086 sit,
1777 4027 1852 4073 est

248 4129 302 4174 et
324 4135 485 4190 genus
515 4134 532 4171 :
560 4133 715 4187 genus
734 4130 850 4170 vero
872 4115 923 4168 si
948 4114 1032 4179 sit,
1056 4129 1161 4168 non
1186 4113 1391 4167 omnino
1418 4112 1511 4166 erit
1540 4113 1756 4184 species.
1779 4109 1851 4165 Et

252 4226 450 4283 genera
474 4208 675 4279 quidem
709 4207 912 4260 univoce
952 4205 1015 4258 de
1043 4204 1299 4274 speciebus
1332 4203 1700 4275 praedicantur,
1732 4219 1850 4271 spe-

251 4304 361 4357 cies
386 4318 503 4356 vero
528 4299 592 4352 de
616 4298 883 4370 generibus
914 4297 1137 4350 minime.
1172 4295 1409 4364 Amplius
1433 4311 1621 4366 genera
1646 4295 1853 4366 quidem

246 4392 505 4449 excedunt
556 4406 641 4444 eas
686 4403 797 4458 quae
834 4387 925 4441 sub
953 4387 1077 4455 ips‘s
1101 4396 1221 4440 sunt
1247 4385 1458 4457 species,
1491 4384 1805 4438 continentia
1832 4400 1852 4440 :

247 4484 447 4557 species
489 4490 657 4535 autem
708 4479 955 4533 excedunt
998 4494 1179 4548 genera
1226 4478 1448 4547 prapriis
1505 4475 1849 4543 differentiis;

1950 3308 2170 3363 stretur,
2194 3298 2289 3354 sed
2310 3298 2465 3369 cujus
2486 3314 2682 3354 nomen
2708 3309 2764 3354 et
2789 3298 3039 3353 dillinitio
3061 3298 3130 3354 de
3153 3300 3330 3369 aliquo
3359 3296 3540 3369 praedi-

1951 3402 2125 3459 catur,
2156 3392 2208 3447 id
2239 3391 2466 3447 univoce
2496 3390 2713 3446 dicitur.
2752 3390 2884 3443 Cum
2920 3391 3084 3461 igitur
3110 3395 3322 3460 generis
3360 3401 3415 3445 et
3453 3407 3539 3448 no-

1952 3499 2077 3539 men
2103 3491 2158 3538 et
2178 3482 2433 3537 dillinitio
2457 3481 2526 3535 de
2552 3482 2732 3551 specie
2754 3479 3101 3549 praedicetur,
3128 3495 3298 3548 genus
3324 3480 3393 3535 de
3419 3495 3538 3550 spe-

1951 3577 2033 3631 cie
2063 3574 2289 3630 univoce
2317 3573 2533 3629 dicitur.
2564 3573 2829 3640 Quoniam
2862 3586 2995 3627 vero
3025 3571 3227 3641 speciei
3251 3571 3322 3626 de
3350 3585 3539 3640 genere

1952 3682 2127 3736 neque
2176 3680 2395 3730 nomen.
2418 3680 2594 3735 neque
2626 3663 2878 3719 dilﬁnitio
2908 3662 3254 3734 praedicatur,
3288 3677 3394 3719 non
3420 3677 3540 3719 cono

1954 3763 2182 3818 vertitur
2209 3760 2435 3815 univoca
2464 3758 2798 3829 pmdicatio.
2830 3757 3088 3813 Diﬂ'erunt
3125 3772 3320 3828 genera
3361 3771 3391 3811 a
3428 3769 3541 3826 spe-

1954 3855 2139 3912 ciebus
2169 3854 2268 3910 hoc
2297 3868 2510 3924 quoque
2548 3852 2729 3919 modo,
2757 3851 2900 3922 quod
2942 3865 3138 3921 genera
3186 3848 3541 3920 supervadum

1954 3950 2164 4019 species
2200 3962 2327 4004 suas
2355 3948 2581 4002 aliarum
2612 3945 2939 4001 continentia
2968 3944 3307 4014 specierum;
3341 3943 3543 4011 species

1955 4055 2083 4095 vero
2126 4054 2323 4110 genera
2349 4037 2769 4093 dill'erentiarum
2802 4035 3132 4105 pluralitate.
3164 4034 3373 4090 Animal
3403 4033 3543 4092 enim

1954 4131 2099 4201 quod
2120 4139 2203 4185 est
2228 4144 2421 4199 genus,
2451 4128 2758 4197 supervadit
2791 4128 3083 4191 hominem,
3114 4126 3256 4197 quod
3298 4136 3383 4182 est
3424 4141 3547 4197 spec

1954 4227 2089 4290 cies,
2119 4224 2243 4294 quia
2270 4238 2373 4276 non
2408 4221 2678 4279 hominem
2703 4220 2873 4273 solum
2903 4218 3161 4288 continet,
3197 4218 3545 4275 verumetiam

1957 4316 2168 4382 bovem,
2199 4328 2393 4383 equum
2434 4312 2672 4380 aliasque
2711 4310 2940 4379 species.
2972 4324 3107 4379 quas
3134 4324 3248 4366 sua:
3286 4309 3547 4379 praedica-

1957 4408 2118 4463 tionis
2145 4407 2317 4477 spatio
2347 4404 2593 4461 includit.
2645 4403 2866 4472 Species
2898 4416 3021 4458 vero
3063 4412 3123 4457 ut
3163 4403 3327 4458 homo
3350 4416 3543 4473 super-

1957 4501 2102 4555 vadit
2144 4512 2333 4569 genus,
2360 4506 2417 4552 ut
2460 4496 2657 4551 animal
2698 4494 3042 4551 multitudine
3097 4493 3545 4553 diifereutiarum.

246 4574 477 4646 amplius
513 4588 605 4626 nec
654 4570 839 4640 species
886 4570 972 4639 ﬁet
1013 4584 1241 4639 unquam
1269 4569 1727 4639 generalissimum,
1760 4584 1843 4624 nec

1956 4591 2088 4645 Nam
2115 4563 2238 4645 actu
2267 4603 2433 4658 genus
2456 4601 2561 4641 non
2580 4585 2741 4642 habet
2762 4584 3026 4641 rationale
3053 4584 3136 4640 vel
3154 4584 3400 4651 mortale,
3423 4584 3545 4641 nul-

246 4681 415 4739 genus
459 4664 543 4732 ﬁet
588 4678 812 4732 unquam
850 4659 1295 4730 specialissimum.

326 4784 608 4856 Expeditis
637 4782 1012 4839 communibus
1038 4783 1253 4853 generis
1283 4790 1339 4837 et
1358 4781 1578 4853 speciei,
1612 4796 1754 4838 nunc
1782 4783 1852 4841 dc

243 4893 443 4936 eorum
464 4876 1117 4945 discretione'pertractat.
1132 4874 1359 4931 Dill‘erre
1378 4878 1519 4932 enim
1533 4875 1665 4932 dicit
1679 4891 1851 4948 genus

244 4988 282 5027 a
311 4971 518 5042 specie,
548 4969 803 5040 quoniam
830 4984 1000 5040 genus
1027 4970 1266 5026 continet
1294 4969 1525 5040 species,
1560 4978 1618 5027 ut
1645 4970 1848 5026 animal

241 5061 501 5119 continet
522 5060 825 5127 hominem;
856 5061 1063 5131 species
1085 5075 1216 5119 vero
1238 5076 1344 5117 non
1365 5062 1606 5118 continet
1626 5077 1846 5133 genera,

239 5170 433 5224 neque
454 5155 594 5211 enim
617 5154 780 5211 homo
808 5153 875 5211 de
892 5153 1477 5224 animaliprtedicatur.
1498 5154 1681 5223 Itaque
1712 5154 1773 5211 lit
1788 5161 1850 5213 ut

238 5246 461 5318 species
478 5245 692 5317 quidem
709 5244 1087 5303 contineatura
1104 5235 1702 5316 generibus,'nunquam
1720 5261 1847 5303 vero

238 5339 525 5396 contineat
550 5351 769 5408 genera.
800 5336 973 5393 Omne
994 5337 1135 5393 enim
1154 5336 1299 5407 quod
1326 5336 1553 5406 amplius
1584 5337 1845 5407 praedica-

239 5443 361 5500 tur,
386 5432 526 5486 illius
556 5438 639 5485 est
676 5430 981 5496 continens,
1000 5428 1143 5499 quod
1171 5428 1347 5485 minus
1375 5418 1767 5496 dicitur.'Quod
1795 5426 1842 5485 si

236 5539 423 5594 genus
451 5523 680 5591 amplius
700 5522 1020 5592 praedicetur
1051 5534 1209 5591 quam
1235 5520 1468 5590 species,
1488 5534 1708 5583 necesse
1726 5531 1843 5586 est,

238 5627 307 5673 ut
340 5616 551 5687 species
582 5615 797 5687 quidem
834 5614 1174 5671 contineatur
1203 5628 1233 5667 a
1259 5627 1482 5683 genere,
1513 5626 1680 5682 genus
1713 5626 1843 5671 vero

235 5709 402 5767 nullo
431 5706 592 5763 modo
618 5706 816 5775 speciei
846 5706 1046 5765 ambitu
1079 5704 1473 5776 praedicationis
1497 5703 1799 5758 includatur
1823 5719 1838 5758 :

236 5798 415 5870 hujus
440 5806 615 5853 autem
647 5796 783 5853 ratio
811 5806 914 5866 est,
940 5796 1194 5866 quoniam
1222 5810 1392 5867 genus
1422 5809 1633 5871 semper
1662 5793 1853 5851 susci-

1960 4685 2038 4739 las
2055 4684 2250 4753 quippe
2271 4690 2391 4736 actu
2407 4694 2578 4750 genus
2601 4677 2798 4739 retinet
2819 4676 3172 4743 differentias,
3187 4677 3405 4733 easdem
3423 4691 3545 4748 spes

1958 4774 2067 4828 cies
2107 4788 2217 4828 suae
2242 4771 2558 4827 substantia:
2587 4768 2913 4823 inberentes
2947 4775 3110 4836 atque
3150 4767 3338 4823 insitas
3374 4776 3543 4826 tenet.

1959 4868 2130 4923 Homo
2170 4867 2314 4920 enim
2345 4863 2623 4920 rationalis
2648 4871 2732 4919 est
2752 4871 2913 4931 atque
2932 4861 3353 4933 mortalis,qnod
3373 4876 3541 4932 genus

1956 4958 2177 5015 minime
2204 4967 2307 5013 est.
2336 4956 2546 5012 Animal
2583 4955 2726 5011 enim
2757 4968 2930 5025 neque
2960 4953 3185 5009 mortale
3227 4962 3312 5009 est
3338 4968 3431 5023 per
3457 4967 3535 5016 se.

1957 5065 2128 5122 neque
2172 5050 2450 5105 rationale.
2492 5048 2642 5116 Quod
2687 5048 2731 5104 si
2770 5055 2941 5118 genus
2976 5046 3189 5117 quidem
3233 5048 3351 5118 plus
3382 5061 3538 5117 quam

1915 5176 1919 5180 -
1955 5158 2115 5199 unam
2142 5144 2382 5198 continet
2408 5142 2663 5211 speciem,
2689 5148 2744 5194 at
2762 5154 2893 5195 vero
2920 5140 3129 5210 species
3174 5140 3355 5195 multis
3382 5136 3539 5192 dih‘e-

1953 5238 2141 5295 rentiis
2192 5236 2565 5299 informantur;
2590 5244 2807 5303 superat
2850 5233 3067 5301 quidem
3108 5246 3278 5303 genus
3301 5230 3538 5300 speciem

1952 5328 2274 5389 continentia
2294 5328 2613 5397 specierum,
2638 5325 2846 5395 species
2866 5309 2994 5379 sero
3015 5324 3184 5381 vincit
3200 5335 3370 5394 genus
3388 5320 3538 5378 dill‘e-

1956 5422 2245 5483 rentiarum
2302 5418 2626 5489 pluralitate.
2684 5417 2773 5479 llla
2821 5431 3032 5487 quoque
3083 5423 3168 5470 est
3214 5412 3537 5481 diﬁ‘erentla,

1956 5514 2095 5585 quod
2120 5527 2289 5583 genus
2314 5511 2565 5582 quoniam
2592 5511 2831 5565 omnium
2865 5508 3096 5577 primum
3126 5513 3232 5570 est,
3262 5520 3537 5577 nunquam

1955 5607 2008 5663 in
2060 5612 2262 5663 tantum
2295 5602 2622 5658 descendere
2653 5600 2849 5671 poterit
2889 5604 2948 5650 ut
2972 5595 3065 5651 (lat
3094 5594 3342 5651 ultimum
3374 5615 3385 5650 :
3418 5611 3535 5668 ape.

1950 5700 2062 5756 cies
2092 5713 2220 5755 vero
2251 5712 2371 5767 qua:
2413 5695 2620 5750 cunctis
2651 5703 2733 5747 est
2762 5688 3003 5749 inferior,
3034 5702 3303 5753 nunquam
3333 5691 3386 5744 in
3419 5700 3534 5745 tan.

1951 5802 2060 5848 tum
2112 5790 2403 5847 ascendere
2457 5787 2675 5857 poterit,
2726 5793 2782 5839 ut
2819 5792 3070 5847 suprema
3118 5782 3358 5839 omnium
3413 5787 3503 5841 ﬂat
