4022 6328
528 393 633 455 145

1759 375 1868 432 AN.
1910 372 2123 431 MANL.
2164 370 2319 428 SEV.
2362 367 2586 425 BOETII

3706 362 3809 420 1H

424 530 427 533 λ
526 494 797 579 nunquam
829 503 988 576 igitur
1006 514 1106 557 nec
1130 497 1341 570 species
1383 492 1844 567 generalissimum
1874 492 1981 556 lict,
2016 503 2116 545 nec
2146 488 2270 551 Aet
2314 500 2602 541 econverso.
2651 481 2905 553 Amplius,
2959 480 3095 536 omni
3136 480 3322 552 speciei
3368 481 3498 537 inest
3547 482 3831 555 proprium

526 617 698 673 genus
740 597 1204 670 specialissimum.
1258 589 1362 647 Sed
1416 604 1481 644 ex
1530 586 1612 641 his
1648 601 1767 657 qua:
1805 584 1962 641 dicta:
1993 592 2119 638 sunt

529 690 869 755 diﬂerentiis,
918 687 1036 741 alia:
1086 692 1211 738 sunt
1267 697 1385 753 quae
1431 675 1864 751 genusaspecie
1887 675 2117 746 propriis

527 784 932 853 coniunctaeque
951 775 1348 839 disterminant,
1390 770 1508 825 alia:
1532 784 1659 824 vero
1674 784 1792 840 quae
1815 782 1919 823 non
1941 766 2116 822 solum

526 891 697 946 genus
741 889 772 928 a
813 870 1017 942 specie,
1050 866 1401 923 verumetiam
1451 880 1480 918 a
1525 864 1734 919 caeteris
1760 861 2028 917 deducunt
2053 874 2119 914 ac

526 963 935 1027 disterminant;
967 975 1142 1030 neque
1167 959 1310 1017 enim
1336 957 1404 1012 de
1435 956 1518 1011 his
1547 965 1752 1009 tantum
1780 961 1993 1025 oportet
2011 952 2117 1007 dif-

525 1055 763 1113 ferentiis
784 1070 903 1125 qum
932 1060 1058 1107 sunt
1086 1049 1263 1114 dictae,
1290 1046 1640 1104 verumetiam
1672 1046 1725 1101 in
1751 1044 1961 1101 caeteris
1986 1058 2116 1099 con-

524 1146 784 1214 siderare,
812 1145 857 1199 si
907 1142 1121 1213 proprie
1170 1154 1414 1197 normam
1456 1137 1794 1195 discretionis
1824 1136 2115 1208 quaerimus

524 1251 838 1309 agnoscere.

554 1366 557 1371 -
596 1327 809 1383 Generis
851 1333 1022 1381 autent
1060 1334 1107 1379 et
1156 1323 1351 1396 praprii
1380 1336 1644 1377 commune
1682 1320 1890 1391 quidem
1928 1326 2001 1374 est
2036 1334 2116 1373 se-

525 1421 613 1492 qui
659 1419 847 1491 species
879 1434 895 1470 :
927 1432 1143 1485 namque
1180 1416 1225 1469 si
1264 1414 1416 1469 homo
1463 1422 1558 1479 est,
1606 1412 1801 1466 animal
1838 1419 1913 1465 est
1945 1424 1965 1464 :
1991 1418 2041 1465 et
2069 1409 2116 1464 si

525 1512 676 1569 homo
706 1519 802 1577 est,
830 1509 1020 1564 risibile
1045 1515 1139 1561 est.
1173 1505 1451 1561 Commune
1496 1511 1568 1559 est
1611 1518 1807 1572 quoque
1851 1500 2116 1571 aqualiter

524 1606 800 1678 prwdicari
826 1620 983 1674 genus
1018 1602 1084 1656 de
1111 1600 1394 1671 speciebus,
1426 1607 1476 1653 et
1507 1597 1772 1668 proprium
1806 1595 1870 1651 de
1902 1593 1980 1648 Itis
2002 1608 2115 1663 qua:

525 1698 836 1769 participant
869 1696 958 1752 illo
989 1694 1290 1751 individuis.
1323 1691 1621 1763 Equaliter
1641 1691 1776 1746 enim
1803 1700 1851 1744 et
1878 1688 2030 1743 homo
2066 1694 2115 1742 et

525 1791 613 1846 bos
642 1789 836 1846 animal
872 1796 965 1856 est,
996 1798 1043 1842 et
1074 1788 1246 1842 Cicero
1293 1785 1499 1840 et‘Cato
1538 1792 1652 1840 sunt
1691 1783 1927 1837 risibiles.
1961 1780 2112 1835 Com-

2221 581 2371 650 cttjus
2400 589 2473 633 est
2506 576 2769 648 proprium
2795 584 2840 631 et
2874 577 2970 631 soli
2999 586 3047 631 et
3078 592 3296 645 semper,
3327 591 3485 647 genus
3524 592 3641 631 vero
3670 578 3813 632 omni

2220 672 2421 742 quidem
2453 670 2638 737 speciei
2666 670 2796 723 inest
2818 670 2967 741 cujus
2996 669 3149 739 fuerit
3176 683 3354 739 genus,
3384 677 3429 722 et
3456 684 3676 738 semper,
3709 686 3812 724 non

2222 774 2392 818 tamen
2420 762 2534 818 soli.
2575 762 2835 831 Amplius,
2880 763 3091 834 prapria
3127 762 3333 833 quidem
3357 763 3661 834 interempta
3707 780 3811 819 non

2219 855 2375 910 simul
2399 856 2698 910 interimunt
2730 869 2917 927 genera
2946 869 2963 907 :
2992 870 3178 923 genera
3207 870 3322 908 vero
3346 855 3652 926 interempta
3675 856 3813 911 inte-

2220 950 2412 1003 rimunt
2435 949 2625 1018 species
2650 963 2869 1019 quarunt
2886 956 3006 1000 sunt
3025 947 3251 1017 propria.
3283 947 3455 1015 Quare
3475 948 3554 1002 his
3573 949 3813 1003 interem-

2221 1040 2323 1112 ptis
2348 1056 2566 1111 quorum
2591 1049 2707 1097 sunt
2733 1039 2966 1110 propria,
2998 1046 3046 1092 et
3092 1038 3204 1109 ipsa
3241 1038 3396 1092 simul
3425 1039 3812 1096 interimuntur.

2292 1133 2420 1190 Tale
2447 1148 2635 1189 rursus
2664 1132 2937 1203 proprium
2967 1132 3151 1199 sumit,
3170 1132 3311 1200 quod
3333 1133 3400 1188 ad
3420 1133 3642 1189 alterius
3664 1150 3815 1189 com-

2221 1227 2553 1300 parationem
2600 1227 2874 1298 proprium
2915 1237 3257 1297 nuncupetur
3288 1246 3300 1281 :
3334 1227 3466 1282 dicit
3494 1228 3637 1283 enim
3679 1242 3813 1299 pro-

2221 1322 2397 1393 prium
2427 1334 2549 1376 esse
2570 1319 2803 1390 generis,
2834 1320 2981 1389 prius
3003 1334 3126 1377 esse
3145 1335 3304 1391 quam
3330 1321 3563 1391 propria.
3586 1321 3814 1392 Oportet

2220 1412 2363 1468 enim
2414 1411 2562 1483 prius
2591 1427 2713 1469 esse
2765 1428 2953 1483 genus,
2985 1412 3127 1483 quod
3180 1412 3346 1468 veluti
3386 1414 3609 1469 materia
3653 1413 3813 1469 ditfe-

2219 1502 2412 1559 rentiis
2446 1514 2799 1574 supponatur,
2833 1504 3281 1573 venientibusque
3324 1504 3642 1561 diderentiis
3694 1505 3813 1561 ﬁeri

2218 1596 2451 1667 speciem
2498 1612 2619 1651 cum
2668 1597 2865 1668 quibus
2913 1597 3129 1668 propria
3173 1608 3487 1654 nascuntur.
3541 1598 3599 1653 Si
3650 1597 3818 1668 igitur

2219 1694 2367 1763 prius
2404 1703 2487 1749 est
2522 1708 2695 1764 genus
2722 1709 2881 1764 quam
2913 1692 3253 1759 dili'erentiaz,
3287 1693 3437 1763 prius
3464 1693 3624 1750 etiam
3663 1694 3843 1751 diife-‘

2218 1786 2407 1841 rentia:
2441 1801 2600 1857 quam
2638 1785 2867 1856 species,
2894 1794 2949 1840 et
2974 1784 3257 1855 speciebus
3286 1784 3498 1855 propria
3523 1788 3837 1857 coaequen-7

524 1900 674 1938 mune
713 1883 917 1936 demum
943 1890 1016 1936 est
1043 1881 1123 1934 bis
1143 1879 1351 1933 univoce
1378 1877 1650 1947 pradicari
1670 1917 1685 1943 ,
1712 1892 1870 1947 genus
1905 1875 1969 1928 de
1993 1890 2113 1944 pro-
2143 1876 2192 1939 B
2221 1887 2325 1945 tur,
2352 1894 2461 1934 non
2496 1887 2578 1934 est
2615 1878 2835 1933 dubium
2885 1877 3015 1949 quin
3054 1878 3269 1948 propria
3313 1878 3604 1948 generibus
3634 1889 3818 1949 poste-

523 1978 648 2050 priis
666 1974 942 2047 speciebus,
959 1982 1006 2028 et
1026 1973 1291 2043 praprium
1306 1972 1370 2024 de
1394 1971 1471 2025 Itis
1493 1985 1712 2042 quarunt
1727 1977 1801 2023 est
1822 1967 2107 2039 proprium.

596 2069 720 2124 Tria
744 2070 954 2123 interim
988 2067 1202 2137 generis
1228 2081 1293 2122 ac
1317 2065 1517 2136 proprii
1547 2064 1676 2120 dicit
1725 2077 1846 2119 esse
1873 2076 2114 2117 commu-

524 2163 634 2229 nia,
664 2176 889 2230 quorum
936 2160 1162 2229 primum
1213 2157 1341 2212 illud
1386 2168 1491 2225 est,
1523 2157 1774 2228 quoniam
1825 2157 1896 2211 ita
1946 2169 2116 2227 genus

525 2253 763 2321 sequitur
808 2254 1018 2321 species
1064 2258 1125 2304 ut
1168 2248 1471 2319 proprium;
1516 2248 1687 2319 posita
1737 2248 1881 2303 enim
1935 2247 2117 2316 specie

525 2361 747 2403 necesse
794 2355 876 2401 est
930 2345 1289 2415 intelligamus
1329 2358 1499 2413 genus
1540 2350 1595 2397 et
1634 2343 1928 2412 proprium,
1985 2342 2117 2397 neu-S

526 2449 664 2495 trum
713 2438 857 2493 enim
913 2438 1123 2508 species
1182 2436 1424 2507 proprias
1480 2433 1807 2505 derelinquit
1845 2452 1857 2488 :
1899 2448 2021 2490 nam
2072 2434 2117 2489 si

526 2529 689 2587 homo
716 2538 821 2597 est,
853 2528 1052 2584 animal
1078 2538 1196 2592 est;
1243 2529 1288 2583 si
1318 2531 1481 2582 homo
1515 2536 1618 2593 est,
1650 2526 1855 2582 risibile
1883 2535 1967 2581 est
2000 2544 2012 2580 :
2046 2526 2117 2581 ita

527 2621 978 2694 quemadmodum
1045 2635 1237 2691 genus,
1280 2621 1360 2675 sic
1411 2619 1684 2690 proprium
1725 2618 1793 2674 ab
1832 2634 1894 2674 ea
1940 2618 2121 2688 specie

527 2718 678 2786 cujus
722 2724 806 2771 est
842 2714 1117 2785 proprium
1162 2727 1270 2768 non
1320 2712 1547 2768 recedit.
1599 2710 1730 2766 Illud
1781 2726 1993 2782 quoque
2038 2718 2122 2767 est

527 2823 812 2867 commune
837 2805 981 2878 quod
1004 2804 1224 2875 aqualis
1254 2813 1338 2861 est
1361 2803 1577 2875 generis
1606 2802 1965 2873 participatio,
1985 2802 2123 2857 sicut

528 2902 687 2958 etiam
736 2900 959 2971 proprii.
991 2898 1162 2954 Omne
1204 2897 1346 2953 enim
1393 2911 1560 2967 genus
1611 2895 1891 2967 aequaliter
1929 2909 1961 2948 a
2008 2894 2121 2949 suis

528 2992 810 3064 speciebus
869 2990 1248 3060 participatur,
1309 2988 1583 3058 proprium
1645 3002 1776 3042 vero
1838 2985 2121 3041 individuis

529 3086 773 3143 omnibus
822 3084 1098 3154 aequaliter
1154 3082 1497 3137 adhaerescit.
1549 3080 1888 3135 Manifestum
1920 3089 2005 3136 est
2028 3096 2125 3136 au-

530 3188 638 3234 tem
690 3174 1095 3245 participatione
1146 3187 1268 3229 esse
1306 3171 1494 3241 generi
1549 3172 1755 3242 aequale
1809 3174 2119 3242 proprium;

2216 1976 2359 2031 riora
2384 1976 2512 2045 sint,
2538 1990 2600 2031 ac
2632 1991 2727 2045 per
2755 1975 2858 2031 hoc
2879 1975 3021 2046 quod
3043 1975 3246 2031 dictum
3268 1986 3370 2042 est,
3398 1975 3673 2047 proprium
3696 1991 3819 2031 esse

2218 2069 2454 2141 generis,
2489 2069 2635 2136 prius
2661 2083 2779 2123 esse
2806 2083 2966 2138 quam
2996 2069 3212 2138 propria
3243 2084 3257 2124 :
3285 2082 3571 2123 commune
3601 2067 3705 2123 ltoc
3732 2058 3835 2125 est

2219 2163 2406 2235 generi
2438 2176 2561 2217 cum
2587 2160 2909 2217 dih‘erentia.
2938 2160 3261 2217 Ditierentite
3282 2162 3423 2217 enim
3453 2161 3663 2232 species
3688 2176 3820 2218 con-

2220 2258 2513 2309 formantes
2544 2255 2752 2323 priores
2780 2253 3193 2308 considerantur
3221 2267 3343 2308 esse
3383 2268 3543 2324 quant
3576 2255 3839 2324 propria.

2223 2347 2502 2418 Siquidem
2542 2347 2824 2417 speciebus
2852 2347 2983 2415 ipsis
3017 2348 3225 2416 priores
3250 2355 3395 2413 sunt,
3427 2362 3559 2416 quas
3602 2346 3819 2418 propria

2221 2438 2433 2494 ratione
2481 2437 2873 2503 determinant;
2926 2437 3023 2493 sed
3073 2447 3132 2493 ut
3180 2438 3379 2494 dictum
3418 2448 3503 2494 est
3544 2437 3646 2494 hoc
3694 2454 3821 2509 pro-

2224 2532 2421 2601 prium,
2477 2530 2545 2585 ad
2593 2529 2950 2586 diﬂerentiam
3004 2530 3212 2601 proprii
3256 2531 3659 2603 intelligendum
3709 2541 3820 2603 est,

2224 2638 2331 2677 non
2358 2621 2517 2693 quale
2546 2621 2793 2690 superius
2820 2622 3091 2691 proprium
3123 2636 3220 2692 per
3251 2636 3310 2678 se
3337 2622 3685 2678 constitutum
3710 2633 3819 2679 est.

2226 2714 2429 2770 Rursus
2454 2712 2638 2769 diifert
2664 2728 2833 2783 genus
2871 2728 2900 2767 a
2949 2713 3189 2783 proprio,
3210 2714 3353 2784 quod
3383 2729 3553 2785 genus
3597 2715 3821 2785 quidem

2228 2804 2297 2859 de
2345 2804 2590 2875 pluribus
2645 2803 2967 2874 praedicatur
3004 2804 3312 2875 speciebus,
3365 2806 3638 2876 proprium
3689 2821 3823 2863 vero

2227 2898 2450 2953 minime
2483 2915 2496 2951 :
2532 2912 2655 2952 nam
2699 2911 2873 2968 neque
2927 2912 3096 2967 genus
3145 2906 3247 2966 est,
3288 2899 3387 2954 nisi
3435 2901 3617 2970 plures
3656 2915 3724 2955 ex
3764 2916 3825 2957 se

2227 2992 2441 3057 species
2464 2990 2727 3060 proferat,
2759 3004 2859 3046 nec
2889 2992 3165 3061 pr0prium
3192 2992 3237 3047 si
3264 2993 3422 3049 alteri
3449 2994 3673 3049 cuilibet
3700 3008 3825 3065 spe-

2227 3083 2330 3139 ciei
2379 3084 2547 3153 possit
2589 3097 2710 3139 esse
2754 3096 3064 3140 commune.
3095 3085 3182 3141 Fit
3218 3086 3378 3156 igitur
3418 3094 3476 3141 ut
3510 3103 3680 3156 genus
3709 3088 3826 3158 qui-

2227 3173 2348 3230 dem
2392 3175 2647 3245 plurimas
2675 3176 2776 3231 sub
2819 3191 2879 3231 se
2908 3177 3123 3246 species
3164 3178 3383 3246 habeat,
3414 3188 3474 3234 ut
3498 3179 3698 3235 animal
3731 3181 3827 3237 ho-

531 3282 705 3339 ueque
730 3267 872 3324 enim
903 3266 1022 3337 plus
1059 3266 1221 3321 homo
1248 3264 1450 3321 animal
1479 3274 1563 3321 est
1589 3281 1748 3335 quam
1774 3281 1943 3337 equus
1962 3276 2122 3337 atque
2150 3252 2198 3317 C
2231 3268 2430 3323 minem
2460 3278 2621 3339 atque
2648 3283 2845 3339 equum
2876 3287 2887 3323 :
2921 3269 3199 3340 proprium
3242 3287 3369 3327 vero
3403 3284 3560 3327 unam
3592 3282 3825 3343 tantum,

532 3360 649 3424 bos,
676 3357 770 3416 sed
801 3358 856 3412 in
886 3372 951 3413 eo
977 3357 1120 3428 quod
1153 3366 1277 3412 sunt
1300 3356 1573 3423 animalia,
1602 3358 1882 3428 :equaliter
1912 3359 2121 3414 anima-

532 3453 619 3518 lis,
660 3451 713 3508 id
743 3462 826 3508 est
864 3452 1075 3522 generis
1101 3450 1418 3507 vocabulum
1454 3449 1693 3507 trahunt.
1740 3454 1873 3506 Cato
1897 3454 2038 3507 enim
2070 3463 2123 3509 et

532 3541 719 3601 Cicero
758 3543 1033 3615 tequaliter
1074 3541 1306 3598 risibiles
1364 3550 1507 3610 sunt,
1550 3542 1713 3598 etiam
1754 3544 1800 3597 si
1847 3545 2123 3613 aequaliter

532 3654 639 3694 non
670 3638 925 3703 rideant;.
960 3637 1014 3692 in
1066 3652 1132 3692 eo
1179 3635 1322 3691 enim
1374 3634 1518 3705 quod
1574 3635 1685 3705 apti
1725 3635 1793 3690 ad
1833 3636 2121 3692 ridendum

534 3741 681 3797 sunt,
702 3731 807 3786 dici
831 3730 1064 3785 risibiles
1090 3738 1335 3799 possunt,
1356 3744 1464 3783 non
1486 3729 1629 3799 quod
1652 3743 1866 3799 semper
1891 3731 2119 3787 rideant.

534 3824 843 3895 Equaliter
872 3838 1001 3893 ergo
1043 3838 1105 3877 ea
1142 3839 1262 3891 quae
1292 3823 1393 3878 sub
1425 3839 1623 3893 genere
1655 3834 1800 3892 sunt,
1828 3827 2127 3896 suscipiunt

535 3930 725 3987 genus,
757 3915 893 3970 sicut
943 3929 1006 3970 ea
1052 3920 1171 3983 quae
1216 3914 1316 3969 sub
1351 3916 1585 3984 propriis
1615 3918 1849 3986 propria.
1885 3918 2127 3973 Tertium

533 4007 688 4073 illud,
720 4006 865 4079 quod
912 4005 1052 4061 sicut
1093 4018 1262 4074 genus
1300 4005 1369 4062 de
1413 4008 1648 4076 propriis
1687 4009 1971 4078 speciebus
2010 4011 2129 4064 uni-

538 4113 675 4155 voce
706 4098 1043 4171 praedicatur,
1078 4099 1149 4154 ita
1180 4099 1341 4154 etiam
1374 4099 1647 4170 proprium
1694 4100 1763 4156 de
1806 4116 1900 4156 sua
1951 4103 2130 4172 specie

537 4193 764 4250 univoce
805 4193 1020 4249 dicitur.
1065 4190 1246 4248 Genus
1286 4192 1429 4248 enim
1474 4194 1727 4263 quoniam
1775 4196 2127 4251 substantiam

538 4286 738 4357 speciei
777 4286 1035 4349 continet,
1060 4299 1168 4339 non
1209 4285 1370 4340 modo
1409 4287 1526 4353 ejus
1570 4300 1765 4340 nomen
1814 4286 1881 4341 de
1923 4289 2125 4357 specie,

541 4375 899 4433 verumetiam
953 4374 1200 4431 dillinitio
1254 4375 1601 4446 praedicatur.
1663 4377 1945 4446 Proprium
2001 4393 2130 4434 vero

541 4470 663 4540 quia
708 4468 942 4538 speciem
992 4482 1098 4522 non
1134 4467 1410 4537 relinquit,
1441 4468 1599 4538 eique
1627 4482 1841 4537 semper
1867 4479 2124 4538 mquatur,

542 4578 644 4619 nec
672 4562 725 4617 in
753 4562 912 4616 aliam
948 4560 1183 4630 speciem
1217 4560 1627 4631 transgreditur,
1665 4576 1764 4616 nec
1805 4561 1944 4616 inira
2003 4563 2129 4617 sub-

2229 3360 2368 3415 sicut
2388 3359 2611 3426 risibile,
2631 3360 2926 3429 hominem,
2948 3377 3055 3432 quo
3078 3362 3137 3417 lit
3158 3371 3216 3418 ut
3238 3363 3329 3420 illa
3354 3380 3563 3435 quoque
3586 3369 3829 3437 proprie-

2231 3459 2312 3506 tas
2345 3467 2410 3506 ex
2439 3451 2738 3507 dili‘erentia
2774 3464 3063 3509 nascatur:
3095 3470 3261 3526 genus
3311 3457 3453 3512 enim
3502 3459 3829 3527 praedicatur

2230 3543 2446 3611 quidem
2472 3543 2540 3599 de
2569 3542 2875 3613 speciebus,
2909 3544 3085 3612 ipsum
3114 3560 3244 3600 vero
3288 3547 3342 3601 in
3386 3548 3530 3602 nulla
3560 3549 3829 3619 prmdica-

2233 3639 2377 3691 tione
2404 3636 2760 3706 supponitur;
2790 3637 3068 3706 proprium
3101 3652 3228 3693 vero
3272 3648 3326 3694 et
3372 3640 3581 3709 species
3618 3642 3831 3698 alterna

2234 3727 2618 3794 praedicatione
2640 3735 2936 3782 mutantur.
2961 3727 3049 3783 Fit
3069 3729 3209 3783 enim
3237 3731 3540 3799 pr:cdieatio
3555 3740 3648 3788 aut
3664 3749 3695 3788 ει
3715 3750 3831 3790 ma-

2225 3817 2435 3888 joribus
2461 3817 2529 3872 ad
2559 3818 2789 3884 minora,
2809 3829 2901 3874 aut
2924 3820 2994 3875 ab
3023 3821 3318 3893 aequalibus
3344 3822 3410 3878 ad
3442 3827 3688 3895 tequelia.
3714 3826 3829 3884 Ge-

2231 3922 2332 3961 nus
2355 3908 2534 3977 igitur,
2557 3909 2696 3977 quod
2719 3909 2891 3980 majus
2911 3919 3019 3979 est,
3039 3912 3106 3968 de
3124 3914 3405 3983 speciebus
3427 3919 3677 3974 omnibus
3695 3937 3830 3991 prae-

2231 3998 2471 4062 dicatur;
2496 3999 2703 4068 species
2725 4015 2851 4055 vero
2877 4003 3127 4071 quoniam
3151 4006 3389 4062 minores
3414 4018 3559 4076 sunt,
3575 4010 3643 4066 de
3662 4026 3830 4081 gene-

2232 4093 2383 4147 ribus
2400 4108 2505 4148 non
2521 4094 2792 4162 dicuntur,
2808 4104 2865 4150 ut
2885 4095 3081 4153 animal
3104 4097 3170 4155 de
3191 4102 3406 4157 homine
3426 4102 3647 4169 dicitur;
3665 4105 3833 4164 homo

2234 4203 2362 4243 vero
2409 4189 2476 4244 de
2526 4190 2748 4246 animali
2791 4176 2939 4249 nullo
2981 4194 3142 4250 modo
3190 4197 3528 4266 praedicatur.
3575 4198 3645 4253 At
3699 4214 3834 4256 vero

2236 4287 2528 4357 proprium,
2564 4290 2816 4360 quoniam
2846 4293 3045 4363 speciei
3077 4295 3281 4363 mquale
3310 4304 3414 4361 est,
3445 4310 3596 4364 teque
3633 4296 3834 4365 pracdi-

2234 4391 2384 4436 catur
2422 4394 2586 4453 atque
2628 4386 2994 4455 praeponitur:
3030 4394 3085 4440 ut
3112 4385 3317 4442 risibile
3345 4387 3411 4441 de
3443 4387 3661 4442 homine
3691 4388 3831 4443 dici-

2238 4484 2344 4543 tur,
2374 4478 2549 4533 omnis
2579 4478 2723 4533 enim
2753 4478 2914 4533 homo
2946 4479 3162 4534 risibilis
3201 4489 3303 4545 est,
3337 4480 3633 4550 eodemque
3665 4482 3835 4537 modo

2240 4570 2594 4641 convertitur,
2643 4586 2801 4627 omne
2849 4572 2992 4627 enim
3038 4572 3241 4628 risibile
3287 4572 3445 4627 homo
3487 4581 3590 4626 est.
3642 4572 3836 4630 Diifert

543 4652 705 4719 siSIit,
736 4651 1111 4707 dillinitionem
1157 4666 1372 4721 quoque
1402 4652 1674 4721 proprium
1715 4654 1995 4723 speciebus
2027 4664 2132 4710 tra-
2162 4639 2399 4717 Deliam
2450 4639 2722 4733 propitium
2768 4679 2798 4717 a
2840 4679 3061 4735 genere,
3089 4665 3230 4736 quod
3262 4666 3532 4735 proprium
3574 4665 3664 4719 uni
3706 4680 3831 4737 spe.

543 4747 655 4811 dit;
679 4745 832 4815 cujus
846 4745 987 4800 enim
1012 4758 1205 4798 nomen
1224 4744 1313 4797 uni
1330 4753 1533 4798 tantum
1558 4746 1807 4800 convenit
1824 4748 2019 4817 speciei
2043 4750 2131 4803 cui

545 4846 807 4908 mquatur,
841 4836 1073 4892 dubitari
1099 4850 1203 4890 non
1237 4843 1410 4905 potest
1437 4837 1563 4908 quin
1602 4837 1717 4906 ejus
1747 4854 1960 4911 quoque
1988 4841 2130 4896 diiii-

546 4928 680 4984 nitio
706 4928 906 4999 speciei
934 4927 1235 4983 conveniat.
1260 4926 1377 4992 Quo
1409 4928 1467 4981 iit
1491 4936 1547 4981 ut
1567 4927 1703 4983 sicut
1730 4944 1899 4999 genus
1927 4931 1994 4986 de
2015 4947 2137 5001 Spe-

544 5020 750 5086 ciebus,
771 5021 840 5073 ita
860 5019 1129 5090 proprium
1151 5017 1219 5074 de
1235 5034 1328 5074 sua
1350 5020 1529 5089 specie
1551 5023 1777 5078 univoce
1797 5024 2133 5093 praedicetur.

618 5111 878 5174 Di/I‘erunt
905 5120 1093 5176 autem,
1120 5112 1360 5179 quoniam
1386 5129 1545 5183 gcnus
1575 5114 1717 5183 prius
1755 5124 1849 5183 est,
1883 5119 2133 5186 posterius

549 5204 850 5277 proprium;
888 5211 1087 5275 oportet
1116 5203 1247 5258 enim
1278 5220 1383 5260 esse
1411 5208 1554 5277 prius
1580 5206 1802 5272 animal,
1841 5207 2024 5263 dehinc
2053 5211 2135 5264 di-

546 5298 649 5351 uidi
678 5294 982 5364 differentiis
1007 5302 1054 5348 et
1078 5295 1323 5365 propriis.
1368 5296 1624 5364 Amplius,
1654 5314 1815 5369 genus
1836 5300 2041 5369 quidem
2070 5302 2135 5357 de

549 5387 782 5458 pluribus
806 5386 1064 5460 speciebus
1090 5374 1403 5459 prmdicatur
1427 5406 1646 5460 quarum
1684 5402 1759 5447 est
1805 5410 1986 5465 genus,
2010 5412 2135 5467 pro-

552 5480 721 5549 prium
764 5495 880 5533 vero
934 5481 997 5533 de
1038 5495 1140 5533 una
1188 5480 1300 5533 sola
1345 5481 1512 5550 specie
1551 5483 1701 5553 cujus
1737 5495 1810 5540 est
1848 5489 2133 5557 proprium.

554 5572 812 5640 Amplius,
845 5572 1105 5641 proprium
1144 5572 1346 5641 quidem
1390 5574 1668 5628 conversim
1706 5576 1770 5631 de
1806 5593 1865 5632 eo
1894 5584 2041 5653 cujus
2066 5592 2140 5638 est

550 5664 819 5734 proprium
847 5664 1178 5733 praedicatur,
1213 5679 1373 5734 genus
1412 5680 1529 5719 vero
1573 5667 1637 5720 de
1675 5668 1821 5723 nullo
1860 5675 2138 5729 conversim

552 5753 862 5821 praedicatur
890 5768 910 5809 :
932 5770 1051 5808 nam
1080 5771 1171 5809 nec
1207 5754 1252 5809 si
1291 5755 1486 5810 animal
1506 5765 1598 5826 est,
1624 5758 1775 5814 homo
1802 5772 1874 5818 est
1900 5780 1917 5828 ;
1962 5781 2050 5820 nec
2092 5769 2140 5823 si

553 5844 747 5903 animal
772 5854 868 5915 est,
896 5847 1090 5904 risibile
1117 5859 1233 5917 est;
1279 5849 1324 5904 si
1362 5865 1478 5907 vero
1520 5850 1713 5910 risibile
1742 5865 1836 5921 est,
1860 5856 2011 5913 ltomo
2043 5871 2134 5933 est,

2242 4754 2342 4809 ciei
2392 4764 2445 4809 et
2486 4754 2632 4809 omni
2677 4764 2731 4809 et
2775 4770 2987 4825 semper
3026 4755 3215 4821 adest;
3257 4770 3428 4826 genus
3461 4746 3589 4813 vero
3624 4770 3692 4811 ex
3750 4758 3840 4812 his

2239 4845 2453 4915 quidem
2484 4845 2588 4900 duo
2618 4845 2846 4914 retinet,
2881 4848 2933 4901 in
2967 4863 3072 4902 uno
3098 4863 3226 4903 vero
3255 4848 3523 4905 diversum
3556 4858 3667 4914 est;
3705 4866 3836 4905 nam

2241 4942 2518 5011 speciebus
2544 4942 2655 4996 suis
2676 4952 2730 4997 et
2758 4957 2971 5012 semper
2999 4942 3151 4999 adest
3178 4953 3227 4999 et
3259 4943 3530 5008 omnibus,
3563 4958 3669 4997 non
3700 4960 3839 5000 vero

2243 5033 2406 5085 solis:
2442 5032 2543 5085 hoc
2564 5032 2707 5087 enim
2734 5043 2851 5087 erat
2877 5043 3076 5088 tantum
3104 5034 3334 5104 propriis
3377 5048 3516 5099 esse,
3547 5033 3688 5103 quod
3720 5036 3842 5089 sin-

2239 5122 2390 5191 gulas
2416 5124 2624 5192 species
2664 5132 2867 5180 tantum
2896 5126 3195 5193 continent,
3225 5126 3326 5182 hoc
3363 5126 3507 5182 enim
3537 5127 3840 5195 generibus

2241 5217 2383 5287 quod
2409 5218 2613 5289 plures.
2658 5219 2821 5290 Igitur
2843 5222 3055 5293 propria
3082 5222 3297 5293 quidem
3322 5223 3561 5294 singulas
3582 5223 3843 5281 obtinent

2241 5309 2470 5378 species,
2516 5324 2715 5381 genera
2771 5326 2898 5368 vero
2966 5328 3072 5367 non
3136 5313 3402 5383 singulas;
3465 5314 3620 5369 adest
3671 5316 3843 5384 igitur

2244 5401 2517 5470 proprium
2573 5400 2671 5458 uni
2719 5402 2818 5457 soli
2878 5404 3076 5473 speciei
3137 5413 3191 5460 et
3255 5419 3470 5475 semper
3524 5418 3580 5461 et
3636 5409 3838 5463 omni;

2243 5507 2411 5562 genus
2455 5508 2583 5549 vero
2628 5503 2683 5549 et
2736 5494 2882 5550 omni
2930 5495 3144 5565 quidem
3192 5505 3245 5552 et
3287 5512 3524 5567 semper,
3580 5499 3675 5554 sed
3723 5516 3841 5557 non

2244 5585 2391 5641 soli:
2429 5596 2489 5641 ut
2530 5585 2732 5643 risibile
2778 5587 2984 5643 homini
3033 5588 3176 5658 soli,
3224 5590 3425 5644 animal
3472 5605 3597 5646 vero
3653 5592 3841 5650 eidem

2245 5678 2478 5747 homini,
2537 5681 2632 5738 sed
2692 5697 2798 5739 non
2842 5684 2970 5751 soli;
3014 5694 3205 5753 przeest
3250 5687 3395 5741 enim
3448 5688 3656 5742 eunetis
3711 5704 3844 5759 quae

2245 5770 2628 5830 irrationabilia
2687 5789 3075 5848 nuncupamus.
3118 5776 3385 5834 Prteterca
3433 5778 3478 5833 si
3523 5779 3843 5837 auferamus

2244 5881 2429 5937 genus,
2484 5869 2692 5939 species
2741 5870 3139 5942 interimuntur,
3183 5888 3306 5930 nam
3353 5874 3397 5930 si
3452 5890 3556 5930 non
3598 5875 3668 5929 sit
3710 5875 3845 5932 sni-
