4022 6328
257 327 363 390 iis

1165 332 1229 388 ΙΝ
1269 332 1707 390 PORPHYRIUM
1746 330 2385 390 COMMENTARIORUM
2426 333 2553 390 LIB.
2599 335 2652 393 V.
2697 365 2702 371 ’

3447 332 3543 394 140

250 447 384 510 mal,
410 464 517 501 non
542 446 643 502 erit
670 444 835 501 homo
866 463 878 499 :
907 442 952 500 si
984 443 1288 502 auferamus
1305 448 1532 518 species,
1571 463 1680 502 non
1709 447 1852 502 inte-
1885 450 1930 508 A
1957 447 2110 518 equi;
2150 463 2249 502 nec
2284 464 2389 503 non
2439 450 2576 504 inter
2605 462 2664 503 se
2696 445 2856 502 homo
2886 455 3044 517 atque
3073 459 3238 518 equus
3265 456 3320 504 et
3347 457 3538 504 caetera

248 541 463 595 rimitur
488 553 678 608 genus,
712 554 834 594 nam
861 538 905 593 si
935 553 1038 594 non
1067 538 1138 594 sit
1171 539 1350 605 homo,
1384 540 1580 594 animal
1613 554 1718 594 non
1754 553 1846 609 pe-

245 634 391 689 ribit.
418 629 646 700 Species
672 647 801 686 vero
825 641 879 688 et
908 633 1142 702 prapria,
1166 636 1417 703 quoniam
1448 641 1573 687 sunt
1594 633 1841 702 aequalia,

243 730 456 781 alterna
488 741 548 780 se
580 725 696 781 vice
725 731 1069 792 consumunt,
1103 741 1223 779 nam
1273 726 1318 779 si
1360 742 1464 781 non
1507 725 1578 778 sit
1617 725 1841 789 risibile,

243 823 409 877 homo
441 837 552 876 non
579 821 709 887 erit;
750 821 796 877 si
845 821 1006 876 homo
1051 836 1156 876 non
1200 819 1287 884 sit,
1322 820 1524 876 risibile
1568 837 1673 875 non
1723 834 1839 874 ma-

242 916 413 972 nebit.
437 914 773 971 Consumunt
804 915 962 986 igitur
991 929 1186 984 genera
1234 913 1334 968 sub
1376 929 1434 969 se
1480 915 1681 984 positas
1714 929 1840 984 spc-

241 1011 378 1076 cies,
407 1026 515 1065 non
559 1025 686 1065 vero
728 1009 795 1064 ab
834 1009 916 1064 his
971 1010 1203 1065 invicem
1253 1020 1640 1065 consumuntur
1675 1028 1687 1064 :
1719 1024 1838 1080 spe-

240 1105 351 1161 cies
387 1121 518 1160 vero
563 1115 617 1159 et
666 1102 938 1174 proprium
983 1103 1213 1160 invicem
1260 1102 1597 1174 perimuntur
1645 1113 1700 1159 et
1749 1118 1838 1172 pe-

242 1201 462 1256 rimunt.

308 1292 499 1346 Generi
537 1308 653 1346 vero
698 1301 747 1346 et
795 1292 1050 1346 accidenti
1087 1307 1354 1346 commune
1393 1302 1465 1346 est
1505 1293 1568 1346 de
1604 1292 1836 1360 pluribus

239 1384 696 1456 (quemadmodum
723 1384 915 1436 dictum
945 1383 1056 1454 est)
1090 1384 1384 1454 prtedicari,
1417 1385 1518 1438 sive
1547 1385 1836 1453 separabile

239 1481 298 1532 sit
344 1479 608 1543 accidens,
642 1478 745 1530 sive
776 1477 1156 1548 inseparabile;
1203 1479 1385 1530 etenim
1435 1486 1483 1530 et
1520 1479 1710 1530 moveri
1773 1480 1837 1532 de

239 1571 494 1639 pluribus,
526 1581 574 1623 et
597 1571 806 1640 nigrant
849 1571 910 1622 de
939 1571 1099 1623 corvis
1129 1579 1174 1624 ει
1205 1570 1268 1623 de
1296 1568 1626 1641 /Et/tiopibus
1653 1580 1700 1624 et
1732 1571 1834 1625 ali-

240 1666 418 1734 quibus
444 1665 742 1718 inanimatis
772 1664 1136 1734 pra'dicantur.

309 1757 451 1812 Nihil
477 1770 556 1811 est
578 1757 720 1826 quod
749 1757 888 1811 inter
917 1768 1113 1812 caetera
1144 1758 1209 1811 ita
1233 1757 1351 1812 sita
1380 1759 1592 1828 generis
1622 1759 1827 1814 ratione

1951 541 2198 597 animalia
2232 552 2541 612 comparata
2573 557 2723 612 aeque
2751 541 2998 597 animalia
3032 543 3404 612 prtedicantur.
3433 545 3538 597 Ac-

1953 635 2184 690 cidentis
2210 650 2340 690 vero
2371 634 2709 705 participatio
2736 644 2788 689 et
2817 635 3110 689 intenditur
3138 646 3190 690 et
3223 634 3537 691 remittitur.

1948 727 2197 782 Invenies
2225 728 2366 781 enim
2400 726 2694 797 quemlibet
2733 727 2889 796 paulo
2919 727 3118 782 diutius
3145 727 3534 794 ambulantem,

1947 827 2002 873 et
2042 819 2201 887 paulo
2229 819 2459 890 amplius
2501 819 2711 889 nigrum
2748 837 2758 871 :
2787 830 2839 873 et
2871 819 2913 874 si
2944 821 2994 874 in
3027 819 3156 890 ipsis
3192 820 3537 890 Aitbiopibus

1945 911 2336 978 considerabis,
2371 927 2558 967 omnes
2587 927 2694 967 non
2725 928 2876 984 aeque
2907 913 3057 983 nigro
3089 914 3270 968 colore
3296 928 3415 968 esse
3441 915 3538 969 ob-

1945 1008 2132 1064 ductos
2186 1011 2446 1066 invenies.
2501 1011 2615 1064 Alia
2665 1024 2878 1080 quoque
2926 1009 3220 1064 differentia
3264 1016 3366 1074 est,
3400 1023 3537 1078 quo-

1917 1095 2087 1154 ‘niam
2121 1117 2279 1157 omne
2309 1103 2557 1156 accidens
2603 1104 2654 1156 in
2703 1100 2988 1155 individuis
3022 1100 3386 1170 principaliter
3413 1101 3536 1154 sub.

1942 1192 2129 1247 sistit:
2165 1210 2359 1264 genera
2405 1210 2534 1248 vero
2586 1194 2866 1264 speciebus
2912 1204 2964 1249 et
3014 1195 3303 1249 individuis
3358 1196 3536 1264 priora

1874 1297 1881 1304 '
1943 1296 2101 1352 sunt;
2137 1288 2237 1340 nisi
2271 1288 2410 1342 enim
2443 1287 2783 1358 singulariter
2828 1289 2974 1343 corvi
3025 1289 3301 1359 nigredine
3355 1289 3535 1345 infecti

1941 1387 2142 1446 essent,
2173 1379 2320 1433 corvi
2348 1381 2557 1450 species
2588 1383 2736 1451 nigra
2783 1397 2903 1438 esse
2949 1383 3098 1437 nullo
3136 1383 3294 1438 modo
3324 1383 3535 1439 dicere-

1941 1479 2049 1536 tur,
2080 1471 2149 1525 ita
2197 1472 2254 1525 fit
2299 1481 2356 1526 ut
2403 1473 2700 1528 accidentia
2738 1483 2858 1543 post
2911 1473 3181 1528 individua
3233 1473 3533 1529 videantur.

1939 1561 2070 1616 Nam
2099 1563 2143 1618 si
2178 1565 2322 1633 prius
2359 1575 2438 1619 est
2482 1564 2533 1619 id
2576 1567 2661 1620 cui
2704 1566 2906 1636 aliquid
2949 1566 3145 1620 accidit
3191 1582 3344 1633 quam
3400 1567 3531 1622 illud

1938 1644 2080 1725 quod
2107 1656 2321 1721 accidit,
2357 1673 2461 1712 non
2512 1668 2595 1712 est
2642 1659 2861 1714 dubium
2908 1661 3052 1730 prius
3086 1676 3208 1715 esse
3239 1661 3534 1728 individua,

1939 1750 2209 1818 posterius
2233 1764 2364 1805 vero
2395 1751 2648 1805 accidens
2683 1771 2694 1804 :
2729 1769 2923 1822 genera
2964 1769 3091 1809 vero
3127 1764 3178 1808 et
3209 1755 3415 1824 species
3444 1772 3535 1809 su-

239 1850 561 1919 disjunclum
585 1851 719 1904 sicut
745 1858 824 1904 εει
848 1849 1099 1904 accidens
1133 1867 1145 1903 :
1180 1866 1302 1905 nam
1326 1866 1444 1904 cum
1465 1865 1633 1920 genus
1658 1850 1832 1917 cujus-
1862 1832 1912 1892 Β
1940 1855 2035 1910 pra
2063 1841 2334 1897 individua
2356 1844 2795 1910 considerantur;
2825 1848 2924 1902 hoc
2948 1847 3146 1902 idcirco
3175 1848 3251 1913 ﬁl,
3284 1849 3536 1918 quoniam

238 1940 365 1995 libet
401 1940 758 1994 substantiam
802 1949 1080 2005 monstret,
1155 1940 1404 1994 accidens
1445 1957 1571 1995 vero
1627 1957 1655 1994 a
1704 1942 1831 1996 sub-

237 2037 432 2090 stantia
464 2036 619 2104 longe
647 2033 974 2102 disjunctum
1004 2034 1092 2099 sit,
1123 2045 1179 2089 et
1217 2036 1553 2089 extrinsecus
1583 2035 1826 2100 veniens,

236 2131 367 2187 nihil
402 2145 531 2186 vero
562 2131 741 2184 notius
782 2144 1068 2184 commune
1113 2137 1289 2198 potest
1321 2128 1518 2183 habere
1566 2144 1687 2184 cum
1729 2144 1828 2198 ge-

238 2237 364 2278 nere
405 2237 566 2293 quant
619 2221 687 2276 de
737 2221 979 2290 pluribus
1024 2220 1322 2291 praedicari.
1365 2214 1545 2276 Genus
1579 2221 1722 2275 enim
1760 2221 1829 2276 de

236 2315 480 2384 pluribus
532 2313 858 2384 praedicatur
894 2313 1197 2382 speciebus,
1248 2311 1498 2366 accidens
1543 2327 1673 2367 vero
1718 2326 1825 2366 non

234 2408 398 2462 modo
439 2407 506 2461 de
546 2407 791 2477 pluribus
826 2403 1131 2473 speciebus,
1165 2404 1510 2459 verumetiam
1539 2403 1830 2474 generibus

230 2500 491 2554 animatis
530 2509 687 2567 atque
733 2497 1060 2563 inanimatis,
1093 2505 1144 2550 ut
1184 2498 1393 2565 nigrum
1421 2495 1616 2550 dicitur
1643 2495 1711 2550 de
1743 2511 1832 2550 ra-

229 2591 428 2646 tionali
458 2591 686 2655 homine,
716 2599 769 2645 et
809 2590 876 2644 de
901 2589 1197 2644 irrationali
1239 2603 1421 2655 corvo,
1445 2598 1498 2644 et
1548 2587 1615 2644 de
1655 2589 1824 2643 inani-

228 2693 384 2738 mato
411 2682 603 2738 ebeno.
634 2683 823 2736 Album
851 2682 1009 2735 etiam
1031 2679 1101 2735 de
1123 2695 1296 2752 cygno
1321 2691 1374 2734 et
1398 2695 1686 2746 marmore,
1713 2695 1830 2735 mo-

231 2778 351 2833 veri
380 2777 449 2831 de
481 2775 718 2841 homine,
749 2774 816 2830 de
845 2789 1004 2842 equo,
1029 2785 1084 2829 et
1105 2773 1170 2828 de
1194 2774 1382 2838 stellis,
1416 2788 1478 2828 ac
1500 2774 1569 2828 de
1590 2772 1824 2843 agitatis,

228 2884 351 2941 qua:
381 2877 506 2922 sunt
536 2867 853 2937 separabilis
878 2866 1170 2922 accidentis
1201 2865 1468 2936 exempla.

300 2962 489 3030 Diﬂ'ert
538 2972 706 3017 autent
757 2977 916 3034 genus
961 2962 1023 3014 ab
1072 2962 1345 3026 accidenti,
1395 2961 1633 3026 quoniam
1668 2975 1828 3030 genus

227 3065 346 3108 ante
387 3055 582 3124 species
626 3064 720 3119 est,
764 3053 1048 3107 accidentia
1089 3068 1205 3106 vero
1244 3053 1501 3122 speciebus
1546 3053 1828 3122 posteriora

227 3158 348 3202 sunt
373 3164 391 3201 :
425 3164 544 3200 nam
583 3157 630 3200 et
675 3147 718 3202 si
743 3146 1080 3215 inseparabile
1109 3146 1347 3200 accidens
1376 3155 1628 3212 sumatur,
1657 3156 1827 3200 tamen

1937 1933 2006 1988 de
2047 1933 2132 1989 his
2172 1935 2418 1989 omnibus
2447 1937 2823 2006 prazdicantur,
2851 1954 3152 2010 eorumque
3181 1939 3536 1995 substantiam

1940 2027 2156 2095 propria
2205 2028 2589 2097 prmdicatione
2637 2030 2986 2085 constituunt.
3049 2030 3153 2086 Sed
3205 2031 3307 2086 dici
3365 2040 3537 2102 potest

1937 2139 2135 2193 genera
2165 2141 2380 2196 quoque
2402 2135 2456 2182 et
2483 2127 2693 2197 Species
2725 2127 3026 2196 posteriora
3069 2127 3356 2183 individuis
3387 2130 3538 2183 inve-

1941 2218 2086 2284 niri;
2132 2219 2235 2274 nisi
2293 2221 2436 2275 enim
2495 2222 2605 2276 sint
2658 2221 2851 2291 singuli
2906 2221 3186 2284 homines.
3241 2221 3537 2291 singuliqua

1937 2311 2082 2380 equi,
2117 2311 2363 2368 homines
2394 2323 2554 2384 atque
2579 2314 2702 2384 equi
2731 2313 2937 2384 species
2968 2328 3087 2369 esse
3134 2328 3240 2369 non
3291 2322 3534 2384 possunt,

1935 2411 1990 2459 et
2020 2405 2122 2461 nisi
2153 2404 2260 2460 sint
2289 2407 2514 2478 singula:
2536 2407 2767 2477 species,
2791 2422 2975 2462 earum
3001 2421 3170 2477 genus
3195 2406 3393 2461 animal
3415 2419 3537 2461 esse

1936 2515 2046 2554 non
2069 2501 2286 2570 poterit.
2313 2502 2418 2556 Sed
2445 2502 2756 2558 meminisse
2785 2503 3042 2560 debemus
3067 2503 3310 2574 superius
3333 2501 3534 2556 dictum

1936 2605 2057 2646 esse
2087 2606 2253 2661 genus
2284 2609 2389 2648 non
2434 2609 2498 2650 ex
2541 2593 2624 2648 his
2666 2610 2881 2651 sumere
2931 2595 3287 2650 substantiam
3320 2593 3388 2649 de
3417 2593 3536 2664 qui-

1936 2681 2037 2737 bus
2083 2683 2429 2753 praedicatur,
2462 2685 2556 2740 sed
2612 2686 2679 2739 de
2721 2702 2786 2739 eo
2835 2687 3017 2754 potius
3063 2701 3171 2756 quo
3214 2683 3537 2740 differentiis

1935 2774 2298 2830 constitutivis
2344 2776 2460 2845 ejus
2531 2777 2828 2831 substantia
2891 2777 3172 2847 formaque
3233 2776 3533 2846 perficitur.

1937 2864 2120 2935 itaque
2177 2867 2220 2921 si
2286 2882 2458 2936 genus
2516 2867 2732 2938 quidem
2784 2867 3024 2923 divisivis
3087 2866 3406 2923 differentiis
3454 2865 3536 2920 in~

1937 2959 2216 3027 teremptis
2263 2974 2368 3014 non
2418 2959 2733 3030 perimitur,
2782 2959 2874 3016 sed
2933 2968 3114 3015 manet
3161 2958 3214 3014 in
3273 2958 3368 3024 iis,
3417 2972 3536 3029 qua

1936 3051 2052 3120 ejus
2076 3052 2430 3124 constitutiv.e
2455 3063 2736 3124 suut,qu:e
2759 3052 2875 3122 ejus
2891 3052 3116 3108 formam
3134 3050 3534 3106 diffinitionem-

1937 3159 2042 3214 que
2073 3123 2396 3213 perficiunt:
2431 3123 2659 3215 cumque
2688 3144 3006 3200 differentiae
3045 3144 3283 3199 divisiva:
3320 3142 3535 3212 generis

228 3254 413 3294 natura
442 3242 585 3310 prius
606 3249 677 3294 est
709 3240 838 3294 illud
866 3241 948 3292 cui
975 3240 1158 3292 accidit
1185 3255 1340 3310 quam
1370 3241 1621 3294 accidens.
1653 3242 1716 3295 Et
1739 3259 1826 3313 ge-
1855 3227 1903 3291 C
1934 3237 2217 3306 speciebus
2271 3239 2380 3292 sint
2432 3241 2637 3306 priores
2688 3240 2705 3312 (
2724 3241 2853 3310 ipsa:
2901 3240 3044 3295 enim
3082 3237 3289 3306 Species
3320 3236 3534 3292 confor-

228 3353 348 3388 nera
387 3336 596 3402 quidem
636 3351 750 3404 quae
787 3334 1115 3404 participant,
1173 3335 1437 3403 aequaliter
1494 3336 1822 3405 participant,

227 3426 511 3478 accidentia
553 3439 668 3478 vero
712 3440 811 3477 non
863 3425 1143 3490 a'qualiter.
1188 3422 1540 3478 lntcnsionem
1591 3427 1724 3478 enim
1778 3435 1827 3479 et

227 3518 577 3570 remissionem
607 3517 816 3583 suscipit
839 3516 1176 3569 accidentium
1204 3518 1546 3586 participatio,
1583 3533 1825 3586 generum

226 3621 337 3659 rem
369 3607 598 3660 minime.
653 3604 718 3658 Et
744 3607 1029 3659 accidentia
1059 3608 1259 3674 quidem
1291 3609 1644 3678 principaliter
1668 3611 1721 3663 in
1743 3611 1824 3664 in-

226 3701 448 3753 diriditis
485 3701 802 3766 consislttnl;
832 3717 1017 3770 genera
1045 3717 1158 3754 vero
1189 3711 1236 3754 et
1281 3703 1469 3772 species
1520 3703 1824 3757 naturaliter

224 3793 398 3860 priora
431 3801 548 3844 sunt
579 3792 855 3846 individuis
883 3793 1198 3846 substantiis.
1235 3791 1298 3846 Et
1328 3810 1510 3862 genera
1534 3797 1739 3864 quidem
1766 3798 1819 3850 in

224 3901 279 3937 ro
322 3886 462 3954 quod
507 3884 632 3954 quid
679 3885 743 3937 sit
792 3887 1136 3954 prtadicantur
1180 3886 1242 3937 de
1290 3887 1366 3938 liis
1413 3905 1527 3956 qua:
1563 3890 1655 3942 sub
1694 3889 1820 3958 ipsis

223 3986 335 4028 sunt
369 3992 388 4029 :
421 3976 709 4029 accidentia
736 3991 852 4029 vero
883 3979 934 4030 in
971 3993 1028 4030 eo
1066 3979 1203 4046 quod
1235 3979 1384 4047 quale
1404 3980 1598 4050 aliquid
1622 3981 1709 4045 sit,
1742 3982 1820 4034 vel

222 4074 478 4137 quomodo
552 4088 605 4124 se
667 4073 818 4126 habet
866 4075 1497 4144 imumquodque:qualis
1549 4086 1622 4130 est
1683 4079 1816 4130 enim

227 4163 469 4235 Afthiops
489 4167 851 4236 interrogatus,
879 4168 1031 4233 dicis,
1057 4170 1219 4237 niger;
1241 4179 1288 4222 et
1311 4171 1816 4239 quomodoSocrates

220 4275 272 4310 se
296 4257 468 4321 habet,
495 4257 648 4323 dicis,
675 4259 814 4328 sedet
845 4259 921 4312 vel
947 4260 1192 4313 ambulat.
1324 4238 1329 4239 ί
1562 4238 1567 4243 ’

291 4349 664 4404 Dill'erentiam
702 4351 914 4419 generis
963 4362 1016 4405 et
1061 4351 1353 4407 accidentis
1393 4353 1531 4409 hanc
1585 4356 1813 4425 primum

217 4442 494 4511 praponit,
516 4442 656 4510 quod
688 4457 854 4512 genus
885 4444 1097 4512 quidem
1123 4455 1248 4500 ante
1269 4448 1479 4516 species
1508 4449 1597 4515 sit,
1616 4451 1815 4521 quippe

215 4535 352 4600 quod
409 4537 650 4589 materiae
706 4535 823 4590 loco
867 4548 969 4603 est,
1023 4545 1078 4592 et
1113 4539 1429 4594 differentiis
1471 4541 1810 4598 informatum

215 4629 427 4695 species
455 4629 644 4696 gignit,
680 4638 733 4681 at
761 4644 888 4684 vero
916 4630 1165 4685 accidens
1194 4647 1315 4688 esse
1347 4643 1462 4703 post
1498 4637 1705 4704 species
1735 4638 1815 4692 in-
1843 4619 1898 4679 Ῐ)

216 4721 447 4773 venitur.
483 4720 710 4788 Oportet
737 4723 879 4776 enim
914 4722 1058 4791 prius
1086 4739 1206 4779 esse
1231 4726 1315 4780 cui
1349 4725 1544 4796 aliquid
1578 4729 1809 4796 accidat,

214 4824 328 4881 post
361 4829 495 4868 vero
527 4813 700 4882 ipsum
733 4814 980 4869 accidens
1009 4820 1378 4886 supetvenire;
1413 4835 1533 4874 nam
1563 4822 1605 4875 si
1632 4823 1813 4891 subje-

213 4920 354 4963 ctum
392 4926 498 4963 non
533 4910 603 4962 sit
633 4910 772 4979 quod
805 4911 1082 4980 suscipiat,
1112 4912 1361 4967 accidens
1401 4929 1522 4968 esse
1569 4932 1671 4970 non
1717 4932 1810 4985 po-

215 5004 355 5057 terit.
403 5002 560 5068 Quod
609 5005 652 5056 si
697 5018 864 5072 genus
911 5005 1122 5075 quidem
1176 5007 1459 5074 Speciebus
1511 5010 1807 5078 subjectum

212 5107 315 5163 est,
349 5111 457 5150 non
492 5106 721 5165 possunt
753 5111 872 5151 esse
915 5099 1124 5167 species
1167 5098 1270 5152 nisi
1305 5100 1382 5154 eis
1432 5117 1619 5169 genus,
1668 5103 1812 5157 velut

210 5190 437 5242 materia
469 5196 802 5258 supponatur
832 5204 848 5241 :
882 5189 1176 5245 accidentia
1213 5207 1343 5246 vero
1389 5207 1508 5247 esse
1552 5209 1654 5246 non
1690 5210 1811 5263 pos-

207 5292 333 5334 sunt
363 5280 465 5336 nisi
493 5282 571 5334 eis
599 5280 807 5348 species
832 5291 1183 5351 supponatur,
1219 5298 1338 5337 nam
1369 5285 1704 5339 manifestum
1729 5296 1810 5340 est

206 5388 378 5440 genus
435 5373 652 5442 quidem
711 5382 833 5428 ante
882 5376 1090 5444 species
1145 5390 1286 5443 esse,
1327 5376 1621 5433 accidentia
1682 5393 1812 5434 vero

205 5475 326 5535 post
360 5468 593 5535 species.
626 5466 830 5523 Rursus
866 5468 965 5521 alia
1003 5469 1325 5536 differentia,
1357 5474 1607 5542 quoniam
1638 5489 1809 5544 genus

205 5575 384 5629 neque
411 5560 770 5614 inteusionem
801 5576 975 5630 neque
1006 5562 1381 5618 remissionem
1413 5567 1686 5636 suscipere
1715 5584 1806 5636 po-

201 5661 333 5715 test,
367 5669 473 5723 quo
518 5653 577 5706 lit
617 5663 668 5706 ut
709 5669 827 5724 qua:
866 5655 1249 5726 participabant
1283 5673 1500 5728 genere,
1531 5661 1808 5728 :equaliter

200 5746 330 5814 ejus
354 5761 549 5801 nomen
573 5745 1055 5818 dilliuitionemque
1086 5752 1377 5818 suscipiant
1411 5769 1422 5804 :
1453 5767 1638 5805 omnes
1664 5755 1804 5808 enim

203 5838 455 5896 homines
507 5837 788 5901 aequaliter
831 5841 1080 5899 animalia
1124 5851 1266 5908 sunt,
1307 5843 1605 5907 eodemque
1648 5846 1806 5904 modo

1935 3343 2083 3386 mant
2112 3343 2269 3402 atque
2299 3333 2677 3402 constituunt),
2708 3349 2815 3386 non
2847 3341 2928 3388 est
2957 3331 3175 3386 dubium
3207 3332 3334 3403 quin
3363 3343 3534 3401 genul

1933 3427 2094 3479 etiam
2128 3428 2476 3494 pereuntibus
2526 3425 2812 3496 Speciebus
2851 3426 3021 3496 possit
3062 3426 3112 3480 in
3157 3426 3372 3496 propria
3415 3439 3533 3494 per-

1934 3532 2153 3573 manere
2183 3517 2501 3583 substantia,
2537 3519 2606 3571 ita
2637 3517 2703 3572 de
2733 3517 2913 3586 specie
2938 3531 3255 3587 permanere
3284 3515 3532 3570 substan-

1931 3617 2060 3670 tiam
2107 3616 2252 3671 idem
2295 3616 2362 3671 de
2401 3614 2684 3684 Speciehus
2730 3613 2930 3668 dictum
2989 3612 3077 3666 sit.
3122 3613 3340 3680 Species
3386 3610 3530 3665 enim

1930 3709 2304 3779 superioribus
2349 3707 2692 3772 differentiis,
2738 3723 2841 3760 non
2891 3704 3284 3776 posterioribus
3336 3703 3530 3757 indivi-

1931 3803 2073 3867 dttis,
2109 3802 2422 3858 formantur.
2470 3802 2600 3870 Qum
2647 3816 2767 3856 cum
2820 3800 2892 3855 ita
2923 3800 3050 3868 sint,
3078 3801 3286 3869 species
3317 3813 3529 3869 quoquo

1929 3903 2055 3948 ante
2098 3893 2369 3948 individua
2418 3894 2763 3948 subsistunt:
2794 3892 3090 3947 accidentia
3138 3907 3263 3946 vero
3295 3891 3394 3946 nisi
3421 3891 3528 3946 sint

1928 3986 2123 4054 quibus
2148 3986 2412 4052 accidunt,
2441 4000 2564 4041 esse
2595 4003 2698 4040 non
2732 3995 2953 4056 possunt
2987 4003 2999 4038 :
3032 3984 3190 4040 nullis
3221 4000 3349 4040 vero
3375 3986 3525 4056 prius

1927 4081 2179 4137 accidunt
2211 4098 2371 4153 quam
2403 4082 2714 4136 individuis.
2752 4081 2878 4135 lianc
2921 4081 3068 4135 enim
3098 4079 3428 4150 generationi
3473 4089 3526 4134 et

1926 4177 2256 4245 corruptioni
2305 4178 2611 4247 supposita,
2671 4177 2836 4231 variis
2886 4191 3102 4245 semper
3158 4176 3524 4232 accidentibus

1926 4281 2321 4341 permutantur.
2358 4275 2502 4328 Illam
2548 4287 2762 4343 quoque
2809 4279 3127 4326 annumerat
3167 4272 3523 4327 differentiam

1925 4379 2042 4433 quae
2062 4365 2200 4419 dicta
2222 4375 2303 4420 est
2329 4365 2596 4436 superius,
2621 4364 2758 4435 quod
2782 4379 2972 4434 genus,
3007 4365 3131 4435 quia
3157 4380 3268 4421 rem
3299 4364 3523 4420 demon-

1924 4469 2059 4514 strat
2108 4472 2162 4516 et
2206 4461 2272 4516 de
2315 4461 2616 4516 substantia
2663 4459 3006 4528 prtedicatur,
3042 4460 3092 4515 in
3127 4475 3193 4516 eo
3222 4460 3363 4530 quod
3395 4459 3520 4531 quid

1926 4564 2010 4609 est
2036 4555 2236 4609 dicitur
2271 4573 2282 4607 :
2319 4554 2570 4610 accidens
2593 4569 2720 4608 vero
2767 4554 2817 4606 in
2850 4568 2914 4607 eo
2943 4551 3084 4624 quod
3115 4552 3268 4622 quale
3301 4561 3397 4619 est,
3433 4561 3522 4609 aut

1925 4646 1979 4701 in
2013 4662 2077 4700 eo
2105 4645 2245 4715 quod
2277 4646 2545 4715 quomodo
2587 4660 2707 4700 sese
2748 4645 2908 4699 habet
2947 4660 3033 4699 res
3069 4662 3080 4698 :
3113 4660 3232 4699 nam
3267 4644 3309 4698 si
3343 4644 3520 4715 quali-

1926 4747 2091 4792 tatem
2121 4738 2438 4807 interroges,
2463 4737 2710 4792 accidens
2734 4735 3166 4807 respondebitur,
3195 4748 3244 4790 ut
3273 4737 3316 4790 si
3345 4736 3520 4807 qualis

1923 4838 2006 4883 est
2035 4830 2266 4883 corvus?
2299 4830 2468 4897 niger.
2504 4829 2560 4883 Si
2591 4829 2859 4898 quomodo
2899 4844 2958 4883 se
2991 4828 3184 4882 habet?
3223 4822 3363 4884 aliud
3395 4845 3517 4884 rur-

1923 4939 2014 4978 sus
2043 4923 2314 4987 accidens,
2345 4931 2433 4976 aut
2455 4923 2628 4986 sedet,
2670 4933 2761 4976 aut
2792 4922 2951 4987 volat,
2988 4930 3079 4975 aut
3108 4923 3352 4978 crncitat.
3382 4921 3513 4976 Nam

1924 5031 2044 5070 cum
2107 5014 2355 5070 accidens
2407 5015 2459 5068 in
2518 5029 2708 5068 novem
2764 5013 3179 5083 prmdieamenta
3227 5012 3515 5077 dividatur,

1924 5109 2264 5178 qualitatem,
2298 5109 2679 5178 quantitatem,
2713 5105 2777 5161 ad
2818 5105 3038 5175 aliquid,
3070 5106 3179 5173 ubi,
3211 5106 3394 5168 situm,
3426 5103 3516 5156 ha.

1922 5203 2113 5267 bitum,
2157 5201 2392 5271 quando,
2429 5201 2626 5265 facere,
2669 5202 2798 5270 pati,
2848 5211 3040 5255 eartera
3081 5199 3298 5270 quidem
3336 5199 3513 5253 ontnia

1922 5293 1975 5347 in
2002 5292 2269 5363 quomodo
2299 5307 2358 5347 se
2386 5291 2548 5346 habet
2581 5292 3003 5362 interrogatione
3034 5300 3340 5361 ponuntur:
3375 5306 3510 5360 qua-

1928 5387 2051 5440 litas
2080 5401 2205 5440 vero
2230 5386 2279 5439 iu
2313 5384 2582 5455 qualitatis
2613 5383 2974 5439 sciscitatione
3003 5382 3312 5452 responderi
3338 5383 3513 5439 solet:

1927 5493 2050 5532 nam
2083 5479 2125 5531 si
2179 5478 2570 5546 interrogemur
2613 5476 2786 5547 qualis
2821 5486 2897 5530 est
2922 5475 3186 5543 Ethiops,
3224 5475 3512 5544 responde~

1921 5573 2096 5624 himns
2129 5569 2400 5635 accidens,
2447 5569 2496 5624 id
2533 5577 2614 5624 est
2661 5568 2834 5639 niger.
2869 5569 2921 5624 Si
2955 5566 3226 5638 quomodo
3257 5581 3315 5620 se
3354 5567 3512 5624 habet

1917 5664 2188 5731 Socrates,
2227 5672 2348 5716 tunc
2386 5661 2614 5716 dicimus
2667 5671 2756 5715 aut
2797 5659 2965 5724 sedet,
3000 5668 3091 5712 aut
3142 5657 3510 5726 ainbula:,aul

1922 5755 2260 5824 superiorum
2290 5754 2500 5824 aliquod
2532 5752 2910 5809 accidentium.

1994 5846 2164 5901 Genus
2184 5847 2352 5906 itaque
2366 5847 2616 5903 quomodo
2636 5845 2696 5899 ab
2715 5845 2830 5900 aliis
2851 5852 3065 5913 quatuor
3086 5845 3292 5916 cli/ferat
3320 5849 3506 5914 dctum
