4022 6328
567 265 664 322 147

1801 266 1913 321 AN.
1956 265 2163 324 MANL.
2204 267 2357 325 SEV.
2404 269 2627 329 BOETll

3744 286 3842 336 H8

561 396 656 441 est.
681 384 939 458 Contingit
969 393 1140 441 autem
1167 385 1320 438 etiam
1363 383 1759 454 unumquodque
1788 384 2009 437 aliorum
2045 386 2153 454 dif—
2185 387 2237 447 Λ
2259 394 2431 441 decem
2453 399 2601 451 erunt
2635 406 2826 455 omnes,
2862 390 3075 460 quorum
3102 399 3322 461 quatuor
3350 405 3463 460 qute
3484 400 3625 444 erant
3650 408 3842 460 generis

561 483 695 549 f'erre
720 479 783 532 ab
807 477 925 532 aliis
964 487 1185 548 quatuor
1216 492 1234 529 :
1277 482 1331 529 ut
1379 492 1492 529 cum
1534 476 1755 546 quinque
1783 479 1987 548 quidem
2027 481 2150 547 sint,

558 580 604 622 et
635 571 1034 638 unumquodque
1058 568 1120 621 ab
1144 567 1262 621 aliis
1289 575 1508 635 quatuor
1535 567 1759 634 differat,
1805 579 1979 637 quater
2004 572 2155 639 quin-

557 682 651 734 que
678 656 855 735 uiginti
884 664 1012 731 fiant
1044 678 1217 715 omnes
1247 659 1582 728 differentiis;
1609 662 1698 715 sed
1726 678 1823 715 non
1863 662 1936 715 sic
1974 679 2027 715 se
2072 680 2153 719 res

558 760 730 824 habet,
759 759 849 813 sed
873 774 1072 826 semper
1104 755 1467 825 posterioribus
1512 759 1841 825 enumeratis,
1882 766 1927 811 et
1970 774 2151 812 secun-

556 853 637 905 dis
682 853 884 920 quidem
930 868 1036 904 una
1077 848 1369 917 differentia
1411 852 1687 919 superatis,
1718 864 1982 923 pr0pterea
2029 855 2151 920 quia

553 948 660 1011 iam
714 954 919 1012 sumpta
966 952 1039 996 est
1079 958 1097 995 :
1139 940 1300 995 tertiis
1344 956 1461 995 vero
1514 942 1732 1007 duabus,
1782 945 1975 1011 quartis
2033 960 2150 997 vero

552 1037 733 1099 tribus,
763 1036 952 1104 quintis
1000 1049 1116 1087 vero
1151 1042 1394 1103 quatuor,
1429 1034 1603 1086 decem
1643 1033 1771 1101 fiunt
1800 1050 1973 1085 omnes
2001 1033 2152 1100 diffe-

552 1129 746 1195 rentiae,
778 1136 1018 1195 quatuor,
1062 1136 1181 1188 tres,
1240 1126 1376 1188 dum,
1412 1139 1535 1176 una.
1589 1122 1763 1177 Genus
1814 1126 1994 1177 elcn’m
2048 1140 2150 1193 quo

550 1223 721 1291 diﬂ‘ert
772 1242 803 1276 a
853 1221 1144 1289 differentia
1185 1228 1230 1272 et
1280 1234 1310 1269 ιι
1355 1218 1540 1285 specie,
1592 1227 1639 1270 et
1673 1236 1703 1270 a
1746 1219 1975 1287 proprio,
2008 1227 2052 1268 et
2084 1217 2148 1268 ab

550 1317 806 1368 accidente
824 1315 1016 1367 dictum
1044 1323 1119 1366 est
1154 1327 1172 1365 :
1200 1324 1419 1381 quatuor
1451 1326 1572 1377 ergo
1598 1320 1715 1362 sunt
1759 1314 1954 1381 generis
2002 1308 2147 1375 diffe-

550 1406 726 1459 rentia:
756 1421 773 1457 .'
807 1404 1097 1472 differentia
1142 1420 1257 1457 vero
1299 1420 1400 1468 quo
1440 1402 1611 1468 differt
1652 1417 1683 1452 a
1734 1417 1912 1470 genere
1955 1400 2147 1454 dictum

549 1505 642 1559 cst,
674 1496 877 1563 quando
916 1511 1015 1557 quo
1059 1494 1230 1559 differt
1262 1512 1421 1567 genus
1460 1495 1522 1547 ab
1562 1510 1618 1546 ea
1654 1493 1954 1558 dicebatur;
1982 1493 2149 1547 relin-

549 1589 719 1657 quitur
759 1602 880 1654 ergo
915 1602 1016 1654 quo
1060 1584 1265 1652 differat
1293 1603 1324 1639 a
1349 1586 1537 1653 specie,
1572 1584 1797 1653 proprio,
1828 1592 1872 1639 et
1895 1585 2149 1636 accidenti

548 1682 736 1743 dicere,
768 1689 814 1732 et
864 1679 933 1731 ita
978 1677 1109 1746 ﬁunt
1157 1686 1281 1732 tres.
1336 1676 1537 1730 Rursus
1578 1677 1768 1744 species
1813 1691 1909 1741 quo
1939 1676 2143 1744 quidem

2258 481 2325 533 ad
2356 482 2571 551 reliqua,
2602 483 2836 554 superius
2860 483 3335 539 demonstrauimus.

2328 571 2589 636 Quoniam
2620 572 2951 628 differentias
2993 584 3153 643 atque
3196 572 3605 627 communitates
3635 575 3843 645 generis

2257 659 2323 714 ad
2360 659 2741 730 differentiam,
2772 667 3027 732 speciem,
3065 665 3335 735 proprium
3373 674 3532 735 atque
3571 666 3842 734 accidens,

2257 748 2398 804 idem
2428 768 2640 822 quoque
2681 751 2749 807 de
2778 751 2988 808 caeteris
3020 752 3196 808 facere
3224 753 3556 810 contendens
3584 756 3843 825 praedicit,

2255 850 2388 908 quot
2443 857 2631 897 omnes
2682 841 2998 898 differentiae
3047 850 3269 912 possunt
3296 856 3418 899 esse.
3458 858 3576 915 quae
3623 846 3765 900 inter
3791 862 3843 905 se

2258 926 2585 999 comparatis
2609 933 3015 1002 commistisque
3046 933 3206 989 rebus
3232 933 3299 989 iis
3329 950 3447 1006 qua:
3477 951 3635 1007 supra
3661 939 3845 1008 posita:

2256 1033 2382 1078 sunt
2409 1024 2729 1081 efficiantur.
2762 1026 2902 1081 Sunt
2929 1034 3108 1082 autem
3150 1027 3354 1099 viginti,
3389 1044 3512 1084 nam
3540 1044 3661 1085 cum
3691 1032 3845 1101 quin-

2258 1132 2361 1185 que
2390 1118 2500 1172 sint
2529 1133 2637 1183 res,
2663 1130 2716 1173 et
2745 1134 3079 1190 unaqureque
3105 1134 3193 1176 res
3213 1135 3393 1176 earum
3421 1138 3449 1177 a
3479 1116 3708 1192 quatuor
3727 1124 3843 1181 aliis

2256 1208 2491 1273 differat,
2516 1210 2798 1279 quinquies
2827 1220 3017 1280 quater
3057 1210 3372 1268 diferentias
3402 1212 3553 1281 fiunt,
3583 1215 3725 1285 quod
3755 1230 3844 1285 ap-

2256 1301 2553 1373 positarum
2604 1303 2903 1359 litterarum
2968 1304 3351 1361 manifestatur
3403 1306 3671 1378 exemplo.
3725 1307 3843 1366 Sint

2254 1394 2487 1461 quinque
2507 1408 2593 1448 res
2612 1393 2775 1449 veluti
2803 1394 3041 1465 quinque
3062 1393 3257 1452 littera:
3277 1412 3330 1463 a,
3345 1395 3393 1463 b,
3413 1398 3530 1463 c,d,
3551 1415 3581 1453 e
3597 1398 3843 1458 :diflerat

2252 1480 2414 1552 igitur
2446 1499 2478 1535 a
2518 1483 2730 1552 quidem
2774 1483 2843 1539 ab
2883 1486 3002 1540 aliis
3024 1493 3272 1555 quatuor,
3305 1486 3358 1542 id
3396 1500 3477 1543 est
3520 1489 3571 1555 b,
3612 1506 3659 1556 c,
3693 1492 3750 1559 st,
3778 1506 3843 1559 e;

2254 1575 2382 1629 fient
2428 1584 2656 1646 quatuor
2694 1576 3039 1644 differentiae;
3094 1594 3282 1636 rursus
3308 1580 3338 1634 b
3384 1580 3601 1638 differat
3626 1585 3694 1639 ab
3721 1584 3845 1642 aliis

2251 1674 2509 1735 quatuor,
2554 1667 2604 1721 id
2661 1675 2745 1722 est
2792 1686 2847 1735 a,
2886 1686 2935 1734 c,
2969 1669 3024 1735 d,
3054 1686 3115 1737 e;
3155 1680 3312 1726 erunt
3336 1686 3525 1729 rursus
3572 1685 3841 1745 quatuor,

548 1773 721 1840 differt
752 1788 781 1823 a
820 1770 1135 1837 differentia,
1166 1770 1358 1823 dictum
1399 1778 1493 1839 est,
1536 1769 1742 1838 quando
1784 1785 1883 1832 quo
1913 1768 2085 1835 differt
2112 1786 2148 1822 a
2176 1770 2227 1830 Β
2251 1776 2369 1831 quae
2389 1762 2756 1831 superioribus
2775 1763 3110 1832 junctaocto
3130 1766 3491 1836 coniungunt;
3520 1783 3546 1820 e
3568 1783 3700 1824 vero
3730 1778 3843 1825 ter-

546 1866 711 1932 specie
755 1862 1045 1930 differentia
1087 1861 1348 1915 dicebatur
1376 1877 1394 1914 :
1424 1871 1470 1914 et
1501 1876 1601 1929 quo
1631 1858 1833 1927 differat
1864 1876 1894 1910 (ι
1934 1874 2138 1929 genere,

544 1960 736 2013 dictum
766 1966 835 2011 est
864 1955 1072 2025 quando
1095 1970 1195 2019 quo
1226 1952 1433 2019 differat
1463 1967 1623 2023 genus
1668 1967 1699 2004 a
1747 1950 1911 2017 specie
1941 1948 2144 2002 diceba-

546 2064 630 2108 tur
657 2068 674 2105 :
700 2051 950 2119 reliquum
979 2056 1051 2100 est
1082 2047 1239 2117 igitur
1265 2061 1363 2114 quo
1402 2042 1610 2109 differat
1656 2043 1846 2112 species
1875 2057 1906 2093 a
1931 2040 2141 2108 praprio

544 2156 591 2197 et
622 2143 683 2197 ab
712 2140 962 2195 accidenti
992 2139 1178 2198 dicere,
1211 2146 1254 2190 et
1282 2147 1396 2188 sunt
1430 2133 1548 2187 dum
1568 2132 1643 2185 hic
1676 2130 1999 2199 differentiae.
2027 2131 2141 2194 Quo

472 2230 475 2233 ’
512 2218 711 2287 ἀηιεηι
743 2229 911 2298 differt
943 2227 1211 2297 proprium
1253 2226 1315 2276 ab
1359 2223 1611 2276 accidenti
1640 2220 1967 2286 relinquitur.
1998 2218 2140 2273 Nam

541 2342 642 2397 quo
665 2343 694 2376 a
715 2339 895 2395 genere
914 2330 957 2372 et
982 2316 1167 2386 specie.
1196 2326 1241 2368 et
1265 2312 1555 2380 differentia
1581 2312 1633 2364 d7
1636 2311 1810 2378 fferat,
1842 2327 1887 2379 pi
1903 2312 2139 2364 (edictum

435 2443 440 2451 ’
538 2428 611 2473 est
661 2419 712 2470 in
761 2415 970 2469 illorum
1018 2410 1085 2461 ad
1125 2408 1292 2477 ipsum
1342 2402 1648 2470 differentiis
1681 2415 1938 2469 :qua’uor
1983 2402 2138 2472 igitur

539 2509 755 2581 sumptis
794 2505 989 2577 generis
1025 2498 1327 2566 differentiis
1363 2496 1431 2547 ad
1479 2494 1605 2558 alia,
1649 2492 1811 2549 tribus
1839 2510 1954 2548 vero
1985 2494 2133 2562 diffe-

534 2604 735 2667 rentiae,
763 2599 961 2653 duabus
982 2591 1189 2660 speciei,
1220 2605 1322 2643 una
1351 2596 1521 2640 autem
1546 2586 1744 2654 proprii
1770 2586 1840 2639 ad
1867 2588 2129 2653 accidens,

2250 1856 2321 1908 tia
2353 1870 2382 1908 a
2413 1854 2630 1924 reliquis
2651 1854 2828 1909 differt
2848 1864 3098 1926 quatuor,
3123 1857 3371 1913 videlicet
3398 1875 3452 1927 a,
3485 1859 3533 1925 b,
3565 1861 3620 1925 ά,
3651 1877 3843 1933 e,qu.'e

2249 1956 2479 2017 quatuor
2517 1946 2833 2002 differentiae
2862 1950 3229 2018 superioribus
3257 1960 3381 2005 octo
3406 1952 3669 2022 copulatur
3709 1956 3842 2010 duo-

2248 2039 2419 2093 decim
2450 2038 2710 2103 reddunt;
2743 2047 2930 2108 quarta
2969 2040 3025 2105 d,
3057 2041 3103 2095 si
3130 2041 3348 2112 reliquis
3370 2053 3597 2113 quatuor
3617 2060 3841 2114 compa-

2244 2138 2414 2195 retur,
2446 2127 2623 2184 differt
2659 2144 2811 2198 atque
2841 2129 2908 2183 ab
2930 2131 3156 2199 eisdem,
3186 2132 3237 2185 id
3279 2141 3362 2187 est
3389 2150 3439 2197 a,
3466 2136 3515 2199 b,
3539 2151 3587 2202 ε,
3618 2152 3646 2189 ε
3670 2154 3687 2200 ;
3713 2139 3841 2193 fient

2247 2222 2407 2292 igitur
2426 2236 2616 2276 rursus
2641 2231 2894 2290 quatuor,
2921 2236 3043 2291 qua:
3067 2224 3435 2292 superioribus
3457 2241 3532 2279 xu
3557 2228 3837 2296 appositas,

2244 2328 2332 2369 xvr
2362 2316 2631 2384 copulant.
2661 2314 2812 2381 Quod
2860 2315 2904 2368 si
2960 2314 3144 2370 ultima
3173 2333 3200 2370 e
3241 2317 3309 2373 ab
3334 2318 3454 2372 aliis
3480 2328 3709 2387 quatuor
3737 2320 3839 2376 dif-

2246 2406 2403 2473 ferat,
2430 2405 2679 2461 videlicet
2709 2421 2762 2470 a,
2789 2407 2837 2470 b,
2866 2422 2915 2472 c,
2940 2406 2997 2471 ά,
3032 2406 3159 2461 fient
3188 2408 3307 2463 alite
3328 2417 3557 2479 quatuor
3583 2411 3839 2467 differen-

2248 2498 2357 2564 tiae,
2386 2512 2524 2567 qum,
2557 2496 2871 2566 compositae
2911 2498 3177 2566 prioribus
3196 2539 3210 2564 ,
3241 2514 3308 2553 xx
3342 2503 3656 2569 perficiunt,
3687 2513 3747 2558 et
3769 2505 3838 2561 sit

2245 2588 2459 2653 quidem
2484 2586 2791 2659 huiusmodi
2808 2587 3117 2659 descriptio.

1147 2694 3195 3266 animi

1156 3292 2775 3397 bcde-aCde.abd&.ahce
2859 3315 3236 3399 obod

537 3468 666 3534 Quae
694 3482 816 3523 eum
843 3469 915 3526 ita
953 3474 1081 3541 sint,
1111 3474 1164 3529 in
1198 3476 1485 3547 generibus
1510 3450 1725 3547 quoque
1759 3486 1813 3531 et
1840 3475 2123 3545 speciebus
2157 3478 2205 3541 C
2236 3490 2265 3528 a
2291 3473 2490 3544 specie,
2517 3473 2734 3543 proprio
2768 3481 2927 3542 atque
2951 3471 3217 3527 accidenti
3243 3490 3255 3524 :
3289 3472 3383 3526 sed
3414 3486 3522 3541 quo
3552 3471 3832 3544 discrepet

535 3567 593 3615 et
612 3562 822 3617 caeteris
851 3563 991 3621 idem
1039 3568 1491 3625 considerabitur.
1530 3569 1699 3623 Erunt
1740 3584 1869 3639 ergo
1897 3576 2129 3639 quatuor

496 3686 499 3687 ν
535 3650 881 3726 differentiae,
913 3662 1107 3731 quibus
1148 3679 1315 3735 genus
1342 3679 1369 3718 a
1395 3662 1718 3727 differentia,
1746 3663 1959 3733 specie,
2004 3679 2127 3731 pro-

534 3746 673 3816 prio,
703 3751 1072 3823 accidentiq'ue
1109 3755 1449 3826 disiungitur.
1486 3756 1619 3810 Alite
1660 3770 1846 3810 rursus
1872 3765 2125 3826 quatuor,

534 3839 729 3907 quibus
773 3842 1077 3901 differentia
1121 3863 1149 3900 a
1177 3863 1397 3917 genere,
1431 3849 1647 3916 specie,
1699 3848 1914 3918 proprio
1966 3859 2126 3917 atque

540 3933 806 3991 accidenti
835 3937 1125 4009 discrepat.
1151 3940 1355 3995 Rursus
1374 3949 1605 4011 quatuor
1626 3940 1820 4009 speciei
1850 3940 1913 3993 ad
1930 3955 2121 4009 genus.

533 4026 910 4099 differentiam,
933 4031 1206 4102 proprium
1237 4042 1398 4102 atque
1410 4030 1683 4086 accidens.
1699 4030 1942 4099 Quatuor
1957 4030 2121 4085 ctiam

532 4122 732 4193 proprii
760 4125 827 4179 ad
874 4140 1072 4195 genus,
1105 4124 1465 4182 differentiam
1490 4166 1503 4187 ,
1545 4125 1812 4195 speciem,
1846 4134 2006 4193 atque
2034 4140 2123 4178 ac-

531 4212 735 4269 cidens.
769 4215 1009 4284 Quatuor
1062 4218 1282 4287 insuper
1331 4217 1629 4273 accidentis
1668 4216 1733 4271 ad
1781 4232 1950 4287 genus
1975 4259 1990 4283 ,
2023 4217 2122 4270 dif-

529 4305 834 4377 ferentiam,
869 4310 1105 4380 speciem
1137 4320 1297 4381 atque
1327 4312 1637 4381 proprium:
1670 4325 1788 4379 qua:
1819 4310 2121 4380 conjuncta:

527 4416 719 4459 omnes
759 4405 947 4475 viginti
980 4406 1258 4475 explicant.
1298 4403 1650 4460 differentias.
1692 4404 1797 4458 Sed
1831 4403 1931 4456 hoc.
1957 4403 2045 4456 fiet
2074 4401 2119 4455 si

526 4494 591 4549 ad
620 4495 830 4550 numeri
862 4497 1127 4552 referatur
1155 4505 1401 4551 naturam
1428 4536 1445 4563 ,
1489 4493 2013 4564 comparationisque
2044 4494 2121 4547 al-

527 4588 925 4644 ternationem:
960 4604 1081 4643 nam
1109 4587 1155 4642 si
1179 4587 1244 4642 ad
1276 4587 1419 4655 ipsas
1446 4585 1869 4641 differentiarum
1900 4598 2121 4639 naturas

523 4680 753 4751 vigilans
781 4681 952 4736 lector
980 4679 1229 4751 aspiciat,
1261 4680 1475 4734 easdem
1509 4694 1651 4749 saepe
1680 4689 1923 4747 sumptas
1959 4676 2115 4732 diffe-
2152 4724 2155 4727 λ

524 4772 725 4827 rentias
746 4772 1003 4828 inveniet.
1035 4773 1152 4839 Quo
1172 4772 1313 4826 enim
1343 4787 1515 4842 genus
1543 4770 1769 4825 differta
1793 4770 2114 4832 differentia,

2233 3582 2265 3619 a
2293 3580 2491 3636 genere
2520 3563 2633 3636 iam
2664 3565 2913 3635 superius
2954 3564 3278 3632 explicatum
3323 3571 3429 3631 est,
3470 3577 3592 3617 cum
3621 3562 3831 3619 dicere-

2234 3673 2356 3714 mus
2406 3672 2514 3729 quo
2559 3672 2730 3729 genus
2778 3672 2809 3711 a
2853 3654 3152 3712 differentia
3182 3655 3529 3724 discreparet.
3578 3654 3832 3713 Detracta

2232 3750 2395 3819 igitur
2421 3749 2521 3805 hac
2559 3750 2964 3820 comparatione
2984 3794 2999 3818 ,
3028 3747 3280 3820 quoniam
3306 3760 3471 3817 supra
3491 3761 3831 3803 commemo-

2233 3852 2349 3899 rata
2376 3852 2478 3909 est,
2510 3842 2889 3912 relinquuntur
2917 3853 3025 3898 tres
3055 3841 3453 3911 discrepantia.
3493 3840 3689 3910 quibus
3715 3840 3829 3895 dif-

2232 3936 2459 3994 ferentia
2485 3951 2517 3990 a
2544 3935 2747 4005 specie,
2797 3933 3039 4005 proprio,
3084 3934 3454 4004 accidentique
3475 3930 3829 4003 disiungitur,

2229 4047 2349 4102 qua:
2372 4031 2575 4100 junctae
2610 4042 2737 4084 cum
2770 4027 3138 4098 superioribus
3162 4036 3415 4097 quatuor,
3448 4034 3655 4094 septem
3698 4025 3830 4080 red-

2230 4126 2366 4181 dunt
2391 4122 2741 4179 differentias.
2774 4122 2904 4177 Post
2927 4121 3065 4176 hanc
3091 4120 3300 4189 species
3320 4120 3363 4175 si
3397 4126 3660 4185 sumatur,
3694 4133 3828 4188 qua-

2232 4228 2351 4272 tuor
2376 4216 2591 4289 quidem
2611 4216 2730 4286 ejus
2749 4224 2906 4271 erunt
2927 4213 3245 4270 differentia:
3273 4211 3566 4267 secundum
3610 4213 3828 4267 numeri

2230 4308 2625 4375 diversitatem,
2651 4323 2773 4363 cum
2801 4306 2867 4362 ad
2896 4321 3087 4377 genus,
3117 4303 3473 4360 differentiam
3492 4344 3509 4371 ,
3543 4302 3827 4373 pr0prium

2228 4413 2391 4474 atque
2435 4401 2690 4459 accidens
2732 4409 3099 4470 comparatur,
3137 4398 3231 4454 sed
3266 4397 3471 4467 priores
3502 4396 3623 4450 duae
3668 4409 3830 4450 com-

2227 4497 2536 4567 parationes
2554 4495 2663 4563 iam
2698 4494 2855 4549 dicta:
2884 4500 3047 4559 sunt;
3082 4506 3202 4545 nam
3232 4505 3337 4559 quo
3370 4488 3575 4558 species
3606 4486 3830 4543 differat

2225 4605 2254 4642 a
2283 4603 2481 4659 genere
2504 4596 2628 4642 tunc
2650 4586 2850 4642 dictum
2883 4595 2986 4652 est,
3019 4599 3140 4640 cum
3170 4582 3296 4653 quid
3327 4594 3494 4652 genus
3517 4578 3763 4635 didcrret
3794 4594 3828 4633 a

2226 4678 2727 4753 speciedicebamus
2745 4696 2756 4732 :
2773 4692 2879 4749 quo
2896 4692 3024 4733 vero
3041 4677 3251 4746 species
3280 4689 3306 4728 a
3338 4671 3637 4728 differentia
3660 4670 3830 4729 distet

2228 4781 2707 4828 commemoratum
2735 4783 2840 4841 est,
2867 4786 2987 4828 cum
3011 4769 3326 4826 differentia:
3353 4768 3419 4822 ad
3451 4767 3688 4838 speciem
3713 4765 3830 4821 dis.

519 4864 712 4920 eodem
759 4864 1059 4920 tltﬂef‘etllla
1080 4864 1246 4919 distat
1273 4880 1300 4918 a
1319 4880 1547 4935 genere;
1579 4873 1630 4919 et
1659 4880 1767 4933 quo
1816 4861 2116 4917 differentia
2147 4859 2201 4919 D
2229 4866 2613 4922 similitudines
2642 4865 3012 4923 redderemus.
3062 4865 3264 4933 Quibus
3295 4863 3552 4919 detractis
3582 4860 3703 4916 dua:
3732 4875 3829 4917 su-

517 4955 682 5011 distat
709 4972 740 5009 a
770 4956 975 5026 specie,
1007 4955 1196 5012 eodem
1222 4956 1431 5025 species
1460 4973 1488 5011 a
1512 4953 1814 5011 differentia
1839 4955 2120 5024 disgrega-

519 5059 626 5115 tur,
659 5060 713 5104 et
744 5051 795 5105 in
834 5051 1049 5107 caeteris
1095 5050 1285 5107 eodem
1338 5051 1520 5106 modo.
1554 5052 1608 5106 In
1645 5052 1741 5106 hac
1777 5051 1934 5121 igitur
1962 5048 2117 5105 diffe-

518 5142 817 5198 rentiarum
865 5141 1236 5210 dispositione,
1272 5158 1431 5213 quam
1458 5158 1620 5214 supra
1667 5143 1905 5212 disposui
1935 5184 1952 5210 ,
1987 5156 2107 5197 eas-

518 5234 642 5287 dem
671 5232 869 5302 saepius
914 5236 1285 5290 annumerari.
1315 5234 1385 5289 At
1412 5235 1457 5289 si
1485 5233 1909 5290 differentiarum
1951 5233 2107 5288 simi-

520 5324 772 5383 litudines
791 5323 1161 5395 detrahamus,
1176 5324 1361 5382 decem
1385 5326 1516 5381 fient
1538 5324 1759 5381 omnino
1772 5324 2109 5391 differentiae,

523 5431 658 5487 quas
685 5416 753 5473 ad
798 5427 1118 5488 praesentem
1165 5426 1448 5475 tractatum
1476 5418 1623 5474 velut
1670 5416 1913 5473 diversas
1957 5425 2117 5486 atque

519 5508 815 5565 dissimiles
843 5516 1057 5581 oportet
1084 5512 1306 5568 assumi.
1338 5512 1450 5581 Age
1475 5508 1618 5564 enim
1640 5506 1856 5564 differat
1884 5522 2053 5580 genus
2083 5523 2113 5563 a

519 5599 862 5670 differentia,
909 5603 1109 5673 specie,
1138 5603 1353 5675 proprio
1379 5610 1539 5671 atque
1564 5598 1852 5667 accidenti,
1885 5609 2115 5670 quatuor

521 5691 861 5762 differentiis,
896 5710 1033 5765 quas
1062 5711 1222 5766 supra
1250 5693 1359 5765 iam
1387 5692 1643 5763 diximus.
1678 5691 1810 5746 Item
1838 5707 2112 5747 sumamus

516 5786 877 5846 differentiam
898 5828 915 5855 ,
947 5789 1167 5845 distabit
1191 5788 1306 5844 haec
1344 5802 1376 5841 a
1400 5799 1597 5857 genere
1626 5783 1883 5855 primum,
1915 5782 2110 5843 dehinc

2230 4970 2456 5029 persunt
2477 4962 2699 5032 integra:
2729 4970 2888 5030 atque
2908 4960 3121 5015 intacta:
3148 4958 3351 5030 speciei
3370 4955 3435 5012 ad
3468 4957 3747 5028 proprium
3770 4969 3830 5013 et

2226 5052 2478 5108 accidens
2500 5052 2895 5124 discrepantia.
2931 5054 3061 5120 Quae
3084 5052 3285 5123 junctae
3315 5066 3436 5107 cum
3459 5060 3693 5121 septem,
3726 5067 3829 5104 no-

2222 5159 2346 5197 vem
2375 5141 2706 5200 differentias
2747 5144 3031 5214 c0pulant:
3069 5143 3269 5213 pr0prii
3296 5158 3423 5199 vero
3452 5143 3497 5198 si
3524 5143 3590 5197 ad
3620 5159 3822 5198 nume—

2220 5250 2338 5290 rum
2363 5234 2679 5291 differentia:
2712 5234 3142 5301 considerentur,
3167 5243 3396 5303 quatuor
3428 5244 3586 5289 erunt
3611 5234 3829 5291 scilicet

2228 5327 2296 5382 ad
2317 5342 2508 5397 genus,
2535 5326 2890 5382 differentiam
2909 5368 2926 5396 ,
2947 5327 3178 5397 speciem
3204 5337 3363 5396 atque
3386 5325 3636 5381 accidens
3665 5341 3828 5382 corn-

2226 5418 2421 5491 parati,
2454 5434 2679 5490 quarum
2731 5418 2945 5486 quidem
2995 5427 3103 5472 tres
3156 5418 3466 5487 superiores
3496 5416 3825 5473 differentia:

2224 5511 2334 5583 iam
2364 5512 2521 5567 dicta:
2556 5521 2702 5567 sunt.
2728 5512 2860 5566 Nam
2890 5511 3015 5583 quid
3047 5528 3075 5566 a
3108 5526 3302 5584 genere
3330 5511 3602 5583 proprium
3631 5511 3804 5567 distat

2223 5614 2348 5659 tunc
2392 5604 2590 5659 dictum
2639 5613 2741 5669 est,
2771 5619 2890 5659 cum
2933 5603 3058 5674 quid
3094 5619 3261 5674 genus
3284 5619 3313 5657 a
3342 5604 3560 5676 preprio
3588 5603 3825 5663 distaret

2220 5696 2575 5751 ostendimus.
2613 5695 2816 5749 Rursus
2842 5695 2965 5765 quid
2990 5695 3263 5766 proprium
3306 5711 3333 5749 a
3365 5695 3667 5751 differentia
3699 5696 3823 5750 dis-

2221 5796 2430 5858 crepet,
2455 5786 2507 5842 in
2530 5784 2829 5858 colligenda
2856 5786 3110 5853 distantia
3155 5787 3472 5845 differentia:
3494 5787 3823 5865 propriique
