  <div class='ocr_page' id='page_1' title='image "/cluster/home/n/w/nwhite01/storage/ocr_20150623/64/hvd.32044024222309/082.png"; bbox 0 0 4106 6336; ppageno 0'>
   <div class='ocr_carea' id='block_1_1' title="bbox 309 412 415 472">
    <p class='ocr_par' dir='ltr' id='par_1_1' title="bbox 309 412 415 472">
     <span class='ocr_line' id='line_1_1' title="bbox 309 412 415 472; baseline -0.038 1"><span class='ocrx_word' id='word_1_1' title='bbox 309 412 415 472; x_wconf 71' lang='lat'><strong>“‘3</strong></span> 
     </span>
    </p>
   </div>
   <div class='ocr_carea' id='block_1_2' title="bbox 1173 403 2673 469">
    <p class='ocr_par' dir='ltr' id='par_1_2' title="bbox 1173 403 2673 469">
     <span class='ocr_line' id='line_1_2' title="bbox 1173 403 2673 469; baseline 0.003 -4"><span class='ocrx_word' id='word_1_2' title='bbox 1173 406 1239 465; x_wconf 83' lang='lat' dir='ltr'><strong>IN</strong></span> <span class='ocrx_word' id='word_1_3' title='bbox 1277 406 1725 465; x_wconf 79' lang='lat' dir='ltr'><strong>PORPHYRIUM</strong></span> <span class='ocrx_word' id='word_1_4' title='bbox 1762 403 2400 464; x_wconf 74' lang='lat' dir='ltr'><strong>COMMENTARIORUM</strong></span> <span class='ocrx_word' id='word_1_5' title='bbox 2441 408 2567 465; x_wconf 87' lang='lat' dir='ltr'><strong>LIB.</strong></span> <span class='ocrx_word' id='word_1_6' title='bbox 2607 412 2673 469; x_wconf 73' lang='grc' dir='ltr'><strong>γ.</strong></span> 
     </span>
    </p>
   </div>
   <div class='ocr_carea' id='block_1_3' title="bbox 3468 414 3571 470">
    <p class='ocr_par' dir='ltr' id='par_1_3' title="bbox 3468 414 3571 470">
     <span class='ocr_line' id='line_1_3' title="bbox 3468 414 3571 470; baseline 0.01 -1"><span class='ocrx_word' id='word_1_7' title='bbox 3468 414 3571 470; x_wconf 73' lang='grc'><strong>150</strong></span> 
     </span>
    </p>
   </div>
   <div class='ocr_carea' id='block_1_4' title="bbox 307 525 3571 602">
    <p class='ocr_par' dir='ltr' id='par_1_4' title="bbox 307 525 3571 602">
     <span class='ocr_line' id='line_1_4' title="bbox 307 525 3571 602; baseline -0.002 -14"><span class='ocrx_word' id='word_1_8' title='bbox 307 531 556 602; x_wconf 80' lang='lat' dir='ltr'><strong>superius</strong></span> <span class='ocrx_word' id='word_1_9' title='bbox 602 528 1031 585; x_wconf 82' lang='lat' dir='ltr'><strong>demonstratum</strong></span> <span class='ocrx_word' id='word_1_10' title='bbox 1080 535 1205 584; x_wconf 87' lang='lat' dir='ltr'><strong>est:</strong></span> <span class='ocrx_word' id='word_1_11' title='bbox 1261 541 1385 583; x_wconf 90' lang='lat' dir='ltr'><strong>nam</strong></span> <span class='ocrx_word' id='word_1_12' title='bbox 1433 526 1560 598; x_wconf 90' lang='lat' dir='ltr'><strong>quid</strong></span> <span class='ocrx_word' id='word_1_13' title='bbox 1613 526 1885 598; x_wconf 90' lang='lat' dir='ltr'><strong>proprium</strong></span> <span class='ocrx_word' id='word_1_14' title='bbox 1913 526 1966 586; x_wconf 76' lang='grc' dir='ltr'>Α</span> <span class='ocrx_word' id='word_1_15' title='bbox 1996 533 2158 599; x_wconf 82' lang='lat' dir='ltr'><strong>atque</strong></span> <span class='ocrx_word' id='word_1_16' title='bbox 2184 525 2323 582; x_wconf 86' lang='lat' dir='ltr'><strong>hanc</strong></span> <span class='ocrx_word' id='word_1_17' title='bbox 2356 529 2572 596; x_wconf 80' lang='lat' dir='ltr'><strong>quidem</strong></span> <span class='ocrx_word' id='word_1_18' title='bbox 2618 530 2854 601; x_wconf 86' lang='lat' dir='ltr'><strong>regulam</strong></span> <span class='ocrx_word' id='word_1_19' title='bbox 2900 529 3213 601; x_wconf 71' lang='lat' dir='ltr'><strong>simpliciter</strong></span> <span class='ocrx_word' id='word_1_20' title='bbox 3240 547 3305 589; x_wconf 91' lang='lat' dir='ltr'><strong>ac</strong></span> <span class='ocrx_word' id='word_1_21' title='bbox 3331 530 3450 588; x_wconf 89' lang='lat' dir='ltr'><strong>sine</strong></span> <span class='ocrx_word' id='word_1_22' title='bbox 3474 530 3571 587; x_wconf 87' lang='lat' dir='ltr'><strong>de-</strong></span> 
     </span>
    </p>
   </div>
   <div class='ocr_carea' id='block_1_5' title="bbox 304 619 1887 692">
    <p class='ocr_par' dir='ltr' id='par_1_5' title="bbox 304 619 1887 692">
     <span class='ocr_line' id='line_1_5' title="bbox 304 619 1887 692; baseline -0.004 -11"><span class='ocrx_word' id='word_1_23' title='bbox 304 625 518 682; x_wconf 73' lang='lat' dir='ltr'><strong>differat</strong></span> <span class='ocrx_word' id='word_1_24' title='bbox 543 638 573 677; x_wconf 89' lang='lat' dir='ltr'><strong>a</strong></span> <span class='ocrx_word' id='word_1_25' title='bbox 599 622 800 690; x_wconf 85' lang='lat' dir='ltr'><strong>specie,</strong></span> <span class='ocrx_word' id='word_1_26' title='bbox 829 631 955 678; x_wconf 82' lang='lat' dir='ltr'><strong>tunc</strong></span> <span class='ocrx_word' id='word_1_27' title='bbox 1003 620 1305 692; x_wconf 78' lang='lat' dir='ltr'><strong>expositum</strong></span> <span class='ocrx_word' id='word_1_28' title='bbox 1344 630 1449 688; x_wconf 89' lang='lat' dir='ltr'><strong>est,</strong></span> <span class='ocrx_word' id='word_1_29' title='bbox 1493 620 1709 692; x_wconf 85' lang='lat' dir='ltr'><strong>quando</strong></span> <span class='ocrx_word' id='word_1_30' title='bbox 1760 619 1887 691; x_wconf 89' lang='lat' dir='ltr'><strong>quid</strong></span> 
     </span>
    </p>
   </div>
   <div class='ocr_carea' id='block_1_6' title="bbox 309 712 1890 789">
    <p class='ocr_par' dir='ltr' id='par_1_6' title="bbox 309 712 1890 789">
     <span class='ocr_line' id='line_1_6' title="bbox 309 712 1890 789; baseline -0.004 -16"><span class='ocrx_word' id='word_1_31' title='bbox 309 718 521 789; x_wconf 82' lang='lat' dir='ltr'><strong>species</strong></span> <span class='ocrx_word' id='word_1_32' title='bbox 561 716 790 771; x_wconf 77' lang='lat' dir='ltr'><strong>distaret</strong></span> <span class='ocrx_word' id='word_1_33' title='bbox 815 728 847 769; x_wconf 91' lang='lat' dir='ltr'><strong>a</strong></span> <span class='ocrx_word' id='word_1_34' title='bbox 891 713 1107 783; x_wconf 85' lang='lat' dir='ltr'><strong>preprio</strong></span> <span class='ocrx_word' id='word_1_35' title='bbox 1148 712 1447 768; x_wconf 74' lang='lat' dir='ltr'><strong>dicebatur.</strong></span> <span class='ocrx_word' id='word_1_36' title='bbox 1503 713 1687 766; x_wconf 81' lang='lat' dir='ltr'><strong>Restat</strong></span> <span class='ocrx_word' id='word_1_37' title='bbox 1730 712 1890 781; x_wconf 90' lang='lat' dir='ltr'><strong>igitur</strong></span> 
     </span>
    </p>
   </div>
   <div class='ocr_carea' id='block_1_7' title="bbox 306 801 1886 876">
    <p class='ocr_par' dir='ltr' id='par_1_7' title="bbox 306 801 1886 876">
     <span class='ocr_line' id='line_1_7' title="bbox 306 801 1886 876; baseline -0.006 -11"><span class='ocrx_word' id='word_1_38' title='bbox 306 809 607 866; x_wconf 85' lang='lat' dir='ltr'><strong>diﬂ’erentia</strong></span> <span class='ocrx_word' id='word_1_39' title='bbox 639 822 741 862; x_wconf 90' lang='lat' dir='ltr'><strong>una</strong></span> <span class='ocrx_word' id='word_1_40' title='bbox 772 806 968 876; x_wconf 76' lang='lat' dir='ltr'><strong>proprii</strong></span> <span class='ocrx_word' id='word_1_41' title='bbox 1011 804 1078 860; x_wconf 91' lang='lat' dir='ltr'><strong>ad</strong></span> <span class='ocrx_word' id='word_1_42' title='bbox 1107 806 1378 870; x_wconf 87' lang='lat' dir='ltr'><strong>accidens,</strong></span> <span class='ocrx_word' id='word_1_43' title='bbox 1421 818 1564 874; x_wconf 65' lang='lat' dir='ltr'><strong>quae,</strong></span> <span class='ocrx_word' id='word_1_44' title='bbox 1593 801 1886 871; x_wconf 81' lang='lat' dir='ltr'><strong>superiori-</strong></span> 
     </span>
    </p>
   </div>
   <div class='ocr_carea' id='block_1_8' title="bbox 312 894 1890 974">
    <p class='ocr_par' dir='ltr' id='par_1_8' title="bbox 312 894 1890 974">
     <span class='ocr_line' id='line_1_8' title="bbox 312 894 1890 974; baseline -0.006 -15"><span class='ocrx_word' id='word_1_45' title='bbox 312 906 412 959; x_wconf 87' lang='lat' dir='ltr'><strong>bus</strong></span> <span class='ocrx_word' id='word_1_46' title='bbox 430 906 649 974; x_wconf 83' lang='lat' dir='ltr'><strong>juncta,</strong></span> <span class='ocrx_word' id='word_1_47' title='bbox 700 903 889 958; x_wconf 86' lang='lat' dir='ltr'><strong>decem</strong></span> <span class='ocrx_word' id='word_1_48' title='bbox 934 899 1264 956; x_wconf 80' lang='lat' dir='ltr'><strong>dili&#39;erentias</strong></span> <span class='ocrx_word' id='word_1_49' title='bbox 1314 897 1540 954; x_wconf 84' lang='lat' dir='ltr'><strong>claudit:</strong></span> <span class='ocrx_word' id='word_1_50' title='bbox 1597 894 1890 951; x_wconf 86' lang='lat' dir='ltr'><strong>accidentis</strong></span> 
     </span>
    </p>
   </div>
   <div class='ocr_carea' id='block_1_9' title="bbox 312 986 1891 1064">
    <p class='ocr_par' dir='ltr' id='par_1_9' title="bbox 312 986 1891 1064">
     <span class='ocr_line' id='line_1_9' title="bbox 312 986 1891 1064; baseline -0.005 -13"><span class='ocrx_word' id='word_1_51' title='bbox 312 1012 438 1052; x_wconf 88' lang='lat' dir='ltr'><strong>vero</strong></span> <span class='ocrx_word' id='word_1_52' title='bbox 462 996 531 1052; x_wconf 89' lang='lat' dir='ltr'><strong>ad</strong></span> <span class='ocrx_word' id='word_1_53' title='bbox 577 1005 771 1052; x_wconf 62' lang='lat' dir='ltr'><strong>castora</strong></span> <span class='ocrx_word' id='word_1_54' title='bbox 804 1002 1022 1064; x_wconf 82' lang='lat' dir='ltr'><strong>possent</strong></span> <span class='ocrx_word' id='word_1_55' title='bbox 1062 992 1277 1062; x_wconf 81' lang='lat' dir='ltr'><strong>quidem</strong></span> <span class='ocrx_word' id='word_1_56' title='bbox 1331 1005 1451 1047; x_wconf 90' lang='lat' dir='ltr'><strong>esse</strong></span> <span class='ocrx_word' id='word_1_57' title='bbox 1498 999 1753 1061; x_wconf 80' lang='lat' dir='ltr'><strong>quatuor,</strong></span> <span class='ocrx_word' id='word_1_58' title='bbox 1788 986 1891 1043; x_wconf 87' lang='lat' dir='ltr'><strong>nisi</strong></span> 
     </span>
    </p>
   </div>
   <div class='ocr_carea' id='block_1_10' title="bbox 306 1082 1888 1159">
    <p class='ocr_par' dir='ltr' id='par_1_10' title="bbox 306 1082 1888 1159">
     <span class='ocr_line' id='line_1_10' title="bbox 306 1082 1888 1159; baseline -0.004 -16"><span class='ocrx_word' id='word_1_59' title='bbox 306 1088 417 1159; x_wconf 76' lang='lat' dir='ltr'><strong>jam</strong></span> <span class='ocrx_word' id='word_1_60' title='bbox 443 1103 630 1145; x_wconf 85' lang='lat' dir='ltr'><strong>omnes</strong></span> <span class='ocrx_word' id='word_1_61' title='bbox 661 1087 1014 1157; x_wconf 78' lang='lat' dir='ltr'><strong>probarentur</strong></span> <span class='ocrx_word' id='word_1_62' title='bbox 1058 1099 1180 1140; x_wconf 88' lang='lat' dir='ltr'><strong>esse</strong></span> <span class='ocrx_word' id='word_1_63' title='bbox 1207 1095 1568 1154; x_wconf 78' lang='lat' dir='ltr'><strong>consumptae.</strong></span> <span class='ocrx_word' id='word_1_64' title='bbox 1599 1082 1729 1138; x_wconf 84' lang='lat' dir='ltr'><strong>Nam</strong></span> <span class='ocrx_word' id='word_1_65' title='bbox 1760 1082 1888 1153; x_wconf 90' lang='lat' dir='ltr'><strong>quid</strong></span> 
     </span>
    </p>
   </div>
   <div class='ocr_carea' id='block_1_11' title="bbox 309 1175 1891 1249">
    <p class='ocr_par' dir='ltr' id='par_1_11' title="bbox 309 1175 1891 1249">
     <span class='ocr_line' id='line_1_11' title="bbox 309 1175 1891 1249; baseline -0.003 -14"><span class='ocrx_word' id='word_1_66' title='bbox 309 1180 522 1236; x_wconf 74' lang='lat' dir='ltr'><strong>dill&#39;erat</strong></span> <span class='ocrx_word' id='word_1_67' title='bbox 568 1179 651 1235; x_wconf 90' lang='lat' dir='ltr'><strong>vel</strong></span> <span class='ocrx_word' id='word_1_68' title='bbox 699 1192 888 1249; x_wconf 86' lang='lat' dir='ltr'><strong>genus,</strong></span> <span class='ocrx_word' id='word_1_69' title='bbox 934 1178 1019 1234; x_wconf 85' lang='lat' dir='ltr'><strong>vel</strong></span> <span class='ocrx_word' id='word_1_70' title='bbox 1068 1177 1512 1241; x_wconf 81' lang='lat' dir='ltr'><strong>dill‘erentia,vel</strong></span> <span class='ocrx_word' id='word_1_71' title='bbox 1538 1177 1773 1246; x_wconf 83' lang='lat' dir='ltr'><strong>species,</strong></span> <span class='ocrx_word' id='word_1_72' title='bbox 1804 1175 1891 1231; x_wconf 86' lang='lat' dir='ltr'><strong>vel</strong></span> 
     </span>
    </p>
   </div>
   <div class='ocr_carea' id='block_1_12' title="bbox 312 1271 1893 1341">
    <p class='ocr_par' dir='ltr' id='par_1_12' title="bbox 312 1271 1893 1341">
     <span class='ocr_line' id='line_1_12' title="bbox 312 1271 1893 1341; baseline 0.001 -16"><span class='ocrx_word' id='word_1_73' title='bbox 312 1272 584 1341; x_wconf 60' lang='lat' dir='ltr'><strong>proprium</strong></span> <span class='ocrx_word' id='word_1_74' title='bbox 613 1271 682 1327; x_wconf 88' lang='lat' dir='ltr'><strong>ab</strong></span> <span class='ocrx_word' id='word_1_75' title='bbox 722 1271 988 1327; x_wconf 87' lang='lat' dir='ltr'><strong>accidenti</strong></span> <span class='ocrx_word' id='word_1_76' title='bbox 1035 1286 1197 1340; x_wconf 83' lang='lat' dir='ltr'><strong>supra</strong></span> <span class='ocrx_word' id='word_1_77' title='bbox 1245 1278 1599 1327; x_wconf 87' lang='lat' dir='ltr'><strong>monstratum</strong></span> <span class='ocrx_word' id='word_1_78' title='bbox 1632 1279 1743 1325; x_wconf 88' lang='lat' dir='ltr'><strong>est:</strong></span> <span class='ocrx_word' id='word_1_79' title='bbox 1792 1283 1893 1326; x_wconf 85' lang='lat' dir='ltr'><strong>nec</strong></span> 
     </span>
    </p>
   </div>
   <div class='ocr_carea' id='block_1_13' title="bbox 308 1362 1891 1435">
    <p class='ocr_par' dir='ltr' id='par_1_13' title="bbox 308 1362 1891 1435">
     <span class='ocr_line' id='line_1_13' title="bbox 308 1362 1891 1435; baseline -0.004 -13"><span class='ocrx_word' id='word_1_80' title='bbox 308 1373 435 1422; x_wconf 83' lang='lat' dir='ltr'><strong>sunt</strong></span> <span class='ocrx_word' id='word_1_81' title='bbox 466 1366 587 1435; x_wconf 83' lang='lat' dir='ltr'><strong>plus</strong></span> <span class='ocrx_word' id='word_1_82' title='bbox 625 1364 855 1421; x_wconf 75' lang='lat' dir='ltr'><strong>diversae</strong></span> <span class='ocrx_word' id='word_1_83' title='bbox 883 1363 1198 1421; x_wconf 72' lang='lat' dir='ltr'><strong>differentia:</strong></span> <span class='ocrx_word' id='word_1_84' title='bbox 1256 1363 1545 1419; x_wconf 87' lang='lat' dir='ltr'><strong>accidentis</strong></span> <span class='ocrx_word' id='word_1_85' title='bbox 1588 1362 1655 1418; x_wconf 91' lang='lat' dir='ltr'><strong>ad</strong></span> <span class='ocrx_word' id='word_1_86' title='bbox 1695 1370 1891 1417; x_wconf 70' lang='lat' dir='ltr'><strong>caatera</strong></span> 
     </span>
    </p>
   </div>
   <div class='ocr_carea' id='block_1_14' title="bbox 308 1455 1893 1525">
    <p class='ocr_par' dir='ltr' id='par_1_14' title="bbox 308 1455 1893 1525">
     <span class='ocr_line' id='line_1_14' title="bbox 308 1455 1893 1525; baseline -0.001 -15"><span class='ocrx_word' id='word_1_87' title='bbox 308 1472 469 1525; x_wconf 88' lang='lat' dir='ltr'><strong>quam</strong></span> <span class='ocrx_word' id='word_1_88' title='bbox 513 1467 831 1512; x_wconf 71' lang='lat' dir='ltr'><strong>catterorum</strong></span> <span class='ocrx_word' id='word_1_89' title='bbox 856 1456 924 1512; x_wconf 89' lang='lat' dir='ltr'><strong>ad</strong></span> <span class='ocrx_word' id='word_1_90' title='bbox 948 1456 1222 1513; x_wconf 89' lang='lat' dir='ltr'><strong>accidens.</strong></span> <span class='ocrx_word' id='word_1_91' title='bbox 1256 1457 1436 1525; x_wconf 84' lang='lat' dir='ltr'><strong>Itaque</strong></span> <span class='ocrx_word' id='word_1_92' title='bbox 1462 1455 1546 1521; x_wconf 83' lang='lat' dir='ltr'><strong>lit,</strong></span> <span class='ocrx_word' id='word_1_93' title='bbox 1591 1464 1648 1509; x_wconf 92' lang='lat' dir='ltr'><strong>ut</strong></span> <span class='ocrx_word' id='word_1_94' title='bbox 1672 1469 1796 1510; x_wconf 89' lang='lat' dir='ltr'><strong>cum</strong></span> <span class='ocrx_word' id='word_1_95' title='bbox 1820 1455 1893 1509; x_wconf 85' lang='lat' dir='ltr'><strong>sit</strong></span> 
     </span>
    </p>
   </div>
   <div class='ocr_carea' id='block_1_15' title="bbox 308 1548 1889 1618">
    <p class='ocr_par' dir='ltr' id='par_1_15' title="bbox 308 1548 1889 1618">
     <span class='ocr_line' id='line_1_15' title="bbox 308 1548 1889 1618; baseline -0.001 -16"><span class='ocrx_word' id='word_1_96' title='bbox 308 1548 547 1617; x_wconf 86' lang='lat' dir='ltr'><strong>quinque</strong></span> <span class='ocrx_word' id='word_1_97' title='bbox 568 1563 752 1604; x_wconf 89' lang='lat' dir='ltr'><strong>rerum</strong></span> <span class='ocrx_word' id='word_1_98' title='bbox 782 1563 1066 1614; x_wconf 89' lang='lat' dir='ltr'><strong>numerus,</strong></span> <span class='ocrx_word' id='word_1_99' title='bbox 1112 1550 1157 1603; x_wconf 89' lang='lat' dir='ltr'><strong>si</strong></span> <span class='ocrx_word' id='word_1_100' title='bbox 1188 1549 1356 1618; x_wconf 88' lang='lat' dir='ltr'><strong>prima</strong></span> <span class='ocrx_word' id='word_1_101' title='bbox 1388 1556 1692 1603; x_wconf 80' lang='lat' dir='ltr'><strong>assumatur</strong></span> <span class='ocrx_word' id='word_1_102' title='bbox 1713 1584 1730 1611; x_wconf 91' lang='lat'><strong>,</strong></span> <span class='ocrx_word' id='word_1_103' title='bbox 1755 1560 1889 1616; x_wconf 82' lang='lat' dir='ltr'><strong>qua-</strong></span> 
     </span>
    </p>
   </div>
   <div class='ocr_carea' id='block_1_16' title="bbox 312 1639 1889 1708">
    <p class='ocr_par' dir='ltr' id='par_1_16' title="bbox 312 1639 1889 1708">
     <span class='ocr_line' id='line_1_16' title="bbox 312 1639 1889 1708; baseline 0.001 -14"><span class='ocrx_word' id='word_1_104' title='bbox 312 1650 435 1694; x_wconf 84' lang='lat' dir='ltr'><strong>tuor</strong></span> <span class='ocrx_word' id='word_1_105' title='bbox 462 1640 593 1696; x_wconf 85' lang='lat' dir='ltr'><strong>tiant</strong></span> <span class='ocrx_word' id='word_1_106' title='bbox 617 1639 959 1707; x_wconf 84' lang='lat' dir='ltr'><strong>diﬂ&#39;erentiae;</strong></span> <span class='ocrx_word' id='word_1_107' title='bbox 984 1641 1031 1695; x_wconf 88' lang='lat' dir='ltr'><strong>si</strong></span> <span class='ocrx_word' id='word_1_108' title='bbox 1057 1640 1316 1706; x_wconf 85' lang='lat' dir='ltr'><strong>secunda,</strong></span> <span class='ocrx_word' id='word_1_109' title='bbox 1349 1650 1478 1703; x_wconf 86' lang='lat' dir='ltr'><strong>tres.</strong></span> <span class='ocrx_word' id='word_1_110' title='bbox 1500 1640 1889 1708; x_wconf 85' lang='lat' dir='ltr'><strong>vincanturque</strong></span> 
     </span>
    </p>
   </div>
   <div class='ocr_carea' id='block_1_17' title="bbox 309 1731 1892 1803">
    <p class='ocr_par' dir='ltr' id='par_1_17' title="bbox 309 1731 1892 1803">
     <span class='ocr_line' id='line_1_17' title="bbox 309 1731 1892 1803; baseline -0.002 -15"><span class='ocrx_word' id='word_1_111' title='bbox 309 1732 563 1789; x_wconf 67' lang='lat' dir='ltr'><strong>secundat</strong></span> <span class='ocrx_word' id='word_1_112' title='bbox 588 1734 664 1790; x_wconf 86' lang='lat' dir='ltr'><strong>rei</strong></span> <span class='ocrx_word' id='word_1_113' title='bbox 690 1732 755 1789; x_wconf 88' lang='lat' dir='ltr'><strong>ad</strong></span> <span class='ocrx_word' id='word_1_114' title='bbox 780 1741 1005 1789; x_wconf 73' lang='lat' dir='ltr'><strong>czeteras</strong></span> <span class='ocrx_word' id='word_1_115' title='bbox 1039 1734 1391 1802; x_wconf 73' lang='lat' dir='ltr'><strong>dilicrentite,</strong></span> <span class='ocrx_word' id='word_1_116' title='bbox 1419 1748 1450 1788; x_wconf 94' lang='lat' dir='ltr'><strong>a</strong></span> <span class='ocrx_word' id='word_1_117' title='bbox 1476 1732 1664 1803; x_wconf 86' lang='lat' dir='ltr'><strong>primis</strong></span> <span class='ocrx_word' id='word_1_118' title='bbox 1691 1731 1759 1787; x_wconf 88' lang='lat' dir='ltr'><strong>ad</strong></span> <span class='ocrx_word' id='word_1_119' title='bbox 1786 1745 1892 1786; x_wconf 85' lang='lat' dir='ltr'><strong>oae-</strong></span> 
     </span>
    </p>
   </div>
   <div class='ocr_carea' id='block_1_18' title="bbox 1992 622 3572 695">
    <p class='ocr_par' dir='ltr' id='par_1_18' title="bbox 1992 622 3572 695">
     <span class='ocr_line' id='line_1_18' title="bbox 1992 622 3572 695; baseline -0.001 -17"><span class='ocrx_word' id='word_1_120' title='bbox 1992 624 2383 679; x_wconf 80' lang='lat' dir='ltr'><strong>monsratione</strong></span> <span class='ocrx_word' id='word_1_121' title='bbox 2407 639 2547 679; x_wconf 89' lang='lat' dir='ltr'><strong>nunc</strong></span> <span class='ocrx_word' id='word_1_122' title='bbox 2572 623 2788 681; x_wconf 88' lang='lat' dir='ltr'><strong>dedisse</strong></span> <span class='ocrx_word' id='word_1_123' title='bbox 2815 623 3064 680; x_wconf 73' lang='lat' dir='ltr'><strong>sufﬁciat.</strong></span> <span class='ocrx_word' id='word_1_124' title='bbox 3097 622 3154 679; x_wconf 85' lang='lat' dir='ltr'><strong>In</strong></span> <span class='ocrx_word' id='word_1_125' title='bbox 3182 623 3572 695; x_wconf 72' lang='lat' dir='ltr'><strong>praedicamen-</strong></span> 
     </span>
    </p>
   </div>
   <div class='ocr_carea' id='block_1_19' title="bbox 1994 716 3573 789">
    <p class='ocr_par' dir='ltr' id='par_1_19' title="bbox 1994 716 3573 789">
     <span class='ocr_line' id='line_1_19' title="bbox 1994 716 3573 789; baseline -0.001 -16"><span class='ocrx_word' id='word_1_126' title='bbox 1994 726 2168 773; x_wconf 88' lang='lat' dir='ltr'><strong>torum</strong></span> <span class='ocrx_word' id='word_1_127' title='bbox 2203 732 2329 772; x_wconf 91' lang='lat' dir='ltr'><strong>vero</strong></span> <span class='ocrx_word' id='word_1_128' title='bbox 2353 717 2717 787; x_wconf 73' lang='lat' dir='ltr'><strong>espositione,</strong></span> <span class='ocrx_word' id='word_1_129' title='bbox 2743 719 2879 773; x_wconf 84' lang='lat' dir='ltr'><strong>ratio</strong></span> <span class='ocrx_word' id='word_1_130' title='bbox 2906 732 3119 789; x_wconf 91' lang='lat' dir='ltr'><strong>quoque</strong></span> <span class='ocrx_word' id='word_1_131' title='bbox 3143 731 3238 772; x_wconf 88' lang='lat' dir='ltr'><strong>cur</strong></span> <span class='ocrx_word' id='word_1_132' title='bbox 3272 717 3343 771; x_wconf 90' lang='lat' dir='ltr'><strong>ita</strong></span> <span class='ocrx_word' id='word_1_133' title='bbox 3366 716 3437 773; x_wconf 93' lang='lat' dir='ltr'><strong>sit</strong></span> <span class='ocrx_word' id='word_1_134' title='bbox 3478 730 3573 771; x_wconf 81' lang='lat' dir='ltr'><strong>ex-</strong></span> 
     </span>
    </p>
   </div>
   <div class='ocr_carea' id='block_1_20' title="bbox 1992 810 2291 881">
    <p class='ocr_par' dir='ltr' id='par_1_20' title="bbox 1992 810 2291 881">
     <span class='ocr_line' id='line_1_20' title="bbox 1992 810 2291 881; baseline -0.003 -17"><span class='ocrx_word' id='word_1_135' title='bbox 1992 810 2291 881; x_wconf 89' lang='lat' dir='ltr'><strong>plicabitur.</strong></span> 
     </span>
    </p>
   </div>
   <div class='ocr_carea' id='block_1_21' title="bbox 2065 900 3573 974">
    <p class='ocr_par' dir='ltr' id='par_1_21' title="bbox 2065 900 3573 974">
     <span class='ocr_line' id='line_1_21' title="bbox 2065 900 3573 974; baseline -0.001 -17"><span class='ocrx_word' id='word_1_136' title='bbox 2065 902 2343 959; x_wconf 80' lang='lat' dir='ltr'><strong>Commune</strong></span> <span class='ocrx_word' id='word_1_137' title='bbox 2390 920 2510 974; x_wconf 87' lang='lat' dir='ltr'><strong>ergo</strong></span> <span class='ocrx_word' id='word_1_138' title='bbox 2547 913 2621 960; x_wconf 87' lang='lat' dir='ltr'><strong>est</strong></span> <span class='ocrx_word' id='word_1_139' title='bbox 2649 903 2948 971; x_wconf 71' lang='lat' dir='ltr'><strong>(li/ferentia:</strong></span> <span class='ocrx_word' id='word_1_140' title='bbox 2988 912 3036 957; x_wconf 90' lang='lat' dir='ltr'><strong>et</strong></span> <span class='ocrx_word' id='word_1_141' title='bbox 3081 918 3265 973; x_wconf 78' lang='lat' dir='ltr'><strong>species</strong></span> <span class='ocrx_word' id='word_1_142' title='bbox 3310 900 3573 970; x_wconf 78' lang='lat' dir='ltr'><strong>trqualiter</strong></span> 
     </span>
    </p>
   </div>
   <div class='ocr_carea' id='block_1_22' title="bbox 1993 993 3575 1069">
    <p class='ocr_par' dir='ltr' id='par_1_22' title="bbox 1993 993 3575 1069">
     <span class='ocr_line' id='line_1_22' title="bbox 1993 993 3575 1069; baseline -0.002 -18"><span class='ocrx_word' id='word_1_143' title='bbox 1993 996 2297 1069; x_wconf 85' lang='lat' dir='ltr'><strong>participari</strong></span> <span class='ocrx_word' id='word_1_144' title='bbox 2324 1010 2345 1051; x_wconf 88' lang='lat'><strong><em>:</em></strong></span> <span class='ocrx_word' id='word_1_145' title='bbox 2390 995 2582 1051; x_wconf 85' lang='lat' dir='ltr'><strong>homini</strong></span> <span class='ocrx_word' id='word_1_146' title='bbox 2605 996 2741 1050; x_wconf 88' lang='lat' dir='ltr'><strong>enim</strong></span> <span class='ocrx_word' id='word_1_147' title='bbox 2782 994 3048 1065; x_wconf 75' lang='lat' dir='ltr'><strong>azqualiter</strong></span> <span class='ocrx_word' id='word_1_148' title='bbox 3072 996 3379 1065; x_wconf 76' lang='lat' dir='ltr'><strong>participant</strong></span> <span class='ocrx_word' id='word_1_149' title='bbox 3406 993 3575 1063; x_wconf 74' lang='lat' dir='ltr'><strong>parti-</strong></span> 
     </span>
    </p>
   </div>
   <div class='ocr_carea' id='block_1_23' title="bbox 1992 1086 3574 1156">
    <p class='ocr_par' dir='ltr' id='par_1_23' title="bbox 1992 1086 3574 1156">
     <span class='ocr_line' id='line_1_23' title="bbox 1992 1086 3574 1156; baseline -0.003 -10"><span class='ocrx_word' id='word_1_150' title='bbox 1992 1090 2192 1146; x_wconf 82' lang='lat' dir='ltr'><strong>culares</strong></span> <span class='ocrx_word' id='word_1_151' title='bbox 2242 1089 2494 1156; x_wconf 76' lang='lat' dir='ltr'><strong>homines,</strong></span> <span class='ocrx_word' id='word_1_152' title='bbox 2545 1099 2593 1144; x_wconf 88' lang='lat' dir='ltr'><strong>et</strong></span> <span class='ocrx_word' id='word_1_153' title='bbox 2649 1089 2893 1143; x_wconf 80' lang='lat' dir='ltr'><strong>rationali</strong></span> <span class='ocrx_word' id='word_1_154' title='bbox 2944 1086 3250 1155; x_wconf 75' lang='lat' dir='ltr'><strong>differentia.</strong></span> <span class='ocrx_word' id='word_1_155' title='bbox 3297 1086 3574 1142; x_wconf 75' lang='lat' dir='ltr'><strong>Commune</strong></span> 
     </span>
    </p>
   </div>
   <div class='ocr_carea' id='block_1_24' title="bbox 1992 1181 3571 1254">
    <p class='ocr_par' dir='ltr' id='par_1_24' title="bbox 1992 1181 3571 1254">
     <span class='ocr_line' id='line_1_24' title="bbox 1992 1181 3571 1254; baseline -0.002 -17"><span class='ocrx_word' id='word_1_156' title='bbox 1992 1199 2192 1254; x_wconf 86' lang='lat' dir='ltr'><strong>quoque</strong></span> <span class='ocrx_word' id='word_1_157' title='bbox 2216 1192 2288 1238; x_wconf 79' lang='lat' dir='ltr'><strong>est</strong></span> <span class='ocrx_word' id='word_1_158' title='bbox 2312 1192 2360 1237; x_wconf 89' lang='lat' dir='ltr'><strong>et</strong></span> <span class='ocrx_word' id='word_1_159' title='bbox 2390 1198 2587 1252; x_wconf 89' lang='lat' dir='ltr'><strong>semper</strong></span> <span class='ocrx_word' id='word_1_160' title='bbox 2607 1183 2782 1237; x_wconf 87' lang='lat' dir='ltr'><strong>adesse</strong></span> <span class='ocrx_word' id='word_1_161' title='bbox 2805 1183 2883 1236; x_wconf 82' lang='lat' dir='ltr'><strong>his</strong></span> <span class='ocrx_word' id='word_1_162' title='bbox 2901 1197 3016 1252; x_wconf 67' lang='lat' dir='ltr'><strong>qua</strong></span> <span class='ocrx_word' id='word_1_163' title='bbox 3040 1197 3215 1236; x_wconf 88' lang='lat' dir='ltr'><strong>eorum</strong></span> <span class='ocrx_word' id='word_1_164' title='bbox 3244 1181 3571 1251; x_wconf 79' lang='lat' dir='ltr'><strong>participant.</strong></span> 
     </span>
    </p>
   </div>
   <div class='ocr_carea' id='block_1_25' title="bbox 1993 1275 3576 1347">
    <p class='ocr_par' dir='ltr' id='par_1_25' title="bbox 1993 1275 3576 1347">
     <span class='ocr_line' id='line_1_25' title="bbox 1993 1275 3576 1347; baseline -0.002 -14"><span class='ocrx_word' id='word_1_165' title='bbox 1993 1276 2207 1346; x_wconf 77' lang='lat' dir='ltr'><strong>Semper</strong></span> <span class='ocrx_word' id='word_1_166' title='bbox 2234 1277 2371 1331; x_wconf 86' lang='lat' dir='ltr'><strong>enim</strong></span> <span class='ocrx_word' id='word_1_167' title='bbox 2399 1276 2639 1334; x_wconf 89' lang='lat' dir='ltr'><strong>Socrates</strong></span> <span class='ocrx_word' id='word_1_168' title='bbox 2688 1277 2960 1332; x_wconf 88' lang='lat' dir='ltr'><strong>rationalis</strong></span> <span class='ocrx_word' id='word_1_169' title='bbox 2985 1285 3081 1344; x_wconf 86' lang='lat' dir='ltr'><strong>est,</strong></span> <span class='ocrx_word' id='word_1_170' title='bbox 3119 1286 3166 1332; x_wconf 90' lang='lat' dir='ltr'><strong>et</strong></span> <span class='ocrx_word' id='word_1_171' title='bbox 3198 1292 3395 1347; x_wconf 87' lang='lat' dir='ltr'><strong>semper</strong></span> <span class='ocrx_word' id='word_1_172' title='bbox 3422 1275 3576 1330; x_wconf 84' lang='lat' dir='ltr'><strong>homo</strong></span> 
     </span>
    </p>
   </div>
   <div class='ocr_carea' id='block_1_26' title="bbox 1994 1379 2631 1449">
    <p class='ocr_par' dir='ltr' id='par_1_26' title="bbox 1994 1379 2631 1449">
     <span class='ocr_line' id='line_1_26' title="bbox 1994 1379 2631 1449; baseline -0.006 -24"><span class='ocrx_word' id='word_1_173' title='bbox 1994 1379 2090 1425; x_wconf 89' lang='lat' dir='ltr'><strong>est.</strong></span> <span class='ocrx_word' id='word_1_174' title='bbox 2580 1398 2585 1403; x_wconf 76' lang='lat'>~</span> <span class='ocrx_word' id='word_1_175' title='bbox 2620 1440 2631 1449; x_wconf 34' lang='grc' dir='ltr'><em>ο</em></span> 
     </span>
    </p>
   </div>
   <div class='ocr_carea' id='block_1_27' title="bbox 2068 1460 3576 1533">
    <p class='ocr_par' dir='ltr' id='par_1_27' title="bbox 2068 1460 3576 1533">
     <span class='ocr_line' id='line_1_27' title="bbox 2068 1460 3576 1533; baseline 0.001 -16"><span class='ocrx_word' id='word_1_176' title='bbox 2068 1460 2276 1517; x_wconf 85' lang='lat' dir='ltr'><strong>Dictum</strong></span> <span class='ocrx_word' id='word_1_177' title='bbox 2329 1472 2413 1517; x_wconf 90' lang='lat' dir='ltr'><strong>est</strong></span> <span class='ocrx_word' id='word_1_178' title='bbox 2462 1463 2657 1532; x_wconf 65' lang='lat' dir='ltr'><strong>smpius</strong></span> <span class='ocrx_word' id='word_1_179' title='bbox 2686 1478 2748 1519; x_wconf 90' lang='lat' dir='ltr'><strong>ea</strong></span> <span class='ocrx_word' id='word_1_180' title='bbox 2778 1477 2897 1533; x_wconf 75' lang='lat' dir='ltr'><strong>quae</strong></span> <span class='ocrx_word' id='word_1_181' title='bbox 2941 1462 3292 1519; x_wconf 88' lang='lat' dir='ltr'><strong>substantiam</strong></span> <span class='ocrx_word' id='word_1_182' title='bbox 3344 1460 3576 1519; x_wconf 79' lang='lat' dir='ltr'><strong>formant</strong></span> 
     </span>
    </p>
   </div>
   <div class='ocr_carea' id='block_1_28' title="bbox 1995 1551 3575 1623">
    <p class='ocr_par' dir='ltr' id='par_1_28' title="bbox 1995 1551 3575 1623">
     <span class='ocr_line' id='line_1_28' title="bbox 1995 1551 3575 1623; baseline -0.004 -12"><span class='ocrx_word' id='word_1_183' title='bbox 1995 1571 2097 1611; x_wconf 90' lang='lat' dir='ltr'><strong>nec</strong></span> <span class='ocrx_word' id='word_1_184' title='bbox 2141 1556 2457 1611; x_wconf 87' lang='lat' dir='ltr'><strong>remissione</strong></span> <span class='ocrx_word' id='word_1_185' title='bbox 2505 1555 2770 1623; x_wconf 79' lang='lat' dir='ltr'><strong>contrahi,</strong></span> <span class='ocrx_word' id='word_1_186' title='bbox 2821 1569 2923 1611; x_wconf 92' lang='lat' dir='ltr'><strong>nec</strong></span> <span class='ocrx_word' id='word_1_187' title='bbox 2972 1554 3275 1610; x_wconf 89' lang='lat' dir='ltr'><strong>intensione</strong></span> <span class='ocrx_word' id='word_1_188' title='bbox 3305 1551 3575 1622; x_wconf 90' lang='lat' dir='ltr'><strong>produci:</strong></span> 
     </span>
    </p>
   </div>
   <div class='ocr_carea' id='block_1_29' title="bbox 1994 1646 3573 1719">
    <p class='ocr_par' dir='ltr' id='par_1_29' title="bbox 1994 1646 3573 1719">
     <span class='ocr_line' id='line_1_29' title="bbox 1994 1646 3573 1719; baseline -0.002 -15"><span class='ocrx_word' id='word_1_189' title='bbox 1994 1649 2280 1719; x_wconf 87' lang='lat' dir='ltr'><strong>unicuique</strong></span> <span class='ocrx_word' id='word_1_190' title='bbox 2307 1651 2449 1704; x_wconf 90' lang='lat' dir='ltr'><strong>enim</strong></span> <span class='ocrx_word' id='word_1_191' title='bbox 2473 1650 2523 1703; x_wconf 90' lang='lat' dir='ltr'><strong>id</strong></span> <span class='ocrx_word' id='word_1_192' title='bbox 2553 1649 2695 1718; x_wconf 90' lang='lat' dir='ltr'><strong>quod</strong></span> <span class='ocrx_word' id='word_1_193' title='bbox 2739 1658 2843 1718; x_wconf 89' lang='lat' dir='ltr'><strong>est,</strong></span> <span class='ocrx_word' id='word_1_194' title='bbox 2901 1665 3063 1705; x_wconf 92' lang='lat' dir='ltr'><strong>unum</strong></span> <span class='ocrx_word' id='word_1_195' title='bbox 3091 1658 3253 1718; x_wconf 90' lang='lat' dir='ltr'><strong>atque</strong></span> <span class='ocrx_word' id='word_1_196' title='bbox 3288 1646 3428 1702; x_wconf 90' lang='lat' dir='ltr'><strong>idem</strong></span> <span class='ocrx_word' id='word_1_197' title='bbox 3467 1652 3573 1701; x_wconf 83' lang='lat' dir='ltr'><strong>est.</strong></span> 
     </span>
    </p>
   </div>
   <div class='ocr_carea' id='block_1_30' title="bbox 1996 1740 3578 1811">
    <p class='ocr_par' dir='ltr' id='par_1_30' title="bbox 1996 1740 3578 1811">
     <span class='ocr_line' id='line_1_30' title="bbox 1996 1740 3578 1811; baseline -0.003 -15"><span class='ocrx_word' id='word_1_198' title='bbox 1996 1740 2147 1809; x_wconf 85' lang='lat' dir='ltr'><strong>Quod</strong></span> <span class='ocrx_word' id='word_1_199' title='bbox 2168 1742 2213 1795; x_wconf 90' lang='lat' dir='ltr'><strong>si</strong></span> <span class='ocrx_word' id='word_1_200' title='bbox 2235 1741 2532 1797; x_wconf 78' lang='lat' dir='ltr'><strong>diﬂ‘erentia</strong></span> <span class='ocrx_word' id='word_1_201' title='bbox 2563 1742 2861 1811; x_wconf 88' lang='lat' dir='ltr'><strong>specierum</strong></span> <span class='ocrx_word' id='word_1_202' title='bbox 2901 1740 3257 1797; x_wconf 86' lang='lat' dir='ltr'><strong>substantiam</strong></span> <span class='ocrx_word' id='word_1_203' title='bbox 3289 1742 3578 1804; x_wconf 78' lang='lat' dir='ltr'><strong>monstrat,</strong></span> 
     </span>
    </p>
   </div>
   <div class='ocr_carea' id='block_1_31' title="bbox 308 1821 1895 1903">
    <p class='ocr_par' dir='ltr' id='par_1_31' title="bbox 308 1821 1891 1893">
     <span class='ocr_line' id='line_1_31' title="bbox 308 1821 1891 1893; baseline -0.003 -14"><span class='ocrx_word' id='word_1_204' title='bbox 308 1834 453 1880; x_wconf 88' lang='lat' dir='ltr'><strong>teras</strong></span> <span class='ocrx_word' id='word_1_205' title='bbox 481 1840 585 1879; x_wconf 88' lang='lat' dir='ltr'><strong>una</strong></span> <span class='ocrx_word' id='word_1_206' title='bbox 613 1835 817 1880; x_wconf 89' lang='lat' dir='ltr'><strong>tantum</strong></span> <span class='ocrx_word' id='word_1_207' title='bbox 839 1824 1111 1880; x_wconf 85' lang='lat' dir='ltr'><strong>distantia.</strong></span> <span class='ocrx_word' id='word_1_208' title='bbox 1144 1823 1273 1880; x_wconf 84' lang='lat' dir='ltr'><strong>Nam</strong></span> <span class='ocrx_word' id='word_1_209' title='bbox 1302 1838 1422 1879; x_wconf 84' lang='lat' dir='ltr'><strong>cum</strong></span> <span class='ocrx_word' id='word_1_210' title='bbox 1447 1824 1618 1893; x_wconf 87' lang='lat' dir='ltr'><strong>prima</strong></span> <span class='ocrx_word' id='word_1_211' title='bbox 1644 1821 1891 1878; x_wconf 88' lang='lat' dir='ltr'><strong>habuerit</strong></span> 
     </span>
    </p>
   </div>
   <div class='ocr_carea' id='block_1_32' title="bbox 1998 1821 3578 1903">
    <p class='ocr_par' dir='ltr' id='par_1_32' title="bbox 1998 1827 3578 1903">
     <span class='ocr_line' id='line_1_32' title="bbox 1998 1827 3578 1903; baseline -0.003 -16"><span class='ocrx_word' id='word_1_212' title='bbox 1998 1834 2209 1902; x_wconf 81' lang='lat' dir='ltr'><strong>Species</strong></span> <span class='ocrx_word' id='word_1_213' title='bbox 2248 1848 2374 1889; x_wconf 88' lang='lat' dir='ltr'><strong>vero</strong></span> <span class='ocrx_word' id='word_1_214' title='bbox 2406 1832 2817 1897; x_wconf 85' lang='lat' dir='ltr'><strong>individuorum,</strong></span> <span class='ocrx_word' id='word_1_215' title='bbox 2850 1833 3127 1903; x_wconf 68' lang='lat' dir='ltr'><strong>aequaliter</strong></span> <span class='ocrx_word' id='word_1_216' title='bbox 3155 1841 3379 1899; x_wconf 89' lang='lat' dir='ltr'><strong>utraque</strong></span> <span class='ocrx_word' id='word_1_217' title='bbox 3407 1828 3475 1883; x_wconf 91' lang='lat' dir='ltr'><strong>ab</strong></span> <span class='ocrx_word' id='word_1_218' title='bbox 3503 1827 3578 1882; x_wconf 53' lang='lat' dir='ltr'><strong>in.</strong></span> 
     </span>
    </p>
   </div>
   <div class='ocr_carea' id='block_1_33' title="bbox 302 1892 1895 1996">
    <p class='ocr_par' dir='ltr' id='par_1_33' title="bbox 302 1892 1883 1985">
     <span class='ocr_line' id='line_1_33' title="bbox 302 1892 1883 1985; baseline -0.001 -17"><span class='ocrx_word' id='word_1_219' title='bbox 302 1926 557 1985; x_wconf 86' lang='lat' dir='ltr'><strong>quatuor,</strong></span> <span class='ocrx_word' id='word_1_220' title='bbox 587 1916 822 1973; x_wconf 88' lang='lat' dir='ltr'><strong>secunda</strong></span> <span class='ocrx_word' id='word_1_221' title='bbox 851 1916 1048 1972; x_wconf 85' lang='lat' dir='ltr'><strong>retinet</strong></span> <span class='ocrx_word' id='word_1_222' title='bbox 1088 1923 1232 1980; x_wconf 89' lang='lat' dir='ltr'><strong>tres;</strong></span> <span class='ocrx_word' id='word_1_223' title='bbox 1274 1914 1428 1970; x_wconf 87' lang='lat' dir='ltr'><strong>tertia</strong></span> <span class='ocrx_word' id='word_1_224' title='bbox 1452 1892 1587 1970; x_wconf 83' lang='lat' dir='ltr'><strong>vero</strong></span> <span class='ocrx_word' id='word_1_225' title='bbox 1613 1916 1659 1970; x_wconf 91' lang='lat' dir='ltr'><strong>si</strong></span> <span class='ocrx_word' id='word_1_226' title='bbox 1700 1928 1883 1969; x_wconf 90' lang='lat' dir='ltr'><strong>suma-</strong></span> 
     </span>
    </p>
   </div>
   <div class='ocr_carea' id='block_1_34' title="bbox 1998 1892 3579 1996">
    <p class='ocr_par' dir='ltr' id='par_1_34' title="bbox 1998 1925 3579 1996">
     <span class='ocr_line' id='line_1_34' title="bbox 1998 1925 3579 1996; baseline -0.002 -16"><span class='ocrx_word' id='word_1_227' title='bbox 1998 1926 2241 1982; x_wconf 87' lang='lat' dir='ltr'><strong>tensione</strong></span> <span class='ocrx_word' id='word_1_228' title='bbox 2265 1935 2321 1981; x_wconf 91' lang='lat' dir='ltr'><strong>et</strong></span> <span class='ocrx_word' id='word_1_229' title='bbox 2347 1925 2665 1981; x_wconf 87' lang='lat' dir='ltr'><strong>remissione</strong></span> <span class='ocrx_word' id='word_1_230' title='bbox 2692 1926 2930 1996; x_wconf 79' lang='lat' dir='ltr'><strong>sejuncta</strong></span> <span class='ocrx_word' id='word_1_231' title='bbox 2959 1935 3102 1990; x_wconf 89' lang='lat' dir='ltr'><strong>sunt,</strong></span> <span class='ocrx_word' id='word_1_232' title='bbox 3122 1939 3227 1993; x_wconf 91' lang='lat' dir='ltr'><strong>quo</strong></span> <span class='ocrx_word' id='word_1_233' title='bbox 3239 1925 3297 1978; x_wconf 89' lang='lat' dir='ltr'><strong>lit</strong></span> <span class='ocrx_word' id='word_1_234' title='bbox 3317 1930 3375 1978; x_wconf 89' lang='lat' dir='ltr'><strong>ut</strong></span> <span class='ocrx_word' id='word_1_235' title='bbox 3400 1936 3579 1992; x_wconf 52' lang='lat' dir='ltr'><strong>requa.</strong></span> 
     </span>
    </p>
   </div>
   <div class='ocr_carea' id='block_1_35' title="bbox 308 2007 1891 2077">
    <p class='ocr_par' dir='ltr' id='par_1_35' title="bbox 308 2007 1891 2077">
     <span class='ocr_line' id='line_1_35' title="bbox 308 2007 1891 2077; baseline 0.001 -16"><span class='ocrx_word' id='word_1_236' title='bbox 308 2017 417 2076; x_wconf 91' lang='lat' dir='ltr'><strong>tur,</strong></span> <span class='ocrx_word' id='word_1_237' title='bbox 447 2007 578 2063; x_wconf 89' lang='lat' dir='ltr'><strong>duas</strong></span> <span class='ocrx_word' id='word_1_238' title='bbox 623 2007 842 2064; x_wconf 82' lang='lat' dir='ltr'><strong>habebit</strong></span> <span class='ocrx_word' id='word_1_239' title='bbox 868 2007 1231 2075; x_wconf 72' lang='lat' dir='ltr'><strong>differentias,</strong></span> <span class='ocrx_word' id='word_1_240' title='bbox 1261 2022 1381 2077; x_wconf 63' lang='lat' dir='ltr'><strong>qua</strong></span> <span class='ocrx_word' id='word_1_241' title='bbox 1411 2007 1697 2063; x_wconf 85' lang='lat' dir='ltr'><strong>vincuntur</strong></span> <span class='ocrx_word' id='word_1_242' title='bbox 1718 2021 1748 2061; x_wconf 88' lang='lat' dir='ltr'><strong>a</strong></span> <span class='ocrx_word' id='word_1_243' title='bbox 1782 2007 1891 2076; x_wconf 88' lang='lat' dir='ltr'><strong>pri-</strong></span> 
     </span>
    </p>
   </div>
   <div class='ocr_carea' id='block_1_36' title="bbox 307 2099 1886 2171">
    <p class='ocr_par' dir='ltr' id='par_1_36' title="bbox 307 2099 1886 2171">
     <span class='ocr_line' id='line_1_36' title="bbox 307 2099 1886 2171; baseline 0 -17"><span class='ocrx_word' id='word_1_244' title='bbox 307 2100 413 2155; x_wconf 84' lang='lat' dir='ltr'><strong>mis</strong></span> <span class='ocrx_word' id='word_1_245' title='bbox 457 2112 687 2171; x_wconf 84' lang='lat' dir='ltr'><strong>quatuor</strong></span> <span class='ocrx_word' id='word_1_246' title='bbox 716 2100 1032 2156; x_wconf 70' lang='lat' dir='ltr'><strong>diderentiis</strong></span> <span class='ocrx_word' id='word_1_247' title='bbox 1074 2099 1314 2165; x_wconf 89' lang='lat' dir='ltr'><strong>duabus;</strong></span> <span class='ocrx_word' id='word_1_248' title='bbox 1342 2108 1531 2169; x_wconf 89' lang='lat' dir='ltr'><strong>quarta</strong></span> <span class='ocrx_word' id='word_1_249' title='bbox 1581 2113 1708 2154; x_wconf 91' lang='lat' dir='ltr'><strong>vero</strong></span> <span class='ocrx_word' id='word_1_250' title='bbox 1728 2099 1771 2154; x_wconf 88' lang='lat' dir='ltr'><strong>si</strong></span> <span class='ocrx_word' id='word_1_251' title='bbox 1801 2113 1886 2154; x_wconf 62' lang='lat' dir='ltr'><strong>suo</strong></span> 
     </span>
    </p>
   </div>
   <div class='ocr_carea' id='block_1_37' title="bbox 306 2192 1888 2263">
    <p class='ocr_par' dir='ltr' id='par_1_37' title="bbox 306 2192 1888 2263">
     <span class='ocr_line' id='line_1_37' title="bbox 306 2192 1888 2263; baseline -0.001 -16"><span class='ocrx_word' id='word_1_252' title='bbox 306 2201 483 2248; x_wconf 87' lang='lat' dir='ltr'><strong>matur</strong></span> <span class='ocrx_word' id='word_1_253' title='bbox 510 2209 668 2249; x_wconf 91' lang='lat' dir='ltr'><strong>unam</strong></span> <span class='ocrx_word' id='word_1_254' title='bbox 712 2193 929 2249; x_wconf 83' lang='lat' dir='ltr'><strong>habebit</strong></span> <span class='ocrx_word' id='word_1_255' title='bbox 961 2192 1361 2257; x_wconf 73' lang='lat' dir='ltr'><strong>differentiam,</strong></span> <span class='ocrx_word' id='word_1_256' title='bbox 1403 2208 1525 2263; x_wconf 69' lang='lat' dir='ltr'><strong>qum</strong></span> <span class='ocrx_word' id='word_1_257' title='bbox 1581 2192 1813 2247; x_wconf 85' lang='lat' dir='ltr'><strong>vincitur</strong></span> <span class='ocrx_word' id='word_1_258' title='bbox 1858 2206 1888 2245; x_wconf 86' lang='lat' dir='ltr'><strong>a</strong></span> 
     </span>
    </p>
   </div>
   <div class='ocr_carea' id='block_1_38' title="bbox 307 2284 1881 2359">
    <p class='ocr_par' dir='ltr' id='par_1_38' title="bbox 307 2284 1881 2359">
     <span class='ocr_line' id='line_1_38' title="bbox 307 2284 1881 2359; baseline -0.002 -17"><span class='ocrx_word' id='word_1_259' title='bbox 307 2288 493 2359; x_wconf 85' lang='lat' dir='ltr'><strong>primis</strong></span> <span class='ocrx_word' id='word_1_260' title='bbox 510 2296 742 2356; x_wconf 85' lang='lat' dir='ltr'><strong>quatuor</strong></span> <span class='ocrx_word' id='word_1_261' title='bbox 768 2284 1085 2341; x_wconf 81' lang='lat' dir='ltr'><strong>dill‘erentiis</strong></span> <span class='ocrx_word' id='word_1_262' title='bbox 1117 2284 1313 2348; x_wconf 87' lang='lat' dir='ltr'><strong>tribus;</strong></span> <span class='ocrx_word' id='word_1_263' title='bbox 1345 2285 1530 2354; x_wconf 89' lang='lat' dir='ltr'><strong>quinta</strong></span> <span class='ocrx_word' id='word_1_264' title='bbox 1554 2299 1714 2351; x_wconf 86' lang='lat' dir='ltr'><strong>vero,</strong></span> <span class='ocrx_word' id='word_1_265' title='bbox 1742 2298 1881 2354; x_wconf 89' lang='lat' dir='ltr'><strong>quo-</strong></span> 
     </span>
    </p>
   </div>
   <div class='ocr_carea' id='block_1_39' title="bbox 308 2375 1889 2444">
    <p class='ocr_par' dir='ltr' id='par_1_39' title="bbox 308 2375 1889 2444">
     <span class='ocr_line' id='line_1_39' title="bbox 308 2375 1889 2444; baseline -0.002 -11"><span class='ocrx_word' id='word_1_266' title='bbox 308 2382 453 2434; x_wconf 83' lang='lat' dir='ltr'><strong>niam</strong></span> <span class='ocrx_word' id='word_1_267' title='bbox 500 2380 700 2435; x_wconf 86' lang='lat' dir='ltr'><strong>nullam</strong></span> <span class='ocrx_word' id='word_1_268' title='bbox 752 2377 970 2434; x_wconf 83' lang='lat' dir='ltr'><strong>habebit</strong></span> <span class='ocrx_word' id='word_1_269' title='bbox 1008 2379 1231 2433; x_wconf 89' lang='lat' dir='ltr'><strong>omnino</strong></span> <span class='ocrx_word' id='word_1_270' title='bbox 1277 2375 1631 2433; x_wconf 71' lang='lat' dir='ltr'><strong>diderentiam</strong></span> <span class='ocrx_word' id='word_1_271' title='bbox 1672 2390 1889 2444; x_wconf 87' lang='lat' dir='ltr'><strong>novam,</strong></span> 
     </span>
    </p>
   </div>
   <div class='ocr_carea' id='block_1_40' title="bbox 308 2467 1891 2541">
    <p class='ocr_par' dir='ltr' id='par_1_40' title="bbox 308 2467 1891 2541">
     <span class='ocr_line' id='line_1_40' title="bbox 308 2467 1891 2541; baseline -0.002 -16"><span class='ocrx_word' id='word_1_272' title='bbox 308 2471 438 2526; x_wconf 89' lang='lat' dir='ltr'><strong>totis</strong></span> <span class='ocrx_word' id='word_1_273' title='bbox 464 2472 691 2541; x_wconf 75' lang='lat' dir='ltr'><strong>quatitur</strong></span> <span class='ocrx_word' id='word_1_274' title='bbox 719 2484 749 2523; x_wconf 90' lang='lat' dir='ltr'><strong>a</strong></span> <span class='ocrx_word' id='word_1_275' title='bbox 781 2469 968 2539; x_wconf 86' lang='lat' dir='ltr'><strong>primis</strong></span> <span class='ocrx_word' id='word_1_276' title='bbox 1011 2467 1335 2524; x_wconf 69' lang='lat' dir='ltr'><strong>dill‘erentiis</strong></span> <span class='ocrx_word' id='word_1_277' title='bbox 1363 2476 1651 2537; x_wconf 81' lang='lat' dir='ltr'><strong>superatur</strong></span> <span class='ocrx_word' id='word_1_278' title='bbox 1674 2506 1691 2534; x_wconf 86' lang='lat'><strong>,</strong></span> <span class='ocrx_word' id='word_1_279' title='bbox 1730 2477 1891 2539; x_wconf 88' lang='lat' dir='ltr'><strong>atque</strong></span> 
     </span>
    </p>
   </div>
   <div class='ocr_carea' id='block_1_41' title="bbox 312 2559 1891 2641">
    <p class='ocr_par' dir='ltr' id='par_1_41' title="bbox 312 2559 1891 2641">
     <span class='ocr_line' id='line_1_41' title="bbox 312 2559 1891 2641; baseline 0 -27"><span class='ocrx_word' id='word_1_280' title='bbox 312 2564 416 2616; x_wconf 85' lang='lat' dir='ltr'><strong>hoc</strong></span> <span class='ocrx_word' id='word_1_281' title='bbox 460 2576 807 2618; x_wconf 87' lang='lat' dir='ltr'><strong>numerorum</strong></span> <span class='ocrx_word' id='word_1_282' title='bbox 848 2560 1015 2631; x_wconf 86' lang='lat' dir='ltr'><strong>gradu</strong></span> <span class='ocrx_word' id='word_1_283' title='bbox 1044 2560 1260 2631; x_wconf 80' lang='lat' dir='ltr'><strong>quidem</strong></span> <span class='ocrx_word' id='word_1_284' title='bbox 1302 2564 1489 2631; x_wconf 82' lang='lat' dir='ltr'><strong>usque</strong></span> <span class='ocrx_word' id='word_1_285' title='bbox 1519 2560 1589 2615; x_wconf 82' lang='lat' dir='ltr'><strong>ad</strong></span> <span class='ocrx_word' id='word_1_286' title='bbox 1615 2559 1891 2641; x_wconf 81' lang='lat' dir='ltr'><strong>denarium</strong></span> 
     </span>
    </p>
   </div>
   <div class='ocr_carea' id='block_1_42' title="bbox 310 2652 1893 2723">
    <p class='ocr_par' dir='ltr' id='par_1_42' title="bbox 310 2652 1893 2723">
     <span class='ocr_line' id='line_1_42' title="bbox 310 2652 1893 2723; baseline 0 -14"><span class='ocrx_word' id='word_1_287' title='bbox 310 2669 590 2709; x_wconf 85' lang='lat' dir='ltr'><strong>numerum</strong></span> <span class='ocrx_word' id='word_1_288' title='bbox 620 2653 890 2719; x_wconf 87' lang='lat' dir='ltr'><strong>tenditur,</strong></span> <span class='ocrx_word' id='word_1_289' title='bbox 929 2663 1181 2723; x_wconf 86' lang='lat' dir='ltr'><strong>quatuor,</strong></span> <span class='ocrx_word' id='word_1_290' title='bbox 1210 2666 1344 2721; x_wconf 87' lang='lat' dir='ltr'><strong>tres,</strong></span> <span class='ocrx_word' id='word_1_291' title='bbox 1370 2652 1512 2721; x_wconf 58' lang='lat' dir='ltr'><strong>duae,</strong></span> <span class='ocrx_word' id='word_1_292' title='bbox 1549 2669 1691 2709; x_wconf 89' lang='lat' dir='ltr'><strong>una:</strong></span> <span class='ocrx_word' id='word_1_293' title='bbox 1717 2663 1775 2708; x_wconf 90' lang='lat' dir='ltr'><strong>ut</strong></span> <span class='ocrx_word' id='word_1_294' title='bbox 1800 2668 1893 2723; x_wconf 86' lang='lat' dir='ltr'><strong>ge-</strong></span> 
     </span>
    </p>
   </div>
   <div class='ocr_carea' id='block_1_43' title="bbox 308 2744 1895 2818">
    <p class='ocr_par' dir='ltr' id='par_1_43' title="bbox 308 2744 1895 2818">
     <span class='ocr_line' id='line_1_43' title="bbox 308 2744 1895 2818; baseline -0.002 -16"><span class='ocrx_word' id='word_1_295' title='bbox 308 2749 457 2803; x_wconf 87' lang='lat' dir='ltr'><strong>neris</strong></span> <span class='ocrx_word' id='word_1_296' title='bbox 480 2747 696 2818; x_wconf 85' lang='lat' dir='ltr'><strong>quidem</strong></span> <span class='ocrx_word' id='word_1_297' title='bbox 735 2755 986 2816; x_wconf 87' lang='lat' dir='ltr'><strong>quatuor,</strong></span> <span class='ocrx_word' id='word_1_298' title='bbox 1018 2744 1337 2801; x_wconf 75' lang='lat' dir='ltr'><strong>dill&#39;erentite</strong></span> <span class='ocrx_word' id='word_1_299' title='bbox 1380 2760 1512 2802; x_wconf 83' lang='lat' dir='ltr'><strong>vero</strong></span> <span class='ocrx_word' id='word_1_300' title='bbox 1542 2753 1672 2811; x_wconf 90' lang='lat' dir='ltr'><strong>tres,</strong></span> <span class='ocrx_word' id='word_1_301' title='bbox 1695 2745 1895 2814; x_wconf 87' lang='lat' dir='ltr'><strong>speciei</strong></span> 
     </span>
    </p>
   </div>
   <div class='ocr_carea' id='block_1_44' title="bbox 305 2836 1895 2909">
    <p class='ocr_par' dir='ltr' id='par_1_44' title="bbox 305 2836 1895 2909">
     <span class='ocr_line' id='line_1_44' title="bbox 305 2836 1895 2909; baseline -0.002 -14"><span class='ocrx_word' id='word_1_302' title='bbox 305 2840 451 2902; x_wconf 73' lang='lat' dir='ltr'><strong>dote,</strong></span> <span class='ocrx_word' id='word_1_303' title='bbox 475 2838 675 2909; x_wconf 85' lang='lat' dir='ltr'><strong>proprii</strong></span> <span class='ocrx_word' id='word_1_304' title='bbox 696 2853 822 2904; x_wconf 91' lang='lat' dir='ltr'><strong>una,</strong></span> <span class='ocrx_word' id='word_1_305' title='bbox 841 2837 1135 2892; x_wconf 88' lang='lat' dir='ltr'><strong>accidentis</strong></span> <span class='ocrx_word' id='word_1_306' title='bbox 1162 2836 1314 2891; x_wconf 89' lang='lat' dir='ltr'><strong>nulla</strong></span> <span class='ocrx_word' id='word_1_307' title='bbox 1339 2837 1432 2892; x_wconf 86' lang='lat' dir='ltr'><strong>sit.</strong></span> <span class='ocrx_word' id='word_1_308' title='bbox 1463 2836 1660 2892; x_wconf 83' lang='lat' dir='ltr'><strong>Primae</strong></span> <span class='ocrx_word' id='word_1_309' title='bbox 1680 2838 1895 2907; x_wconf 88' lang='lat' dir='ltr'><strong>generis</strong></span> 
     </span>
    </p>
   </div>
   <div class='ocr_carea' id='block_1_45' title="bbox 307 2929 1897 3002">
    <p class='ocr_par' dir='ltr' id='par_1_45' title="bbox 307 2929 1897 3002">
     <span class='ocr_line' id='line_1_45' title="bbox 307 2929 1897 3002; baseline -0.003 -14"><span class='ocrx_word' id='word_1_310' title='bbox 307 2932 526 3002; x_wconf 88' lang='lat' dir='ltr'><strong>quidem</strong></span> <span class='ocrx_word' id='word_1_311' title='bbox 551 2932 979 3001; x_wconf 81' lang='lat' dir='ltr'><strong>comparationes</strong></span> <span class='ocrx_word' id='word_1_312' title='bbox 1004 2941 1234 3001; x_wconf 82' lang='lat' dir='ltr'><strong>quatuor</strong></span> <span class='ocrx_word' id='word_1_313' title='bbox 1255 2944 1420 2986; x_wconf 87' lang='lat' dir='ltr'><strong>novas</strong></span> <span class='ocrx_word' id='word_1_314' title='bbox 1438 2939 1623 2986; x_wconf 87' lang='lat' dir='ltr'><strong>tenent</strong></span> <span class='ocrx_word' id='word_1_315' title='bbox 1639 2929 1897 2985; x_wconf 71' lang='lat' dir='ltr'><strong>dideren-</strong></span> 
     </span>
    </p>
   </div>
   <div class='ocr_carea' id='block_1_46' title="bbox 308 3020 1895 3093">
    <p class='ocr_par' dir='ltr' id='par_1_46' title="bbox 308 3020 1895 3093">
     <span class='ocr_line' id='line_1_46' title="bbox 308 3020 1895 3093; baseline -0.001 -14"><span class='ocrx_word' id='word_1_316' title='bbox 308 3025 444 3079; x_wconf 88' lang='lat' dir='ltr'><strong>tias:</strong></span> <span class='ocrx_word' id='word_1_317' title='bbox 483 3022 730 3080; x_wconf 63' lang='lat' dir='ltr'><strong>secundae</strong></span> <span class='ocrx_word' id='word_1_318' title='bbox 770 3038 901 3079; x_wconf 91' lang='lat' dir='ltr'><strong>vero</strong></span> <span class='ocrx_word' id='word_1_319' title='bbox 943 3020 1262 3079; x_wconf 68' lang='lat' dir='ltr'><strong>ditior-entia:</strong></span> <span class='ocrx_word' id='word_1_320' title='bbox 1298 3024 1737 3093; x_wconf 87' lang='lat' dir='ltr'><strong>comparationes</strong></span> <span class='ocrx_word' id='word_1_321' title='bbox 1787 3033 1895 3078; x_wconf 86' lang='lat' dir='ltr'><strong>tres</strong></span> 
     </span>
    </p>
   </div>
   <div class='ocr_carea' id='block_1_47' title="bbox 308 3114 1891 3183">
    <p class='ocr_par' dir='ltr' id='par_1_47' title="bbox 308 3114 1891 3183">
     <span class='ocr_line' id='line_1_47' title="bbox 308 3114 1891 3183; baseline 0.001 -14"><span class='ocrx_word' id='word_1_322' title='bbox 308 3129 477 3171; x_wconf 81' lang='lat' dir='ltr'><strong>novas</strong></span> <span class='ocrx_word' id='word_1_323' title='bbox 500 3123 708 3171; x_wconf 74' lang='lat' dir='ltr'><strong>tenent:</strong></span> <span class='ocrx_word' id='word_1_324' title='bbox 741 3131 843 3170; x_wconf 88' lang='lat' dir='ltr'><strong>una</strong></span> <span class='ocrx_word' id='word_1_325' title='bbox 874 3114 1018 3170; x_wconf 89' lang='lat' dir='ltr'><strong>enim</strong></span> <span class='ocrx_word' id='word_1_326' title='bbox 1039 3116 1290 3183; x_wconf 89' lang='lat' dir='ltr'><strong>superius</strong></span> <span class='ocrx_word' id='word_1_327' title='bbox 1316 3124 1630 3171; x_wconf 88' lang='lat' dir='ltr'><strong>enmnerata</strong></span> <span class='ocrx_word' id='word_1_328' title='bbox 1651 3124 1754 3181; x_wconf 89' lang='lat' dir='ltr'><strong>est,</strong></span> <span class='ocrx_word' id='word_1_329' title='bbox 1781 3116 1891 3170; x_wconf 84' lang='lat' dir='ltr'><strong>vin-</strong></span> 
     </span>
    </p>
   </div>
   <div class='ocr_carea' id='block_1_48' title="bbox 306 3209 1892 3278">
    <p class='ocr_par' dir='ltr' id='par_1_48' title="bbox 306 3209 1892 3278">
     <span class='ocr_line' id='line_1_48' title="bbox 306 3209 1892 3278; baseline 0.002 -14"><span class='ocrx_word' id='word_1_330' title='bbox 306 3210 452 3264; x_wconf 87' lang='lat' dir='ltr'><strong>citur</strong></span> <span class='ocrx_word' id='word_1_331' title='bbox 478 3218 654 3265; x_wconf 89' lang='lat' dir='ltr'><strong>autem</strong></span> <span class='ocrx_word' id='word_1_332' title='bbox 680 3225 709 3263; x_wconf 90' lang='lat' dir='ltr'><strong>a</strong></span> <span class='ocrx_word' id='word_1_333' title='bbox 739 3209 932 3277; x_wconf 85' lang='lat' dir='ltr'><strong>primis</strong></span> <span class='ocrx_word' id='word_1_334' title='bbox 981 3220 1212 3278; x_wconf 87' lang='lat' dir='ltr'><strong>quatuor</strong></span> <span class='ocrx_word' id='word_1_335' title='bbox 1248 3212 1403 3266; x_wconf 88' lang='lat' dir='ltr'><strong>novis</strong></span> <span class='ocrx_word' id='word_1_336' title='bbox 1434 3210 1750 3267; x_wconf 73' lang='lat' dir='ltr'><strong>diderentiis</strong></span> <span class='ocrx_word' id='word_1_337' title='bbox 1788 3227 1892 3267; x_wconf 87' lang='lat' dir='ltr'><strong>una</strong></span> 
     </span>
    </p>
   </div>
   <div class='ocr_carea' id='block_1_49' title="bbox 312 3275 1968 3371">
    <p class='ocr_par' dir='ltr' id='par_1_49' title="bbox 312 3275 1968 3371">
     <span class='ocr_line' id='line_1_49' title="bbox 312 3275 1968 3371; baseline 0.004 -17"><span class='ocrx_word' id='word_1_338' title='bbox 312 3308 553 3367; x_wconf 87' lang='lat' dir='ltr'><strong>tantum;</strong></span> <span class='ocrx_word' id='word_1_339' title='bbox 581 3275 777 3371; x_wconf 78' lang='lat' dir='ltr'><strong>speciei</strong></span> <span class='ocrx_word' id='word_1_340' title='bbox 811 3317 938 3356; x_wconf 85' lang='lat' dir='ltr'><strong>vero</strong></span> <span class='ocrx_word' id='word_1_341' title='bbox 977 3275 1133 3356; x_wconf 81' lang='lat' dir='ltr'><strong>tertia</strong></span> <span class='ocrx_word' id='word_1_342' title='bbox 1163 3305 1498 3371; x_wconf 82' lang='lat' dir='ltr'><strong>comparatio</strong></span> <span class='ocrx_word' id='word_1_343' title='bbox 1528 3302 1663 3358; x_wconf 83' lang='lat' dir='ltr'><strong>duas</strong></span> <span class='ocrx_word' id='word_1_344' title='bbox 1686 3313 1890 3359; x_wconf 80' lang='lat' dir='ltr'><strong>tantum</strong></span> <span class='ocrx_word' id='word_1_345' title='bbox 1918 3275 1968 3343; x_wconf 68' lang='grc' dir='ltr'>ο</span> 
     </span>
    </p>
   </div>
   <div class='ocr_carea' id='block_1_50' title="bbox 311 3392 1896 3464">
    <p class='ocr_par' dir='ltr' id='par_1_50' title="bbox 311 3392 1896 3464">
     <span class='ocr_line' id='line_1_50' title="bbox 311 3392 1896 3464; baseline 0.004 -17"><span class='ocrx_word' id='word_1_346' title='bbox 311 3392 474 3449; x_wconf 81' lang='lat' dir='ltr'><strong>habet</strong></span> <span class='ocrx_word' id='word_1_347' title='bbox 502 3393 831 3449; x_wconf 86' lang='lat' dir='ltr'><strong>dill‘erentias</strong></span> <span class='ocrx_word' id='word_1_348' title='bbox 861 3408 1049 3459; x_wconf 89' lang='lat' dir='ltr'><strong>novas,</strong></span> <span class='ocrx_word' id='word_1_349' title='bbox 1083 3392 1218 3449; x_wconf 90' lang='lat' dir='ltr'><strong>duas</strong></span> <span class='ocrx_word' id='word_1_350' title='bbox 1257 3396 1455 3464; x_wconf 81' lang='lat' dir='ltr'><strong>quippe</strong></span> <span class='ocrx_word' id='word_1_351' title='bbox 1483 3396 1734 3464; x_wconf 84' lang='lat' dir='ltr'><strong>superius</strong></span> <span class='ocrx_word' id='word_1_352' title='bbox 1762 3412 1896 3453; x_wconf 89' lang='lat' dir='ltr'><strong>eno-</strong></span> 
     </span>
    </p>
   </div>
   <div class='ocr_carea' id='block_1_51' title="bbox 312 3485 1894 3558">
    <p class='ocr_par' dir='ltr' id='par_1_51' title="bbox 312 3485 1894 3558">
     <span class='ocr_line' id='line_1_51' title="bbox 312 3485 1894 3558; baseline 0.005 -21"><span class='ocrx_word' id='word_1_353' title='bbox 312 3493 548 3540; x_wconf 88' lang='lat' dir='ltr'><strong>meratas</strong></span> <span class='ocrx_word' id='word_1_354' title='bbox 592 3485 996 3555; x_wconf 73' lang='lat' dir='ltr'><strong>cognoscimus,</strong></span> <span class='ocrx_word' id='word_1_355' title='bbox 1025 3494 1079 3539; x_wconf 90' lang='lat' dir='ltr'><strong>et</strong></span> <span class='ocrx_word' id='word_1_356' title='bbox 1124 3487 1349 3542; x_wconf 83' lang='lat' dir='ltr'><strong>vincitur</strong></span> <span class='ocrx_word' id='word_1_357' title='bbox 1379 3503 1410 3541; x_wconf 89' lang='lat' dir='ltr'><strong>a</strong></span> <span class='ocrx_word' id='word_1_358' title='bbox 1449 3498 1681 3557; x_wconf 81' lang='lat' dir='ltr'><strong>quatuor</strong></span> <span class='ocrx_word' id='word_1_359' title='bbox 1705 3491 1894 3558; x_wconf 88' lang='lat' dir='ltr'><strong>primis</strong></span> 
     </span>
    </p>
   </div>
   <div class='ocr_carea' id='block_1_52' title="bbox 309 3574 1896 3649">
    <p class='ocr_par' dir='ltr' id='par_1_52' title="bbox 309 3574 1896 3649">
     <span class='ocr_line' id='line_1_52' title="bbox 309 3574 1896 3649; baseline 0.004 -20"><span class='ocrx_word' id='word_1_360' title='bbox 309 3574 520 3632; x_wconf 89' lang='lat' dir='ltr'><strong>duabus</strong></span> <span class='ocrx_word' id='word_1_361' title='bbox 569 3586 777 3632; x_wconf 90' lang='lat' dir='ltr'><strong>tantum</strong></span> <span class='ocrx_word' id='word_1_362' title='bbox 827 3575 1151 3632; x_wconf 84' lang='lat' dir='ltr'><strong>dill‘erentiis</strong></span> <span class='ocrx_word' id='word_1_363' title='bbox 1199 3578 1381 3644; x_wconf 87' lang='lat' dir='ltr'><strong>novis;</strong></span> <span class='ocrx_word' id='word_1_364' title='bbox 1441 3582 1713 3649; x_wconf 84' lang='lat' dir='ltr'><strong>proprium</strong></span> <span class='ocrx_word' id='word_1_365' title='bbox 1766 3596 1896 3637; x_wconf 86' lang='lat' dir='ltr'><strong>vero</strong></span> 
     </span>
    </p>
   </div>
   <div class='ocr_carea' id='block_1_53' title="bbox 314 3669 1897 3740">
    <p class='ocr_par' dir='ltr' id='par_1_53' title="bbox 314 3669 1897 3740">
     <span class='ocr_line' id='line_1_53' title="bbox 314 3669 1897 3740; baseline 0.001 -15"><span class='ocrx_word' id='word_1_366' title='bbox 314 3685 474 3725; x_wconf 88' lang='lat' dir='ltr'><strong>unam</strong></span> <span class='ocrx_word' id='word_1_367' title='bbox 504 3680 708 3726; x_wconf 89' lang='lat' dir='ltr'><strong>tantum</strong></span> <span class='ocrx_word' id='word_1_368' title='bbox 735 3669 931 3727; x_wconf 87' lang='lat' dir='ltr'><strong>retinet</strong></span> <span class='ocrx_word' id='word_1_369' title='bbox 954 3685 1168 3736; x_wconf 76' lang='lat' dir='ltr'><strong>novmn,</strong></span> <span class='ocrx_word' id='word_1_370' title='bbox 1199 3670 1452 3740; x_wconf 89' lang='lat' dir='ltr'><strong>quoniam</strong></span> <span class='ocrx_word' id='word_1_371' title='bbox 1486 3680 1596 3728; x_wconf 89' lang='lat' dir='ltr'><strong>tres</strong></span> <span class='ocrx_word' id='word_1_372' title='bbox 1627 3673 1786 3729; x_wconf 85' lang='lat' dir='ltr'><strong>habet</strong></span> <span class='ocrx_word' id='word_1_373' title='bbox 1809 3688 1897 3727; x_wconf 88' lang='lat' dir='ltr'><strong>su-</strong></span> 
     </span>
    </p>
   </div>
   <div class='ocr_carea' id='block_1_54' title="bbox 309 3762 1893 3836">
    <p class='ocr_par' dir='ltr' id='par_1_54' title="bbox 309 3762 1893 3836">
     <span class='ocr_line' id='line_1_54' title="bbox 309 3762 1893 3836; baseline 0 -15"><span class='ocrx_word' id='word_1_374' title='bbox 309 3765 492 3836; x_wconf 88' lang='lat' dir='ltr'><strong>perius</strong></span> <span class='ocrx_word' id='word_1_375' title='bbox 512 3772 879 3830; x_wconf 78' lang='lat' dir='ltr'><strong>enumeratos,</strong></span> <span class='ocrx_word' id='word_1_376' title='bbox 905 3763 1244 3833; x_wconf 84' lang='lat' dir='ltr'><strong>vinciturque</strong></span> <span class='ocrx_word' id='word_1_377' title='bbox 1265 3777 1296 3816; x_wconf 87' lang='lat' dir='ltr'><strong>a</strong></span> <span class='ocrx_word' id='word_1_378' title='bbox 1318 3762 1509 3833; x_wconf 87' lang='lat' dir='ltr'><strong>prima,</strong></span> <span class='ocrx_word' id='word_1_379' title='bbox 1537 3764 1691 3818; x_wconf 84' lang='lat' dir='ltr'><strong>novis</strong></span> <span class='ocrx_word' id='word_1_380' title='bbox 1720 3766 1893 3821; x_wconf 84' lang='lat' dir='ltr'><strong>tribus</strong></span> 
     </span>
    </p>
   </div>
   <div class='ocr_carea' id='block_1_55' title="bbox 308 3854 1890 3926">
    <p class='ocr_par' dir='ltr' id='par_1_55' title="bbox 308 3854 1890 3926">
     <span class='ocr_line' id='line_1_55' title="bbox 308 3854 1890 3926; baseline -0.001 -12"><span class='ocrx_word' id='word_1_381' title='bbox 308 3856 661 3921; x_wconf 72' lang='lat' dir='ltr'><strong>diderentiis;</strong></span> <span class='ocrx_word' id='word_1_382' title='bbox 710 3856 880 3926; x_wconf 90' lang='lat' dir='ltr'><strong>quinti</strong></span> <span class='ocrx_word' id='word_1_383' title='bbox 928 3869 1060 3910; x_wconf 81' lang='lat' dir='ltr'><strong>vero</strong></span> <span class='ocrx_word' id='word_1_384' title='bbox 1103 3854 1399 3909; x_wconf 88' lang='lat' dir='ltr'><strong>accidentis</strong></span> <span class='ocrx_word' id='word_1_385' title='bbox 1434 3856 1890 3926; x_wconf 87' lang='lat' dir='ltr'><strong>comparationes,</strong></span> 
     </span>
    </p>
   </div>
   <div class='ocr_carea' id='block_1_56' title="bbox 307 3944 1919 4019">
    <p class='ocr_par' dir='ltr' id='par_1_56' title="bbox 307 3944 1919 4019">
     <span class='ocr_line' id='line_1_56' title="bbox 307 3944 1919 4019; baseline -0.001 -16"><span class='ocrx_word' id='word_1_386' title='bbox 307 3946 565 4019; x_wconf 88' lang='lat' dir='ltr'><strong>quoniam</strong></span> <span class='ocrx_word' id='word_1_387' title='bbox 593 3948 793 4003; x_wconf 90' lang='lat' dir='ltr'><strong>nnllam</strong></span> <span class='ocrx_word' id='word_1_388' title='bbox 842 3945 1078 4002; x_wconf 89' lang='lat' dir='ltr'><strong>retinent</strong></span> <span class='ocrx_word' id='word_1_389' title='bbox 1117 3959 1309 4001; x_wconf 89' lang='lat' dir='ltr'><strong>novam</strong></span> <span class='ocrx_word' id='word_1_390' title='bbox 1336 3944 1694 4003; x_wconf 81' lang='lat' dir='ltr'><strong>dill&#39;erentiam</strong></span> <span class='ocrx_word' id='word_1_391' title='bbox 1717 3987 1735 4014; x_wconf 89' lang='lat'><strong>,</strong></span> <span class='ocrx_word' id='word_1_392' title='bbox 1767 3949 1919 4003; x_wconf 88' lang='lat' dir='ltr'><strong>totis-</strong></span> 
     </span>
    </p>
   </div>
   <div class='ocr_carea' id='block_1_57' title="bbox 309 4036 1895 4112">
    <p class='ocr_par' dir='ltr' id='par_1_57' title="bbox 309 4036 1895 4112">
     <span class='ocr_line' id='line_1_57' title="bbox 309 4036 1895 4112; baseline -0.001 -17"><span class='ocrx_word' id='word_1_393' title='bbox 309 4050 543 4112; x_wconf 90' lang='lat' dir='ltr'><strong>quatuor</strong></span> <span class='ocrx_word' id='word_1_394' title='bbox 586 4054 617 4095; x_wconf 87' lang='lat' dir='ltr'><strong>a</strong></span> <span class='ocrx_word' id='word_1_395' title='bbox 654 4040 843 4111; x_wconf 88' lang='lat' dir='ltr'><strong>primis</strong></span> <span class='ocrx_word' id='word_1_396' title='bbox 870 4037 1085 4108; x_wconf 76' lang='lat' dir='ltr'><strong>generis</strong></span> <span class='ocrx_word' id='word_1_397' title='bbox 1118 4036 1591 4095; x_wconf 88' lang='lat' dir='ltr'><strong>transcenduntur.</strong></span> <span class='ocrx_word' id='word_1_398' title='bbox 1624 4038 1798 4108; x_wconf 83' lang='lat' dir='ltr'><strong>Atque</strong></span> <span class='ocrx_word' id='word_1_399' title='bbox 1827 4038 1895 4093; x_wconf 90' lang='lat' dir='ltr'><strong>ad</strong></span> 
     </span>
    </p>
   </div>
   <div class='ocr_carea' id='block_1_58' title="bbox 310 4129 1896 4200">
    <p class='ocr_par' dir='ltr' id='par_1_58' title="bbox 310 4129 1896 4200">
     <span class='ocr_line' id='line_1_58' title="bbox 310 4129 1896 4200; baseline -0.002 -12"><span class='ocrx_word' id='word_1_400' title='bbox 310 4132 461 4188; x_wconf 83' lang='lat' dir='ltr'><strong>hunc</strong></span> <span class='ocrx_word' id='word_1_401' title='bbox 488 4132 702 4188; x_wconf 90' lang='lat' dir='ltr'><strong>modum</strong></span> <span class='ocrx_word' id='word_1_402' title='bbox 724 4146 795 4187; x_wconf 79' lang='lat' dir='ltr'><strong>ea</strong></span> <span class='ocrx_word' id='word_1_403' title='bbox 822 4132 1005 4200; x_wconf 87' lang='lat' dir='ltr'><strong>viginti</strong></span> <span class='ocrx_word' id='word_1_404' title='bbox 1030 4129 1351 4185; x_wconf 78' lang='lat' dir='ltr'><strong>dillerentiis</strong></span> <span class='ocrx_word' id='word_1_405' title='bbox 1386 4130 1680 4185; x_wconf 89' lang='lat' dir='ltr'><strong>secundum</strong></span> <span class='ocrx_word' id='word_1_406' title='bbox 1708 4145 1896 4185; x_wconf 87' lang='lat' dir='ltr'><strong>nume—</strong></span> 
     </span>
    </p>
   </div>
   <div class='ocr_carea' id='block_1_59' title="bbox 306 4220 1897 4280">
    <p class='ocr_par' dir='ltr' id='par_1_59' title="bbox 306 4220 1897 4280">
     <span class='ocr_line' id='line_1_59' title="bbox 306 4220 1897 4280; baseline -0.002 -1"><span class='ocrx_word' id='word_1_407' title='bbox 306 4238 434 4279; x_wconf 88' lang='lat' dir='ltr'><strong>rum</strong></span> <span class='ocrx_word' id='word_1_408' title='bbox 475 4224 660 4280; x_wconf 90' lang='lat' dir='ltr'><strong>decem</strong></span> <span class='ocrx_word' id='word_1_409' title='bbox 708 4222 1004 4278; x_wconf 90' lang='lat' dir='ltr'><strong>secundum</strong></span> <span class='ocrx_word' id='word_1_410' title='bbox 1053 4220 1541 4277; x_wconf 87' lang='lat' dir='ltr'><strong>dissimilitudinem</strong></span> <span class='ocrx_word' id='word_1_411' title='bbox 1570 4222 1897 4277; x_wconf 87' lang='lat' dir='ltr'><strong>contrahun-</strong></span> 
     </span>
    </p>
   </div>
   <div class='ocr_carea' id='block_1_60' title="bbox 308 4313 1897 4384">
    <p class='ocr_par' dir='ltr' id='par_1_60' title="bbox 308 4313 1897 4384">
     <span class='ocr_line' id='line_1_60' title="bbox 308 4313 1897 4384; baseline -0.003 -12"><span class='ocrx_word' id='word_1_412' title='bbox 308 4326 435 4384; x_wconf 87' lang='lat' dir='ltr'><strong>tur,</strong></span> <span class='ocrx_word' id='word_1_413' title='bbox 467 4326 525 4371; x_wconf 91' lang='lat' dir='ltr'><strong>ut</strong></span> <span class='ocrx_word' id='word_1_414' title='bbox 552 4327 729 4372; x_wconf 77' lang='lat' dir='ltr'><strong>tamen</strong></span> <span class='ocrx_word' id='word_1_415' title='bbox 758 4315 854 4369; x_wconf 89' lang='lat' dir='ltr'><strong>bas</strong></span> <span class='ocrx_word' id='word_1_416' title='bbox 880 4313 1178 4371; x_wconf 90' lang='lat' dir='ltr'><strong>secundum</strong></span> <span class='ocrx_word' id='word_1_417' title='bbox 1206 4313 1694 4369; x_wconf 80' lang='lat' dir='ltr'><strong>dissimilitudinem</strong></span> <span class='ocrx_word' id='word_1_418' title='bbox 1742 4313 1897 4369; x_wconf 84' lang='lat' dir='ltr'><strong>dill&#39;e-</strong></span> 
     </span>
    </p>
   </div>
   <div class='ocr_carea' id='block_1_61' title="bbox 306 4407 1893 4477">
    <p class='ocr_par' dir='ltr' id='par_1_61' title="bbox 306 4407 1893 4477">
     <span class='ocr_line' id='line_1_61' title="bbox 306 4407 1893 4477; baseline -0.003 -14"><span class='ocrx_word' id='word_1_419' title='bbox 306 4408 516 4463; x_wconf 88' lang='lat' dir='ltr'><strong>rentias</strong></span> <span class='ocrx_word' id='word_1_420' title='bbox 544 4421 650 4461; x_wconf 89' lang='lat' dir='ltr'><strong>non</strong></span> <span class='ocrx_word' id='word_1_421' title='bbox 697 4408 748 4461; x_wconf 94' lang='lat' dir='ltr'><strong>in</strong></span> <span class='ocrx_word' id='word_1_422' title='bbox 800 4407 1047 4477; x_wconf 87' lang='lat' dir='ltr'><strong>quinario</strong></span> <span class='ocrx_word' id='word_1_423' title='bbox 1079 4415 1279 4461; x_wconf 88' lang='lat' dir='ltr'><strong>tantum</strong></span> <span class='ocrx_word' id='word_1_424' title='bbox 1308 4420 1534 4461; x_wconf 91' lang='lat' dir='ltr'><strong>numero</strong></span> <span class='ocrx_word' id='word_1_425' title='bbox 1556 4445 1572 4471; x_wconf 91' lang='lat'><strong>,</strong></span> <span class='ocrx_word' id='word_1_426' title='bbox 1619 4421 1803 4460; x_wconf 90' lang='lat' dir='ltr'><strong>verum</strong></span> <span class='ocrx_word' id='word_1_427' title='bbox 1839 4407 1893 4459; x_wconf 91' lang='lat' dir='ltr'><strong>in</strong></span> 
     </span>
    </p>
   </div>
   <div class='ocr_carea' id='block_1_62' title="bbox 304 4495 1893 4568">
    <p class='ocr_par' dir='ltr' id='par_1_62' title="bbox 304 4495 1893 4568">
     <span class='ocr_line' id='line_1_62' title="bbox 304 4495 1893 4568; baseline -0.001 -15"><span class='ocrx_word' id='word_1_428' title='bbox 304 4498 523 4554; x_wconf 82' lang='lat' dir='ltr'><strong>caeteris</strong></span> <span class='ocrx_word' id='word_1_429' title='bbox 553 4511 763 4568; x_wconf 88' lang='lat' dir='ltr'><strong>quoque</strong></span> <span class='ocrx_word' id='word_1_430' title='bbox 792 4505 944 4552; x_wconf 91' lang='lat' dir='ltr'><strong>notas</strong></span> <span class='ocrx_word' id='word_1_431' title='bbox 989 4496 1190 4553; x_wconf 84' lang='lat' dir='ltr'><strong>habere</strong></span> <span class='ocrx_word' id='word_1_432' title='bbox 1219 4497 1519 4565; x_wconf 90' lang='lat' dir='ltr'><strong>possimus,</strong></span> <span class='ocrx_word' id='word_1_433' title='bbox 1562 4495 1776 4551; x_wconf 87' lang='lat' dir='ltr'><strong>dabitur</strong></span> <span class='ocrx_word' id='word_1_434' title='bbox 1804 4510 1893 4551; x_wconf 88' lang='lat' dir='ltr'><strong>re-</strong></span> 
     </span>
    </p>
   </div>
   <div class='ocr_carea' id='block_1_63' title="bbox 303 4591 1896 4663">
    <p class='ocr_par' dir='ltr' id='par_1_63' title="bbox 303 4591 1896 4663">
     <span class='ocr_line' id='line_1_63' title="bbox 303 4591 1896 4663; baseline -0.001 -16"><span class='ocrx_word' id='word_1_435' title='bbox 303 4594 436 4663; x_wconf 71' lang='lat' dir='ltr'><strong>guia</strong></span> <span class='ocrx_word' id='word_1_436' title='bbox 473 4592 630 4658; x_wconf 84' lang='lat' dir='ltr'><strong>talis,</strong></span> <span class='ocrx_word' id='word_1_437' title='bbox 664 4607 783 4663; x_wconf 84' lang='lat' dir='ltr'><strong>quae</strong></span> <span class='ocrx_word' id='word_1_438' title='bbox 811 4592 1019 4660; x_wconf 88' lang='lat' dir='ltr'><strong>plenam</strong></span> <span class='ocrx_word' id='word_1_439' title='bbox 1051 4592 1473 4649; x_wconf 80' lang='lat' dir='ltr'><strong>diﬂ‘erentiarum</strong></span> <span class='ocrx_word' id='word_1_440' title='bbox 1504 4591 1896 4648; x_wconf 80' lang='lat' dir='ltr'><strong>dissimilitudi-</strong></span> 
     </span>
    </p>
   </div>
   <div class='ocr_carea' id='block_1_64' title="bbox 306 4682 1895 4755">
    <p class='ocr_par' dir='ltr' id='par_1_64' title="bbox 306 4682 1895 4755">
     <span class='ocr_line' id='line_1_64' title="bbox 306 4682 1895 4755; baseline -0.001 -16"><span class='ocrx_word' id='word_1_441' title='bbox 306 4699 439 4739; x_wconf 88' lang='lat' dir='ltr'><strong>nem</strong></span> <span class='ocrx_word' id='word_1_442' title='bbox 470 4684 524 4738; x_wconf 92' lang='lat' dir='ltr'><strong>in</strong></span> <span class='ocrx_word' id='word_1_443' title='bbox 549 4683 789 4753; x_wconf 91' lang='lat' dir='ltr'><strong>qualibet</strong></span> <span class='ocrx_word' id='word_1_444' title='bbox 812 4685 1018 4739; x_wconf 90' lang='lat' dir='ltr'><strong>numeri</strong></span> <span class='ocrx_word' id='word_1_445' title='bbox 1037 4684 1345 4755; x_wconf 85' lang='lat' dir='ltr'><strong>pluralitate</strong></span> <span class='ocrx_word' id='word_1_446' title='bbox 1368 4685 1620 4753; x_wconf 89' lang='lat' dir='ltr'><strong>reperiat.</strong></span> <span class='ocrx_word' id='word_1_447' title='bbox 1650 4682 1895 4755; x_wconf 87' lang='lat' dir='ltr'><strong>Proposi-</strong></span> 
     </span>
    </p>
   </div>
   <div class='ocr_carea' id='block_1_65' title="bbox 307 4775 1896 4846">
    <p class='ocr_par' dir='ltr' id='par_1_65' title="bbox 307 4775 1896 4846">
     <span class='ocr_line' id='line_1_65' title="bbox 307 4775 1896 4846; baseline 0.003 -17"><span class='ocrx_word' id='word_1_448' title='bbox 307 4786 487 4829; x_wconf 88' lang='lat' dir='ltr'><strong>tarnm</strong></span> <span class='ocrx_word' id='word_1_449' title='bbox 508 4775 649 4831; x_wconf 90' lang='lat' dir='ltr'><strong>enim</strong></span> <span class='ocrx_word' id='word_1_450' title='bbox 672 4790 896 4831; x_wconf 88' lang='lat' dir='ltr'><strong>numero</strong></span> <span class='ocrx_word' id='word_1_451' title='bbox 918 4790 1097 4832; x_wconf 87' lang='lat' dir='ltr'><strong>rerum</strong></span> <span class='ocrx_word' id='word_1_452' title='bbox 1123 4778 1167 4832; x_wconf 90' lang='lat' dir='ltr'><strong>si</strong></span> <span class='ocrx_word' id='word_1_453' title='bbox 1200 4791 1363 4831; x_wconf 89' lang='lat' dir='ltr'><strong>unum</strong></span> <span class='ocrx_word' id='word_1_454' title='bbox 1394 4775 1715 4846; x_wconf 89' lang='lat' dir='ltr'><strong>dempseris,</strong></span> <span class='ocrx_word' id='word_1_455' title='bbox 1735 4788 1896 4846; x_wconf 89' lang='lat' dir='ltr'><strong>atque</strong></span> 
     </span>
    </p>
   </div>
   <div class='ocr_carea' id='block_1_66' title="bbox 306 4868 1892 4949">
    <p class='ocr_par' dir='ltr' id='par_1_66' title="bbox 306 4868 1892 4949">
     <span class='ocr_line' id='line_1_66' title="bbox 306 4868 1892 4949; baseline 0.003 -24"><span class='ocrx_word' id='word_1_456' title='bbox 306 4868 367 4925; x_wconf 92' lang='lat' dir='ltr'><strong>id</strong></span> <span class='ocrx_word' id='word_1_457' title='bbox 398 4869 538 4938; x_wconf 88' lang='lat' dir='ltr'><strong>quod</strong></span> <span class='ocrx_word' id='word_1_458' title='bbox 575 4869 794 4940; x_wconf 90' lang='lat' dir='ltr'><strong>dempto</strong></span> <span class='ocrx_word' id='word_1_459' title='bbox 819 4885 927 4925; x_wconf 91' lang='lat' dir='ltr'><strong>uno</strong></span> <span class='ocrx_word' id='word_1_460' title='bbox 970 4870 1305 4949; x_wconf 79' lang='lat' dir='ltr'><strong>relinquitur,</strong></span> <span class='ocrx_word' id='word_1_461' title='bbox 1353 4872 1404 4925; x_wconf 91' lang='lat' dir='ltr'><strong>in</strong></span> <span class='ocrx_word' id='word_1_462' title='bbox 1436 4880 1601 4925; x_wconf 88' lang='lat' dir='ltr'><strong>totam</strong></span> <span class='ocrx_word' id='word_1_463' title='bbox 1628 4887 1892 4929; x_wconf 88' lang='lat' dir='ltr'><strong>summam</strong></span> 
     </span>
    </p>
   </div>
   <div class='ocr_carea' id='block_1_67' title="bbox 307 4962 1899 5035">
    <p class='ocr_par' dir='ltr' id='par_1_67' title="bbox 307 4962 1899 5035">
     <span class='ocr_line' id='line_1_67' title="bbox 307 4962 1899 5035; baseline 0.002 -18"><span class='ocrx_word' id='word_1_464' title='bbox 307 4962 523 5017; x_wconf 83' lang='lat' dir='ltr'><strong>numeri</strong></span> <span class='ocrx_word' id='word_1_465' title='bbox 549 4962 988 5033; x_wconf 89' lang='lat' dir='ltr'><strong>multiplicaveris</strong></span> <span class='ocrx_word' id='word_1_466' title='bbox 1009 5003 1027 5032; x_wconf 94' lang='lat'><strong>,</strong></span> <span class='ocrx_word' id='word_1_467' title='bbox 1050 4962 1328 5019; x_wconf 89' lang='lat' dir='ltr'><strong>dimidium</strong></span> <span class='ocrx_word' id='word_1_468' title='bbox 1354 4963 1473 5033; x_wconf 86' lang='lat' dir='ltr'><strong>ejus</strong></span> <span class='ocrx_word' id='word_1_469' title='bbox 1496 4965 1639 5035; x_wconf 91' lang='lat' dir='ltr'><strong>quod</strong></span> <span class='ocrx_word' id='word_1_470' title='bbox 1667 4980 1735 5021; x_wconf 83' lang='lat' dir='ltr'><strong>ex</strong></span> <span class='ocrx_word' id='word_1_471' title='bbox 1759 4966 1899 5022; x_wconf 91' lang='lat' dir='ltr'><strong>mul-</strong></span> 
     </span>
    </p>
   </div>
   <div class='ocr_carea' id='block_1_68' title="bbox 310 5048 1900 5131">
    <p class='ocr_par' dir='ltr' id='par_1_68' title="bbox 310 5048 1900 5131">
     <span class='ocr_line' id='line_1_68' title="bbox 310 5048 1900 5131; baseline 0.004 -25"><span class='ocrx_word' id='word_1_472' title='bbox 310 5053 645 5122; x_wconf 87' lang='lat' dir='ltr'><strong>tiplicatione</strong></span> <span class='ocrx_word' id='word_1_473' title='bbox 698 5048 896 5112; x_wconf 77' lang='lat' dir='ltr'><strong>factum</strong></span> <span class='ocrx_word' id='word_1_474' title='bbox 946 5068 1069 5123; x_wconf 89' lang='lat' dir='ltr'><strong>est,</strong></span> <span class='ocrx_word' id='word_1_475' title='bbox 1122 5057 1471 5131; x_wconf 69' lang='lat' dir='ltr'><strong>coaaqualiter</strong></span> <span class='ocrx_word' id='word_1_476' title='bbox 1510 5056 1561 5114; x_wconf 90' lang='lat' dir='ltr'><strong>ei</strong></span> <span class='ocrx_word' id='word_1_477' title='bbox 1609 5058 1900 5126; x_wconf 89' lang='lat' dir='ltr'><strong>pluralitati</strong></span> 
     </span>
    </p>
   </div>
   <div class='ocr_carea' id='block_1_69' title="bbox 304 5149 1896 5219">
    <p class='ocr_par' dir='ltr' id='par_1_69' title="bbox 304 5149 1896 5219">
     <span class='ocr_line' id='line_1_69' title="bbox 304 5149 1896 5219; baseline 0.005 -21"><span class='ocrx_word' id='word_1_478' title='bbox 304 5160 477 5216; x_wconf 83' lang='lat' dir='ltr'><strong>quam</strong></span> <span class='ocrx_word' id='word_1_479' title='bbox 508 5149 896 5219; x_wconf 89' lang='lat' dir='ltr'><strong>propositarum</strong></span> <span class='ocrx_word' id='word_1_480' title='bbox 941 5165 1121 5206; x_wconf 91' lang='lat' dir='ltr'><strong>rerum</strong></span> <span class='ocrx_word' id='word_1_481' title='bbox 1166 5151 1482 5208; x_wconf 71' lang='lat' dir='ltr'><strong>dili‘erentia-</strong></span> <span class='ocrx_word' id='word_1_482' title='bbox 1526 5152 1896 5206; x_wconf 87' lang='lat' dir='ltr'><strong>continebant.</strong></span> 
     </span>
    </p>
   </div>
   <div class='ocr_carea' id='block_1_70' title="bbox 302 5241 1900 5314">
    <p class='ocr_par' dir='ltr' id='par_1_70' title="bbox 302 5241 1900 5314">
     <span class='ocr_line' id='line_1_70' title="bbox 302 5241 1900 5314; baseline 0.003 -19"><span class='ocrx_word' id='word_1_483' title='bbox 302 5241 436 5295; x_wconf 78' lang='lat' dir='ltr'><strong>Sint</strong></span> <span class='ocrx_word' id='word_1_484' title='bbox 462 5254 591 5310; x_wconf 88' lang='lat' dir='ltr'><strong>ergo</strong></span> <span class='ocrx_word' id='word_1_485' title='bbox 621 5256 705 5298; x_wconf 90' lang='lat' dir='ltr'><strong>res</strong></span> <span class='ocrx_word' id='word_1_486' title='bbox 745 5253 1004 5314; x_wconf 88' lang='lat' dir='ltr'><strong>quatuor,</strong></span> <span class='ocrx_word' id='word_1_487' title='bbox 1033 5261 1085 5313; x_wconf 91' lang='lat' dir='ltr'><strong>a,</strong></span> <span class='ocrx_word' id='word_1_488' title='bbox 1121 5244 1171 5310; x_wconf 88' lang='lat' dir='ltr'><strong>b,</strong></span> <span class='ocrx_word' id='word_1_489' title='bbox 1202 5262 1248 5310; x_wconf 92' lang='lat' dir='ltr'><strong>c,</strong></span> <span class='ocrx_word' id='word_1_490' title='bbox 1281 5247 1348 5310; x_wconf 87' lang='lat' dir='ltr'><strong>d;</strong></span> <span class='ocrx_word' id='word_1_491' title='bbox 1388 5247 1471 5300; x_wconf 91' lang='lat' dir='ltr'><strong>his</strong></span> <span class='ocrx_word' id='word_1_492' title='bbox 1500 5245 1687 5299; x_wconf 77' lang='lat' dir='ltr'><strong>aufero</strong></span> <span class='ocrx_word' id='word_1_493' title='bbox 1716 5259 1900 5312; x_wconf 88' lang='lat' dir='ltr'><strong>unam,</strong></span> 
     </span>
    </p>
   </div>
   <div class='ocr_carea' id='block_1_71' title="bbox 303 5332 1909 5407">
    <p class='ocr_par' dir='ltr' id='par_1_71' title="bbox 303 5332 1909 5407">
     <span class='ocr_line' id='line_1_71' title="bbox 303 5332 1909 5407; baseline 0.004 -21"><span class='ocrx_word' id='word_1_494' title='bbox 303 5332 449 5386; x_wconf 72' lang='lat' dir='ltr'><strong>fiunt</strong></span> <span class='ocrx_word' id='word_1_495' title='bbox 476 5341 618 5401; x_wconf 86' lang='lat' dir='ltr'><strong>tres;</strong></span> <span class='ocrx_word' id='word_1_496' title='bbox 651 5333 747 5390; x_wconf 90' lang='lat' dir='ltr'><strong>bas</strong></span> <span class='ocrx_word' id='word_1_497' title='bbox 778 5334 937 5403; x_wconf 86' lang='lat' dir='ltr'><strong>igitur</strong></span> <span class='ocrx_word' id='word_1_498' title='bbox 960 5351 1054 5405; x_wconf 90' lang='lat' dir='ltr'><strong>per</strong></span> <span class='ocrx_word' id='word_1_499' title='bbox 1076 5345 1240 5391; x_wconf 89' lang='lat' dir='ltr'><strong>totam</strong></span> <span class='ocrx_word' id='word_1_500' title='bbox 1265 5351 1531 5391; x_wconf 87' lang='lat' dir='ltr'><strong>summam</strong></span> <span class='ocrx_word' id='word_1_501' title='bbox 1554 5347 1745 5407; x_wconf 88' lang='lat' dir='ltr'><strong>quater</strong></span> <span class='ocrx_word' id='word_1_502' title='bbox 1765 5337 1909 5392; x_wconf 75' lang='lat' dir='ltr'><strong>mul-&#39;</strong></span> 
     </span>
    </p>
   </div>
   <div class='ocr_carea' id='block_1_72' title="bbox 302 5423 1898 5497">
    <p class='ocr_par' dir='ltr' id='par_1_72' title="bbox 302 5423 1898 5497">
     <span class='ocr_line' id='line_1_72' title="bbox 302 5423 1898 5497; baseline 0.004 -21"><span class='ocrx_word' id='word_1_503' title='bbox 302 5423 531 5493; x_wconf 88' lang='lat' dir='ltr'><strong>tiplico,</strong></span> <span class='ocrx_word' id='word_1_504' title='bbox 573 5423 703 5479; x_wconf 77' lang='lat' dir='ltr'><strong>(ient</strong></span> <span class='ocrx_word' id='word_1_505' title='bbox 748 5425 1062 5492; x_wconf 83' lang='lat' dir='ltr'><strong>duodecim;</strong></span> <span class='ocrx_word' id='word_1_506' title='bbox 1096 5428 1280 5482; x_wconf 84' lang='lat' dir='ltr'><strong>Itornm</strong></span> <span class='ocrx_word' id='word_1_507' title='bbox 1312 5426 1359 5482; x_wconf 87' lang='lat' dir='ltr'><strong>si</strong></span> <span class='ocrx_word' id='word_1_508' title='bbox 1400 5428 1676 5483; x_wconf 89' lang='lat' dir='ltr'><strong>dimidium</strong></span> <span class='ocrx_word' id='word_1_509' title='bbox 1721 5437 1898 5497; x_wconf 88' lang='lat' dir='ltr'><strong>teneo,</strong></span> 
     </span>
    </p>
   </div>
   <div class='ocr_carea' id='block_1_73' title="bbox 300 5518 1903 5589">
    <p class='ocr_par' dir='ltr' id='par_1_73' title="bbox 300 5518 1903 5589">
     <span class='ocr_line' id='line_1_73' title="bbox 300 5518 1903 5589; baseline 0.002 -18"><span class='ocrx_word' id='word_1_510' title='bbox 300 5530 407 5571; x_wconf 81' lang='lat' dir='ltr'><strong>ses</strong></span> <span class='ocrx_word' id='word_1_511' title='bbox 436 5526 615 5571; x_wconf 89' lang='lat' dir='ltr'><strong>erunt.</strong></span> <span class='ocrx_word' id='word_1_512' title='bbox 647 5518 748 5574; x_wconf 89' lang='lat' dir='ltr'><strong>Tot</strong></span> <span class='ocrx_word' id='word_1_513' title='bbox 772 5531 931 5575; x_wconf 93' lang='lat' dir='ltr'><strong>erunt</strong></span> <span class='ocrx_word' id='word_1_514' title='bbox 961 5520 1121 5589; x_wconf 82' lang='lat' dir='ltr'><strong>igitur</strong></span> <span class='ocrx_word' id='word_1_515' title='bbox 1148 5518 1463 5574; x_wconf 70' lang='lat' dir='ltr'><strong>diderentia:</strong></span> <span class='ocrx_word' id='word_1_516' title='bbox 1482 5519 1621 5574; x_wconf 89' lang='lat' dir='ltr'><strong>inter</strong></span> <span class='ocrx_word' id='word_1_517' title='bbox 1652 5533 1715 5575; x_wconf 91' lang='lat' dir='ltr'><strong>se</strong></span> <span class='ocrx_word' id='word_1_518' title='bbox 1742 5520 1903 5574; x_wconf 90' lang='lat' dir='ltr'><strong>rebus</strong></span> 
     </span>
    </p>
   </div>
   <div class='ocr_carea' id='block_1_74' title="bbox 303 5610 1906 5684">
    <p class='ocr_par' dir='ltr' id='par_1_74' title="bbox 303 5610 1906 5684">
     <span class='ocr_line' id='line_1_74' title="bbox 303 5610 1906 5684; baseline 0.001 -20"><span class='ocrx_word' id='word_1_519' title='bbox 303 5618 543 5681; x_wconf 85' lang='lat' dir='ltr'><strong>quatuor</strong></span> <span class='ocrx_word' id='word_1_520' title='bbox 571 5613 915 5681; x_wconf 87' lang='lat' dir='ltr'><strong>comparatis,</strong></span> <span class='ocrx_word' id='word_1_521' title='bbox 948 5628 982 5667; x_wconf 89' lang='lat' dir='ltr'><strong>a</strong></span> <span class='ocrx_word' id='word_1_522' title='bbox 1002 5611 1202 5684; x_wconf 87' lang='lat' dir='ltr'><strong>quippe</strong></span> <span class='ocrx_word' id='word_1_523' title='bbox 1232 5610 1298 5669; x_wconf 86' lang='lat' dir='ltr'><strong>ad</strong></span> <span class='ocrx_word' id='word_1_524' title='bbox 1330 5614 1359 5665; x_wconf 90' lang='lat' dir='ltr'><strong>b</strong></span> <span class='ocrx_word' id='word_1_525' title='bbox 1382 5620 1489 5666; x_wconf 90' lang='lat' dir='ltr'><strong>etc</strong></span> <span class='ocrx_word' id='word_1_526' title='bbox 1512 5618 1566 5666; x_wconf 88' lang='lat' dir='ltr'><strong>et</strong></span> <span class='ocrx_word' id='word_1_527' title='bbox 1584 5612 1618 5664; x_wconf 81' lang='grc' dir='ltr'>ά</span> <span class='ocrx_word' id='word_1_528' title='bbox 1643 5619 1754 5668; x_wconf 90' lang='lat' dir='ltr'><strong>tres</strong></span> <span class='ocrx_word' id='word_1_529' title='bbox 1776 5611 1906 5667; x_wconf 88' lang='lat' dir='ltr'><strong>reti-</strong></span> 
     </span>
    </p>
   </div>
   <div class='ocr_carea' id='block_1_75' title="bbox 307 5700 1904 5771">
    <p class='ocr_par' dir='ltr' id='par_1_75' title="bbox 307 5700 1904 5771">
     <span class='ocr_line' id='line_1_75' title="bbox 307 5700 1904 5771; baseline -0.001 -13"><span class='ocrx_word' id='word_1_530' title='bbox 307 5712 407 5759; x_wconf 86' lang='lat' dir='ltr'><strong>net</strong></span> <span class='ocrx_word' id='word_1_531' title='bbox 448 5700 798 5760; x_wconf 77' lang='lat' dir='ltr'><strong>dili‘erentias.</strong></span> <span class='ocrx_word' id='word_1_532' title='bbox 841 5704 1045 5763; x_wconf 82' lang='lat' dir='ltr'><strong>Rursus</strong></span> <span class='ocrx_word' id='word_1_533' title='bbox 1085 5704 1113 5758; x_wconf 91' lang='lat' dir='ltr'><strong>b</strong></span> <span class='ocrx_word' id='word_1_534' title='bbox 1138 5703 1204 5759; x_wconf 88' lang='lat' dir='ltr'><strong>ad</strong></span> <span class='ocrx_word' id='word_1_535' title='bbox 1236 5720 1263 5757; x_wconf 91' lang='lat' dir='ltr'><strong>c</strong></span> <span class='ocrx_word' id='word_1_536' title='bbox 1286 5714 1341 5759; x_wconf 91' lang='lat' dir='ltr'><strong>et</strong></span> <span class='ocrx_word' id='word_1_537' title='bbox 1365 5703 1399 5757; x_wconf 90' lang='lat' dir='ltr'><strong>d</strong></span> <span class='ocrx_word' id='word_1_538' title='bbox 1431 5702 1589 5771; x_wconf 89' lang='lat' dir='ltr'><strong>duas,</strong></span> <span class='ocrx_word' id='word_1_539' title='bbox 1619 5719 1646 5757; x_wconf 89' lang='lat' dir='ltr'><strong>c</strong></span> <span class='ocrx_word' id='word_1_540' title='bbox 1667 5717 1796 5758; x_wconf 79' lang='lat' dir='ltr'><strong>vero</strong></span> <span class='ocrx_word' id='word_1_541' title='bbox 1835 5703 1904 5758; x_wconf 88' lang='lat' dir='ltr'><strong>ad</strong></span> 
     </span>
    </p>
   </div>
   <div class='ocr_carea' id='block_1_76' title="bbox 306 5793 1899 5869">
    <p class='ocr_par' dir='ltr' id='par_1_76' title="bbox 306 5793 1899 5869">
     <span class='ocr_line' id='line_1_76' title="bbox 306 5793 1899 5869; baseline 0.001 -20"><span class='ocrx_word' id='word_1_542' title='bbox 306 5793 347 5850; x_wconf 89' lang='lat' dir='ltr'><strong>d</strong></span> <span class='ocrx_word' id='word_1_543' title='bbox 380 5807 564 5864; x_wconf 87' lang='lat' dir='ltr'><strong>unam,</strong></span> <span class='ocrx_word' id='word_1_544' title='bbox 607 5794 946 5869; x_wconf 65' lang='lat' dir='ltr'><strong>quiejunctm</strong></span> <span class='ocrx_word' id='word_1_545' title='bbox 974 5798 1240 5854; x_wconf 88' lang='lat' dir='ltr'><strong>senarium</strong></span> <span class='ocrx_word' id='word_1_546' title='bbox 1270 5810 1554 5853; x_wconf 90' lang='lat' dir='ltr'><strong>numerum</strong></span> <span class='ocrx_word' id='word_1_547' title='bbox 1589 5795 1899 5865; x_wconf 87' lang='lat' dir='ltr'><strong>complent:</strong></span> 
     </span>
    </p>
   </div>
   <div class='ocr_carea' id='block_1_77' title="bbox 1921 4644 1978 4709">
    <p class='ocr_par' dir='ltr' id='par_1_77' title="bbox 1921 4644 1978 4709">
     <span class='ocr_line' id='line_1_77' title="bbox 1921 4644 1978 4709; baseline 0 0"><span class='ocrx_word' id='word_1_548' title='bbox 1921 4644 1978 4709; x_wconf 91' lang='lat' dir='ltr'><strong>D</strong></span> 
     </span>
    </p>
   </div>
   <div class='ocr_carea' id='block_1_78' title="bbox 1995 2017 3579 2091">
    <p class='ocr_par' dir='ltr' id='par_1_78' title="bbox 1995 2017 3579 2091">
     <span class='ocr_line' id='line_1_78' title="bbox 1995 2017 3579 2091; baseline -0.004 -13"><span class='ocrx_word' id='word_1_549' title='bbox 1995 2023 2119 2078; x_wconf 87' lang='lat' dir='ltr'><strong>liter</strong></span> <span class='ocrx_word' id='word_1_550' title='bbox 2144 2021 2545 2091; x_wconf 83' lang='lat' dir='ltr'><strong>participentur.</strong></span> <span class='ocrx_word' id='word_1_551' title='bbox 2590 2022 2789 2077; x_wconf 86' lang='lat' dir='ltr'><strong>Omnes</strong></span> <span class='ocrx_word' id='word_1_552' title='bbox 2832 2022 2973 2075; x_wconf 89' lang='lat' dir='ltr'><strong>enim</strong></span> <span class='ocrx_word' id='word_1_553' title='bbox 3020 2018 3279 2075; x_wconf 89' lang='lat' dir='ltr'><strong>individui</strong></span> <span class='ocrx_word' id='word_1_554' title='bbox 3325 2017 3579 2073; x_wconf 87' lang='lat' dir='ltr'><strong>mortales</strong></span> 
     </span>
    </p>
   </div>
   <div class='ocr_carea' id='block_1_79' title="bbox 1994 2110 3578 2187">
    <p class='ocr_par' dir='ltr' id='par_1_79' title="bbox 1994 2110 3578 2187">
     <span class='ocr_line' id='line_1_79' title="bbox 1994 2110 3578 2187; baseline -0.004 -15"><span class='ocrx_word' id='word_1_555' title='bbox 1994 2124 2122 2187; x_wconf 78' lang='lat' dir='ltr'><strong>supt</strong></span> <span class='ocrx_word' id='word_1_556' title='bbox 2145 2123 2305 2185; x_wconf 90' lang='lat' dir='ltr'><strong>atque</strong></span> <span class='ocrx_word' id='word_1_557' title='bbox 2331 2115 2618 2170; x_wconf 89' lang='lat' dir='ltr'><strong>rationales</strong></span> <span class='ocrx_word' id='word_1_558' title='bbox 2658 2115 2797 2169; x_wconf 83' lang='lat' dir='ltr'><strong>sicut</strong></span> <span class='ocrx_word' id='word_1_559' title='bbox 2849 2114 3134 2169; x_wconf 87' lang='lat' dir='ltr'><strong>homines:</strong></span> <span class='ocrx_word' id='word_1_560' title='bbox 3189 2127 3310 2167; x_wconf 89' lang='lat' dir='ltr'><strong>nam</strong></span> <span class='ocrx_word' id='word_1_561' title='bbox 3360 2111 3405 2166; x_wconf 88' lang='lat' dir='ltr'><strong>si</strong></span> <span class='ocrx_word' id='word_1_562' title='bbox 3436 2110 3578 2166; x_wconf 90' lang='lat' dir='ltr'><strong>idem</strong></span> 
     </span>
    </p>
   </div>
   <div class='ocr_carea' id='block_1_80' title="bbox 1994 2204 3579 2276">
    <p class='ocr_par' dir='ltr' id='par_1_80' title="bbox 1994 2204 3579 2276">
     <span class='ocr_line' id='line_1_80' title="bbox 1994 2204 3579 2276; baseline -0.003 -13"><span class='ocrx_word' id='word_1_563' title='bbox 1994 2217 2079 2263; x_wconf 86' lang='lat' dir='ltr'><strong>est</strong></span> <span class='ocrx_word' id='word_1_564' title='bbox 2106 2220 2227 2263; x_wconf 87' lang='lat' dir='ltr'><strong>esse</strong></span> <span class='ocrx_word' id='word_1_565' title='bbox 2258 2205 2460 2261; x_wconf 90' lang='lat' dir='ltr'><strong>homini</strong></span> <span class='ocrx_word' id='word_1_566' title='bbox 2488 2207 2630 2276; x_wconf 89' lang='lat' dir='ltr'><strong>quod</strong></span> <span class='ocrx_word' id='word_1_567' title='bbox 2656 2216 2880 2261; x_wconf 84' lang='lat' dir='ltr'><strong>estesse</strong></span> <span class='ocrx_word' id='word_1_568' title='bbox 2908 2204 3187 2270; x_wconf 87' lang='lat' dir='ltr'><strong>rationale,</strong></span> <span class='ocrx_word' id='word_1_569' title='bbox 3230 2218 3358 2261; x_wconf 83' lang='lat' dir='ltr'><strong>cum</strong></span> <span class='ocrx_word' id='word_1_570' title='bbox 3389 2216 3579 2259; x_wconf 85' lang='lat' dir='ltr'><strong>omnes</strong></span> 
     </span>
    </p>
   </div>
   <div class='ocr_carea' id='block_1_81' title="bbox 1995 2294 3578 2367">
    <p class='ocr_par' dir='ltr' id='par_1_81' title="bbox 1995 2294 3578 2367">
     <span class='ocr_line' id='line_1_81' title="bbox 1995 2294 3578 2367; baseline -0.003 -14"><span class='ocrx_word' id='word_1_571' title='bbox 1995 2298 2244 2354; x_wconf 88' lang='lat' dir='ltr'><strong>homines</strong></span> <span class='ocrx_word' id='word_1_572' title='bbox 2285 2314 2438 2367; x_wconf 73' lang='lat' dir='ltr'><strong>reque</strong></span> <span class='ocrx_word' id='word_1_573' title='bbox 2467 2299 2574 2353; x_wconf 89' lang='lat' dir='ltr'><strong>sint</strong></span> <span class='ocrx_word' id='word_1_574' title='bbox 2621 2299 2885 2365; x_wconf 87' lang='lat' dir='ltr'><strong>homines,</strong></span> <span class='ocrx_word' id='word_1_575' title='bbox 2918 2312 3138 2353; x_wconf 89' lang='lat' dir='ltr'><strong>necesse</strong></span> <span class='ocrx_word' id='word_1_576' title='bbox 3161 2306 3242 2353; x_wconf 90' lang='lat' dir='ltr'><strong>est</strong></span> <span class='ocrx_word' id='word_1_577' title='bbox 3272 2304 3330 2350; x_wconf 90' lang='lat' dir='ltr'><strong>ut</strong></span> <span class='ocrx_word' id='word_1_578' title='bbox 3365 2294 3475 2351; x_wconf 87' lang='lat' dir='ltr'><strong>sint</strong></span> <span class='ocrx_word' id='word_1_579' title='bbox 3500 2309 3578 2349; x_wconf 74' lang='lat' dir='ltr'><strong>te—</strong></span> 
     </span>
    </p>
   </div>
   <div class='ocr_carea' id='block_1_82' title="bbox 1995 2384 3578 2461">
    <p class='ocr_par' dir='ltr' id='par_1_82' title="bbox 1995 2384 3578 2461">
     <span class='ocr_line' id='line_1_82' title="bbox 1995 2384 3578 2461; baseline -0.001 -16"><span class='ocrx_word' id='word_1_580' title='bbox 1995 2392 2225 2461; x_wconf 87' lang='lat' dir='ltr'><strong>qualiter</strong></span> <span class='ocrx_word' id='word_1_581' title='bbox 2254 2390 2560 2445; x_wconf 83' lang='lat' dir='ltr'><strong>rationales.</strong></span> <span class='ocrx_word' id='word_1_582' title='bbox 2619 2389 2779 2445; x_wconf 80' lang='lat' dir='ltr'><strong>Aliud</strong></span> <span class='ocrx_word' id='word_1_583' title='bbox 2811 2404 3025 2459; x_wconf 89' lang='lat' dir='ltr'><strong>quoque</strong></span> <span class='ocrx_word' id='word_1_584' title='bbox 3076 2402 3361 2445; x_wconf 89' lang='lat' dir='ltr'><strong>commune</strong></span> <span class='ocrx_word' id='word_1_585' title='bbox 3416 2384 3578 2444; x_wconf 84' lang='lat' dir='ltr'><strong>habet</strong></span> 
     </span>
    </p>
   </div>
   <div class='ocr_carea' id='block_1_83' title="bbox 1994 2476 3599 2552">
    <p class='ocr_par' dir='ltr' id='par_1_83' title="bbox 1994 2476 3599 2552">
     <span class='ocr_line' id='line_1_83' title="bbox 1994 2476 3599 2552; baseline -0.004 -13"><span class='ocrx_word' id='word_1_586' title='bbox 1994 2483 2295 2540; x_wconf 81' lang='lat' dir='ltr'><strong>differentia</strong></span> <span class='ocrx_word' id='word_1_587' title='bbox 2326 2497 2446 2537; x_wconf 89' lang='lat' dir='ltr'><strong>cum</strong></span> <span class='ocrx_word' id='word_1_588' title='bbox 2478 2482 2679 2552; x_wconf 74' lang='lat' dir='ltr'><strong>specie,</strong></span> <span class='ocrx_word' id='word_1_589' title='bbox 2712 2482 2964 2552; x_wconf 90' lang='lat' dir='ltr'><strong>quoniam</strong></span> <span class='ocrx_word' id='word_1_590' title='bbox 3008 2480 3081 2536; x_wconf 88' lang='lat' dir='ltr'><strong>ita</strong></span> <span class='ocrx_word' id='word_1_591' title='bbox 3129 2477 3446 2536; x_wconf 72' lang='lat' dir='ltr'><strong>differentia:</strong></span> <span class='ocrx_word' id='word_1_592' title='bbox 3492 2476 3599 2551; x_wconf 31' lang='lat' dir='ltr'><strong>sui,</strong></span> 
     </span>
    </p>
   </div>
   <div class='ocr_carea' id='block_1_84' title="bbox 1997 2571 3580 2646">
    <p class='ocr_par' dir='ltr' id='par_1_84' title="bbox 1997 2571 3580 2646">
     <span class='ocr_line' id='line_1_84' title="bbox 1997 2571 3580 2646; baseline -0.003 -17"><span class='ocrx_word' id='word_1_593' title='bbox 1997 2574 2369 2646; x_wconf 87' lang='lat' dir='ltr'><strong>partieipantia</strong></span> <span class='ocrx_word' id='word_1_594' title='bbox 2407 2588 2514 2628; x_wconf 92' lang='lat' dir='ltr'><strong>non</strong></span> <span class='ocrx_word' id='word_1_595' title='bbox 2545 2573 2849 2645; x_wconf 90' lang='lat' dir='ltr'><strong>relinquunt</strong></span> <span class='ocrx_word' id='word_1_596' title='bbox 2868 2585 2925 2628; x_wconf 90' lang='lat' dir='ltr'><strong>ut</strong></span> <span class='ocrx_word' id='word_1_597' title='bbox 2950 2572 3179 2642; x_wconf 88' lang='lat' dir='ltr'><strong>species,</strong></span> <span class='ocrx_word' id='word_1_598' title='bbox 3201 2587 3415 2642; x_wconf 88' lang='lat' dir='ltr'><strong>semper</strong></span> <span class='ocrx_word' id='word_1_599' title='bbox 3432 2571 3580 2626; x_wconf 88' lang='lat' dir='ltr'><strong>enim</strong></span> 
     </span>
    </p>
   </div>
   <div class='ocr_carea' id='block_1_85' title="bbox 1997 2661 3579 2733">
    <p class='ocr_par' dir='ltr' id='par_1_85' title="bbox 1997 2661 3579 2733">
     <span class='ocr_line' id='line_1_85' title="bbox 1997 2661 3579 2733; baseline -0.006 -8"><span class='ocrx_word' id='word_1_600' title='bbox 1997 2669 2249 2725; x_wconf 65' lang='lat' dir='ltr'><strong>Socrates</strong></span> <span class='ocrx_word' id='word_1_601' title='bbox 2275 2667 2551 2722; x_wconf 79' lang='lat' dir='ltr'><strong>rationalis</strong></span> <span class='ocrx_word' id='word_1_602' title='bbox 2573 2677 2681 2723; x_wconf 86' lang='lat' dir='ltr'><strong>est.</strong></span> <span class='ocrx_word' id='word_1_603' title='bbox 2705 2665 2957 2721; x_wconf 81' lang='lat' dir='ltr'><strong>Socrates</strong></span> <span class='ocrx_word' id='word_1_604' title='bbox 2978 2666 3122 2721; x_wconf 92' lang='lat' dir='ltr'><strong>enim</strong></span> <span class='ocrx_word' id='word_1_605' title='bbox 3144 2665 3233 2733; x_wconf 92' lang='lat' dir='ltr'><strong>qui</strong></span> <span class='ocrx_word' id='word_1_606' title='bbox 3247 2661 3579 2718; x_wconf 80' lang='lat' dir='ltr'><strong>rationabili-</strong></span> 
     </span>
    </p>
   </div>
   <div class='ocr_carea' id='block_1_86' title="bbox 1998 2752 3577 2829">
    <p class='ocr_par' dir='ltr' id='par_1_86' title="bbox 1998 2752 3577 2829">
     <span class='ocr_line' id='line_1_86' title="bbox 1998 2752 3577 2829; baseline -0.004 -15"><span class='ocrx_word' id='word_1_607' title='bbox 1998 2770 2106 2815; x_wconf 89' lang='lat' dir='ltr'><strong>tate</strong></span> <span class='ocrx_word' id='word_1_608' title='bbox 2138 2759 2436 2829; x_wconf 89' lang='lat' dir='ltr'><strong>participat,</strong></span> <span class='ocrx_word' id='word_1_609' title='bbox 2486 2772 2700 2827; x_wconf 87' lang='lat' dir='ltr'><strong>semper</strong></span> <span class='ocrx_word' id='word_1_610' title='bbox 2746 2757 2908 2811; x_wconf 86' lang='lat' dir='ltr'><strong>homo</strong></span> <span class='ocrx_word' id='word_1_611' title='bbox 2948 2765 3053 2823; x_wconf 90' lang='lat' dir='ltr'><strong>est,</strong></span> <span class='ocrx_word' id='word_1_612' title='bbox 3084 2755 3207 2825; x_wconf 88' lang='lat' dir='ltr'><strong>quia</strong></span> <span class='ocrx_word' id='word_1_613' title='bbox 3245 2753 3448 2810; x_wconf 91' lang='lat' dir='ltr'><strong>scilicet</strong></span> <span class='ocrx_word' id='word_1_614' title='bbox 3477 2752 3577 2807; x_wconf 82' lang='lat' dir='ltr'><strong>hu-</strong></span> 
     </span>
    </p>
   </div>
   <div class='ocr_carea' id='block_1_87' title="bbox 1998 2845 3578 2922">
    <p class='ocr_par' dir='ltr' id='par_1_87' title="bbox 1998 2845 3578 2922">
     <span class='ocr_line' id='line_1_87' title="bbox 1998 2845 3578 2922; baseline -0.006 -13"><span class='ocrx_word' id='word_1_615' title='bbox 1998 2853 2254 2909; x_wconf 86' lang='lat' dir='ltr'><strong>manitate</strong></span> <span class='ocrx_word' id='word_1_616' title='bbox 2285 2851 2567 2922; x_wconf 86' lang='lat' dir='ltr'><strong>participat</strong></span> <span class='ocrx_word' id='word_1_617' title='bbox 2600 2869 2611 2904; x_wconf 92' lang='lat'><strong>:</strong></span> <span class='ocrx_word' id='word_1_618' title='bbox 2647 2861 2704 2905; x_wconf 91' lang='lat' dir='ltr'><strong>ut</strong></span> <span class='ocrx_word' id='word_1_619' title='bbox 2751 2852 2911 2921; x_wconf 90' lang='lat' dir='ltr'><strong>igitur</strong></span> <span class='ocrx_word' id='word_1_620' title='bbox 2941 2848 3262 2905; x_wconf 71' lang='lat' dir='ltr'><strong>dilferentite</strong></span> <span class='ocrx_word' id='word_1_621' title='bbox 3302 2847 3384 2902; x_wconf 92' lang='lat' dir='ltr'><strong>sui</strong></span> <span class='ocrx_word' id='word_1_622' title='bbox 3411 2845 3578 2917; x_wconf 86' lang='lat' dir='ltr'><strong>parti-</strong></span> 
     </span>
    </p>
   </div>
   <div class='ocr_carea' id='block_1_88' title="bbox 1996 2940 3578 3015">
    <p class='ocr_par' dir='ltr' id='par_1_88' title="bbox 1996 2940 3578 3015">
     <span class='ocr_line' id='line_1_88' title="bbox 1996 2940 3578 3015; baseline -0.005 -13"><span class='ocrx_word' id='word_1_623' title='bbox 1996 2947 2227 3015; x_wconf 90' lang='lat' dir='ltr'><strong>cipantia</strong></span> <span class='ocrx_word' id='word_1_624' title='bbox 2255 2960 2360 3000; x_wconf 91' lang='lat' dir='ltr'><strong>non</strong></span> <span class='ocrx_word' id='word_1_625' title='bbox 2406 2944 2737 3014; x_wconf 89' lang='lat' dir='ltr'><strong>relinquunt,</strong></span> <span class='ocrx_word' id='word_1_626' title='bbox 2775 2944 2845 2998; x_wconf 90' lang='lat' dir='ltr'><strong>ita</strong></span> <span class='ocrx_word' id='word_1_627' title='bbox 2895 2940 3104 3011; x_wconf 77' lang='lat' dir='ltr'><strong>Species</strong></span> <span class='ocrx_word' id='word_1_628' title='bbox 3152 2940 3236 2996; x_wconf 88' lang='lat' dir='ltr'><strong>his</strong></span> <span class='ocrx_word' id='word_1_629' title='bbox 3290 2953 3410 3010; x_wconf 64' lang='lat' dir='ltr'><strong>qua</strong></span> <span class='ocrx_word' id='word_1_630' title='bbox 3458 2951 3578 2994; x_wconf 88' lang='lat' dir='ltr'><strong>eam</strong></span> 
     </span>
    </p>
   </div>
   <div class='ocr_carea' id='block_1_89' title="bbox 1998 3035 2963 3107">
    <p class='ocr_par' dir='ltr' id='par_1_89' title="bbox 1998 3035 2963 3107">
     <span class='ocr_line' id='line_1_89' title="bbox 1998 3035 2963 3107; baseline -0.002 -16"><span class='ocrx_word' id='word_1_631' title='bbox 1998 3036 2317 3107; x_wconf 84' lang='lat' dir='ltr'><strong>participant</strong></span> <span class='ocrx_word' id='word_1_632' title='bbox 2344 3050 2557 3105; x_wconf 86' lang='lat' dir='ltr'><strong>semper</strong></span> <span class='ocrx_word' id='word_1_633' title='bbox 2585 3035 2836 3105; x_wconf 85' lang='lat' dir='ltr'><strong>adjuncta</strong></span> <span class='ocrx_word' id='word_1_634' title='bbox 2862 3038 2963 3090; x_wconf 85' lang='lat' dir='ltr'><strong>est.</strong></span> 
     </span>
    </p>
   </div>
   <div class='ocr_carea' id='block_1_90' title="bbox 2068 3121 3579 3197">
    <p class='ocr_par' dir='ltr' id='par_1_90' title="bbox 2068 3121 3579 3197">
     <span class='ocr_line' id='line_1_90' title="bbox 2068 3121 3579 3197; baseline -0.004 -14"><span class='ocrx_word' id='word_1_635' title='bbox 2068 3128 2347 3197; x_wconf 84' lang='lat' dir='ltr'><strong>Proprium</strong></span> <span class='ocrx_word' id='word_1_636' title='bbox 2392 3137 2560 3183; x_wconf 89' lang='lat' dir='ltr'><strong>autem</strong></span> <span class='ocrx_word' id='word_1_637' title='bbox 2576 3136 2648 3184; x_wconf 88' lang='lat' dir='ltr'><strong>est</strong></span> <span class='ocrx_word' id='word_1_638' title='bbox 2679 3126 2980 3193; x_wconf 74' lang='lat' dir='ltr'><strong>differentia:</strong></span> <span class='ocrx_word' id='word_1_639' title='bbox 3021 3125 3225 3197; x_wconf 80' lang='lat' dir='ltr'><strong>quidem</strong></span> <span class='ocrx_word' id='word_1_640' title='bbox 3252 3125 3307 3179; x_wconf 92' lang='lat' dir='ltr'><strong>in</strong></span> <span class='ocrx_word' id='word_1_641' title='bbox 3353 3140 3415 3178; x_wconf 89' lang='lat' dir='ltr'><strong>eo</strong></span> <span class='ocrx_word' id='word_1_642' title='bbox 3441 3121 3579 3196; x_wconf 89' lang='lat' dir='ltr'><strong>quod</strong></span> 
     </span>
    </p>
   </div>
   <div class='ocr_carea' id='block_1_91' title="bbox 1998 3216 3579 3294">
    <p class='ocr_par' dir='ltr' id='par_1_91' title="bbox 1998 3216 3579 3294">
     <span class='ocr_line' id='line_1_91' title="bbox 1998 3216 3579 3294; baseline -0.003 -18"><span class='ocrx_word' id='word_1_643' title='bbox 1998 3224 2148 3294; x_wconf 89' lang='lat' dir='ltr'><strong>quale</strong></span> <span class='ocrx_word' id='word_1_644' title='bbox 2173 3224 2237 3276; x_wconf 86' lang='lat' dir='ltr'><strong>sit</strong></span> <span class='ocrx_word' id='word_1_645' title='bbox 2266 3219 2555 3291; x_wconf 69' lang='lat' dir='ltr'><strong>pradicari,</strong></span> <span class='ocrx_word' id='word_1_646' title='bbox 2581 3220 2762 3291; x_wconf 83' lang='lat' dir='ltr'><strong>speciei</strong></span> <span class='ocrx_word' id='word_1_647' title='bbox 2784 3235 2900 3274; x_wconf 67' lang='lat' dir='ltr'><strong>vero</strong></span> <span class='ocrx_word' id='word_1_648' title='bbox 2931 3220 2987 3273; x_wconf 86' lang='lat' dir='ltr'><strong>in</strong></span> <span class='ocrx_word' id='word_1_649' title='bbox 3037 3234 3096 3273; x_wconf 88' lang='lat' dir='ltr'><strong>eo</strong></span> <span class='ocrx_word' id='word_1_650' title='bbox 3137 3218 3273 3289; x_wconf 87' lang='lat' dir='ltr'><strong>quod</strong></span> <span class='ocrx_word' id='word_1_651' title='bbox 3294 3216 3416 3286; x_wconf 88' lang='lat' dir='ltr'><strong>quid</strong></span> <span class='ocrx_word' id='word_1_652' title='bbox 3459 3224 3532 3270; x_wconf 86' lang='lat' dir='ltr'><strong>est</strong></span> <span class='ocrx_word' id='word_1_653' title='bbox 3560 3229 3579 3271; x_wconf 88' lang='lat'><strong><em>:</em></strong></span> 
     </span>
    </p>
   </div>
   <div class='ocr_carea' id='block_1_92' title="bbox 1997 3311 3580 3382">
    <p class='ocr_par' dir='ltr' id='par_1_92' title="bbox 1997 3311 3580 3382">
     <span class='ocr_line' id='line_1_92' title="bbox 1997 3311 3580 3382; baseline -0.004 -13"><span class='ocrx_word' id='word_1_654' title='bbox 1997 3332 2115 3369; x_wconf 88' lang='lat' dir='ltr'><strong>nam</strong></span> <span class='ocrx_word' id='word_1_655' title='bbox 2138 3323 2185 3367; x_wconf 88' lang='lat' dir='ltr'><strong>et</strong></span> <span class='ocrx_word' id='word_1_656' title='bbox 2212 3314 2255 3367; x_wconf 92' lang='lat' dir='ltr'><strong>si</strong></span> <span class='ocrx_word' id='word_1_657' title='bbox 2277 3312 2430 3367; x_wconf 82' lang='lat' dir='ltr'><strong>homo</strong></span> <span class='ocrx_word' id='word_1_658' title='bbox 2448 3311 2583 3367; x_wconf 78' lang='lat' dir='ltr'><strong>velut</strong></span> <span class='ocrx_word' id='word_1_659' title='bbox 2606 3312 2829 3382; x_wconf 84' lang='lat' dir='ltr'><strong>qualitas</strong></span> <span class='ocrx_word' id='word_1_660' title='bbox 2844 3312 3146 3382; x_wconf 77' lang='lat' dir='ltr'><strong>accipiatur,</strong></span> <span class='ocrx_word' id='word_1_661' title='bbox 3175 3326 3275 3365; x_wconf 86' lang='lat' dir='ltr'><strong>non</strong></span> <span class='ocrx_word' id='word_1_662' title='bbox 3291 3311 3387 3364; x_wconf 91' lang='lat' dir='ltr'><strong>erit</strong></span> <span class='ocrx_word' id='word_1_663' title='bbox 3413 3319 3580 3363; x_wconf 77' lang='lat' dir='ltr'><strong>tamen</strong></span> 
     </span>
    </p>
   </div>
   <div class='ocr_carea' id='block_1_93' title="bbox 1994 3399 3581 3477">
    <p class='ocr_par' dir='ltr' id='par_1_93' title="bbox 1994 3399 3581 3477">
     <span class='ocr_line' id='line_1_93' title="bbox 1994 3399 3581 3477; baseline -0.006 -15"><span class='ocrx_word' id='word_1_664' title='bbox 1994 3407 2291 3477; x_wconf 78' lang='lat' dir='ltr'><strong>simpliciter</strong></span> <span class='ocrx_word' id='word_1_665' title='bbox 2307 3404 2545 3474; x_wconf 75' lang='lat' dir='ltr'><strong>qualitas,</strong></span> <span class='ocrx_word' id='word_1_666' title='bbox 2569 3403 2657 3457; x_wconf 88' lang='lat' dir='ltr'><strong>sed</strong></span> <span class='ocrx_word' id='word_1_667' title='bbox 2683 3403 2959 3456; x_wconf 72' lang='lat' dir='ltr'><strong>secundum</strong></span> <span class='ocrx_word' id='word_1_668' title='bbox 2988 3401 3042 3454; x_wconf 89' lang='lat' dir='ltr'><strong>id</strong></span> <span class='ocrx_word' id='word_1_669' title='bbox 3067 3401 3204 3470; x_wconf 87' lang='lat' dir='ltr'><strong>quod</strong></span> <span class='ocrx_word' id='word_1_670' title='bbox 3227 3399 3397 3471; x_wconf 82' lang='lat' dir='ltr'><strong>generi</strong></span> <span class='ocrx_word' id='word_1_671' title='bbox 3425 3399 3581 3453; x_wconf 54' lang='lat' dir='ltr'><strong>adesa</strong></span> 
     </span>
    </p>
   </div>
   <div class='ocr_carea' id='block_1_94' title="bbox 1996 3488 3580 3563">
    <p class='ocr_par' dir='ltr' id='par_1_94' title="bbox 1996 3488 3580 3563">
     <span class='ocr_line' id='line_1_94' title="bbox 1996 3488 3580 3563; baseline -0.006 -11"><span class='ocrx_word' id='word_1_672' title='bbox 1996 3499 2190 3552; x_wconf 87' lang='lat' dir='ltr'><strong>nientes</strong></span> <span class='ocrx_word' id='word_1_673' title='bbox 2205 3496 2462 3563; x_wconf 74' lang='lat' dir='ltr'><strong>di/ferenti</strong></span> <span class='ocrx_word' id='word_1_674' title='bbox 2480 3510 2594 3550; x_wconf 86' lang='lat' dir='ltr'><strong>eum</strong></span> <span class='ocrx_word' id='word_1_675' title='bbox 2615 3495 3007 3550; x_wconf 85' lang='lat' dir='ltr'><strong>constituerunt.</strong></span> <span class='ocrx_word' id='word_1_676' title='bbox 3055 3492 3309 3561; x_wconf 81' lang='lat' dir='ltr'><strong>Amplius,</strong></span> <span class='ocrx_word' id='word_1_677' title='bbox 3338 3488 3580 3556; x_wconf 75' lang='lat' dir='ltr'><strong>di/Ieren-</strong></span> 
     </span>
    </p>
   </div>
   <div class='ocr_carea' id='block_1_95' title="bbox 1996 3580 3579 3659">
    <p class='ocr_par' dir='ltr' id='par_1_95' title="bbox 1996 3580 3579 3659">
     <span class='ocr_line' id='line_1_95' title="bbox 1996 3580 3579 3659; baseline -0.008 -16"><span class='ocrx_word' id='word_1_678' title='bbox 1996 3592 2067 3644; x_wconf 88' lang='lat' dir='ltr'><strong>tia</strong></span> <span class='ocrx_word' id='word_1_679' title='bbox 2094 3589 2299 3659; x_wconf 82' lang='lat' dir='ltr'><strong>quidem</strong></span> <span class='ocrx_word' id='word_1_680' title='bbox 2355 3602 2491 3656; x_wconf 73' lang='lat' dir='ltr'><strong>saepe</strong></span> <span class='ocrx_word' id='word_1_681' title='bbox 2531 3587 2585 3640; x_wconf 87' lang='lat' dir='ltr'><strong>in</strong></span> <span class='ocrx_word' id='word_1_682' title='bbox 2630 3584 2858 3653; x_wconf 84' lang='lat' dir='ltr'><strong>pluribus</strong></span> <span class='ocrx_word' id='word_1_683' title='bbox 2886 3582 3150 3654; x_wconf 81' lang='lat' dir='ltr'><strong>speciebus</strong></span> <span class='ocrx_word' id='word_1_684' title='bbox 3209 3580 3579 3645; x_wconf 82' lang='lat' dir='ltr'><strong>consideratur,</strong></span> 
     </span>
    </p>
   </div>
   <div class='ocr_carea' id='block_1_96' title="bbox 1996 3669 3583 3751">
    <p class='ocr_par' dir='ltr' id='par_1_96' title="bbox 1996 3669 3583 3751">
     <span class='ocr_line' id='line_1_96' title="bbox 1996 3669 3583 3751; baseline -0.006 -18"><span class='ocrx_word' id='word_1_685' title='bbox 1996 3680 2422 3751; x_wconf 83' lang='lat' dir='ltr'><strong>quemadmodum</strong></span> <span class='ocrx_word' id='word_1_686' title='bbox 2444 3677 2801 3748; x_wconf 83' lang='lat' dir='ltr'><strong>quadrupedes</strong></span> <span class='ocrx_word' id='word_1_687' title='bbox 2816 3677 2870 3730; x_wconf 87' lang='lat' dir='ltr'><strong>in</strong></span> <span class='ocrx_word' id='word_1_688' title='bbox 2892 3673 3123 3745; x_wconf 80' lang='lat' dir='ltr'><strong>pluribus</strong></span> <span class='ocrx_word' id='word_1_689' title='bbox 3146 3669 3449 3726; x_wconf 79' lang='lat' dir='ltr'><strong>animalibus</strong></span> <span class='ocrx_word' id='word_1_690' title='bbox 3473 3684 3583 3739; x_wconf 89' lang='lat' dir='ltr'><strong>spe-</strong></span> 
     </span>
    </p>
   </div>
   <div class='ocr_carea' id='block_1_97' title="bbox 1996 3761 3583 3839">
    <p class='ocr_par' dir='ltr' id='par_1_97' title="bbox 1996 3761 3583 3839">
     <span class='ocr_line' id='line_1_97' title="bbox 1996 3761 3583 3839; baseline -0.009 -13"><span class='ocrx_word' id='word_1_691' title='bbox 1996 3774 2072 3826; x_wconf 85' lang='lat' dir='ltr'><strong>cie</strong></span> <span class='ocrx_word' id='word_1_692' title='bbox 2092 3769 2442 3839; x_wconf 70' lang='lat' dir='ltr'><strong>diﬁ&#39;erentibus</strong></span> <span class='ocrx_word' id='word_1_693' title='bbox 2462 3785 2481 3823; x_wconf 92' lang='lat'><strong><em>:</em></strong></span> <span class='ocrx_word' id='word_1_694' title='bbox 2508 3769 2700 3835; x_wconf 84' lang='lat' dir='ltr'><strong>species</strong></span> <span class='ocrx_word' id='word_1_695' title='bbox 2721 3783 2835 3821; x_wconf 81' lang='lat' dir='ltr'><strong>vero</strong></span> <span class='ocrx_word' id='word_1_696' title='bbox 2861 3767 2914 3819; x_wconf 86' lang='lat' dir='ltr'><strong>in</strong></span> <span class='ocrx_word' id='word_1_697' title='bbox 2949 3763 3072 3820; x_wconf 87' lang='lat' dir='ltr'><strong>solis</strong></span> <span class='ocrx_word' id='word_1_698' title='bbox 3111 3763 3190 3818; x_wconf 85' lang='lat' dir='ltr'><strong>his</strong></span> <span class='ocrx_word' id='word_1_699' title='bbox 3218 3776 3333 3833; x_wconf 75' lang='lat' dir='ltr'><strong>qua:</strong></span> <span class='ocrx_word' id='word_1_700' title='bbox 3356 3761 3447 3815; x_wconf 83' lang='lat' dir='ltr'><strong>sub</strong></span> <span class='ocrx_word' id='word_1_701' title='bbox 3477 3774 3583 3814; x_wconf 85' lang='lat' dir='ltr'><strong>una</strong></span> 
     </span>
    </p>
   </div>
   <div class='ocr_carea' id='block_1_98' title="bbox 1997 3849 3583 3930">
    <p class='ocr_par' dir='ltr' id='par_1_98' title="bbox 1997 3849 3583 3930">
     <span class='ocr_line' id='line_1_98' title="bbox 1997 3849 3583 3930; baseline -0.011 -9"><span class='ocrx_word' id='word_1_702' title='bbox 1997 3862 2163 3930; x_wconf 64' lang='lat' dir='ltr'><strong>Specie</strong></span> <span class='ocrx_word' id='word_1_703' title='bbox 2181 3872 2299 3916; x_wconf 85' lang='lat' dir='ltr'><strong>sunt</strong></span> <span class='ocrx_word' id='word_1_704' title='bbox 2317 3860 2617 3914; x_wconf 81' lang='lat' dir='ltr'><strong>individuis.</strong></span> <span class='ocrx_word' id='word_1_705' title='bbox 2633 3857 2887 3926; x_wconf 83' lang='lat' dir='ltr'><strong>Amplius,</strong></span> <span class='ocrx_word' id='word_1_706' title='bbox 2913 3854 3200 3923; x_wconf 70' lang='lat' dir='ltr'><strong>di/ferentia</strong></span> <span class='ocrx_word' id='word_1_707' title='bbox 3218 3852 3422 3923; x_wconf 85' lang='lat' dir='ltr'><strong>quidem</strong></span> <span class='ocrx_word' id='word_1_708' title='bbox 3443 3849 3583 3920; x_wconf 88' lang='lat' dir='ltr'><strong>prior</strong></span> 
     </span>
    </p>
   </div>
   <div class='ocr_carea' id='block_1_99' title="bbox 1998 3941 3583 4025">
    <p class='ocr_par' dir='ltr' id='par_1_99' title="bbox 1998 3941 3583 4025">
     <span class='ocr_line' id='line_1_99' title="bbox 1998 3941 3583 4025; baseline -0.009 -17"><span class='ocrx_word' id='word_1_709' title='bbox 1998 3963 2070 4008; x_wconf 81' lang='lat' dir='ltr'><strong>est</strong></span> <span class='ocrx_word' id='word_1_710' title='bbox 2086 3968 2143 4007; x_wconf 89' lang='lat' dir='ltr'><strong>ea</strong></span> <span class='ocrx_word' id='word_1_711' title='bbox 2161 3952 2327 4025; x_wconf 85' lang='lat' dir='ltr'><strong>specie</strong></span> <span class='ocrx_word' id='word_1_712' title='bbox 2353 3966 2467 4020; x_wconf 74' lang='lat' dir='ltr'><strong>qute</strong></span> <span class='ocrx_word' id='word_1_713' title='bbox 2481 3959 2554 4004; x_wconf 89' lang='lat' dir='ltr'><strong>est</strong></span> <span class='ocrx_word' id='word_1_714' title='bbox 2582 3948 2675 4003; x_wconf 88' lang='lat' dir='ltr'><strong>sub</strong></span> <span class='ocrx_word' id='word_1_715' title='bbox 2694 3952 2830 4018; x_wconf 87' lang='lat' dir='ltr'><strong>ipsa,</strong></span> <span class='ocrx_word' id='word_1_716' title='bbox 2858 3944 3012 4000; x_wconf 81' lang='lat' dir='ltr'><strong>simul</strong></span> <span class='ocrx_word' id='word_1_717' title='bbox 3031 3946 3166 4000; x_wconf 89' lang='lat' dir='ltr'><strong>enim</strong></span> <span class='ocrx_word' id='word_1_718' title='bbox 3178 3943 3404 3998; x_wconf 90' lang='lat' dir='ltr'><strong>ablatum</strong></span> <span class='ocrx_word' id='word_1_719' title='bbox 3426 3941 3583 3996; x_wconf 89' lang='lat' dir='ltr'><strong>ratio-</strong></span> 
     </span>
    </p>
   </div>
   <div class='ocr_carea' id='block_1_100' title="bbox 1998 4040 3584 4107">
    <p class='ocr_par' dir='ltr' id='par_1_100' title="bbox 1998 4040 3584 4107">
     <span class='ocr_line' id='line_1_100' title="bbox 1998 4040 3584 4107; baseline -0.008 -7"><span class='ocrx_word' id='word_1_720' title='bbox 1998 4046 2115 4100; x_wconf 89' lang='lat' dir='ltr'><strong>nale</strong></span> <span class='ocrx_word' id='word_1_721' title='bbox 2134 4045 2375 4099; x_wconf 88' lang='lat' dir='ltr'><strong>interimit</strong></span> <span class='ocrx_word' id='word_1_722' title='bbox 2397 4046 2646 4097; x_wconf 82' lang='lat' dir='ltr'><strong>hominem</strong></span> <span class='ocrx_word' id='word_1_723' title='bbox 2674 4057 2693 4096; x_wconf 87' lang='lat'><strong><em>:</em></strong></span> <span class='ocrx_word' id='word_1_724' title='bbox 2723 4041 2872 4094; x_wconf 80' lang='lat' dir='ltr'><strong>homo</strong></span> <span class='ocrx_word' id='word_1_725' title='bbox 2894 4055 3007 4094; x_wconf 81' lang='lat' dir='ltr'><strong>vero</strong></span> <span class='ocrx_word' id='word_1_726' title='bbox 3024 4040 3349 4107; x_wconf 86' lang='lat' dir='ltr'><strong>interemptus</strong></span> <span class='ocrx_word' id='word_1_727' title='bbox 3370 4050 3472 4089; x_wconf 74' lang='lat' dir='ltr'><strong>non</strong></span> <span class='ocrx_word' id='word_1_728' title='bbox 3488 4050 3584 4088; x_wconf 84' lang='lat' dir='ltr'><strong>au-</strong></span> 
     </span>
    </p>
   </div>
   <div class='ocr_carea' id='block_1_101' title="bbox 1999 4126 3586 4209">
    <p class='ocr_par' dir='ltr' id='par_1_101' title="bbox 1999 4126 3586 4209">
     <span class='ocr_line' id='line_1_101' title="bbox 1999 4126 3586 4209; baseline -0.006 -16"><span class='ocrx_word' id='word_1_729' title='bbox 1999 4140 2096 4209; x_wconf 78' lang='lat' dir='ltr'><strong>fert</strong></span> <span class='ocrx_word' id='word_1_730' title='bbox 2129 4138 2400 4201; x_wconf 89' lang='lat' dir='ltr'><strong>rationale,</strong></span> <span class='ocrx_word' id='word_1_731' title='bbox 2428 4151 2543 4189; x_wconf 90' lang='lat' dir='ltr'><strong>cum</strong></span> <span class='ocrx_word' id='word_1_732' title='bbox 2566 4134 2783 4204; x_wconf 87' lang='lat' dir='ltr'><strong>supersit</strong></span> <span class='ocrx_word' id='word_1_733' title='bbox 2822 4130 2980 4185; x_wconf 84' lang='lat' dir='ltr'><strong>Deus.</strong></span> <span class='ocrx_word' id='word_1_734' title='bbox 3013 4130 3265 4200; x_wconf 84' lang='lat' dir='ltr'><strong>Amplius,</strong></span> <span class='ocrx_word' id='word_1_735' title='bbox 3296 4126 3586 4194; x_wconf 67' lang='lat' dir='ltr'><strong>cli/ferenda</strong></span> 
     </span>
    </p>
   </div>
   <div class='ocr_carea' id='block_1_102' title="bbox 1998 4223 3583 4302">
    <p class='ocr_par' dir='ltr' id='par_1_102' title="bbox 1998 4223 3583 4302">
     <span class='ocr_line' id='line_1_102' title="bbox 1998 4223 3583 4302; baseline -0.006 -17"><span class='ocrx_word' id='word_1_736' title='bbox 1998 4230 2204 4302; x_wconf 87' lang='lat' dir='ltr'><strong>quidem</strong></span> <span class='ocrx_word' id='word_1_737' title='bbox 2226 4228 2549 4299; x_wconf 88' lang='lat' dir='ltr'><strong>componitur</strong></span> <span class='ocrx_word' id='word_1_738' title='bbox 2571 4242 2686 4280; x_wconf 89' lang='lat' dir='ltr'><strong>cum</strong></span> <span class='ocrx_word' id='word_1_739' title='bbox 2699 4226 2803 4280; x_wconf 90' lang='lat' dir='ltr'><strong>alia</strong></span> <span class='ocrx_word' id='word_1_740' title='bbox 2823 4224 3137 4293; x_wconf 80' lang='lat' dir='ltr'><strong>diﬂ&#39;erentia,</strong></span> <span class='ocrx_word' id='word_1_741' title='bbox 3169 4223 3419 4276; x_wconf 86' lang='lat' dir='ltr'><strong>rationale</strong></span> <span class='ocrx_word' id='word_1_742' title='bbox 3439 4224 3583 4276; x_wconf 84' lang='lat' dir='ltr'><strong>enim</strong></span> 
     </span>
    </p>
   </div>
   <div class='ocr_carea' id='block_1_103' title="bbox 2001 4316 3586 4387">
    <p class='ocr_par' dir='ltr' id='par_1_103' title="bbox 2001 4316 3586 4387">
     <span class='ocr_line' id='line_1_103' title="bbox 2001 4316 3586 4387; baseline -0.004 -10"><span class='ocrx_word' id='word_1_743' title='bbox 2001 4332 2048 4378; x_wconf 90' lang='lat' dir='ltr'><strong>et</strong></span> <span class='ocrx_word' id='word_1_744' title='bbox 2078 4322 2295 4376; x_wconf 86' lang='lat' dir='ltr'><strong>mortale</strong></span> <span class='ocrx_word' id='word_1_745' title='bbox 2324 4322 2662 4387; x_wconf 82' lang='lat' dir='ltr'><strong>compositum</strong></span> <span class='ocrx_word' id='word_1_746' title='bbox 2701 4328 2771 4373; x_wconf 85' lang='lat' dir='ltr'><strong>est</strong></span> <span class='ocrx_word' id='word_1_747' title='bbox 2826 4320 2879 4373; x_wconf 86' lang='lat' dir='ltr'><strong>in</strong></span> <span class='ocrx_word' id='word_1_748' title='bbox 2934 4317 3270 4372; x_wconf 86' lang='lat' dir='ltr'><strong>substantiam</strong></span> <span class='ocrx_word' id='word_1_749' title='bbox 3319 4316 3539 4369; x_wconf 83' lang='lat' dir='ltr'><strong>hominis</strong></span> <span class='ocrx_word' id='word_1_750' title='bbox 3565 4329 3586 4371; x_wconf 86' lang='lat'><strong><em>:</em></strong></span> 
     </span>
    </p>
   </div>
   <div class='ocr_carea' id='block_1_104' title="bbox 1998 4406 3588 4485">
    <p class='ocr_par' dir='ltr' id='par_1_104' title="bbox 1998 4406 3588 4485">
     <span class='ocr_line' id='line_1_104' title="bbox 1998 4406 3588 4485; baseline -0.006 -17"><span class='ocrx_word' id='word_1_751' title='bbox 1998 4415 2190 4485; x_wconf 88' lang='lat' dir='ltr'><strong>species</strong></span> <span class='ocrx_word' id='word_1_752' title='bbox 2207 4429 2321 4467; x_wconf 86' lang='lat' dir='ltr'><strong>vero</strong></span> <span class='ocrx_word' id='word_1_753' title='bbox 2342 4412 2524 4484; x_wconf 86' lang='lat' dir='ltr'><strong>speciei</strong></span> <span class='ocrx_word' id='word_1_754' title='bbox 2554 4428 2655 4466; x_wconf 87' lang='lat' dir='ltr'><strong>non</strong></span> <span class='ocrx_word' id='word_1_755' title='bbox 2680 4412 3021 4481; x_wconf 88' lang='lat' dir='ltr'><strong>componitur,</strong></span> <span class='ocrx_word' id='word_1_756' title='bbox 3048 4418 3103 4463; x_wconf 87' lang='lat' dir='ltr'><strong>ut</strong></span> <span class='ocrx_word' id='word_1_757' title='bbox 3132 4409 3342 4479; x_wconf 83' lang='lat' dir='ltr'><strong>gignant</strong></span> <span class='ocrx_word' id='word_1_758' title='bbox 3370 4406 3588 4462; x_wconf 85' lang='lat' dir='ltr'><strong>alteram</strong></span> 
     </span>
    </p>
   </div>
   <div class='ocr_carea' id='block_1_105' title="bbox 2000 4500 3586 4576">
    <p class='ocr_par' dir='ltr' id='par_1_105' title="bbox 2000 4500 3586 4576">
     <span class='ocr_line' id='line_1_105' title="bbox 2000 4500 3586 4576; baseline -0.006 -15"><span class='ocrx_word' id='word_1_759' title='bbox 2000 4508 2243 4575; x_wconf 86' lang='lat' dir='ltr'><strong>speciem;</strong></span> <span class='ocrx_word' id='word_1_760' title='bbox 2283 4506 2521 4576; x_wconf 68' lang='lat' dir='ltr'><strong>quaadam</strong></span> <span class='ocrx_word' id='word_1_761' title='bbox 2544 4505 2680 4559; x_wconf 88' lang='lat' dir='ltr'><strong>enim</strong></span> <span class='ocrx_word' id='word_1_762' title='bbox 2719 4519 2845 4573; x_wconf 82' lang='lat' dir='ltr'><strong>equa</strong></span> <span class='ocrx_word' id='word_1_763' title='bbox 2872 4502 3077 4556; x_wconf 86' lang='lat' dir='ltr'><strong>cuidam</strong></span> <span class='ocrx_word' id='word_1_764' title='bbox 3123 4502 3272 4554; x_wconf 89' lang='lat' dir='ltr'><strong>asino</strong></span> <span class='ocrx_word' id='word_1_765' title='bbox 3316 4500 3586 4570; x_wconf 85' lang='lat' dir='ltr'><strong>permisce-</strong></span> 
     </span>
    </p>
   </div>
   <div class='ocr_carea' id='block_1_106' title="bbox 2002 4592 3585 4669">
    <p class='ocr_par' dir='ltr' id='par_1_106' title="bbox 2002 4592 3585 4669">
     <span class='ocr_line' id='line_1_106' title="bbox 2002 4592 3585 4669; baseline -0.005 -17"><span class='ocrx_word' id='word_1_766' title='bbox 2002 4607 2085 4652; x_wconf 86' lang='lat' dir='ltr'><strong>tur</strong></span> <span class='ocrx_word' id='word_1_767' title='bbox 2112 4599 2180 4653; x_wconf 87' lang='lat' dir='ltr'><strong>ad</strong></span> <span class='ocrx_word' id='word_1_768' title='bbox 2210 4599 2336 4652; x_wconf 87' lang='lat' dir='ltr'><strong>muli</strong></span> <span class='ocrx_word' id='word_1_769' title='bbox 2362 4597 2760 4669; x_wconf 84' lang='lat' dir='ltr'><strong>generationem,</strong></span> <span class='ocrx_word' id='word_1_770' title='bbox 2792 4611 2918 4663; x_wconf 89' lang='lat' dir='ltr'><strong>equa</strong></span> <span class='ocrx_word' id='word_1_771' title='bbox 2946 4593 3079 4648; x_wconf 86' lang='lat' dir='ltr'><strong>enim</strong></span> <span class='ocrx_word' id='word_1_772' title='bbox 3112 4592 3412 4662; x_wconf 88' lang='lat' dir='ltr'><strong>simpliciter</strong></span> <span class='ocrx_word' id='word_1_773' title='bbox 3439 4592 3585 4645; x_wconf 86' lang='lat' dir='ltr'><strong>asino</strong></span> 
     </span>
    </p>
   </div>
   <div class='ocr_carea' id='block_1_107' title="bbox 2005 4686 3122 4759">
    <p class='ocr_par' dir='ltr' id='par_1_107' title="bbox 2005 4686 3122 4759">
     <span class='ocr_line' id='line_1_107' title="bbox 2005 4686 3122 4759; baseline -0.007 -13"><span class='ocrx_word' id='word_1_774' title='bbox 2005 4691 2304 4747; x_wconf 80' lang='lat' dir='ltr'><strong>conveniens</strong></span> <span class='ocrx_word' id='word_1_775' title='bbox 2334 4704 2596 4759; x_wconf 85' lang='lat' dir='ltr'><strong>nunquam</strong></span> <span class='ocrx_word' id='word_1_776' title='bbox 2628 4687 2889 4757; x_wconf 79' lang='lat' dir='ltr'><strong>perliceret</strong></span> <span class='ocrx_word' id='word_1_777' title='bbox 2910 4686 3122 4740; x_wconf 84' lang='lat' dir='ltr'><strong>mulum.</strong></span> 
     </span>
    </p>
   </div>
   <div class='ocr_carea' id='block_1_108' title="bbox 2000 4774 3590 4853">
    <p class='ocr_par' dir='ltr' id='par_1_108' title="bbox 2000 4774 3590 4853">
     <span class='ocr_line' id='line_1_108' title="bbox 2000 4774 3590 4853; baseline -0.005 -15"><span class='ocrx_word' id='word_1_778' title='bbox 2000 4774 2007 4779; x_wconf 76' lang='grc'><strong>’</strong></span> <span class='ocrx_word' id='word_1_779' title='bbox 2077 4781 2346 4853; x_wconf 83' lang='lat' dir='ltr'><strong>Expositis</strong></span> <span class='ocrx_word' id='word_1_780' title='bbox 2362 4780 2833 4836; x_wconf 90' lang='lat' dir='ltr'><strong>communitatibus</strong></span> <span class='ocrx_word' id='word_1_781' title='bbox 2848 4788 3103 4848; x_wconf 90' lang='lat' dir='ltr'><strong>quantum</strong></span> <span class='ocrx_word' id='word_1_782' title='bbox 3115 4777 3182 4832; x_wconf 92' lang='lat' dir='ltr'><strong>ad</strong></span> <span class='ocrx_word' id='word_1_783' title='bbox 3206 4777 3590 4832; x_wconf 89' lang='lat' dir='ltr'><strong>institutionem</strong></span> 
     </span>
    </p>
   </div>
   <div class='ocr_carea' id='block_1_109' title="bbox 2007 4871 3591 4948">
    <p class='ocr_par' dir='ltr' id='par_1_109' title="bbox 2007 4871 3591 4948">
     <span class='ocr_line' id='line_1_109' title="bbox 2007 4871 3591 4948; baseline -0.006 -16"><span class='ocrx_word' id='word_1_784' title='bbox 2007 4877 2311 4948; x_wconf 88' lang='lat' dir='ltr'><strong>pertinebat</strong></span> <span class='ocrx_word' id='word_1_785' title='bbox 2350 4872 2667 4930; x_wconf 82' lang='lat' dir='ltr'><strong>ditl‘erentiae</strong></span> <span class='ocrx_word' id='word_1_786' title='bbox 2711 4882 2766 4927; x_wconf 86' lang='lat' dir='ltr'><strong>et</strong></span> <span class='ocrx_word' id='word_1_787' title='bbox 2818 4873 3041 4942; x_wconf 83' lang='lat' dir='ltr'><strong>speciei,</strong></span> <span class='ocrx_word' id='word_1_788' title='bbox 3087 4871 3395 4927; x_wconf 89' lang='lat' dir='ltr'><strong>earumdem</strong></span> <span class='ocrx_word' id='word_1_789' title='bbox 3453 4882 3591 4923; x_wconf 86' lang='lat' dir='ltr'><strong>nunc</strong></span> 
     </span>
    </p>
   </div>
   <div class='ocr_carea' id='block_1_110' title="bbox 2012 4962 3591 5036">
    <p class='ocr_par' dir='ltr' id='par_1_110' title="bbox 2012 4962 3591 5036">
     <span class='ocr_line' id='line_1_110' title="bbox 2012 4962 3591 5036; baseline -0.008 -12"><span class='ocrx_word' id='word_1_790' title='bbox 2012 4966 2479 5024; x_wconf 89' lang='lat' dir='ltr'><strong>dissimilitudines</strong></span> <span class='ocrx_word' id='word_1_791' title='bbox 2499 4964 2707 5036; x_wconf 87' lang='lat' dir='ltr'><strong>colligit</strong></span> <span class='ocrx_word' id='word_1_792' title='bbox 2728 4964 2943 5019; x_wconf 88' lang='lat' dir='ltr'><strong>dicens:</strong></span> <span class='ocrx_word' id='word_1_793' title='bbox 2968 4962 3229 5018; x_wconf 77' lang='lat' dir='ltr'><strong>Dill&#39;erunt</strong></span> <span class='ocrx_word' id='word_1_794' title='bbox 3244 4962 3457 5032; x_wconf 89' lang='lat' dir='ltr'><strong>quidem</strong></span> <span class='ocrx_word' id='word_1_795' title='bbox 3472 4972 3591 5028; x_wconf 87' lang='lat' dir='ltr'><strong>spe-</strong></span> 
     </span>
    </p>
   </div>
   <div class='ocr_carea' id='block_1_111' title="bbox 2007 5051 3593 5128">
    <p class='ocr_par' dir='ltr' id='par_1_111' title="bbox 2007 5051 3593 5128">
     <span class='ocr_line' id='line_1_111' title="bbox 2007 5051 3593 5128; baseline -0.009 -12"><span class='ocrx_word' id='word_1_796' title='bbox 2007 5062 2121 5117; x_wconf 90' lang='lat' dir='ltr'><strong>cies</strong></span> <span class='ocrx_word' id='word_1_797' title='bbox 2170 5061 2227 5115; x_wconf 88' lang='lat' dir='ltr'><strong>in</strong></span> <span class='ocrx_word' id='word_1_798' title='bbox 2252 5073 2316 5114; x_wconf 91' lang='lat' dir='ltr'><strong>co</strong></span> <span class='ocrx_word' id='word_1_799' title='bbox 2345 5056 2484 5128; x_wconf 91' lang='lat' dir='ltr'><strong>quod</strong></span> <span class='ocrx_word' id='word_1_800' title='bbox 2507 5056 2633 5127; x_wconf 90' lang='lat' dir='ltr'><strong>quid</strong></span> <span class='ocrx_word' id='word_1_801' title='bbox 2676 5056 2746 5110; x_wconf 85' lang='lat' dir='ltr'><strong>sit</strong></span> <span class='ocrx_word' id='word_1_802' title='bbox 2777 5055 3119 5122; x_wconf 63' lang='lat' dir='ltr'><strong>praeditatur,</strong></span> <span class='ocrx_word' id='word_1_803' title='bbox 3170 5051 3469 5107; x_wconf 81' lang='lat' dir='ltr'><strong>dill‘erentia</strong></span> <span class='ocrx_word' id='word_1_804' title='bbox 3498 5060 3593 5101; x_wconf 70' lang='lat' dir='ltr'><strong>au~</strong></span> 
     </span>
    </p>
   </div>
   <div class='ocr_carea' id='block_1_112' title="bbox 2006 5141 3593 5217">
    <p class='ocr_par' dir='ltr' id='par_1_112' title="bbox 2006 5141 3593 5217">
     <span class='ocr_line' id='line_1_112' title="bbox 2006 5141 3593 5217; baseline -0.008 -10"><span class='ocrx_word' id='word_1_805' title='bbox 2006 5161 2113 5207; x_wconf 91' lang='lat' dir='ltr'><strong>tem</strong></span> <span class='ocrx_word' id='word_1_806' title='bbox 2143 5150 2197 5207; x_wconf 89' lang='lat' dir='ltr'><strong>in</strong></span> <span class='ocrx_word' id='word_1_807' title='bbox 2226 5163 2291 5205; x_wconf 92' lang='lat' dir='ltr'><strong>eo</strong></span> <span class='ocrx_word' id='word_1_808' title='bbox 2320 5148 2466 5217; x_wconf 91' lang='lat' dir='ltr'><strong>quod</strong></span> <span class='ocrx_word' id='word_1_809' title='bbox 2505 5146 2661 5217; x_wconf 90' lang='lat' dir='ltr'><strong>quale</strong></span> <span class='ocrx_word' id='word_1_810' title='bbox 2708 5147 2796 5199; x_wconf 91' lang='lat' dir='ltr'><strong>sit.</strong></span> <span class='ocrx_word' id='word_1_811' title='bbox 2847 5145 2978 5199; x_wconf 85' lang='lat' dir='ltr'><strong>Huic</strong></span> <span class='ocrx_word' id='word_1_812' title='bbox 3023 5141 3337 5198; x_wconf 71' lang='lat' dir='ltr'><strong>dill‘erentite</strong></span> <span class='ocrx_word' id='word_1_813' title='bbox 3385 5145 3593 5208; x_wconf 84' lang='lat' dir='ltr'><strong>poterat</strong></span> 
     </span>
    </p>
   </div>
   <div class='ocr_carea' id='block_1_113' title="bbox 2006 5233 3594 5312">
    <p class='ocr_par' dir='ltr' id='par_1_113' title="bbox 2006 5233 3594 5312">
     <span class='ocr_line' id='line_1_113' title="bbox 2006 5233 3594 5312; baseline -0.011 -13"><span class='ocrx_word' id='word_1_814' title='bbox 2006 5243 2230 5312; x_wconf 61' lang='lat' dir='ltr'><strong>quaestio</strong></span> <span class='ocrx_word' id='word_1_815' title='bbox 2260 5255 2546 5296; x_wconf 87' lang='lat' dir='ltr'><strong>occurrere</strong></span> <span class='ocrx_word' id='word_1_816' title='bbox 2573 5257 2584 5293; x_wconf 89' lang='lat'>:</span> <span class='ocrx_word' id='word_1_817' title='bbox 2618 5252 2742 5291; x_wconf 90' lang='lat' dir='ltr'><strong>nam</strong></span> <span class='ocrx_word' id='word_1_818' title='bbox 2774 5237 2821 5290; x_wconf 89' lang='lat' dir='ltr'><strong>si</strong></span> <span class='ocrx_word' id='word_1_819' title='bbox 2848 5236 3152 5290; x_wconf 81' lang='lat' dir='ltr'><strong>humanitas</strong></span> <span class='ocrx_word' id='word_1_820' title='bbox 3177 5233 3291 5303; x_wconf 88' lang='lat' dir='ltr'><strong>ipsa</strong></span> <span class='ocrx_word' id='word_1_821' title='bbox 3329 5244 3448 5301; x_wconf 73' lang='lat' dir='ltr'><strong>quae</strong></span> <span class='ocrx_word' id='word_1_822' title='bbox 3473 5242 3594 5298; x_wconf 81' lang='lat' dir='ltr'><strong>spe-</strong></span> 
     </span>
    </p>
   </div>
   <div class='ocr_carea' id='block_1_114' title="bbox 2008 5319 3595 5403">
    <p class='ocr_par' dir='ltr' id='par_1_114' title="bbox 2008 5319 3595 5403">
     <span class='ocr_line' id='line_1_114' title="bbox 2008 5319 3595 5403; baseline -0.012 -11"><span class='ocrx_word' id='word_1_823' title='bbox 2008 5339 2120 5392; x_wconf 87' lang='lat' dir='ltr'><strong>cies</strong></span> <span class='ocrx_word' id='word_1_824' title='bbox 2147 5333 2508 5403; x_wconf 16' lang='lat' dir='ltr'><strong>est,iqualitas</strong></span> <span class='ocrx_word' id='word_1_825' title='bbox 2539 5328 2782 5399; x_wconf 87' lang='lat' dir='ltr'><strong>quaedam</strong></span> <span class='ocrx_word' id='word_1_826' title='bbox 2806 5338 2921 5393; x_wconf 90' lang='lat' dir='ltr'><strong>est,</strong></span> <span class='ocrx_word' id='word_1_827' title='bbox 2952 5342 3048 5383; x_wconf 91' lang='lat' dir='ltr'><strong>cur</strong></span> <span class='ocrx_word' id='word_1_828' title='bbox 3076 5325 3283 5379; x_wconf 86' lang='lat' dir='ltr'><strong>dicatur</strong></span> <span class='ocrx_word' id='word_1_829' title='bbox 3307 5320 3519 5391; x_wconf 85' lang='lat' dir='ltr'><strong>species</strong></span> <span class='ocrx_word' id='word_1_830' title='bbox 3541 5319 3595 5374; x_wconf 89' lang='lat' dir='ltr'><strong>in</strong></span> 
     </span>
    </p>
   </div>
   <div class='ocr_carea' id='block_1_115' title="bbox 2008 5410 3595 5497">
    <p class='ocr_par' dir='ltr' id='par_1_115' title="bbox 2008 5410 3595 5497">
     <span class='ocr_line' id='line_1_115' title="bbox 2008 5410 3595 5497; baseline -0.009 -14"><span class='ocrx_word' id='word_1_831' title='bbox 2008 5444 2074 5483; x_wconf 91' lang='lat' dir='ltr'><strong>eo</strong></span> <span class='ocrx_word' id='word_1_832' title='bbox 2115 5425 2256 5497; x_wconf 91' lang='lat' dir='ltr'><strong>quod</strong></span> <span class='ocrx_word' id='word_1_833' title='bbox 2292 5422 2420 5494; x_wconf 90' lang='lat' dir='ltr'><strong>quid</strong></span> <span class='ocrx_word' id='word_1_834' title='bbox 2454 5423 2526 5476; x_wconf 90' lang='lat' dir='ltr'><strong>sit</strong></span> <span class='ocrx_word' id='word_1_835' title='bbox 2581 5419 2884 5491; x_wconf 63' lang='lat' dir='ltr'><strong>praedicari,</strong></span> <span class='ocrx_word' id='word_1_836' title='bbox 2916 5433 3037 5472; x_wconf 88' lang='lat' dir='ltr'><strong>cum</strong></span> <span class='ocrx_word' id='word_1_837' title='bbox 3065 5423 3283 5487; x_wconf 90' lang='lat' dir='ltr'><strong>propter</strong></span> <span class='ocrx_word' id='word_1_838' title='bbox 3307 5410 3595 5484; x_wconf 86' lang='lat' dir='ltr'><strong>quamdam</strong></span> 
     </span>
    </p>
   </div>
   <div class='ocr_carea' id='block_1_116' title="bbox 2008 5504 3596 5585">
    <p class='ocr_par' dir='ltr' id='par_1_116' title="bbox 2008 5504 3596 5585">
     <span class='ocr_line' id='line_1_116' title="bbox 2008 5504 3596 5585; baseline -0.011 -12"><span class='ocrx_word' id='word_1_839' title='bbox 2008 5534 2121 5574; x_wconf 76' lang='lat' dir='ltr'><strong>sua:</strong></span> <span class='ocrx_word' id='word_1_840' title='bbox 2151 5529 2353 5571; x_wconf 61' lang='lat' dir='ltr'><strong>natura:</strong></span> <span class='ocrx_word' id='word_1_841' title='bbox 2395 5516 2778 5585; x_wconf 88' lang='lat' dir='ltr'><strong>proprietatem</strong></span> <span class='ocrx_word' id='word_1_842' title='bbox 2826 5509 3068 5581; x_wconf 73' lang='lat' dir='ltr'><strong>qumdam</strong></span> <span class='ocrx_word' id='word_1_843' title='bbox 3108 5505 3339 5577; x_wconf 77' lang='lat' dir='ltr'><strong>qualitas</strong></span> <span class='ocrx_word' id='word_1_844' title='bbox 3367 5518 3491 5561; x_wconf 87' lang='lat' dir='ltr'><strong>esse</strong></span> <span class='ocrx_word' id='word_1_845' title='bbox 3514 5504 3596 5557; x_wconf 74' lang='lat' dir='ltr'><strong>vi-</strong></span> 
     </span>
    </p>
   </div>
   <div class='ocr_carea' id='block_1_117' title="bbox 2008 5596 3597 5677">
    <p class='ocr_par' dir='ltr' id='par_1_117' title="bbox 2008 5596 3597 5677">
     <span class='ocr_line' id='line_1_117' title="bbox 2008 5596 3597 5677; baseline -0.008 -11"><span class='ocrx_word' id='word_1_846' title='bbox 2008 5613 2218 5666; x_wconf 86' lang='lat' dir='ltr'><strong>deatur.</strong></span> <span class='ocrx_word' id='word_1_847' title='bbox 2254 5610 2388 5664; x_wconf 84' lang='lat' dir='ltr'><strong>Huic</strong></span> <span class='ocrx_word' id='word_1_848' title='bbox 2441 5605 2850 5677; x_wconf 86' lang='lat' dir='ltr'><strong>respondemus,</strong></span> <span class='ocrx_word' id='word_1_849' title='bbox 2900 5601 3023 5668; x_wconf 88' lang='lat' dir='ltr'><strong>quia</strong></span> <span class='ocrx_word' id='word_1_850' title='bbox 3075 5597 3377 5654; x_wconf 72' lang='lat' dir='ltr'><strong>dill’erentia</strong></span> <span class='ocrx_word' id='word_1_851' title='bbox 3422 5596 3597 5657; x_wconf 81' lang='lat' dir='ltr'><strong>solum</strong></span> 
     </span>
    </p>
   </div>
   <div class='ocr_carea' id='block_1_118' title="bbox 2011 5686 3599 5771">
    <p class='ocr_par' dir='ltr' id='par_1_118' title="bbox 2011 5686 3599 5771">
     <span class='ocr_line' id='line_1_118' title="bbox 2011 5686 3599 5771; baseline -0.01 -13"><span class='ocrx_word' id='word_1_852' title='bbox 2011 5704 2240 5771; x_wconf 82' lang='lat' dir='ltr'><strong>qualitas</strong></span> <span class='ocrx_word' id='word_1_853' title='bbox 2272 5712 2355 5756; x_wconf 90' lang='lat' dir='ltr'><strong>est</strong></span> <span class='ocrx_word' id='word_1_854' title='bbox 2385 5718 2397 5753; x_wconf 86' lang='lat'><strong>:</strong></span> <span class='ocrx_word' id='word_1_855' title='bbox 2423 5696 2729 5755; x_wconf 80' lang='lat' dir='ltr'><strong>humanitas</strong></span> <span class='ocrx_word' id='word_1_856' title='bbox 2759 5706 2887 5749; x_wconf 86' lang='lat' dir='ltr'><strong>vero</strong></span> <span class='ocrx_word' id='word_1_857' title='bbox 2908 5706 3016 5746; x_wconf 90' lang='lat' dir='ltr'><strong>non</strong></span> <span class='ocrx_word' id='word_1_858' title='bbox 3041 5692 3215 5746; x_wconf 88' lang='lat' dir='ltr'><strong>solum</strong></span> <span class='ocrx_word' id='word_1_859' title='bbox 3240 5699 3329 5761; x_wconf 87' lang='lat' dir='ltr'><strong>est</strong></span> <span class='ocrx_word' id='word_1_860' title='bbox 3345 5686 3599 5761; x_wconf 87' lang='lat' dir='ltr'><strong>qualitas,</strong></span> 
     </span>
    </p>
   </div>
   <div class='ocr_carea' id='block_1_119' title="bbox 2012 5782 3601 5862">
    <p class='ocr_par' dir='ltr' id='par_1_119' title="bbox 2012 5782 3601 5862">
     <span class='ocr_line' id='line_1_119' title="bbox 2012 5782 3601 5862; baseline -0.016 -12"><span class='ocrx_word' id='word_1_861' title='bbox 2012 5795 2107 5852; x_wconf 88' lang='lat' dir='ltr'><strong>sed</strong></span> <span class='ocrx_word' id='word_1_862' title='bbox 2137 5803 2339 5849; x_wconf 87' lang='lat' dir='ltr'><strong>tantum</strong></span> <span class='ocrx_word' id='word_1_863' title='bbox 2371 5790 2624 5862; x_wconf 89' lang='lat' dir='ltr'><strong>qualitate</strong></span> <span class='ocrx_word' id='word_1_864' title='bbox 2655 5784 2947 5860; x_wconf 79' lang='lat' dir='ltr'><strong>perﬁcitur.</strong></span> <span class='ocrx_word' id='word_1_865' title='bbox 2997 5782 3304 5841; x_wconf 68' lang='lat' dir='ltr'><strong>[inferentia</strong></span> <span class='ocrx_word' id='word_1_866' title='bbox 3336 5782 3482 5841; x_wconf 69' lang='lat' dir='ltr'><strong>enim</strong></span> <span class='ocrx_word' id='word_1_867' title='bbox 3510 5793 3601 5838; x_wconf 73' lang='lat' dir='ltr'><strong>su.</strong></span> 
     </span>
    </p>
   </div>
  </div>
