4022 6328
475 365 569 422 iiii

1703 358 1814 416 ΑΝ.
1856 356 2066 414 MANL.
2106 354 2259 411 θεν.
2305 352 2525 411 ΒΟΕΤΙΙ

3652 350 3756 409 1Ξὲ

474 486 799 558 perveniens
824 484 1008 556 generi
1031 481 1264 554 speciem
1297 480 1424 537 facit
1453 495 1623 554 :ergo
1644 496 1813 555 genus
1833 481 2062 553 quadam
2092 482 2147 542 Α
2168 480 2351 543 adest.
2409 491 2468 535 ut
2517 476 2792 550 proprium
2820 496 2832 532 :
2860 490 3073 549 semper
3119 477 3262 533 enim
3299 475 3543 534 homines
3566 552 3569 555 Δ
3590 478 3755 535 ratio-

474 579 794 637 differentiae
831 577 1088 649 qualitate
1134 575 1418 633 formatum
1462 584 1547 632 est
1588 584 1648 631 ut
1690 575 1945 647 procedat
2000 576 2054 631 in

474 676 710 744 speciem
737 690 751 727 :
774 671 980 743 species
1010 685 1136 725 vero
1165 671 1280 741 ipsa
1307 671 1483 741 qualis
1513 670 1729 742 quidem
1756 680 1839 726 est
1866 684 2058 726 secuna

473 767 599 822 dum
626 765 979 822 differentiam
1012 764 1153 821 illius
1178 780 1296 835 quae
1324 775 1407 821 est
1425 779 1554 835 pura
1586 779 1652 821 ac
1679 765 1907 835 simplex
1929 777 2060 833 qua-

470 858 617 926 litas,
639 873 740 929 qua
768 859 978 913 scilicet
1009 858 1282 927 perficitur
1305 868 1360 915 et
1380 845 1748 913 conformatur
1782 876 1795 911 :
1826 855 2058 927 qualitas

471 950 729 1019 veroipsa
762 964 891 1019 pura
950 950 1282 1020 simplexque
1329 951 1478 1005 nullo
1508 950 1669 1005 modo
1713 959 1818 1015 est,
1849 948 1944 1004 sed
1990 962 2058 1003 ex

470 1042 812 1113 qualitatibus
838 1042 1028 1098 effecta
1055 1044 1373 1097 substantia.
1401 1043 1585 1112 itaque
1609 1044 1732 1111 jure
1754 1041 2058 1097 differentia

471 1149 588 1203 qua:
616 1149 749 1204 pure
776 1148 838 1188 ac
868 1132 1183 1204 simpliciter
1198 1134 1428 1205 qualitas
1457 1144 1539 1189 est
1560 1134 1613 1189 in
1636 1148 1703 1189 eo
1727 1132 1872 1203 quod
1900 1124 2061 1202 quale

470 1233 554 1279 est
604 1225 1001 1280 sciscitantibus
1050 1228 1423 1297 respondetur,
1473 1227 1681 1296 species
1733 1240 1865 1280 vero
1895 1224 1950 1279 in
1993 1238 2060 1279 eo

469 1316 610 1385 quod
639 1317 767 1386 quid
809 1320 881 1371 sit
912 1335 924 1370 :
978 1318 1101 1373 licet
1132 1319 1246 1387 ipsa
1292 1334 1505 1389 quoque
1548 1316 1797 1389 quasdam
1829 1318 2061 1386 qualitas

470 1408 541 1463 sit
570 1424 674 1464 non
705 1410 955 1480 simplex,
988 1411 1084 1465 sed
1121 1412 1189 1465 ab
1217 1412 1335 1465 aliis
1374 1411 1719 1481 qualitatibus
1749 1411 2057 1467 informata.

467 1500 675 1557 Rursus
706 1502 794 1557 illa
832 1518 1043 1573 quoque
1071 1503 1373 1559 differentia
1413 1515 1516 1574 est,
1548 1506 1671 1576 quia
1696 1506 1877 1576 plures
1906 1505 2061 1561 diffe-

467 1593 637 1646 rentia
670 1594 769 1648 sub
800 1609 858 1649 se
890 1594 1100 1662 species
1129 1596 1369 1651 continet
1402 1614 1413 1648 ε
1450 1598 1657 1667 species
1691 1613 1822 1653 vero
1852 1607 2059 1654 tantum

466 1684 757 1740 individuis
812 1696 1023 1753 praeest.
1088 1687 1435 1742 Rationalitas
1489 1689 1633 1743 enim
1688 1696 1745 1744 et
1774 1688 2053 1745 hominem

468 1776 667 1831 claudit
692 1787 746 1832 et
776 1778 941 1832 Deum
970 1796 984 1832 :
1009 1779 1336 1850 quadrupes,
1364 1781 1814 1851 equum,bovem,
1842 1797 2055 1851 canem,

2164 574 2317 629 nales
2346 583 2493 641 sunt,
2524 583 2579 627 ut
2629 585 2844 642 semper
2884 585 3097 642 quoque
3143 569 3394 627 risibiles.
3441 570 3548 627 Sed
3593 571 3753 642 objfcf

2163 674 2373 734 poterat
2396 680 2500 719 non
2539 679 2753 732 semper
2775 677 2896 718 esse
2927 662 3172 731 bipedem
3201 661 3497 727 hominem,
3529 676 3649 716 cum
3682 662 3755 719 sit

2161 756 2314 827 bipes
2334 756 2653 822 differentia,
2686 756 2727 809 si
2757 755 2916 808 unius
2943 753 3094 824 pedis
3124 752 3451 823 perfectione
3480 761 3748 807 curtetur:

2162 863 2322 919 quam
2371 848 2461 903 tali
2513 846 2673 902 modo
2722 846 2981 902 solvimus
3031 844 3402 914 qumstionem.
3448 842 3667 913 Propria
3698 851 3755 899 et

2162 940 2478 996 differentia:
2506 957 2608 996 non
2639 944 2693 998 in
2721 957 2787 996 eo
2810 940 2947 1011 quod
2976 955 3189 1011 semper
3217 939 3534 1007 habeantur,
3569 938 3664 993 sed
3698 939 3752 992 in

2162 1045 2227 1086 eo
2256 1030 2396 1102 quod
2427 1045 2641 1103 semper
2679 1032 2994 1086 naturaliter
3033 1030 3217 1086 haberi
3250 1039 3493 1101 possunt,
3537 1042 3755 1099 Semper

2162 1120 2410 1175 dicuntur
2434 1121 2623 1177 adesse
2642 1121 2928 1191 (subjectis.
2951 1120 3007 1175 Si
3029 1118 3168 1175 enim
3186 1119 3307 1190 quis
3332 1127 3573 1174 curtetur
3593 1118 3751 1188 pede,

2162 1212 2290 1267 niltil
2318 1212 2509 1269 attinet
2531 1214 2596 1269 ad
2630 1225 2897 1280 naturam,
2935 1215 3072 1269 sicut
3103 1212 3233 1268 nihil
3265 1212 3329 1267 ad
3361 1211 3750 1268 detrahendum

2164 1308 2434 1376 proprium
2459 1308 2622 1369 valet.
2657 1307 2702 1362 si
2746 1310 2906 1362 homo
2937 1322 3041 1362 non
3071 1306 3275 1362 rideat.
3310 1304 3437 1361 Hmc
3469 1304 3610 1360 enim
3647 1318 3752 1359 non

2162 1400 2215 1454 in
2245 1413 2311 1455 eo
2334 1402 2478 1471 quod
2509 1399 2706 1464 adsint,
2739 1401 2832 1456 sed
2860 1399 2993 1456 ineo
3011 1399 3150 1470 quod
3184 1413 3279 1469 per
3305 1408 3547 1452 naturam
3564 1397 3754 1452 adesse

2163 1492 2392 1561 possint,
2422 1506 2636 1562 semper
2670 1493 2858 1547 adesse
2886 1490 3159 1546 dicuntur.
3211 1491 3388 1561 Ipsum
3430 1488 3575 1543 enirn
3604 1503 3753 1542 sem-

2163 1595 2259 1650 per
2288 1596 2394 1635 non
2437 1591 2559 1635 actu
2609 1595 2731 1637 esse
2782 1581 3029 1647 dicimus,
3086 1579 3181 1635 sed
3229 1588 3440 1634 natura.
3472 1577 3751 1648 Nunquam

2162 1674 2304 1729 enim
2339 1674 2451 1727 fieri
2485 1682 2681 1743 potest,
2717 1684 2772 1726 ιιι
2804 1668 2897 1743 per
2929 1682 3135 1726 natura;
3171 1669 3337 1741 ipsius
3369 1667 3751 1739 pr0prietatem

2164 1782 2269 1821 non
2311 1760 2528 1838 semper
2560 1768 2719 1821 homo
2751 1766 2905 1836 bipes
2935 1766 3028 1832 sit,
3059 1766 3218 1821 etiam
3265 1766 3309 1819 si
3352 1762 3465 1819 fieri
3499 1773 3673 1830 potest
3695 1771 3755 1818 nt

468 1876 522 1921 et
553 1877 742 1924 caetera
778 1888 790 1922 :
817 1869 976 1925 homo
1001 1886 1129 1926 vero
1157 1872 1269 1927 sola
1312 1871 1618 1939 individua;
1670 1881 1829 1943 atque
1860 1873 1912 1928 in
1940 1872 2059 1928 aliis

2167 1874 2272 1914 uno
2299 1859 2435 1928 pede
2464 1858 2547 1913 vel
2579 1858 2837 1913 ambobus
2883 1866 3149 1925 curtetur,
3194 1856 3277 1912 vel
3316 1856 3476 1911 etiam
3506 1855 3579 1911 si'
3600 1853 3755 1909 dimi-

466 1962 748 2029 speciebus
785 1962 972 2018 eadem
1004 1963 1142 2019 ratio
1171 1973 1272 2020 est.
1306 1962 1513 2021 Idcirco
1538 1964 1681 2020 enim
1712 1966 2059 2022 dilfinitiones

467 2066 680 2123 quoque
723 2064 920 2109 secutae
951 2066 1097 2121 sunt,
1139 2065 1199 2111 ut
1240 2055 1545 2113 differentia
1575 2069 1882 2127 vocaretur,
1918 2059 2058 2129 quod

467 2144 533 2198 tle
554 2145 794 2214 pluribus
820 2146 1001 2217 specie
1024 2147 1398 2205 differentibus
1422 2150 1476 2204 in
1508 2164 1575 2205 eo
1603 2149 1746 2220 quod
1795 2150 1954 2221 quale
1990 2152 2062 2207 sit

466 2235 787 2305 praedicetur
815 2255 827 2290 :
862 2239 1074 2307 Species
1104 2254 1234 2295 vero
1274 2240 1418 2310 quod
1461 2240 1527 2295 de
1556 2240 1801 2312 pluribus
1835 2257 2061 2297 numero

468 2326 839 2385 differentibus
877 2330 931 2385 in
972 2346 1038 2386 eo
1077 2332 1221 2402 quod
1252 2333 1379 2403 quid
1427 2333 1499 2388 sit
1544 2333 1887 2404 praedicetur.
1935 2334 2063 2391 ideo

467 2422 630 2477 etiam
678 2423 972 2493 superioris
1010 2432 1213 2481 natura}
1246 2434 1373 2482 sunt
1402 2426 1718 2484 differentia:
1745 2443 1903 2499 quam
1932 2442 2061 2499 spe~

467 2512 598 2577 cies,
626 2511 879 2584 quoniam
904 2515 1242 2574 continentes
1268 2528 1392 2573 sunt
1431 2519 1731 2589 specierum
1767 2536 1780 2573 :
1835 2534 1958 2574 nam
2009 2520 2058 2575 si

468 2606 587 2672 quis
612 2605 819 2661 auferat
842 2605 1225 2676 differentiam,
1250 2611 1486 2680 speciem
1519 2626 1731 2683 quoque
1756 2610 2064 2680 sustulerit,

467 2707 525 2751 ut
544 2699 589 2753 si
615 2699 736 2770 quis
756 2699 963 2757 auferat
986 2703 1459 2759 rationabilitatem
1486 2703 1761 2760 hominem
1786 2704 2063 2776 Deumque

467 2793 866 2861 consumpserit
899 2812 913 2851 :
946 2795 990 2850 si
1038 2795 1157 2865 quis
1188 2810 1319 2851 vero
1364 2795 1641 2853 hominem
1672 2796 1845 2862 tollat,
1890 2796 2061 2851 ratio-

470 2884 717 2939 nabilitas
754 2897 932 2943 manet
959 2888 1010 2942 in
1043 2889 1267 2959 reliquis
1293 2891 1577 2959 speciebus
1603 2889 1897 2945 constituta
1925 2906 1937 2940 :
1964 2887 2066 2958 igi-

467 2985 553 3033 tur
582 2979 896 3036 differentiae
924 2981 1127 3037 distant
1156 2998 1186 3037 a
1215 2985 1419 3054 specie,
1452 2982 1597 3054 quod
1628 2998 1730 3037 una
1753 2981 2059 3037 differentia

466 3071 649 3140 plures
679 3074 887 3142 species
932 3076 1212 3129 continere
1242 3085 1439 3144 potest,
1491 3075 1703 3145 species
1741 3090 1871 3131 vero
1912 3074 2062 3130 nullo

466 3163 647 3218 modo.
679 3164 797 3219 Alia
829 3180 1013 3219 rursus
1043 3175 1126 3221 est
1147 3164 1473 3233 differentia,
1508 3166 1761 3236 quoniam
1790 3182 1856 3222 ex
1886 3166 2059 3236 pluri-

468 3254 569 3309 bus
614 3253 934 3311 differentiis
981 3271 1082 3311 una
1135 3258 1345 3327 species
1388 3257 1671 3329 jungitur:
1721 3273 1791 3314 ex
1823 3258 2062 3329 pluribus

467 3360 599 3400 vero
627 3347 909 3417 speciebus
961 3348 1105 3403 nulla
1146 3350 1349 3420 speciei
1407 3350 1709 3407 substantia
1757 3350 2060 3422 copulatur.

468 3434 672 3491 Junctis
697 3437 839 3493 enim
876 3438 1194 3496 differentiis
1238 3442 1450 3496 mortali
1480 3457 1544 3497 ac
1594 3443 1838 3498 rationali
1889 3444 2062 3500 factus

468 3538 550 3583 cst
584 3528 778 3597 homo;
806 3532 1005 3601 junctis
1034 3547 1165 3589 vero
1195 3533 1482 3606 speciebus
1510 3534 1658 3589 nulla
1682 3551 1916 3607 unquam
1944 3552 2063 3608 spe-

468 3623 577 3678 cies
626 3623 962 3682 informatur.
994 3626 1147 3695 Quod
1185 3627 1232 3683 si
1264 3627 1383 3698 quis
1411 3638 1662 3684 occurrat
1702 3629 1887 3685 dicens
1924 3646 2064 3701 quo-

467 3713 609 3767 niam
641 3717 927 3785 permistus
953 3718 1107 3773 asino
1126 3731 1299 3789 equus
1328 3719 1495 3776 efficit
1524 3719 1753 3790 mulum,
1781 3735 1885 3777 non
1914 3731 2063 3778 recte

467 3806 680 3862 dixerit.
727 3809 999 3866 lndividua
1032 3814 1178 3868 enim
1210 3813 1498 3870 individuis
1535 3815 1742 3888 juncta,
1792 3818 2063 3873 individua

467 3911 652 3955 rursus
683 3900 787 3955 alia
833 3902 1056 3959 fortasse
1081 3904 1405 3976 perficiunt;
1441 3908 1555 3978 ipse
1582 3924 1714 3964 vero
1736 3924 1905 3979 equus
1935 3910 2065 3965 sim-

466 3991 697 4062 pliciter,
729 3993 783 4048 id
805 4006 907 4064 est,
941 3997 1341 4067 universaliter,
1365 4008 1420 4055 et
1448 4000 1631 4056 asinus
1655 4001 2059 4072 universaliter,

468 4098 641 4155 neque
665 4087 974 4157 permisceri
993 4100 1236 4159 possunt,
1262 4105 1439 4163 neque
1455 4092 1656 4161 aliquid
1677 4092 1721 4148 si
1738 4094 2074 4161 cogitatione

467 4176 815 4246 misceantur,
865 4180 1193 4238 efficiuntur.
1246 4182 1471 4240 Constat
1517 4186 1682 4256 igitur
1731 4187 2063 4243 differentias

467 4270 679 4339 quidem
713 4272 967 4343 plurimas
996 4276 1062 4328 ad
1095 4276 1253 4351 unius
1294 4277 1498 4348 speciei
1550 4278 1902 4333 substantiam
1930 4291 2062 4335 con-

468 4364 697 4421 venire:
748 4366 963 4437 'species
1001 4383 1133 4425 vero
1189 4362 1241 4425 in
1293 4370 1517 4427 alterius
1564 4371 1762 4442 speciei
1814 4381 2061 4428 naturam

468 4457 614 4511 nullo
645 4458 805 4513 modo
843 4475 1001 4529 posse
1026 4476 1347 4533 congruere.

542 4549 843 4618 lli/ferentia
865 4568 980 4607 vero
1005 4562 1052 4607 et
1082 4555 1343 4624 proprium
1364 4571 1633 4609 commune
1644 4555 1849 4626 quidem
1874 4556 2060 4611 habent

2166 1961 2297 2005 nuto
2326 1949 2459 2019 pede
2492 1957 2648 2003 natus
2673 1949 2744 2003 sit
2771 1964 2785 2014 ;
2823 1947 2874 2002 in
2919 1946 3002 2001 bis
3030 1947 3172 2002 enim
3201 1962 3308 2002 non
3354 1945 3548 2016 speciei
3596 1954 3756 2017 atque

2166 2039 2500 2107 substantiae,
2533 2040 2629 2095 sed
2662 2040 2896 2095 nascenti
2930 2038 3209 2095 individuo
3238 2038 3545 2110 derogatur.

2174 2156 2178 2160 -
2240 2133 2519 2205 Pmprium
2561 2143 2730 2188 autem
2771 2132 3075 2203 di/ferentite
3116 2141 3210 2202 est,
3242 2132 3380 2204 quod
3407 2132 3513 2187 licet:
3542 2148 3748 2203 quidem

2166 2226 2231 2279 de
2252 2224 2484 2297 pluribus
2519 2225 2783 2298 speciebus
2810 2225 2997 2278 dicitur
3024 2239 3179 2295 serpe,
3212 2232 3267 2279 ut
3294 2223 3548 2278 rationale
3577 2223 3640 2277 de
3659 2224 3754 2277 ho-

2167 2320 2304 2374 mine
2330 2330 2375 2374 et
2409 2320 2474 2374 de
2500 2317 2612 2375 Deo
2630 2337 2650 2375 :
2678 2320 2942 2392 proprium
2965 2335 3080 2373 vero
3108 2319 3172 2372 de
3192 2333 3295 2373 una
3316 2318 3428 2373 sola
3456 2318 3641 2387 specie,
3670 2333 3755 2372 εκ.

2158 2413 2252 2482 jus
2282 2420 2355 2465 est
2400 2412 2686 2483 proprium.
2720 2410 2976 2478 Amplius,
3011 2410 3301 2479 cii/ferentia
3346 2409 3449 2464 illis
3477 2418 3552 2464 est
3576 2426 3755 2464 conse-

2166 2517 2347 2571 quens,
2394 2518 2610 2572 quorum
2657 2505 2731 2557 est
2775 2502 3089 2571 di/ferentia,
3136 2503 3226 2558 sed
3268 2518 3368 2557 non
3407 2503 3754 2558 convertitur:

2166 2595 2377 2666 propria
2404 2610 2522 2649 vero
2548 2594 2831 2650 conversim
2852 2595 3199 2667 prtcdicantur
3218 2595 3281 2650 de
3307 2594 3388 2649 Itis
3409 2610 3625 2665 quorum
3642 2602 3757 2649 sunt

2169 2688 2403 2759 propria,
2438 2698 2644 2759 propter
2673 2688 2729 2741 id
2756 2688 2896 2758 quod
2921 2694 3307 2741 convertuntur.

2172 2812 2176 2816 Α
2217 2780 2387 2835 Distat
2400 2795 2428 2834 a
2446 2782 2663 2851 proprio
2676 2779 2972 2836 differentia
2990 2779 3111 2850 quia
3123 2778 3423 2835 differentia
3439 2779 3620 2850 plures
3639 2792 3758 2847 spe~

2167 2873 2280 2929 cies
2301 2872 2521 2940 claudit,
2537 2886 2600 2927 ac
2623 2874 2690 2929 de
2707 2872 2792 2927 bis
2822 2872 3072 2927 omnibus
3098 2871 3419 2942 praedicatur
3443 2874 3458 2923 Ξ
3481 2871 3757 2941 proprium

2168 2981 2297 3020 vero
2309 2966 2398 3021 uni
2418 2973 2620 3021 tantum
2640 2963 2836 3034 speciei
2850 2963 3195 3035 coniungitur
3211 2972 3371 3033 atque
3386 2960 3758 3034 sequetur.Ra-

2170 3056 2369 3113 tionale
2383 3055 2525 3112 enim
2541 3056 2609 3112 de
2623 3056 2844 3112 homine
2862 3044 3022 3128 atque
3042 3056 3110 3111 de
3123 3056 3235 3112 Deo
3254 3055 3605 3126 praedicatur:
3631 3068 3757 3126 qua.

2168 3149 2367 3222 drupes
2383 3166 2510 3206 vero
2527 3150 2595 3206 de
2610 3164 2751 3221 equo
2771 3159 2826 3206 et
2836 3150 3047 3207 caeteris
3062 3148 3497 3219 quadrupedibus
3515 3145 3759 3204 .Risibile

2093 3231 2138 3294 C
2172 3256 2303 3298 vero
2326 3258 2484 3298 unam
2511 3250 2715 3297 tantum
2743 3244 2975 3314 speciem
2991 3241 3253 3310 continet,
3276 3240 3329 3297 id
3351 3250 3436 3297 est
3456 3240 3760 3301 hominem;

2169 3338 2312 3394 unde
2325 3339 2383 3393 fit
2399 3347 2455 3392 ut
2470 3337 2773 3394 differentia
2790 3351 2904 3394 sem
2913 3353 3006 3408 per
3017 3336 3249 3408 speciem
3264 3345 3762 3408 conseqttatur,spe

2168 3435 2277 3489 cies
2292 3447 2419 3488 vero
2431 3431 2789 3487 differentiam
2804 3430 3042 3486 minime.
3056 3429 3471 3501 Propriumvero
3480 3442 3543 3484 ac
3554 3427 3763 3498 species

2167 3527 2390 3583 alternis
2420 3541 2541 3584 sese
2568 3529 2775 3584 Vtcibus
2804 3540 2955 3598 aequa
2992 3525 3372 3597 praedicatione
3400 3522 3761 3579 comitantur:

2166 3621 2319 3691 sequi
2351 3636 2479 3676 vero
2506 3620 2704 3677 dicitur
2738 3618 2963 3690 aliquid,
2993 3617 3207 3690 quando
3236 3615 3472 3687 qualibet
3512 3628 3574 3671 re
3596 3614 3597 3617 “
3616 3614 3763 3684 prius

2167 3715 2461 3781 nominata,
2506 3712 2771 3784 posterius
2809 3711 3013 3783 reliqua
3047 3710 3299 3766 convenit
3338 3706 3674 3778 nuncupari:
3707 3714 3763 3762 ut

2168 3806 2214 3861 si
2241 3807 2437 3874 dicam,
2477 3809 2652 3861 omnis
2691 3806 2853 3861 homo
2887 3804 3221 3862 rationabilis
3251 3813 3353 3870 est,
3393 3804 3541 3876 prius
3582 3802 3762 3858 homi-

2167 3916 2314 3968 nem,
2350 3900 2615 3971 posterius
2636 3898 2993 3956 differentiam
3024 3900 3213 3971 posui;
3241 3899 3485 3970 sequitur
3504 3912 3634 3968 ergo
3659 3895 3761 3951 dif-

2166 3992 2390 4047 ferentia
2412 3991 2670 4062 speciem.
2702 3993 2771 4047 At
2790 3991 2834 4046 si
2859 4000 3166 4047 convertam
3196 3991 3411 4047 nomina
3438 3989 3757 4061 dicamque:

2166 4085 2339 4141 Omne
2357 4083 2677 4141 rationabile
2698 4084 2860 4139 homo
2888 4093 2993 4151 est,
3026 4083 3324 4156 propositio
3355 4098 3461 4138 non
3492 4091 3643 4138 tenet
3667 4096 3758 4137 ve-

2165 4180 2410 4244 ritatem;
2465 4177 2626 4248 igitur
2671 4178 2879 4248 species
2943 4177 3090 4233 nulla
3144 4178 3355 4232 ratione
3400 4174 3757 4231 differentiam

2164 4269 2489 4327 comitatur:
2531 4269 2807 4341 pr0prium
2840 4283 2966 4325 vero
2991 4277 3048 4325 et
3090 4267 3323 4340 species,
3362 4268 3487 4339 quia
3517 4266 3761 4323 converti

2167 4375 2414 4435 possunt,
2443 4371 2634 4419 mutuo
2667 4379 2725 4419 se
2755 4372 3087 4435 sequuntur:
3121 4372 3179 4419 ut
3204 4362 3378 4419 omnis
3399 4362 3563 4418 homo
3582 4360 3762 4417 risibi-
3856 4374 3869 4379 ·

2166 4459 2255 4529 lis,
2290 4468 2344 4515 et
2371 4466 2531 4514 omne
2559 4456 2766 4513 risibile
2791 4456 2971 4513 homo.

2239 4550 2564 4620 Di/ferentiaz
2586 4559 2753 4605 autem
2794 4560 2843 4604 et
2876 4549 3126 4606 accidenti
3153 4564 3420 4605 commune
3455 4548 3663 4619 quidem
3693 4556 3764 4603 est

469 4644 736 4714 aequaliter
789 4647 1095 4718 participari
1144 4648 1207 4701 ab
1254 4648 1319 4704 iis
1340 4664 1458 4720 qua:
1499 4664 1675 4704 eorum
1702 4651 2011 4723 participant
2037 4669 2059 4709 :
2089 4629 2143 4689 Ῑ)
2166 4648 2231 4703 de
2269 4646 2501 4718 pluribus
2534 4644 2639 4698 dici
2664 4658 2684 4698 :
2712 4657 2979 4699 commune
3005 4658 3123 4699 vero
3152 4644 3221 4697 ad
3257 4659 3316 4697 ea
3342 4657 3458 4714 qua
3479 4649 3600 4696 sunt
3626 4641 3766 4695 inse-

467 4737 728 4806 rcqnaliter
754 4738 885 4791 enim
907 4739 1203 4807 rationalia,
1234 4740 1513 4794 rationalia
1537 4750 1691 4807 sunt;
1720 4752 1769 4796 et
1808 4743 2024 4797 risibilia
2042 4784 2067 4811 ι

466 4826 705 4882 risibilia.
736 4828 761 4881 Ι
770 4838 870 4881 tem
894 4845 1094 4901 semper
1138 4840 1185 4885 et
1212 4835 1351 4886 omni
1375 4832 1553 4887 adesse
1576 4849 1842 4889 commune
1862 4835 2065 4907 utrique

467 4928 541 4970 cst
573 4935 589 4971 :
624 4919 668 4973 si
694 4921 826 4974 enim
845 4931 1074 4976 cnrtetur
1092 4924 1180 4993 qui
1194 4923 1331 4995 bipes
1351 4934 1447 4992 est,
1475 4936 1644 4980 tamen
1668 4928 1723 4981 id
1732 4928 1800 4982 ad
1820 4930 1959 4998 quod
1972 4946 2066 4984 na-

469 5021 575 5063 tum
593 5020 666 5064 est
687 5028 883 5082 semper
904 5015 1237 5085 praedicatur,
1264 5032 1384 5071 nam
1396 5026 1444 5071 et
1464 5018 1659 5074 risibile
1677 5020 1745 5074 ad
1762 5019 1816 5074 id
1831 5022 1969 5089 quod
1982 5038 2071 5076 na-

468 5111 573 5155 tnnt
589 5112 867 5175 estsemper
879 5106 1090 5173 dicitur,
1106 5108 1196 5162 sed
1218 5123 1321 5162 non
1350 5109 1402 5163 in
1430 5125 1491 5165 eo
1514 5109 1650 5180 quod
1661 5126 1860 5182 semper
1880 5114 2061 5171 rideat.

540 5193 691 5250 Nunc
729 5195 1042 5251 differentias
1089 5192 1398 5270 propriique
1448 5202 1756 5256 communia
1806 5204 2057 5257 continua

467 5287 714 5342 oratione
744 5289 1103 5360 prosequitur.
1128 5291 1423 5351 Commune
1450 5296 1595 5351 enim
1626 5297 1753 5352 dicit
1788 5311 1909 5353 esse
1940 5312 2065 5368 pro-

468 5379 582 5446 prio
626 5393 689 5433 ac
736 5377 1070 5448 differentiae,
1126 5383 1267 5452 quod
1316 5386 1593 5455 aequaliter
1638 5388 2056 5458 participantur;

466 5481 619 5535 :cque
664 5468 808 5523 enim
839 5486 1028 5527 omnes
1081 5472 1330 5529 homines
1375 5475 1669 5532 rationales
1718 5488 1860 5545 sunt,
1906 5494 2060 5549 teque

469 5558 695 5616 risibiles
724 5578 739 5616 :
772 5562 923 5630 illud,
969 5565 1093 5635 quia
1138 5565 1491 5622 substantiam
1547 5578 1838 5634 monstrat;
1895 5570 2058 5636 istud,

468 5650 592 5717 quia
622 5662 705 5707 est
732 5669 943 5726 aequum
984 5660 1214 5728 propria:
1251 5658 1470 5728 speciei,
1503 5670 1556 5714 et
1601 5661 1897 5729 subjectum
1942 5678 2061 5733 spe-

468 5739 605 5794 ciem
656 5758 760 5798 non
791 5746 1063 5817 relinquit.
1104 5749 1266 5805 Aliud
1305 5749 1467 5805 etiam
1502 5750 1583 5804 bis
1612 5767 1899 5808 commune
1929 5755 2056 5809 sub-

463 5832 637 5901 .llmttil
670 5853 685 5902 ;
733 5839 1009 5904 mqualiter
1047 5843 1193 5901 enim
1225 5843 1530 5904 differentia
1562 5860 1776 5916 semper
1802 5846 2061 5917 subjectis

2166 4738 2423 4813 parabilia
2450 4735 2735 4790 accidentia
2775 4746 2974 4810 semper
3009 4746 3056 4791 et
3090 4738 3324 4792 omnibus
3368 4724 3545 4791 adesse
3584 4752 3603 4791 :
3628 4735 3767 4807 bipes

2169 4836 2305 4890 enim
2348 4845 2547 4902 semper
2591 4830 2736 4885 adest
2772 4841 2819 4887 et
2866 4831 3101 4887 omnibus
3138 4831 3322 4900 corvis,
3364 4839 3409 4886 et
3453 4831 3657 4903 nigrum
3702 4830 3769 4883 si-

2171 4926 2377 4979 militer.
2985 4963 2992 4970 .

2248 5017 2365 5070 Duo
2408 5015 2627 5087 quidem
2671 5013 2993 5072 differetftire
3035 5024 3091 5072 et
3131 5015 3425 5073 accidentis
3462 5029 3771 5074 communia

2147 5109 2450 5181 ~proponit,
2483 5125 2712 5181 quorum
2738 5125 2905 5166 unum
2942 5110 3391 5181 inseparabilibus
3415 5120 3471 5166 et
3494 5110 3771 5181 separabi-

2174 5202 2315 5257 libus
2369 5202 2732 5258 accidentibus
2785 5218 2907 5259 cum
2966 5202 3264 5260 differentia
3310 5212 3597 5259 commune
3648 5213 3771 5258 est:

2172 5294 2242 5350 ab
2268 5295 2438 5350 altero
2471 5310 2601 5352 vero
2641 5297 2945 5367 separabile
2976 5297 3225 5353 accidens
3261 5306 3589 5367 segregatur.
3628 5295 3772 5351 Tan-

2174 5394 2285 5441 tum
2308 5402 2438 5443 vero
2478 5388 2835 5459 inseparabile
2872 5389 3106 5445 secunda
3140 5389 3521 5444 communione
3559 5388 3773 5443 claudi-

2171 5487 2281 5535 tur.
2318 5480 2413 5535 Est
2443 5479 2586 5536 enim
2610 5494 2895 5537 commune
2916 5481 3232 5537 differentia:
3255 5495 3377 5537 cum
3406 5480 3658 5536 omnibus
3682 5495 3775 5535 πη

2173 5572 2480 5628 cidentibus
2510 5572 2578 5629 de
2607 5573 2851 5643 pluribus
2879 5573 3161 5646 praedicari
3189 5592 3199 5626 :
3225 5588 3347 5629 nam
3371 5583 3426 5627 et
3447 5571 3774 5644 separabilia

2174 5675 2229 5719 ut
2262 5663 2638 5735 inseparabilis
2681 5666 2977 5722 accidentia
3006 5668 3145 5723 sicut
3175 5666 3475 5723 differentia
3503 5666 3571 5721 de
3604 5666 3776 5736 pluris

2171 5755 2273 5811 bus
2297 5758 2578 5827 speciebus
2601 5768 2654 5814 et
2682 5758 2970 5815 individuis
3003 5760 3364 5830 prmdicantur
3391 5777 3402 5812 :
3436 5770 3493 5816 ut
3520 5757 3673 5828 bipes
3705 5758 3775 5814 de

2161 5862 2338 5935 ‘con'u
2370 5859 2527 5922 atque
2554 5864 2727 5923 cygno
2772 5860 3130 5926 nuncupatur,
3172 5863 3225 5911 et
3257 5853 3323 5911 de
3365 5852 3447 5910 his
3478 5851 3529 5908 in
3554 5850 3774 5913 lividuls
