4106 6336
319 331 422 384 ίόὅ

1165 315 1228 370 ΙΝ
1270 307 1714 368 PORPIIYRIUM
1756 304 2401 364 COMMENTARIORUH
2444 303 2571 359 LIB.
2617 302 2675 361 V.

3507 296 3600 350 134

322 460 443 520 quae
476 442 575 500 sub
597 452 762 498 corvo
792 445 846 493 et
874 449 1044 508 cygno
1073 443 1219 488 sunt.
1273 431 1400 486 Item
1429 428 1496 485 de
1523 427 1710 484 eodem
1743 440 1906 481 corvo
2011 436 2109 477 nec
2142 420 2355 490 proprie
2383 415 2706 474 universalia
2746 411 2995 468 dicuntur
3033 407 3349 476 accidentia,
3377 421 3505 512 cum
3530 408 3599 464 de

319 517 478 608 atque
498 548 671 605 cygno
694 531 874 586 album
900 539 954 583 et
985 528 1217 597 nigrum,
1244 540 1362 594 quin
1381 530 1505 577 sunt
1534 517 1905 591 inseparabilis

319 626 636 695 accidentia,
693 622 1069 695 praedicantur.
1117 617 1405 673 Ambulare
1447 615 1589 670 enim
1617 613 1702 668 vel
1743 620 1909 679 stare,

318 722 556 776 dormire
585 735 646 773 ac
672 716 897 786 vigilare
926 715 992 768 de
1022 711 1225 768 eisdem
1252 710 1501 773 dicimus,
1530 723 1649 778 quae
1677 716 1801 762 sunt
1823 721 1913 760 ac-

319 813 555 869 cidentia
611 807 930 880 separabilia
968 824 981 860 :
1028 805 1232 874 reliqua
1278 818 1408 858 vero
1445 801 1805 856 communitas
1850 812 1911 853 ea

321 914 524 964 tantum
548 901 844 957 accidentia
874 897 1086 953 videtur
1113 897 1388 952 includere
1409 910 1527 964 qua:
1555 901 1677 948 sunt
1704 892 1916 960 insepa-

324 1001 546 1055 rabilia:
582 1013 703 1051 nam
742 995 879 1049 sicut
912 991 1212 1048 differentia
1255 1005 1469 1059 semper
1497 987 1751 1057 subjectis
1790 999 1915 1054 spe-

325 1093 513 1148 ciebus
536 1089 879 1151 adhmrescit,
909 1089 981 1141 ita
1009 1087 1170 1142 etiam
1211 1083 1582 1154 inseparabilis
1622 1078 1916 1136 accidentia

325 1200 598 1254 nunquam
622 1182 874 1236 videntur
889 1180 1141 1234 deserere
1165 1177 1464 1247 subjectum
1489 1193 1502 1229 :
1528 1183 1585 1230 ut
1601 1175 1743 1229 enim
1769 1171 1918 1241 bip'es

327 1278 466 1348 quod
495 1287 576 1331 est
604 1273 927 1337 differentia,
960 1285 1230 1340 nunquam
1255 1283 1535 1324 corvorum
1564 1267 1796 1335 speciem
1828 1263 1921 1318 de-

326 1366 606 1437 relinqnit,
644 1367 714 1418 ita
746 1379 846 1419 nec
872 1363 1078 1432 nigrum
1107 1359 1251 1430 quod
1279 1359 1530 1413 accidens
1562 1353 1919 1424 inseparabile

327 1471 410 1516 est
436 1478 447 1513 :
479 1457 780 1514 ditierenti‘a
801 1471 927 1510 vero
951 1454 1154 1509 idcirco
1183 1466 1292 1506 non
1317 1450 1575 1519 relinquit
1595 1447 1916 1516 subjectum,

329 1554 586 1624 quoniam
611 1551 730 1620 ejus
761 1547 1119 1605 substantiam
1149 1546 1383 1616 complet
1416 1559 1480 1598 ac
1512 1542 1749 1612 perlicit;
1782 1540 1921 1594 acci-

331 1650 467 1700 dens
497 1659 626 1699 vero
653 1643 955 1712 bujusmodi
982 1649 1087 1708 est,
1131 1640 1256 1718 quia
1293 1654 1398 1694 non
1442 1646 1617 1708 potest
1657 1634 1920 1706 separari,

336 1751 513 1805 neque
543 1734 683 1789 enim
709 1743 883 1803 posset
904 1746 1025 1786 esse
1048 1731 1297 1786 accidens
1324 1727 1702 1800 inseparabile,
1727 1725 1918 1781 sisub-

334 1830 534 1898 jcctum
559 1826 842 1897 aliquando
870 1825 1213 1895 relinqueret.

411 1920 669 1988 Di/ferunt
701 1927 866 1972 autem
891 1901 1027 1988 quod
1071 1915 1362 1984 differentia
1393 1913 1596 1984 quidem
1626 1913 1848 1966 continet
1873 1917 1920 1964 et

335 2032 448 2080 non,
471 2016 793 2068 continetur:
826 2012 1047 2067 continet
1075 2012 1208 2065 enim
1240 2010 1569 2064 rationalitas
1595 2008 1852 2062 hominem
1879 2017 1928 2061 et

336 2108 534 2174 Deum;
565 2109 848 2163 accidentia
877 2123 992 2161 vero
1012 2106 1388 2176 quodammodo
1410 2106 1689 2172 continent,
1712 2119 1770 2158 eo
1790 2104 1928 2174 quod

336 2205 389 2256 in
414 2201 645 2273 pluribus
675 2211 814 2265 sunt,
843 2209 890 2254 et
915 2199 1298 2269 quodammodo
1328 2198 1671 2262 continentur,
1700 2212 1757 2250 eo
1791 2195 1930 2266 quod

337 2311 441 2349 non
476 2297 629 2348 unius
673 2294 952 2348 accidentis
990 2292 1340 2362 susceptibilia
1388 2301 1507 2346 sunt
1544 2292 1793 2362 subjecta,
1836 2289 1929 2343 sed

335 2388 700 2456 plurimorum.
727 2384 796 2439 Et
823 2385 1116 2454 di/ferentia
1143 2385 1349 2455 quidem
1394 2383 1749 2438 inintensibilis
1781 2393 1853 2438 est
1883 2393 1931 2438 et

335 2480 699 2535 irremissibilis
724 2496 741 2533 :
765 2481 1047 2534 accidentia
1069 2495 1185 2534 vero
1207 2480 1377 2532 minus
1396 2487 1442 2533 ει
1468 2478 1632 2550 magis
1654 2479 1927 2547 recipiunt.

339 2576 592 2645 Amplius,
625 2575 956 2644 impermista:
981 2583 1100 2628 sunt
1134 2572 1340 2644 quidem
1387 2573 1659 2626 contraria:
1691 2570 1933 2639 differan-

339 2668 446 2731 tiw,
496 2667 770 2719 miscentur
810 2681 924 2718 vero
964 2665 1223 2734 contraria
1261 2662 1564 2716 accidentia.
1612 2660 1934 2733 Hnjusmodi

339 2758 545 2828 quidem
573 2758 950 2810 communiones
973 2765 1018 2811 ει
1048 2756 1380 2828 proprietates
1410 2754 1714 2821 di/ferentia:
1757 2761 1806 2807 et
1836 2768 1935 2807 cte-

337 2861 565 2904 terorum
599 2860 716 2903 sunt
744 2863 762 2903 :
788 2849 977 2920 species
1007 2865 1120 2902 vero
1148 2865 1248 2919 quo
1282 2848 1488 2918 quidem
1518 2845 1728 2911 di/I'erat
1772 2862 1804 2898 a
1851 2860 1936 2917 ge-

341 2958 459 2996 nere
487 2951 532 2996 et
569 2941 880 3007 differentia,
919 2942 1110 2994 dictum
1141 2950 1212 2994 est
1255 2940 1460 3010 quando
1503 2939 1792 2992 dicebamus
1836 2954 1938 3004 quo

345 3048 506 3102 genus
537 3042 581 3086 et
604 3031 895 3099 di/ferentia
917 3030 1123 3099 differat
1155 3048 1186 3084 a
1213 3031 1429 3095 cazteris,
1462 3029 1713 3099 reliquum
1743 3038 1818 3084 est
1837 3045 1937 3099 quo

345 3121 547 3188 diﬂ'erat
577 3138 606 3174 a
638 3122 848 3190 praprio
875 3130 922 3174 et
950 3121 1204 3175 accidenti
1225 3121 1414 3187 dicere.

2016 511 2298 583 Speciebus
2319 511 2555 581 pluribus
2578 508 2826 563 dicuntur
2853 523 2864 556 :
2890 505 3204 560 diilerentia:
3219 517 3345 557 vero
3369 502 3602 556 maxime

2016 604 2266 658 dicuntur
2294 591 2618 657 universalia
2649 610 2701 657 et
2733 598 2968 670 preprie.
3014 598 3141 666 Quae
3169 597 3310 652 enim
3347 609 3604 666 quorum-

2019 699 2150 754 libet
2180 697 2500 752 universalia
2530 703 2676 761 sunt,
2707 709 2767 748 ea
2802 705 3022 748 necesse
3051 700 3135 745 est
3163 705 3346 744 eorum
3374 702 3604 758 quorum

2018 802 2144 848 sunt
2163 791 2485 848 universalia
2501 790 2659 845 etiam
2677 787 3025 842 substantiam
3044 787 3457 853 continere;quo
3475 783 3533 835 tit
3549 789 3607 836 ut

2019 887 2142 957 quia
2191 885 2548 940 substantiam
2593 882 2911 937 dill‘erentia:
2939 888 3260 944 monstrant,
3306 875 3608 931 intensione

2020 992 2082 1030 ac
2113 977 2431 1031 remissione
2461 982 2698 1039 careant,
2738 986 2841 1025 una
2870 971 3012 1025 enim
3043 985 3267 1040 quaeque
3311 968 3608 1022 substantia

2023 1082 2198 1138 neque
2231 1053 2476 1122 contrahi
2509 1080 2682 1135 neque
2713 1063 2911 1119 remitti
2954 1072 3146 1132 potest.
3199 1063 3267 1116 At
3313 1074 3439 1115 vero
3469 1058 3609 1112 ιιεεὶ-

2023 1160 2203 1234 dentia
2263 1159 2515 1228 quoniam
2567 1157 2764 1212 nullam
2813 1154 3251 1210 constitutionem
3297 1151 3610 1207 substantia:

2022 1252 2342 1321 proﬁtentur
2369 1251 2673 1305 intensione
2700 1257 2968 1313 crescunt,
2998 1259 3049 1301 et
3081 1245 3397 1301 remissione
3424 1245 3622 1300 decres

2023 1352 2202 1397 scunt.
2238 1343 2326 1396 llla
2359 1357 2572 1413 quoque
2605 1357 2791 1396 eorum
2823 1351 2904 1395 est
2937 1339 3257 1404 diderentia,
3290 1339 3430 1408 quod
3461 1336 3612 1393 diﬂ'e-

2024 1439 2196 1492 rentia
2230 1435 2518 1491 contraria:
2561 1435 2893 1505 permisceri,
2932 1443 2986 1488 ut
3026 1448 3090 1486 ex
3128 1434 3207 1486 eis
3250 1431 3342 1486 liat
3388 1432 3610 1501 aliquid,

2026 1548 2132 1585 non
2174 1539 2378 1602 queunt
2408 1547 2422 1584 :
2468 1529 2765 1586 accidentia
2794 1543 2922 1583 vero
2947 1526 3240 1592 contraria,
3278 1534 3331 1580 et
3365 1526 3611 1595 quaedam

2024 1625 2286 1680 medietas
2317 1641 2381 1680 ex
2403 1625 2664 1679 alterutra
2686 1622 3068 1679 centrarietate
3095 1619 3510 1690 conjunguntur.
3536 1618 3615 1675 Et

2028 1717 2331 1771 rationabili
2359 1717 2501 1771 enim
2537 1723 2592 1772 et
2623 1715 2980 1769 irrationabili
3011 1713 3144 1767 nihil
3185 1713 3240 1767 in
3266 1726 3428 1766 unum
3468 1709 3614 1780 jungi

1956 1830 2004 1891 Β
2035 1820 2246 1879 potest:
2285 1827 2349 1866 ex
2391 1811 2514 1865 albo
2543 1826 2671 1864 vero
2709 1819 2763 1864 et
2811 1811 2963 1878 nigro
2996 1807 3296 1877 conjunctis
3327 1805 3384 1859 ﬁt
3425 1803 3616 1873 aliquis

2034 1903 2240 1958 medius
2271 1904 2439 1956 color.
2471 1903 2746 1971 Expositis
2793 1901 2952 1970 igitur
2992 1899 3262 1954 distantiis
3306 1895 3617 1952 diﬂ‘ercntiat

2031 1996 2097 2050 ad
2121 2006 2338 2060 cancro,
2374 2004 2541 2049 restat
2560 1995 2628 2048 de
2647 1995 2826 2063 Specie
2849 1995 3048 2057 dicere,
3080 1991 3234 2061 cujus
3262 1990 3474 2060 quidem
3516 1986 3617 2042 dif-

2033 2088 2284 2143 l‘erentias
2314 2087 2380 2140 ad
2424 2102 2591 2156 genus
2625 2099 2751 2140 ante
2793 2088 3128 2155 collegimus,
3160 2099 3280 2138 cum
3309 2082 3521 2153 generis
3551 2081 3616 2135 ad

2031 2181 2267 2249 speticm
2297 2179 2628 2234 diilerentias
2657 2179 2992 2245 dicebamus,
3022 2176 3268 2246 ejusdem
3299 2177 3464 2231 etiam
3491 2188 3618 2244 spe-

2032 2273 2132 2327 ciei
2164 2273 2446 2328 distantias
2475 2273 2541 2326 ad
2570 2272 2929 2327 diil‘erentiam
2953 2273 3347 2334 diximus,cum
3369 2267 3621 2323 diﬂ'eren»

2035 2367 2119 2418 tia:
2133 2366 2197 2419 ad
2220 2367 2456 2436 speciem
2479 2365 2946 2421 dissimilitudines
2968 2365 3420 2420 monstrabainus.
3437 2362 3622 2418 ltestat

2035 2459 2194 2528 igitur
2221 2460 2459 2529 speciem
2491 2460 2707 2530 proprio
2727 2471 2782 2514 et
2809 2459 3074 2514 accidenti
3093 2456 3467 2513 communione
3495 2468 3622 2509 con-

2030 2553 2279 2623 jnngere,
2315 2564 2424 2606 tum
2453 2551 2772 2606 diﬂ’erentiis
2800 2566 3104 2622 segregare.

2111 2644 2309 2713 Speciei
2343 2659 2458 2696 vero
2483 2652 2531 2697 et
2564 2644 2760 2713 proprii
2800 2658 3067 2696 commune
3113 2651 3186 2696 est
3226 2641 3429 2712 quidem
3470 2638 3533 2692 de
3573 2653 3626 2694 sc

2039 2738 2254 2790 invicem
2277 2735 2578 2807 pra’dicari,
2600 2751 2719 2787 nunt
2751 2735 2795 2788 si
2835 2736 2986 2788 homo
3015 2745 3110 2802 εει,
3141 2735 3335 2788 risibile
3361 2743 3474 2796 est;
3501 2748 3559 2785 ac
3582 2731 3628 2784 si

2039 2828 2253 2895 risibilc,
2279 2828 2432 2882 homo
2454 2841 2473 2880 :
2500 2828 2692 2880 risibile
2719 2843 2834 2881 vero
2869 2827 3146 2880 secundum
3187 2827 3242 2878 id
3283 2824 3420 2894 quod
3455 2832 3628 2875 natum

2042 2934 2110 2977 εει
2139 2923 2307 2976 ridere
2337 2923 2523 2988 accipi,
2563 2937 2696 2991 sazpe
2726 2924 2842 2992 jam
2875 2921 3068 2973 dictum
3105 2926 3200 2996 est.
3234 2917 3513 2971 Commune
3557 2923 3629 2968 est

2043 3032 2238 3084 quoque
2271 3015 2538 3086 wqualiter
2574 3015 2875 3085 participari
2908 3029 2927 3067 :
2976 3013 3238 3086 wqualiter
3287 3013 3419 3064 enim
3465 3010 3631 3062 insunt

2043 3114 2233 3184 species
2276 3113 2352 3164 Itis
2382 3126 2494 3180 qua:
2520 3126 2692 3164 eorum
2734 3112 3065 3180 participant,
3099 3118 3144 3162 ει
3181 3106 3392 3176 propria
3418 3119 3633 3176 quorum

419 3217 548 3268 t’ost
576 3211 894 3268 differentiae
915 3221 970 3268 et
996 3214 1290 3269 accidentis
1319 3214 1554 3270 redditas
1579 3215 1939 3272 communita-
1964 3219 2012 3281 C
2042 3214 2160 3258 δαηι
2190 3206 2418 3276 Propriu-

345 3314 451 3370 tes,
482 3319 624 3359 nunc
653 3304 720 3359 de
755 3318 941 3360 eorum
981 3304 1299 3361 dill‘erentiis
1348 3314 1563 3373 tractat,
1608 3322 1671 3363 ac
1707 3309 1938 3377 primum

348 3398 563 3469 quidem
622 3398 780 3455 talem
828 3401 1109 3470 proponit:
1147 3399 1454 3456 Diiferentia
1507 3401 1703 3465 omnis,
1747 3402 1940 3472 inquit,

349 3489 584 3558 speciem
614 3492 872 3545 cantinet.
894 3490 1304 3545 Rationabilitas
1331 3493 1475 3547 enim
1499 3492 1742 3547 continet
1764 3492 1938 3548 homi-

351 3597 498 3647 nem,
528 3583 782 3650 quoniam
831 3583 950 3653 plus
990 3583 1384 3638 rationabilitas
1413 3599 1571 3654 quam
1607 3584 1838 3653 species,
1888 3583 1943 3638 id

352 3684 436 3730 est
459 3674 639 3741 homo,
670 3677 1019 3744 prmdicatur:
1045 3691 1396 3746 supergressa
1423 3678 1567 3732 enim
1593 3678 1945 3732 substantiam

353 3766 582 3821 hominis
616 3767 668 3820 in
698 3767 862 3822 Deum
893 3784 1060 3839 usque
1086 3769 1423 3824 dill'unditur.
1457 3770 1770 3825 Accidentia
1815 3785 1946 3826 vero

353 3860 641 3929 aliquando
670 3861 887 3931 quidem
920 3864 1224 3927 continent;
1253 3863 1542 3932 aliquando
1580 3864 1946 3919 continentur.

355 3951 647 4007 Continent
690 3955 931 4022 qaidem,
987 3955 1109 4025 quia
1160 3955 1439 4025 quodlibet
1484 3971 1647 4011 unum
1700 3957 1950 4012 accidens

356 4045 638 4112 speciebus
665 4049 856 4100 adesse
888 4045 1130 4115 pluribus
1160 4047 1459 4112 consuevit,
1494 4055 1550 4100 ut
1579 4047 1754 4102 album
1779 4063 1951 4118 cygno

359 4145 414 4189 et
442 4136 637 4204 lapidi:
673 4145 731 4190 ut
757 4138 966 4207 nigrum
997 4152 1161 4193 corvo
1203 4146 1257 4192 et
1298 4137 1542 4206 IEtbiopi
1572 4148 1733 4208 atque
1756 4138 1951 4193 ebeno.

360 4229 712 4284 Continentur
739 4246 890 4299 vero,
915 4231 1166 4299 quoniam
1193 4233 1343 4302 plura
1373 4232 1668 4287 accidentia
1695 4233 1784 4287 uni
1811 4232 1954 4289 acci-

361 4319 491 4374 dunt
524 4323 742 4389 speciei,
766 4332 822 4377 ut
845 4324 1089 4378 videatur
1115 4325 1204 4380 illa
1232 4325 1442 4394 species
1475 4325 1627 4396 plura
1658 4325 1954 4381 accidentia

361 4413 676 4469 continere:
710 4431 828 4470 cum
855 4417 998 4471 enim
1046 4416 1289 4488 [Ethiopi
1337 4418 1532 4474 accidit
1578 4429 1630 4472 ut
1681 4420 1752 4474 sit
1771 4419 1943 4490 niger,

366 4505 559 4559 accidit
588 4515 643 4560 ut
665 4507 735 4560 sit
764 4508 953 4577 simus,
988 4517 1045 4564 ut
1078 4509 1311 4580 crispus,
1345 4527 1463 4582 qua:
1493 4521 1681 4566 cuncta
1706 4512 1957 4567 acciden-

2117 3299 2437 3364 Connnune,
2463 3297 2656 3366 inquit,
2689 3297 2888 3352 habent
2921 3310 3193 3367 proprium
3237 3302 3394 3362 atque
3432 3291 3636 3362 species

2045 3390 2112 3446 ad
2145 3392 2320 3461 scipsa
2345 3390 2759 3461 praedicationes
2786 3390 2983 3446 habere
3007 3403 3316 3445 conversas.
3343 3387 3472 3442 Nam
3501 3387 3636 3445 sicut

2047 3484 2257 3553 species
2286 3483 2352 3538 de
2376 3484 2613 3553 proprio,
2638 3485 2708 3538 ita
2742 3485 3018 3554 proprium
3057 3483 3125 3537 de
3171 3485 3350 3551 specie
3381 3479 3638 3548 praedicao

2050 3585 2134 3629 tur
2161 3593 2172 3626 :
2208 3591 2329 3630 nam
2355 3585 2411 3629 ut
2436 3585 2519 3630 est
2549 3578 2709 3629 homo
2740 3575 2981 3642 risibilis,
3007 3576 3074 3628 ita
3102 3584 3186 3628 εει
3211 3571 3414 3626 risibile
3441 3571 3638 3634 homo;

2051 3668 2213 3738 idque
2238 3669 2348 3738 jam
2381 3669 2624 3738 superius
2664 3669 2863 3723 dictum
2893 3682 3013 3723 esse
3050 3673 3457 3731 commemorat,
3492 3665 3639 3732 cujus

2051 3763 2449 3817 communitatis
2472 3763 2733 3817 rationem
2756 3762 2956 3829 subdit,
2982 3777 3100 3818 eam
3121 3761 3329 3816 scilicet
3342 3775 3445 3831 qua
3468 3774 3640 3830 requa-

2054 3858 2172 3911 Iiter
2225 3858 2437 3926 species
2486 3857 2772 3911 individuis
2819 3857 3224 3928 participantur,
3270 3857 3409 3911 sicut
3453 3855 3642 3911 eadem

2056 3953 2274 4021 propria
2318 3951 2400 4007 his
2429 3967 2655 4022 quorum
2682 3960 2808 4007 sunt
2839 3955 3087 4022 propria:
3115 3965 3234 4020 qua:
3262 3950 3398 4004 ratio
3431 3963 3538 4003 non
3568 3949 3643 4002 vi-

2057 4042 2216 4097 detur
2239 4045 2303 4097 ad
2336 4047 2746 4100 conversionem
2791 4047 3188 4115 pra-dicationis
3220 4043 3644 4109 accommodata,

2057 4135 2152 4190 sed
2188 4140 2362 4204 potius
2392 4139 2458 4190 ad
2493 4137 2636 4191 illam
2681 4138 2841 4190 aliain
2888 4136 3317 4202 similitudinem,
3348 4137 3469 4206 quia
3512 4117 3646 4192 sicu't

2061 4229 2271 4297 species
2327 4231 2609 4298 a-qualitcr
2649 4231 2716 4284 ab
2765 4229 3060 4283 individuis
3104 4230 3523 4299 participantur,
3581 4229 3648 4282 ita

2062 4324 2220 4378 etiam
2256 4323 2504 4394 propria;
2535 4337 2685 4392 mque
2706 4323 2848 4377 enim
2873 4323 3124 4378 Socrates
3153 4333 3208 4378 et
3233 4323 3382 4378 Plato
3407 4322 3649 4376 homines

2062 4425 2207 4481 sunt,
2258 4417 2399 4469 sicut
2446 4416 2605 4470 etiam
2656 4415 2906 4470 risibiles.
2957 4417 3138 4484 Itaque
3191 4425 3441 4484 tanquam
3493 4413 3650 4471 aliaat

2063 4511 2497 4566 communionem
2538 4495 2796 4565 debemus
2828 4509 3074 4580 accipere
3110 4509 3242 4564 illud
3273 4510 3414 4579 quod
3446 4517 3527 4564 εει
3561 4510 3650 4562 ad-

365 4595 436 4648 tia
465 4606 587 4650 sunt
619 4598 912 4668 jﬁthiopis,
947 4606 1156 4670 species
1179 4613 1282 4669 est,
1321 4619 1442 4672 quae
1479 4612 1562 4658 est
1605 4605 1789 4671 homo,
1819 4605 1957 4659 intra
1989 4613 2043 4676 ι)
2069 4607 2272 4660 ditum:
2305 4606 2584 4674 aequaliter
2624 4607 2764 4659 enim
2797 4613 2924 4659 sunt
2955 4603 3163 4674 species
3207 4603 3290 4657 his
3319 4618 3438 4674 qua:
3469 4618 3652 4658 eorum

366 4702 427 4742 se
451 4688 679 4756 plurima
707 4693 1005 4746 accidentia
1034 4693 1242 4748 videtur
1269 4694 1562 4751 includere.
1593 4695 1728 4751 Huic
1750 4698 1959 4752 occurri

369 4787 580 4846 potest:
611 4795 732 4835 cum
771 4781 1092 4838 differentia:
1122 4800 1336 4855 quoque
1370 4786 1548 4857 aliquo
1590 4787 1749 4842 modo
1788 4788 1963 4842 conti-

370 4882 587 4940 nentur,
620 4876 727 4929 alio
756 4877 915 4931 modo
941 4879 1243 4946 continent,
1276 4890 1332 4934 ut
1369 4880 1762 4936 rationabilitas
1789 4882 1963 4938 conti-

371 4972 463 5016 net
489 4964 756 5021 hominem
791 4968 935 5037 (plus
960 4973 1106 5026 enim
1134 4987 1294 5042 quam
1331 4971 1400 5027 de
1444 4973 1661 5028 homine
1704 4969 1965 5044 praedica-

373 5058 484 5110 turi
511 5059 816 5115 continetur
845 5077 1059 5134 quoque
1085 5064 1151 5119 ab
1185 5064 1424 5130 homine,
1459 5068 1710 5136 quoniam
1740 5083 1845 5122 non
1873 5083 1961 5122 so-

375 5153 486 5206 lum
517 5153 651 5206 hanc
689 5153 1040 5210 differentiam
1081 5155 1244 5211 ltomo
1275 5158 1537 5226 continet,
1569 5174 1751 5213 verum
1799 5159 1959 5215 etiam

373 5246 623 5299 mortale.
656 5247 1118 5314 lteSpondebimus
1139 5259 1327 5304 contra
1350 5250 1472 5317 hoc,
1500 5250 1688 5305 Omnia
1713 5267 1966 5322 quaecun-

373 5353 477 5409 que
505 5340 927 5395 substantialiter
949 5341 1016 5396 de
1045 5344 1281 5413 pluribus
1305 5345 1683 5415 praedicantur,
1703 5353 1771 5403 ab
1797 5350 1880 5404 his
1897 5349 1966 5404 de

372 5432 566 5501 quibus
608 5433 858 5489 dicuntur
905 5450 1011 5492 non
1058 5446 1311 5506 poterunt
1353 5441 1648 5505 contineri;
1675 5457 1782 5512 quo
1824 5445 1880 5497 lit
1911 5454 1968 5496 ut

374 5527 681 5584 diderentia
729 5532 941 5601 quidem
974 5547 1079 5588 non
1111 5534 1488 5590 contineantur
1530 5550 1558 5589 a
1605 5537 1807 5606 specie,
1833 5545 1888 5591 et
1923 5538 1967 5592 si

374 5620 484 5675 sint
512 5622 695 5691 plures
723 5621 1037 5680 diﬂ'erentia:
1060 5639 1182 5694 qua:
1211 5627 1444 5696 speciem
1478 5625 1786 5684 informem.
1815 5632 1969 5685 Acci—

376 5710 561 5766 dentia
591 5729 723 5770 vero
751 5718 1116 5785 continentur,
1152 5720 1404 5788 quoniam
1437 5721 1728 5776 accidentia
1769 5723 1966 5791 speciei

371 5803 731 5866 substantiam
787 5810 928 5868 nulla
971 5811 1354 5882 prmdicatione
1409 5815 1787 5872 constituunt:
1846 5831 1967 5872 nam

2073 4699 2412 4768 participant,
2438 4707 2493 4752 et
2521 4698 2732 4768 propria
2751 4714 2979 4769 quorum
3011 4706 3136 4752 sunt
3166 4698 3401 4767 prepria.
3431 4698 3510 4752 An
3543 4710 3653 4751 ma-

2071 4790 2152 4859 gis
2183 4791 2588 4858 intelligendum
2617 4802 2702 4845 est
2738 4793 2838 4845 hoc
2877 4791 3036 4844 modo
3065 4789 3290 4857 dictum,
3332 4801 3580 4860 tanquam
3610 4786 3654 4842 si

2071 4883 2297 4947 diceret,
2323 4883 2573 4952 Aiqualia
2605 4893 2730 4938 sunt
2767 4885 2976 4952 species
3011 4894 3063 4936 et
3105 4884 3350 4952 propria:
3383 4897 3504 4936 nam
3535 4880 3654 4950 quia

2073 4977 2280 5046 species
2311 4992 2496 5031 eorum
2516 4986 2643 5031 sunt
2670 4977 2901 5046 species,
2927 4991 3047 5046 qua:
3078 4976 3360 5044 speciebus
3388 4975 3517 5044 ipsis
3539 4988 3656 5043 par.

2075 5071 2290 5138 ticipant
2329 5088 2343 5124 :
2376 5080 2432 5125 et
2473 5071 2689 5141 propria
2735 5084 2920 5124 eorum
2982 5069 3217 5139 pr0pria,
3269 5083 3388 5138 qua:
3431 5064 3658 5136 propriis

2076 5161 2425 5230 participant;
2458 5163 2731 5231 prOprium
2763 5172 2920 5232 atque
2950 5162 3159 5231 species
3193 5159 3466 5229 mqualiter
3501 5157 3659 5210 utris-

2075 5271 2181 5326 que
2234 5260 2432 5321 insunt,
2470 5257 2520 5310 id
2547 5266 2648 5323 est,
2678 5272 2850 5326 neque
2878 5257 3086 5326 species
3115 5252 3421 5323 supervadit
3449 5265 3511 5306 ea
3542 5265 3658 5320 qua:

2076 5351 2255 5419 specie
2309 5351 2649 5419 participant,
2695 5365 2866 5422 neque
2917 5353 3131 5420 prepria
3179 5347 3541 5416 supervadunt
3599 5359 3660 5400 ea

2079 5458 2200 5512 qua:
2227 5445 2456 5513 propriis
2488 5444 2830 5514 participant.
2864 5443 3100 5512 Cumque
3135 5441 3250 5495 haec
3290 5439 3503 5508 propria
3536 5453 3662 5509 spe-

2075 5537 2276 5591 cierum
2308 5537 2416 5590 sint
2445 5538 2682 5606 propria,
2714 5537 2925 5606 species
2946 5551 3009 5590 ac
3039 5535 3251 5604 propria
3289 5533 3515 5601 aequalia
3539 5547 3658 5590 esse

2077 5644 2299 5685 necesse
2328 5641 2432 5694 est,
2466 5641 2627 5699 atque
2659 5631 2885 5684 invicem
2916 5627 3213 5698 praedicari.

2149 5723 2337 5789 Di/fert
2375 5731 2545 5775 autem
2596 5724 2783 5794 species
2835 5739 2866 5775 a
2908 5723 3142 5793 proprio,
3183 5734 3423 5790 quoniam
3472 5722 3663 5792 specirs

2078 5819 2280 5883 quidem
2307 5821 2468 5871 υοιεει
2485 5826 2530 5871 ει
2559 5816 2675 5872 aliis
2697 5831 2803 5871 me
2822 5831 2996 5884 genus,
3021 5814 3283 5888 proprium
3304 5828 3417 5868 vero
3436 5814 3662 5870 aliarum
