4022 6328
10 11 25 302 t

475 359 579 418 155
841 361 848 366 ’
1683 359 1792 417 ΛΝ.
1839 358 2039 415 MANL.

2177 356 2236 414 ν.
2281 357 2501 415 BOETII
3485 366 3490 370 '
3531 395 3536 400 -
3642 357 3740 411 150

471 475 748 544 specierum
764 475 1189 548 esseimpossibile
1205 473 1372 530 est.Et
1392 477 1580 546 species
1598 480 1796 548 quidem
1809 488 1923 531 ante
1940 475 2057 530 sub-
2083 475 2136 536 A
2233 478 2438 545 Specici
2469 488 2523 534 et
2549 478 2841 535 accidentis
2863 477 3266 535 similitudinem
3293 491 3630 533 communem
3660 475 3742 532 di-

474 569 606 621 sistit
636 583 786 633 quam
825 568 1108 635 proprium,
1133 568 1394 636 praprium
1416 585 1531 622 vero
1563 578 1674 638 post
1703 569 1757 636 ﬁt
1780 570 1830 622 in
1856 570 2059 639 specie:

473 665 672 726 oportet
701 658 832 710 enim
864 665 982 710 ante
1007 655 1259 709 hominem
1282 673 1388 711 esse
1412 667 1465 710 ut
1491 660 1555 711 sit
1589 657 1796 711 risibile.
1827 658 2062 726 Amplius

472 751 663 811 species
693 751 896 819 quidem
929 765 1128 819 semper
1155 758 1272 802 actu
1316 751 1458 804 adest
1507 752 1753 822 subjecto,
1799 752 2062 823 proprium

474 855 592 898 vero
621 844 899 911 aliquando
918 852 1055 905 actu.
1088 851 1333 911 potestate
1358 859 1472 899 vero
1491 861 1688 915 semper
1711 857 1727 898 :
1757 849 1905 898 homo
1929 844 2061 898 enim

474 950 668 1004 semper
697 944 812 987 actu
834 943 908 987 est
933 933 1194 999 Socrates,
1223 951 1322 987 non
1345 951 1460 988 vero
1486 951 1683 1004 semper
1706 936 1856 1001 ridet,
1881 944 2061 1005 quam-

472 1028 544 1081 ttis
592 1029 656 1080 sit
701 1037 888 1079 natura
925 1041 1121 1098 semper
1149 1027 1376 1080 risibilis.
1410 1027 1667 1094 Amplius,
1713 1042 1932 1097 quorum
1960 1036 2060 1080 ter-

473 1118 597 1171 mini
618 1115 905 1183 differentes
928 1127 1047 1172 sunt
1079 1127 1124 1171 et
1154 1119 1263 1189 ipsa
1288 1128 1403 1171 sunt
1431 1118 1718 1186 cli/ferentia
1742 1131 1760 1172 .'
1789 1128 1863 1171 est
1890 1126 2059 1171 autem

471 1212 655 1278 speciei
681 1210 885 1280 quidem
908 1225 1013 1265 esse
1041 1209 1133 1263 sub
1162 1225 1362 1281 genere,
1391 1220 1439 1264 et
1465 1211 1527 1262 de
1555 1208 1784 1279 pluribus
1807 1205 2056 1273 diﬁ'eren-

471 1305 600 1361 libus
633 1324 844 1361 numero
874 1309 924 1361 in
961 1325 1019 1361 eo
1057 1307 1194 1377 quod
1214 1306 1336 1375 quid
1366 1307 1428 1360 sit
1466 1305 1754 1378 praztticari,
1787 1314 1834 1357 et
1878 1314 2060 1358 caetera

474 1399 807 1470 itttjusmodi:
835 1401 1033 1472 praprii
1078 1415 1192 1452 vero
1223 1409 1318 1466 est,
1353 1398 1448 1452 soli
1489 1405 1536 1452 et
1582 1396 1741 1462 omni,
1778 1407 1824 1450 et
1864 1409 2061 1464 semper

471 1491 670 1548 adesse.

547 1583 776 1638 Primam
809 1582 1004 1652 proprii
1035 1592 1088 1638 et
1117 1581 1313 1652 speciei
1352 1581 1712 1637 dili'erentiam
1742 1581 1890 1645 dicit,
1922 1595 2060 1649 quo-

483 1676 624 1727 niam
659 1675 864 1742 species
894 1680 1069 1742 potest
1095 1673 1382 1744 aliquando
1416 1674 1468 1727 in
1500 1673 1635 1728 alias
1671 1674 1878 1743 species
1908 1671 2058 1726 deri-

473 1767 605 1828 vari,
639 1766 686 1819 id
732 1775 833 1835 est,
887 1774 1060 1835 potest
1097 1781 1216 1821 esse
1242 1781 1444 1837 genus:
1478 1778 1534 1822 ut
1563 1767 1782 1833 animal,
1827 1781 1946 1820 cum
1991 1766 2060 1820 sit

2164 570 2235 624 cit
2277 569 2343 624 de
2376 569 2619 640 pluribus
2660 571 2940 640 praedicari
2971 589 2984 626 :
3022 571 3090 628 de
3120 571 3358 641 pluribus
3384 571 3522 624 cnim
3552 569 3746 624 dicitur

2163 663 2392 731 Species,
2418 663 2554 717 sicut
2577 671 2630 718 et
2660 664 2932 720 accidens.
2968 665 3136 719 Raras
3160 680 3289 720 vero
3315 664 3445 719 dicit
3467 678 3588 718 esse
3615 663 3746 718 alias

2162 767 2347 808 eorum
2395 756 2821 818 communiones,
2860 756 3062 811 idcirco
3089 758 3337 826 quoniam
3389 756 3543 824 longe
3573 757 3748 810 diver-

2164 857 2280 899 sum
2307 855 2410 910 est,
2440 846 2490 900 id
2522 849 2662 917 quod
2692 848 2888 903 accidit
2926 858 2980 903 ει
3009 849 3092 902 cui
3124 847 3334 902 accidit.
3365 846 3458 900 Cui
3487 845 3628 901 enim
3659 862 3750 902 ac-

2166 936 2296 990 cidit
2346 937 2644 1008 subjectum
2688 949 2770 995 est
2821 948 2982 1008 atque
3026 940 3381 1007 suppositum.
3428 939 3578 1005 Quod
3620 954 3750 993 vero

2164 1031 2362 1085 accidit
2397 1033 2793 1100 superpositum
2831 1043 2933 1098 est,
2982 1043 3140 1102 atque
3165 1031 3497 1087 advenientis
3524 1043 3750 1086 naturae.

2165 1122 2295 1177 item
2327 1125 2466 1194 quod
2495 1127 2812 1194 supponitur
2838 1124 3137 1179 substantia
3163 1131 3267 1191 est,
3293 1123 3433 1192 quod
3457 1139 3586 1178 vero
3606 1123 3753 1180 velut

2163 1211 2416 1270 accidens
2462 1217 2806 1286 przedicatur,
2839 1217 3182 1272 extrinsecus
3211 1217 3381 1272 venit.
3416 1217 3545 1284 Quae
3575 1217 3752 1271 omnia

2165 1311 2384 1366 multam
2435 1313 2552 1379 ejus
2588 1317 2727 1384 quod
2767 1325 2848 1369 est
2889 1315 3212 1384 subjectum,
3262 1323 3316 1370 et
3358 1314 3471 1384 ejus
3499 1315 3640 1385 quod
3675 1328 3735 1368 es

2163 1403 2411 1458 accidens
2441 1404 2796 1461 diiierentiam
2828 1406 3047 1472 faciunt,
3088 1417 3264 1462 tamen
3317 1407 3546 1461 inveniri
3589 1407 3756 1462 etiam

2164 1495 2280 1548 alia!
2309 1503 2531 1563 possunt
2557 1498 2754 1565 speciei
2785 1508 2836 1552 et
2877 1499 3173 1554 accidentis
3203 1498 3582 1567 inseparabilis
3607 1515 3755 1554 com-

2165 1588 2470 1652 munitates,
2519 1599 2572 1642 ut
2617 1604 2831 1658 semper
2860 1591 3116 1659 subjectis
3145 1591 3336 1647 adesse
3371 1607 3385 1645 :
3417 1608 3569 1663 teque
3611 1595 3755 1652 enim

2164 1679 2324 1733 homo
2352 1681 2568 1750 singulis
2600 1682 2904 1736 hominibus
2940 1697 3155 1751 semper
3183 1683 3355 1749 adeSI,
3385 1693 3439 1738 et
3471 1685 3755 1753 inseparas

2163 1770 2286 1825 biiia
2329 1772 2625 1827 accidentia
2677 1773 2900 1842 singulis
2940 1775 3225 1830 individuis
3265 1785 3460 1844 praesto
3504 1786 3665 1832 sunt:
3699 1787 3756 1832 ει

473 1861 676 1927 Species
706 1860 922 1914 animati
955 1869 1126 1930 potest
1156 1875 1276 1916 esse
1306 1875 1474 1931 genus
1505 1860 1738 1917 hominis
1771 1860 1888 1931 (Sed
1915 1873 2056 1914 nunc
2086 1847 2134 1908 Β
2161 1864 2302 1933 quod
2350 1865 2488 1916 sicut
2536 1866 2746 1932 Species
2789 1867 2855 1920 de
2897 1866 2978 1921 bis
3010 1883 3128 1937 qua:
3170 1870 3408 1924 continet
3460 1869 3753 1936 individua,

476 1967 580 2006 non
606 1954 669 2008 de
697 1954 778 2008 his
797 1956 1076 2024 speciebus
1101 1955 1335 2025 loquitur
1350 1971 1466 2026 qua:
1489 1967 1612 2018 sunt
1635 1954 2055 2026 spccialissimcc,

474 2054 632 2113 atque
665 2045 804 2099 hunc
839 2045 1168 2100 confundere
1214 2047 1423 2101 videtur
1453 2061 1712 2112 errorem,
1749 2045 1889 2114 quod
1937 2058 2059 2098 cum

474 2135 541 2189 tle
557 2136 638 2189 itis
654 2137 938 2206 speciebus
955 2138 1134 2192 dicere
1151 2139 1488 2208 proposuerit
1507 2153 1623 2209 quze
1641 2137 2057 2199 esscntultimrc,

477 2241 617 2280 nunc
649 2227 714 2282 de
761 2229 841 2282 liis
887 2244 1004 2298 qua:
1044 2237 1166 2284 sunt
1209 2229 1556 2294 subalterntc,
1595 2239 1649 2284 et
1695 2244 1836 2298 saepe
1885 2228 2060 2281 locum

474 2317 687 2386 generis
710 2317 991 2374 obtineant
1018 2319 1281 2390 disserit);
1314 2321 1526 2390 propria
1559 2335 1688 2374 vero
1726 2320 1873 2373 nullo
1893 2317 2064 2372 modo

476 2415 671 2477 genera
713 2425 833 2466 esse
879 2424 1120 2481 possunt,
1173 2413 1425 2484 quoniam
1479 2413 1882 2482 specialissimis
1926 2413 2065 2466 adte-

476 2511 728 2571 quantur.
767 2503 896 2569 Quae
937 2505 1187 2573 qu0niam
1229 2520 1428 2575 genera
1473 2521 1594 2562 esse
1641 2515 1930 2575 nequeunt,
1967 2519 2065 2558 nec

480 2597 693 2665 propria
726 2614 841 2662 qum
885 2607 1008 2651 sunt
1053 2597 1182 2666 ipsis
1225 2599 1450 2669 aequalia
1493 2613 1614 2654 esse
1658 2599 2063 2670 permittuntur.

483 2691 687 2748 Rursus
712 2694 915 2763 species
944 2709 1156 2761 semper
1179 2705 1302 2750 ante
1327 2695 1568 2750 subsistit
1587 2711 1743 2766 quam
1770 2695 2064 2764 proprium,

483 2785 582 2841 nisi
615 2787 756 2841 enim
785 2790 851 2842 sit
886 2788 1068 2854 homo,
1100 2789 1301 2844 risibile
1331 2804 1450 2844 esse
1477 2804 1581 2844 non
1615 2789 1825 2858 poterit,
1861 2799 1914 2843 et
1947 2801 2067 2840 cum

480 2877 579 2931 ista
612 2879 770 2933 simul
802 2881 929 2945 sint,
962 2887 1139 2935 tamen
1179 2883 1491 2937 substantia:
1529 2881 1778 2949 cogitatio
1817 2880 2070 2948 praecedit

480 2971 680 3039 proprii
711 2973 994 3029 rationem.
1026 2973 1197 3030 Omne
1219 2977 1362 3029 enim
1393 2977 1662 3043 proprium
1697 2976 1747 3029 in
1779 2973 2070 3028 accidentis

478 3075 675 3129 genere
705 3063 1020 3119 collocatur.
1054 3064 1131 3119 Eo
1153 3067 1298 3119 enim
1328 3065 1506 3120 differt
1538 3066 1605 3120 ab
1629 3066 1913 3132 accidenti,
1949 3065 2067 3133 quia

475 3153 617 3208 circa
658 3168 873 3209 omnem
926 3158 1094 3210 Solam
1136 3157 1432 3227 quamlibet
1477 3173 1637 3211 unam
1678 3159 1911 3225 speciem
1959 3159 2066 3212 vim

481 3250 708 3318 pr0priae
765 3251 1162 3320 praedicationis
1221 3252 1461 3305 continet
1508 3268 1520 3304 :

479 3340 691 3408 quando
714 3342 960 3396 continet
1001 3341 1067 3396 ad
1110 3343 1306 3396 multas
1348 3342 1556 3409 Species
1596 3351 1772 3412 potest
1822 3342 2066 3397 dilinndi.

478 3429 629 3498 Quod
675 3432 722 3487 si
770 3435 976 3503 priores
1031 3441 1156 3488 sunt
1208 3434 1519 3488 substantiae
1567 3449 1723 3503 quam
1782 3433 2070 3490 accidentia

481 3522 712 3594 (species
732 3529 863 3580 verti
885 3525 1180 3580 substantia
1204 3535 1308 3588 est,
1325 3526 1598 3594 prpprium
1625 3540 1752 3580 vero
1778 3526 2070 3595 accidens),

481 3629 586 3670 non
619 3626 701 3672 est
725 3616 945 3671 dubium
965 3619 1092 3686 quin
1121 3618 1265 3686 prior
1291 3617 1362 3672 sit
1383 3619 1612 3688 species,
1646 3619 1916 3687 proprium
1944 3633 2073 3673 vero

483 3708 769 3776 posterius.
804 3709 1183 3764 Discernuntur
1204 3713 1364 3764 etiam
1396 3711 1604 3779 Species
1626 3726 1653 3764 ιι
1689 3711 1902 3780 proprio
1925 3721 2073 3765 actus

483 3801 868 3870 potestatisque
889 3812 1100 3871 natura,
1136 3805 1347 3874 species
1375 3807 1517 3859 enim
1546 3815 1667 3860 actu
1701 3821 1913 3873 semper
1946 3805 2074 3859 iudi-

483 3891 656 3948 viduis
676 3892 848 3959 adest,
885 3895 1095 3965 propria
1121 3911 1248 3950 vero
1274 3911 1380 3950 non
1403 3912 1637 3965 semper,
1665 3897 1756 3950 sed
1785 3896 2074 3964 aliquoties

483 3993 624 4050 actu,
677 3991 939 4054 potestate
993 3995 1174 4042 autem
1222 4001 1454 4056 semper.
1513 3988 1767 4041 Socrates
1823 3990 1966 4040 enim
2020 3997 2073 4040 et

485 4078 632 4135 Plato
656 4087 782 4135 actu
823 4090 947 4136 sunt
982 4081 1252 4146 homines,
1286 4097 1392 4136 non
1424 4097 1553 4136 vero
1579 4097 1796 4150 semper
1832 4091 1953 4135 actu
1997 4081 2071 4134 ri-

483 4170 631 4238 dent,
664 4171 758 4228 sed
806 4172 1041 4228 risibiies
1067 4187 1188 4229 esse
1218 4174 1490 4242 dicuntur,
1535 4175 1657 4244 quia
1705 4175 1913 4228 tametsi
1967 4189 2072 4228 non

485 4262 715 4330 rideant,
747 4264 927 4320 ridere
949 4273 1128 4320 tamen
1161 4276 1403 4334 possunt.
1429 4267 1624 4320 Natura
1645 4267 1821 4335 itaque
1835 4266 2068 4336 species;

486 4366 542 4412 ut
560 4359 830 4427 proprium
854 4371 1070 4427 semper
1094 4358 1353 4428 subjectis
1377 4361 1550 4427 adest,
1579 4359 1671 4414 sed
1695 4369 1815 4413 actu
1841 4360 2070 4428 species,

488 4450 758 4519 prOprium
804 4465 932 4504 vero
962 4464 1068 4505 non
1100 4465 1317 4520 semper
1353 4461 1504 4527 actut
1532 4451 1827 4507 ut'dictum
1874 4461 1974 4507 est.
2008 4453 2075 4506 At

487 4554 670 4595 rursus
699 4541 949 4611 quoniam
976 4541 1227 4597 dil‘linitio
1251 4542 1598 4600 substantiam
1631 4551 1913 4607 monstrat,
1941 4557 2075 4613 quo-

2163 1969 2314 2024 teque
2344 1955 2409 2009 de
2444 1955 2705 2023 pluribus,
2732 1965 2786 2011 ut
2808 1958 3102 2013 accidentia
3135 1958 3422 2013 individuis
3455 1959 3756 2028 praedican-

2165 2059 2267 2103 tur.
2328 2048 2457 2103 Nam
2503 2051 2663 2105 homo
2701 2052 2768 2106 de
2814 2051 3052 2116 Socrate,
3102 2051 3343 2119 Platone,
3388 2053 3595 2122 nigrum
3629 2067 3757 2108 vero

2165 2149 2322 2208 atque
2352 2141 2529 2194 album
2562 2142 2628 2197 de
2660 2143 2901 2212 pluribus
2951 2145 3132 2198 corvis
3157 2153 3210 2199 et
3239 2144 3422 2215 cygnis
3448 2145 3640 2214 quibus
3661 2159 3754 2200 ac-

2165 2232 2296 2286 cidit
2325 2243 2679 2302 nuncupatur.

2240 2323 2464 2392 Propria
2498 2341 2612 2379 vero
2648 2328 2907 2398 utriusque
2949 2337 3090 2395 sunt,
3125 2329 3309 2397 speciei
3350 2328 3552 2399 quidem
3595 2332 3649 2383 in
3699 2345 3759 2384 eo

2166 2417 2301 2485 quod
2324 2415 2449 2486 quid
2476 2427 2548 2471 est
2581 2418 2852 2485 praedicari
2881 2421 2943 2473 de
2978 2418 3056 2473 his
3082 2433 3297 2488 quorum
3326 2429 3401 2473 est
3427 2420 3637 2491 species,
3671 2435 3759 2473 ac~

2167 2510 2378 2563 cidentis
2421 2519 2586 2564 autem
2633 2511 2683 2563 in
2727 2527 2782 2564 eo
2821 2511 2960 2583 quod
3004 2512 3155 2581 quale
3185 2521 3278 2575 est,
3311 2512 3388 2565 vel
3428 2513 3677 2580 quomodo
3706 2529 3760 2569 sc

2170 2598 2379 2653 habens.
2395 2600 2626 2668 Amplius
2643 2616 3048 2671 unamquamque
3062 2601 3416 2666 substantiam,
3437 2617 3536 2653 una
3556 2602 3760 2670 quidem

2169 2690 2333 2757 specie
2373 2690 2705 2757 participare,
2737 2691 2966 2760 pluribus
2996 2699 3166 2744 autem
3195 2689 3558 2755 accidentibus,
3591 2699 3640 2743 et
3682 2704 3761 2742 se-

2173 2782 2507 2848 parabilibus,
2551 2791 2596 2836 et
2633 2783 3073 2852 inseparabilibus.
3097 2781 3166 2836 Et
3199 2783 3386 2854 species
3412 2783 3614 2852 quidem
3645 2789 3761 2835 ante

2171 2872 2390 2942 intelligi
2420 2882 2632 2941 possunt
2651 2890 2803 2944 quam
2828 2875 3129 2942 accidentia,
3155 2876 3351 2929 etiamsi
3372 2876 3471 2930 sint
3492 2877 3760 2945 insepara-

2175 2961 2332 3016 bilia:
2367 2972 2563 3032 Oportet
2591 2965 2725 3018 enim
2755 2975 2870 3019 ante
2891 2983 2998 3021 esse
3036 2967 3335 3040 subjectum,
3369 2977 3424 3021 ut
3456 2969 3532 3022 illi
3565 2967 3761 3038 aliquid

2173 3056 2409 3109 accidat:
2437 3057 2720 3110 accidentia
2745 3074 2860 3111 vero
2893 3060 3187 3122 posterioris
3212 3063 3407 3131 generis
3428 3069 3564 3123 sunt,
3593 3069 3641 3114 et
3667 3061 3762 3115 ad-

2177 3147 2394 3199 ventitite
2422 3157 2639 3201 naturte.
2668 3150 2940 3220 Etspcciei
2967 3152 3170 3221 quidem
3201 3153 3520 3223 participatio
3544 3153 3760 3224 tequali-

1594 3251 1840 3306 accidens
1892 3260 2069 3306 auiem
2100 3227 2145 3290 Ε
2177 3243 2252 3289 ter
2282 3246 2376 3305 est,
2406 3240 2816 3295 accidentiscera
2837 3244 2913 3297 vel
2938 3245 2982 3298 si
3011 3244 3344 3314 inseparabile
3364 3247 3449 3313 sit,
3472 3261 3573 3300 non
3591 3262 3763 3316 requa-

2176 3327 2290 3381 liter
2315 3346 2332 3382 :
2357 3329 2601 3402 Ethiops
2627 3335 2759 3388 enim
2785 3337 2898 3402 plus
2923 3334 3028 3389 alio
3056 3334 3304 3406 Ethiope
3322 3337 3521 3392 habebit
3541 3338 3762 3394 colorem

2176 3420 2254 3474 uel
2318 3421 2604 3490 intensum,
2652 3427 2730 3479 uel
2777 3429 3040 3481 remissum
3094 3430 3373 3482 secundum
3403 3431 3762 3502 .nigredinem.

2179 3513 2354 3568 Restat
2391 3515 2546 3586 igitur
2574 3515 2638 3568 de
2665 3519 2874 3586 praprio
2903 3526 2952 3572 et
2989 3521 3237 3574 accidenti
3273 3522 3440 3575 dicere
3462 3537 3481 3576 :
3504 3538 3602 3591 quo
3629 3522 3764 3575 enim

2179 3607 2443 3678 praprium
2485 3624 2517 3660 a
2560 3609 2760 3676 specie,
2803 3619 2850 3663 et
2897 3609 3216 3678 differentia,
3261 3621 3307 3666 et
3350 3629 3533 3683 genere
3566 3613 3760 3681 ili/fert,

2177 3704 2370 3757 dictum
2400 3713 2493 3757 est.

2247 3796 2400 3863 Quod
2434 3810 2574 3850 nunc
2607 3793 2877 3864 proprium
2907 3795 3105 3863 speciei
3134 3804 3189 3850 et
3215 3797 3506 3853 accidentis
3530 3812 3586 3853 se
3613 3811 3766 3852 exse<

2176 3891 2263 3958 qui
2291 3889 2594 3958 pollicetur,
2630 3887 2734 3942 tale
2767 3889 3039 3956 proprium
3074 3883 3475 3959 intelligendum
3497 3901 3600 3957 est,
3624 3889 3766 3960 quod

2176 3980 2424 4048 superius
2454 3980 2654 4033 dictum
2685 3987 2789 4044 est,
2815 3978 2880 4033 ad
2903 3982 3356 4048 comparationem
3384 3981 3592 4037 dicatur
3613 3979 3768 4036 diffe-

2177 4072 2408 4124 rentium
2455 4084 2656 4126 rerum.
2703 4069 2920 4137 Species
2950 4085 3078 4124 vero
3118 4072 3172 4124 in
3215 4085 3282 4126 eo
3328 4071 3472 4141 quod
3518 4070 3647 4142 quid
3686 4077 3769 4130 est

2177 4161 2522 4231 praedicatur,
2553 4160 2806 4216 accidens
2832 4168 2962 4216 vero
2989 4161 3041 4216 in
3069 4177 3135 4218 eo
3163 4163 3303 4232 quod
3339 4163 3499 4232 quale
3528 4171 3632 4230 est,
3665 4177 3770 4233 qua

2177 4253 2472 4307 ditlerentia
2497 4269 2602 4308 non
2635 4255 2702 4306 ab
2723 4253 3088 4323 accidentibus
3111 4254 3283 4309 solum
3316 4255 3526 4324 species
3555 4254 3760 4309 discer-

2181 4344 2344 4407 nitur,
2372 4360 2559 4400 verum
2588 4345 2750 4400 etiam
2775 4360 2804 4399 a
2833 4344 3149 4404 diderentiis
3178 4355 3234 4401 et
3264 4346 3511 4416 prapriis,
3547 4361 3645 4401 nec
3677 4360 3772 4401 so-

2181 4438 2287 4491 lum
2319 4437 2525 4506 species
2549 4438 2617 4490 ab
2643 4439 2868 4504 eisdem,
2894 4452 3079 4492 verum
3104 4437 3263 4494 etiam
3294 4451 3484 4507 genus.
3510 4438 3771 4492 Praeterea

2179 4528 2318 4599 quod
2353 4529 2562 4598 species
2593 4529 2643 4582 in
2686 4543 2752 4585 eo
2781 4529 2925 4599 quod
2957 4528 3098 4599 quid.
3124 4537 3205 4583 est
3245 4528 3582 4598 praedicatur,
3633 4529 3772 4582 acci-

490 4647 608 4686 rum
638 4631 866 4688 diversa:
894 4643 1021 4688 sunt
1046 4633 1426 4700 diilinitiones,
1470 4635 1711 4690 diversas
1745 4612 1968 4690 necesse
1995 4641 2068 4690 est

2181 4620 2314 4674 dens
2347 4633 2475 4675 vero
2504 4619 2556 4673 in
2583 4633 2651 4674 eo
2677 4619 2819 4688 quod
2850 4619 3122 4690 quomodo
3143 4634 3204 4675 se
3232 4619 3458 4683 habeat;
3494 4619 3543 4673 id
3561 4634 3774 4688 quoque

487 4737 608 4778 esse
635 4725 961 4781 substantias
985 4742 998 4780 :
1023 4727 1222 4795 speciei
1243 4742 1378 4782 vero
1398 4737 1449 4781 ct
1475 4729 1674 4796 proprii
1699 4714 2078 4782 diversaﬁunt

487 4813 1103 4880 diliinitiones,divers:e
1129 4817 1421 4886 igitursunt
1437 4818 1767 4872 substantize.
1789 4818 1882 4872 Est
1899 4829 2078 4874 autem

488 4907 682 4976 speciei
714 4907 966 4962 diilinitio
994 4909 1096 4963 sub
1115 4925 1315 4978 genere
1343 4923 1484 4975 esse,
1517 4920 1569 4964 et
1597 4911 1663 4965 de
1706 4911 1945 4980 pluribus
1985 4925 2082 4964 nu-

490 5014 641 5054 mero
677 4999 1041 5056 differentibus
1099 5001 1150 5055 in
1198 5015 1266 5058 eo
1306 5002 1446 5072 quod
1490 5002 1615 5072 quid
1658 5005 1729 5057 sit
1778 5002 2078 5072 praedicari,

488 5107 645 5162 quam
663 5095 906 5162 superius
926 5093 1232 5164 frequenter
1256 5097 1553 5165 expositam
1587 5110 1728 5150 nunc
1759 5096 1956 5150 iterare
1981 5110 2086 5151 non

489 5202 622 5255 opus
654 5196 756 5241 est.
804 5187 1082 5256 Proprium
1113 5204 1239 5244 vero
1266 5189 1336 5244 ita
1367 5188 1666 5244 diflinitur:
1699 5187 1976 5259 proprium
2005 5196 2088 5242 est

489 5279 628 5347 quod
657 5281 748 5334 uni
767 5289 821 5334 et
840 5280 983 5335 omni
1005 5289 1056 5335 et
1085 5294 1300 5351 semper
1319 5282 1517 5352 speciei
1544 5281 1716 5336 adest.
1743 5281 1893 5349 Quod
1917 5282 1962 5335 si
1986 5280 2088 5334 dii.

493 5371 758 5428 ﬁnitiones
776 5373 1001 5429 diversae
1016 5385 1162 5440 sunt,
1180 5385 1286 5430 nun
1303 5385 1382 5430 est
1395 5374 1614 5429 dubium
1629 5373 1888 5442 speciem,
1901 5381 1957 5428 et
1973 5387 2087 5443 pro-

499 5465 669 5531 prium
699 5465 990 5520 secundum
1023 5475 1230 5522 natura:
1260 5481 1370 5522 sum
1394 5467 1649 5522 terminos
1682 5465 2009 5535 discrepare.

562 5551 764 5624 Speciei
803 5573 920 5612 vero
965 5567 1011 5611 et
1039 5559 1314 5612 accidentis
1358 5571 1623 5611 commune
1660 5557 1866 5626 quidem
1909 5566 1982 5610 est
2023 5556 2088 5610 de

490 5641 716 5712 pluribus
749 5648 1050 5714 pradicari;
1090 5663 1222 5702 rara:
1251 5663 1366 5701 uero
1393 5654 1512 5701 sunt
1536 5645 1655 5701 alite
1679 5646 2085 5716 communitates,

491 5745 758 5804 propterea
784 5740 920 5810 quod
951 5738 1230 5810 plurimum
1256 5740 1447 5795 distant
1465 5755 1499 5795 a
1523 5755 1577 5794 se
1595 5738 1833 5796 accidens
1857 5748 1906 5795 et
1926 5737 1981 5794 id
2002 5739 2086 5794 cui

489 5831 696 5890 accidit.

2183 4728 2468 4768 commune
2495 4722 2577 4768 est
2618 4713 2815 4784 speciei
2851 4729 2972 4769 cum
3013 4727 3234 4784 genere,
3268 4728 3437 4784 genus
3467 4715 3662 4783 quippe
3711 4713 3774 4767 ab

2184 4804 2447 4860 accidenti
2473 4806 2524 4859 in
2559 4820 2626 4860 eo
2653 4806 2792 4875 quod
2815 4806 2942 4876 quid
2972 4815 3076 4875 est,
3111 4815 3166 4862 et
3195 4806 3464 4874 quomodo
3495 4821 3551 4860 se
3581 4805 3776 4866 habeat

2188 4900 2570 4968 praedicatione
2592 4900 2867 4954 dividitur.
2905 4900 3033 4956 item
3066 4915 3497 4970 unamquamque
3528 4900 3776 4952 substan-

2186 4996 2314 5048 tiam
2365 5009 2468 5048 una
2524 4993 2739 5048 videtur
2777 4996 2988 5063 species
3035 4995 3342 5058 continere,
3389 5001 3442 5046 ut
3496 4991 3776 5048 Socratem

2197 5088 2381 5151 homo,
2410 5095 2571 5157 atque
2621 5086 2744 5142 ideo
2781 5088 2989 5142 Socrati
3031 5102 3133 5140 una
3168 5095 3370 5139 tantum
3411 5083 3776 5154 propinquitas

2193 5178 2388 5248 speciei
2412 5188 2490 5232 est
2519 5177 2770 5234 hominis.
2803 5178 3009 5233 Rursus
3035 5177 3312 5232 individuo
3351 5191 3488 5247 equo
3519 5190 3621 5229 una
3655 5187 3778 5243 spe-

2191 5274 2303 5330 cies
2329 5275 2449 5344 equi
2481 5283 2565 5330 est
2587 5274 2845 5344 proxima,
2879 5274 3114 5343 itemque
3141 5273 3194 5328 in
3215 5272 3458 5328 caeteris:
3491 5269 3779 5338 unicuique

2193 5368 2335 5424 enim
2362 5367 2672 5423 substantiae
2698 5382 2802 5422 una
2837 5369 3046 5438 species
3082 5378 3295 5438 pratest,
3327 5375 3379 5421 at
3409 5380 3536 5420 vero
3567 5364 3780 5418 unicui-

2190 5475 2294 5530 que
2324 5459 2639 5514 substantiae
2670 5474 2775 5514 non
2808 5475 2972 5515 unum
3002 5461 3251 5515 accidens
3276 5459 3543 5530 jungitur;
3574 5457 3780 5512 unicui-

2191 5566 2293 5620 que
2322 5551 2464 5605 enim
2486 5550 2798 5606 substantia:
2829 5551 2978 5621 plura
3019 5566 3232 5620 semper
3256 5549 3549 5606 accidentia
3585 5563 3781 5617 super-

2193 5643 2434 5713 veniunt,
2467 5653 2526 5698 ut
2569 5643 2779 5699 Socrati
2809 5645 2952 5715 quod
2985 5647 3186 5710 calvus,
3220 5645 3361 5714 quod
3403 5645 3589 5708 simus,
3635 5640 3780 5711 quod

2190 5737 2431 5807 glaucus,
2481 5735 2628 5806 quod
2668 5751 2940 5805 propenso
2968 5746 3175 5800 ventre,
3217 5746 3269 5791 et
3310 5738 3362 5791 in
3406 5735 3523 5790 aliis
3562 5732 3776 5802 quidem

2192 5825 2511 5886 submantiis
2556 5826 2623 5883 de
2679 5841 2904 5884 numero
2939 5828 3294 5884 accidentium
3346 5827 3486 5883 idem
3529 5823 3778 5884 convenit
