4106 6336
356 231 454 287 157

1230 227 1293 285 ΙΝ
1334 225 1778 286 PORPHYRIUM
1818 220 2456 284 CfiMMENTARlORUM
2495 220 2624 278 LIB.
2668 221 2732 276 V.

3525 221 3620 276 i58

349 350 557 406 dicere.
591 345 795 404 Dehinc
822 361 1036 417 semper
1065 355 1189 402 ante
1207 346 1502 402 accidentia
1533 345 1739 415 species
1780 343 1931 400 intel-

2054 337 2183 392 imni
2207 336 2431 408 homini,
2455 344 2511 392 et
2529 349 2743 405 semper
2761 333 2935 401 adest,
2961 334 3034 392 ita
3054 334 3216 391 etiam
3233 337 3456 406 nigredo
3475 338 3622 393 omni

354 439 588 511 ligun'tur
613 456 630 496 :
658 441 759 494 nisi
783 440 924 495 enim
950 440 1020 492 sit
1051 438 1209 492 homo
1237 440 1322 492 cui
1357 438 1550 494 accidit
1591 437 1805 508 aliquod
1838 451 1931 491 ac-

352 533 538 588 cidens
568 547 690 588 esse
723 546 828 586 non
858 533 1086 601 poterit:
1116 541 1171 586 et
1202 529 1302 587 nisi
1323 531 1392 586 sit
1417 529 1933 598 quaelibetsubstan-

352 629 421 681 tia
463 628 548 682 cui
598 625 847 681 accidens
884 625 1053 695 possit
1091 625 1328 694 adjungi,
1362 624 1613 680 accidens
1659 640 1765 679 non
1807 626 1931 680 erit.

351 720 538 774 Omnis
564 729 742 774 autem
782 719 1077 774 substantia
1119 715 1332 787 propria
1378 717 1557 788 specie
1595 715 1935 783 continetur,

349 824 497 868 tecte
538 812 697 882 igitur
719 813 864 881 prius
899 811 1128 882 Species,
1165 811 1457 867 accidentia
1500 826 1626 866 vero
1672 812 1936 881 posterius

353 908 746 972 intelliguntur,
779 907 1088 978 posterioris
1109 907 1251 962 enim
1277 915 1403 961 sunt
1422 907 1654 977 generis,
1686 915 1744 961 ut
1772 903 1939 970 ait,et

354 999 660 1054 adventitim
687 1007 913 1054 naturae.
943 998 1072 1053 Nam
1105 1013 1223 1069 quae
1253 999 1602 1056 substantiam
1634 1014 1739 1055 non
1771 997 1940 1052 infor-

355 1099 526 1155 mant,
579 1100 726 1146 recte
763 1090 1089 1145 ‘adventitlte
1138 1100 1342 1145 natura:
1394 1104 1516 1146 esse
1559 1090 1834 1153 dicuntur,
1885 1098 1939 1143 et

355 1183 670 1250 posterioris
696 1183 927 1252 generis.
960 1182 1052 1237 His
1081 1183 1225 1238 enim
1257 1183 1572 1238 substantiis
1598 1184 1796 1238 adsunt
1818 1197 1938 1253 qua:

355 1285 479 1329 ante
501 1275 818 1331 differentiis
840 1275 1139 1331 informata!
1159 1286 1284 1330 sunt
1307 1294 1317 1328 :
1343 1291 1530 1331 rursus
1551 1278 1806 1346 quoniam
1818 1291 1940 1345 spe-

356 1368 466 1423 cies
530 1369 882 1423 substantiam
945 1377 1239 1433 monstrat,
1287 1369 1583 1424 substantia
1651 1383 1779 1423 vero
1842 1370 1940 1437 (ut

358 1460 557 1516 dictum
599 1461 715 1531 est)
749 1461 1052 1517 intensione
1093 1476 1156 1517 ac
1191 1462 1510 1517 remissione
1547 1471 1714 1530 caret,
1741 1463 1938 1532 speciei

359 1552 699 1622 participatio
732 1552 1087 1607 intensionem
1126 1554 1605 1623 remissionemque
1637 1567 1739 1607 non
1770 1553 1942 1607 susci-

360 1646 475 1711 pit:
513 1645 761 1700 accidens
787 1659 916 1700 vero
946 1647 1030 1701 vel
1070 1647 1114 1701 si
1149 1647 1505 1715 inseparabile
1535 1649 1622 1714 sit,
1659 1657 1833 1716 potest
1856 1649 1940 1701 in-

2041 444 2222 497 corvo,
2254 439 2308 486 et
2329 443 2541 496 semper
2567 428 2816 499 adjuncta
2848 436 2951 484 est.

2118 520 2302 589 Diﬂ'ert
2328 527 2520 586 autem,
2539 520 2781 588 quoniam
2804 520 3070 590 proprium
3088 537 3177 574 unt
3203 522 3298 574 soli
3321 523 3503 592 speciei
3523 521 3622 575 ad-

2039 630 2134 683 est,
2164 616 2595 688 quemadmodum
2640 615 2832 670 risibile
2861 614 3056 668 homini
3084 629 3102 668 :
3129 613 3465 681 inseparabile
3510 629 3626 669 vero

2039 710 2294 774 accidens,
2348 717 2403 762 ut
2443 709 2668 777 nigrum,
2709 718 2811 760 non
2850 707 3018 760 solum
3060 701 3316 775 Ethiopi,
3350 705 3438 758 sed
3474 708 3626 759 etiam

2039 821 2190 859 corvo
2217 805 2381 870 adest,
2414 812 2460 856 et
2491 800 2724 868 carboni,
2757 811 2804 857 et
2841 803 3020 868 ebeno,
3058 812 3105 856 et
3150 802 3451 873 quibusdam
3486 801 3626 857 aliis.

2041 897 2296 966 Amplius,
2328 895 2593 967 proprium
2619 894 2895 948 conversim
2926 894 2988 947 de
3013 909 3072 948 eo
3096 895 3246 964 cujus
3267 903 3340 947 est
3365 895 3630 963 praprium

2041 1005 2150 1057 prie
2169 990 2358 1042 t'icatur
2383 1001 2401 1041 :
2427 985 2772 1055 inseparabile
2802 999 2917 1037 vero
2951 985 3188 1039 accidens
3216 986 3489 1039 conversim
3530 1003 3630 1040 non

2042 1080 2372 1148 prwdicatur.
2409 1077 2474 1130 Et
2504 1077 2830 1148 prapriorum
2864 1076 3066 1145 quidem
3104 1077 3318 1147 (aqualis
3354 1086 3426 1131 est
3465 1078 3629 1145 parti-

2044 1172 2254 1241 cipatio,
2282 1170 2622 1225 accidentium
2650 1186 2766 1222 vero
2797 1168 2906 1224 haec
2952 1170 3157 1240 quidem
3189 1173 3370 1245 magis,
3400 1173 3492 1227 illa
3518 1189 3631 1228 vero

2043 1263 2232 1316 minus.
2266 1262 2399 1318 Sunt
2436 1262 2640 1331 quidem
2679 1271 2723 1316 et
2754 1262 2874 1315 alia:
2901 1264 3291 1318 communitates
3319 1274 3367 1318 et
3400 1265 3630 1334 praprie-

2045 1362 2170 1407 tates
2213 1369 2386 1407 eorum
2418 1367 2534 1424 quia
2573 1354 2709 1407 dicta
2749 1361 2890 1419 sunt,
2933 1353 3024 1407 sed
3054 1353 3308 1424 suﬁiciunt
3354 1355 3460 1409 haec
3489 1365 3535 1410 et
3565 1356 3632 1409 ad

2046 1444 2406 1499 discretionem
2433 1446 2680 1516 ipsorum,
2712 1455 2759 1498 et
2778 1446 2847 1498 ad
2880 1446 3256 1500 communitatis
3283 1448 3631 1502 traditionem.

2118 1539 2324 1610 Proprii
2368 1549 2529 1609 atque
2561 1539 2853 1594 accidentis
2889 1539 3061 1608 prima
3092 1538 3306 1609 quidem
3337 1539 3635 1597 differentia

2045 1641 2148 1699 est,
2200 1632 2322 1700 quia
2380 1630 2654 1700 proprium
2701 1646 2916 1702 semper
2953 1630 3021 1685 de
3061 1646 3166 1685 una
3215 1637 3420 1686 tantum
3459 1643 3636 1700 specto

364 1737 630 1804 tensionis
684 1739 1122 1809 remissionisque
1167 1751 1445 1796 cremento
1487 1725 1546 1796 et.
1593 1742 1941 1796 decremento

2054 1725 2258 1790 dicitur,
2292 1725 2543 1780 accidens
2574 1723 2706 1779 vero
2751 1726 3010 1780 minime:
3053 1723 3148 1780 sed
3184 1724 3300 1794 ejus
3331 1722 3637 1794 prtedicatio

362 1833 577 1894 variari,
612 1841 667 1886 ut
684 1831 854 1901 ipsum
885 1831 1239 1901 inseparabile
1267 1835 1536 1898 accidens,
1563 1835 1707 1904 quod
1735 1834 1944 1890 [Ethioo

357 1924 515 1993 pibns
558 1923 727 1988 inest,
765 1925 1008 1992 nigredo.
1055 1923 1236 1980 Potest
1275 1927 1418 1980 enim
1459 1927 1776 1996 quibusdam
1820 1929 1944 1983 talis

361 2015 549 2069 adesse
581 2026 635 2068 ut
673 2015 744 2068 sit
795 2015 954 2070 fuscis
986 2017 1250 2085 proxima,
1293 2017 1412 2072 aliis
1439 2031 1567 2073 vero
1597 2019 1740 2084 talis,
1782 2027 1841 2074 ut
1875 2019 1946 2075 sit

365 2109 676 2177 nigerrima.
715 2107 903 2163 Restat
930 2125 1072 2164 nunc
1108 2111 1311 2179 proprii
1365 2112 1766 2182 accidentisque
1797 2127 1945 2169 com-

361 2199 644 2252 muniunes
666 2213 729 2253 ac
753 2198 1084 2255 differentias
1109 2202 1375 2270 persequi.
1404 2203 1512 2257 Sed
1537 2219 1644 2273 quo
1671 2206 1942 2275 proprium

361 2291 574 2346 differat
611 2307 641 2346 a
687 2308 906 2362 genere,
936 2294 1114 2362 specie
1154 2303 1208 2348 et
1236 2294 1556 2362 differentia,
1586 2300 1832 2368 superius
1855 2302 1946 2356 de-

362 2393 716 2439 mOnstratum
751 2394 854 2450 est,
884 2400 1004 2440 cum
1051 2384 1190 2454 quod
1226 2401 1415 2456 genus,
1445 2390 1671 2458 species,
1703 2400 1756 2446 et
1797 2391 1949 2447 diffeo

363 2479 534 2532 rentia
577 2493 605 2531 a
644 2477 862 2548 proprio
895 2479 1119 2534 distaret
1150 2479 1506 2537 ostendimus.
1548 2481 1699 2538 Nunc
1743 2485 1948 2555 reliqua

363 2568 430 2625 de
451 2572 835 2626 communitate
861 2579 916 2627 et
953 2571 1255 2628 differentia
1296 2576 1658 2633 consideratio
1697 2589 1800 2647 est,
1829 2595 1948 2652 quae

363 2663 640 2733 proprium
668 2663 1038 2719 accidentibus
1067 2674 1158 2720 aut
1180 2665 1359 2736 jungit
1388 2677 1482 2723 aut
1511 2684 1776 2740 segregat.

433 2774 712 2831 Commune
755 2786 927 2830 autent
959 2780 1156 2849 proprii
1195 2789 1246 2834 et
1273 2782 1551 2837 accidentis
1594 2784 1950 2856 inseparabilis

363 2878 456 2930 ut,
489 2869 626 2938 quod
656 2879 836 2936 praeter
866 2871 980 2941 ipsa
1004 2887 1262 2943 nunquam
1288 2875 1570 2952 consistant
1595 2894 1653 2930 ea
1685 2881 1738 2933 in
1768 2883 1950 2950 quibus

365 2960 785 3025 considerantur;
810 2964 1240 3030 quemadmodum
1262 2966 1396 3019 enim
1421 2978 1603 3033 printer
1629 2971 1821 3025 risibile
1851 2991 1949 3029 non

367 3050 591 3103 subsistit
642 3052 811 3112 homo.
864 3055 936 3107 ita
985 3071 1078 3109 nec
1125 3066 1310 3124 prietes-
1351 3061 1669 3130 nigredine»:
1725 3067 1949 3122 subsistit

367 3139 644 3210 1Ethiops:
669 3153 715 3195 et
736 3146 1164 3212 quemadmodum
1192 3166 1392 3219 semper
1425 3162 1478 3214 et,
1495 3157 1634 3210 οινιηὶ
1661 3159 1802 3213 adest
1828 3176 1948 3230 pro-

367 3234 558 3300 prium,
590 3234 663 3287 sic
687 3247 731 3288 et
760 3236 1099 3306 inseparabile
1125 3240 1378 3296 accidens.

439 3347 702 3412 Quoniam
746 3350 1019 3416 proprium
1058 3365 1272 3421 semper
1308 3354 1456 3411 adest
1508 3359 1810 3429 Spec'ebus,
1853 3380 1950 3420 nec

366 3449 460 3488 eas
509 3437 621 3491 ullo
667 3439 828 3492 modo
871 3441 1147 3510 relinquit,
1196 3447 1556 3517 quoniamque
1595 3451 1951 3522 inseparabile

370 3526 618 3582 accidens
658 3543 686 3581 a
727 3529 968 3596 subjecto
1001 3547 1104 3585 non
1147 3542 1326 3602 potest
1363 3542 1652 3610 segregari,
1707 3543 1807 3599 hoc
1847 3547 1954 3600 illis

371 3615 513 3671 inter
540 3631 599 3671 se
629 3619 841 3674 videtur
869 3634 992 3676 esse
1018 3636 1323 3689 commune,
1353 3629 1494 3695 quod
1526 3641 1589 3683 ea
1625 3631 1816 3700 quibus
1872 3637 1954 3689 in-

371 3716 514 3774 sunt,
549 3718 746 3778 prmter
768 3714 982 3781 propria
1009 3723 1062 3767 et
1093 3713 1465 3784 inseparabilis
1497 3721 1813 3790 accidentia,
1838 3741 1958 3781 esse

373 3817 478 3857 non
511 3812 755 3872 possunt.
793 3807 1169 3875 lnseparabilia
1201 3827 1328 3867 vero
1357 3814 1652 3871 accidentia
1684 3832 1960 3888 comparat

375 3899 612 3966 proprio,
644 3902 896 3969 quoniam
933 3913 986 3956 ut
1028 3904 1078 3957 in
1102 3907 1280 3975 specie
1309 3907 1507 3963 dictum
1537 3921 1636 3976 est,
1671 3915 1960 3970 rarissima:

373 3997 500 4041 sunt
525 3991 726 4057 speciei
756 4000 916 4062 atque
943 3995 1234 4051 accidentis
1257 3999 1654 4068 similitudines,
1713 4007 1960 4076 quocirca

376 4079 547 4133 multo
578 4083 748 4152 magis
783 4087 983 4153 proprii
1028 4095 1190 4156 atque
1221 4091 1512 4148 accidentis
1553 4101 1966 4156 communitates

377 4173 598 4229 difficile
648 4177 1031 4245 reperiuntur:
1070 4181 1319 4237 accidens
1349 4186 1489 4240 enim
1540 4188 1590 4241 in
1635 4194 1962 4248 contrarium

377 4268 540 4323 dividi
573 4269 730 4338 solet,
763 4273 818 4325 in
855 4271 1216 4342 inseparabile
1263 4277 1512 4332 accidens
1557 4291 1717 4349 atque
1752 4299 1968 4352 separa-

378 4357 520 4414 bile:
551 4375 671 4432 qua:
701 4376 831 4418 vero
859 4363 962 4419 sub
989 4381 1184 4432 genere
1213 4368 1263 4421 in
1287 4370 1612 4424 contrarium
1636 4372 1965 4443 dividuntur,

2050 1817 2102 1871 in
2148 1816 2408 1885 plurimas
2444 1817 2643 1871 diversi
2698 1816 2914 1886 generis
2947 1815 3277 1872 substantias
3325 1817 3638 1885 speciesque

2048 1907 2386 1972 diffunditur,
2413 1905 2616 1961 risibile
2640 1905 2784 1962 enim
2810 1906 2878 1960 de
2903 1907 3054 1960 nullo
3081 1907 3187 1961 alio
3206 1906 3306 1961 nisi
3329 1906 3396 1961 de
3424 1906 3638 1963 homine

2049 1997 2386 2068 praedicatur.
2421 1995 2638 2066 Nigrum
2675 2011 2833 2062 vero,
2858 1997 3000 2067 quod
3024 2005 3106 2052 est
3135 1997 3454 2066 quibusdam
3499 1999 3639 2053 inse!

2051 2090 2288 2158 parabile
2309 2089 2579 2153 accidens,
2604 2097 2711 2142 tam
2737 2101 2924 2152 corvo,
2941 2098 2994 2143 et
3017 2088 3254 2157 Ethiopl
3280 2103 3401 2158 qua:
3417 2089 3631 2144 diversa

1993 2199 1996 2203 ·
2046 2189 2173 2236 sunt
2197 2181 2398 2250 specie,
2427 2194 2586 2250 quam
2615 2195 2778 2235 corvo
2813 2188 2974 2249 atque
3014 2180 3213 2246 ebeno,
3240 2195 3360 2250 quae
3387 2179 3638 2238 differunt

2048 2273 2334 2342 generibus
2358 2287 2465 2326 non
2505 2281 2708 2326 tantum
2740 2273 2941 2340 specie,
2975 2279 3172 2339 praesto
3207 2280 3327 2326 est:
3357 2286 3465 2342 quo
3495 2271 3552 2326 fit
3579 2281 3636 2326 ut

2051 2364 2286 2434 propriis
2313 2363 2531 2435 quidem
2569 2365 2856 2418 conversio
2892 2379 3043 2432 requa
3086 2375 3356 2429 servetur,
3399 2365 3470 2418 in‘
3495 2366 3639 2419 acci-

2049 2458 2302 2513 dentibus
2341 2473 2472 2513 vero
2516 2459 2758 2513 minime.
2809 2457 3074 2525 Quoniam
3110 2460 3255 2513 enim
3307 2459 3524 2529 propria
3581 2459 3634 2513 in

2051 2552 2273 2621 singulis
2301 2565 2430 2607 esse
2465 2566 2620 2606 suum
2671 2551 2889 2616 habent,
2941 2562 3100 2621 atque
3139 2565 3327 2606 omnes
3363 2552 3636 2608 Continent

2049 2646 2260 2715 species
2289 2643 2558 2714 proprias,
2581 2657 2847 2700 converso
2876 2645 3066 2700 ordine
3094 2644 3468 2715 praedicantur.
3503 2645 3635 2702 Nam

2051 2737 2192 2808 quod
2223 2736 2431 2793 risibile
2453 2745 2558 2804 est,
2592 2737 2753 2791 homo
2782 2746 2894 2792 est:
2926 2748 2980 2793 et
3014 2739 3154 2808 quod
3181 2739 3372 2806 homo,
3399 2740 3632 2804 risibile;

2053 2833 2262 2901 nigrum
2288 2845 2418 2886 vero
2448 2845 2557 2885 non
2582 2832 2673 2897 ita,
2707 2831 2802 2885 sed
2831 2832 3005 2901 ipsum
3038 2831 3253 2901 quidem
3282 2831 3351 2888 de
3378 2831 3460 2886 his
3502 2845 3636 2901 prie-

2053 2923 2217 2977 dicari
2252 2933 2428 2993 potest
2457 2923 2649 2993 qubus
2685 2924 2849 2978 inest.
2911 2924 3002 2979 Illa
3032 2939 3162 2980 vero
3211 2924 3278 2980 ad
3314 2923 3470 2994 hujus
3498 2939 3634 2996 prsea

2054 3017 2372 3072 dicationem
2400 3018 2640 3072 converti
2667 3018 2976 3088 retrahique
3003 3033 3110 3074 non
3140 3027 3366 3088 possunt
3391 3036 3404 3072 :
3429 3018 3640 3089 nigrum

1980 3103 2028 3167 C
2058 3110 2200 3164 enim
2229 3110 2297 3163 de
2323 3110 2580 3173 carbone,
2612 3110 2807 3172 ebeno,
2836 3109 3073 3178 homine,
3113 3119 3273 3180 atque
3307 3119 3470 3167 corvo
3500 3124 3640 3181 prse-

2053 3199 2284 3266 dicatur,
2315 3199 2431 3254 haec
2461 3213 2592 3254 vero
2617 3200 2686 3254 de
2717 3201 2868 3270 nigro
2902 3201 3142 3258 minime.
3178 3199 3310 3256 Nam
3333 3216 3452 3273 qua:
3492 3203 3643 3272 plura

2055 3294 2352 3358 continent,
2383 3294 2449 3350 de
2493 3296 2576 3350 his
2607 3312 2726 3365 quae
2756 3297 3037 3352 continent
3082 3299 3359 3366 praedicari
3399 3306 3642 3368 possunt,

2055 3401 2117 3442 ea
2139 3401 2271 3440 vero
2295 3403 2414 3456 quae
2445 3388 2788 3442 continentur
2812 3389 2880 3442 de
2908 3403 3028 3443 sese
3061 3389 3465 3443 continentibus
3499 3389 3649 3443 nullo

2060 3479 2219 3532 modo
2257 3479 2636 3547 prmdicantur.
2671 3479 2875 3532 ltursus
2911 3478 3186 3548 proprium
3217 3478 3434 3547 quidem
3471 3490 3648 3546 aequa-

2060 3569 2184 3623 liter
2217 3569 2586 3638 participatur,
2628 3569 2880 3624 accidens
2927 3568 3334 3623 remissionibus
3366 3579 3526 3637 atque
3561 3567 3648 3622 in-

2063 3661 2394 3715 tersionibus
2437 3669 2818 3730 permittatur:
2862 3661 3039 3716 omnis
3080 3661 3222 3716 enim
3282 3661 3443 3714 homo
3499 3674 3652 3730 aequo

2064 3753 2282 3808 risibilis
2309 3761 2413 3819 est,
2447 3752 2698 3824 Ethiops
2730 3768 2860 3808 vero
2898 3767 3003 3808 non
3035 3753 3317 3823 aequaliter
3357 3753 3509 3822 niger
3545 3761 3652 3822 est,

2065 3847 2157 3901 sed
2187 3850 2266 3915 (ut
2299 3846 2500 3901 dictum
2536 3847 2642 3916 est)
2677 3847 2868 3917 aliquis
2899 3847 3115 3917 quidem
3163 3846 3320 3915 paulo
3351 3847 3531 3900 minus
3575 3847 3654 3899 nis

2065 3954 2178 4009 ger,
2222 3938 2358 3992 alius
2389 3953 2518 3993 vero
2549 3940 2859 3994 teterrimos
2889 3939 3183 3993 invenitur.
3235 3939 3300 3992 Et
3342 3937 3410 3993 de
3455 3937 3656 4007 proprii

2068 4032 2281 4099 quidem
2311 4040 2472 4101 atque
2497 4032 2790 4087 accidentis
2817 4031 3131 4086 differentiis
3164 4031 3298 4086 satis
3328 4030 3530 4085 dictum
3553 4040 3656 4086 est.

2041 4123 2324 4177 .ltestabat
2368 4138 2497 4177 vero
2551 4123 2844 4178 accidentis
2900 4123 2972 4198 ad.
3015 4133 3209 4178 caetera
3253 4123 3660 4181 communiones

2077 4213 2536 4282 proprietatesque
2587 4214 2884 4282 explicare,
2923 4215 3016 4268 sed
3051 4214 3163 4282 jam
3203 4215 3449 4283 superius
3495 4227 3660 4270 annus

2076 4313 2295 4358 mcratae
2336 4314 2462 4358 sunt
2499 4320 2620 4360 cum
2660 4307 2897 4374 generis,
2959 4306 3297 4370 differentias,
3348 4306 3571 4376 proprii,
3610 4314 3662 4366 et

2075 4395 2368 4450 accidentis
2400 4396 2779 4452 similitudines
2803 4411 2867 4452 ac
2896 4396 3224 4452 differentias
3255 4396 3663 4466 assignavimus.

378 4469 444 4509 ea
475 4455 624 4509 nullo
645 4455 754 4510 alio
780 4456 879 4511 nisi
911 4465 1113 4512 tantum
1144 4460 1360 4529 generis
1391 4463 1774 4531 praedicatione
1804 4468 1951 4536 parti-

2077 4485 2325 4542 Fortasse
2379 4496 2558 4542 autem
2608 4487 2690 4542 his
2729 4489 3004 4543 institutus
3043 4490 3276 4558 animus,
3318 4497 3374 4544 et
3417 4489 3665 4544 solertior

379 4546 584 4614 cipant.
618 4549 771 4614 Quod
795 4549 837 4601 si
873 4550 1146 4618 proprium
1180 4554 1538 4621 inseparabile
1585 4557 1854 4625 quoddam
1884 4577 1969 4615 ac-

377 4636 568 4693 cidens
607 4648 711 4706 est,
744 4654 774 4693 a
801 4641 1085 4711 separabili
1133 4643 1390 4699 accidenti
1447 4645 1726 4714 plurimum
1772 4650 1968 4719 dilTert,

385 4743 542 4802 atque
577 4734 699 4789 ideo
737 4736 909 4791 nullas
957 4738 1156 4806 proprii
1200 4747 1254 4793 et
1306 4739 1622 4808 separabilis
1674 4745 1968 4801 accidentis

380 4824 770 4882 similitudines
805 4828 1016 4897 quarrit.
1054 4829 1157 4884 Sed
1185 4831 1436 4899 quoniam
1476 4833 1648 4900 ipsum
1692 4837 1967 4906 proprium

380 4917 547 4970 certis
572 4917 892 4986 quibusdam
930 4919 1229 4975 rationibus
1258 4922 1324 4976 ab
1354 4923 1799 4992 inseparabilibus
1829 4929 1969 4984 acci-

384 5004 635 5064 dentibus
650 5009 848 5077 diﬂert,
876 5012 1062 5068 horum
1089 5025 1142 5070 et
1165 5019 1577 5074 communitates
1601 5020 1824 5075 inveniri
1843 5036 1967 5091 pos-

385 5109 540 5154 sunt:
569 5111 623 5156 et
652 5103 792 5160 inter
813 5119 872 5160 se
902 5105 1238 5175 differentiae,
1271 5125 1494 5179 quarum
1531 5125 1632 5166 una
1661 5111 1876 5182 quidem
1907 5128 1966 5169 ea

383 5200 472 5246 est
511 5207 666 5263 quam
705 5200 951 5267 superius
978 5202 1356 5270 exposuimus,
1399 5205 1632 5259 secunda
1668 5220 1796 5260 vero
1833 5222 1968 5277 quo-

387 5285 531 5340 niam
561 5286 700 5344 sicut
730 5293 1002 5360 proprium
1026 5307 1258 5364 semper,
1289 5306 1339 5349 et
1371 5298 1513 5350 omni
1560 5298 1757 5366 speciei
1794 5301 1968 5369 adest,

386 5378 458 5434 ita
491 5380 651 5436 etiam
693 5383 1047 5455 inseparabite
1088 5388 1374 5442 accidens:
1420 5405 1538 5444 nam
1587 5392 1722 5445 sicut
1768 5392 1972 5448 risibile

2082 4577 2274 4641 iactus,
2299 4578 2434 4633 alias
2459 4589 2654 4648 praeter
2681 4595 2794 4645 eas,
2819 4595 2952 4650 quas
2981 4596 3120 4635 nunc
3141 4580 3395 4646 diximus,
3428 4593 3665 4634 commuo

2047 4675 2271 4744 ~ni'es
2303 4683 2356 4729 et
2400 4673 2732 4729 differentias
2763 4677 2998 4744 quinque
3035 4691 3216 4730 rerum
3253 4691 3373 4745 quae
3418 4677 3668 4745 superius

2077 4773 2203 4818 sunt
2249 4764 2436 4834 posita:
2482 4766 2738 4834 reperiet,
2774 4766 2868 4821 sed
2901 4767 2966 4820 ad
2994 4766 3374 4822 discretionem
3409 4776 3566 4836 atque
3605 4767 3669 4823 ad

2079 4869 2264 4910 eorum
2311 4855 2692 4912 similitudines
2732 4857 3120 4926 comparandas
3147 4873 3206 4912 ea
3244 4860 3354 4912 fere
3379 4871 3498 4928 qua:
3543 4866 3670 4912 sunt

2081 4947 2221 5002 dicta
2260 4948 2562 5003 sulficiant.’
2588 4948 2696 5003 Nos
2723 4951 2885 5004 etiam
2915 4949 3168 5020 quoniam
3200 4950 3448 5017 promissi
3490 4949 3670 5017 operis

2080 5052 2294 5112 portum
2323 5053 2587 5110 tenemus,
2619 5051 2777 5112 atque
2812 5041 2970 5111 hujus
2993 5042 3111 5098 libri
3140 5042 3333 5098 seriem
3358 5043 3532 5109 primo
3552 5040 3670 5107 qui-

2079 5134 2199 5188 dem
2225 5149 2253 5187 a
2278 5133 2495 5188 rhetore
2522 5134 2813 5198 Victorino,
2835 5147 2948 5204 pom
2973 5150 3099 5188 vero
3117 5150 3144 5186 a
3164 5134 3316 5188 nobis
3339 5132 3524 5185 Latina
3553 5146 3672 5185 ora-

2081 5230 2224 5284 tione
2250 5244 2564 5283 conversam
2596 5228 2804 5298 gemina
2836 5229 3169 5298 expositione
3193 5224 3562 5294 patefecimus,
3589 5223 3674 5280 hic

2081 5324 2367 5377 terminum
2409 5323 2567 5390 longo
2599 5322 2880 5374 statuimus
2930 5319 3078 5388 operi
3109 5314 3406 5370 continenti
3439 5314 3675 5384 quinque

2085 5431 2262 5470 rerum
2292 5414 2703 5484 diSputationcm
2734 5421 2788 5470 et
2817 5413 2879 5466 ad
2928 5409 3340 5481 praedicamenta
3389 5406 3668 5462 servienti.
