4022 6328
395 273 493 328 150

1623 259 1732 314 AN.
1770 257 1972 316 MANL.
2008 257 2158 314 SEV.
2198 256 2419 313 BOETH
3567 258 3660 312 ibi)

1019 510 1280 616 ΑΝ.
1420 505 1901 610 MANL.

2044 497 2395 602 SEV.

2549 377 3658 422 ῌ

2180 406 2546 416 _._—-——-——

2530 501 3059 605 ΒΟΕΤΙΙ

715 731 884 852 ΙΝ
980 719 1556 855 CATEG
1586 711 2140 846 ORIAS
2232 715 3389 849 ARISTOTELIS

1618 915 1881 994 LIBRI
1959 913 2476 1006 QUATUOR.

1546 1143 1922 1247 LIBER
1996 1139 2519 1246 PRIMUS.

468 1380 739 1450 Expeditis
797 1379 878 1434 his
921 1391 1040 1448 qua:
1082 1377 1146 1432 ad
1202 1376 1613 1448 praedicamenta
1668 1371 1967 1429 Aristotelis
1997 1369 2048 1428 Δ
2074 1371 2358 1438 signiﬁcet.
2394 1371 2491 1426 Est
2521 1371 2681 1443 igitur
2712 1373 2871 1444 hujus
2905 1375 3087 1446 operis
3118 1375 3346 1432 intentio
3368 1377 3434 1432 de
3461 1377 3673 1434 vocibm

400 1472 680 1546 Porphyrii
717 1473 1052 1529 institutione
1076 1474 1278 1541 digesta
1308 1479 1454 1535 sunt,
1477 1472 1573 1525 hos
1599 1482 1810 1539 quoque
1833 1481 1982 1520 com-

399 1569 690 1622 mentarios
751 1568 804 1621 in
851 1566 1265 1635 praidicamenta
1311 1563 1646 1635 perscribens
1694 1559 1982 1614 mediocris

401 1659 522 1729 styli
555 1660 746 1713 seriem
783 1666 1122 1728 persecutus,
1171 1655 1304 1710 nihil
1345 1653 1412 1709 de
1453 1654 1704 1708 altiorum
1735 1650 1986 1720 quaestio-

402 1768 528 1806 num
561 1751 878 1806 tractatione
912 1749 1220 1820 permiscui,
1253 1747 1346 1802 sed
1376 1743 1708 1801 dilucidandi
1737 1743 1983 1797 modera-

404 1853 548 1904 tione
578 1859 808 1915 servata,
842 1863 941 1904 nec
983 1862 1180 1916 angere
1231 1846 1483 1900 lectorem
1521 1843 1783 1898 brevitate
1819 1835 1984 1900 volui,

404 1957 505 1998 nec
549 1942 864 1997 dilatatione
915 1940 1264 1996 confundere.
1318 1937 1494 2006 Quare
1548 1935 1697 2005 prius
1749 1932 1989 1988 breviter

407 2035 564 2105 hujus
590 2036 767 2105 operis
798 2032 1085 2104 aperienda
1117 2033 1327 2086 videtur
1356 2029 1601 2092 intentio,
1632 2040 1752 2098 quae
1777 2034 1859 2080 est
1893 2025 1991 2078 hu-

404 2127 634 2197 jusmodi
661 2145 672 2180 :
706 2126 882 2181 Rebus
913 2124 1348 2195 prazjacentibus,
1375 2134 1428 2178 et
1459 2122 1509 2176 in
1543 2121 1757 2191 propria
1787 2118 1991 2189 princi-

408 2223 598 2292 paliter
623 2231 830 2276 naturae
859 2219 1243 2276 constitutione
1288 2216 1654 2280 manentibus,
1699 2211 1990 2266 humanum

407 2320 577 2384 solum
605 2333 769 2386 genus
797 2315 1022 2379 exstitit,
1059 2313 1200 2385 quod
1237 2313 1396 2368 rebus
1422 2310 1638 2366 nomina
1683 2314 1866 2378 posset
1895 2306 1994 2360 im-

409 2421 628 2477 ponere.
659 2405 810 2460 Unde
857 2405 1054 2459 factum
1087 2412 1169 2458 cst
1200 2414 1255 2458 ut
1289 2401 1563 2472 sigillatim
1594 2399 1771 2453 omnia
1811 2411 1995 2467 prose-

410 2504 564 2551 cutus
597 2494 827 2549 hominis
857 2494 1066 2548 animus
1105 2492 1326 2563 singulis
1358 2489 1617 2546 vocabula
1658 2488 1819 2543 rebus
1848 2495 1996 2556 apta-

409 2599 512 2644 ret.
548 2588 615 2643 Et
640 2589 740 2643 hoc
769 2588 1005 2658 quidem,
1039 2586 1189 2641 verbi
1233 2586 1423 2654 gratia,
1457 2599 1675 2652 corpus,
1721 2581 1992 2635 hominem

410 2682 639 2746 vocavit,
671 2680 800 2735 illud
821 2695 970 2744 vero,
1003 2675 1417 2749 lapidem,aliud
1445 2676 1668 2745 lignum,
1699 2671 1842 2728 aliud
1870 2685 1998 2727 vero

2087 1477 2173 1516 res
2200 1463 2648 1533 signiﬁcantibus,
2682 1467 2822 1521 ineo
2852 1468 2994 1538 quod
3022 1469 3382 1539 signiﬁcantes
3412 1482 3534 1525 sunt
3561 1487 3679 1541 perv

2093 1563 2348 1611 tractare.
2384 1557 2509 1612 l-lazc
2535 1559 2754 1628 quidem
2786 1570 2870 1616 est
2897 1564 3122 1631 tempori
3169 1563 3599 1632 introductionis,
3628 1575 3674 1629 et

2090 1651 2347 1719 simplicis
2377 1653 2731 1721 expositionis
2759 1665 2878 1724 apta
2909 1658 3201 1724 sententia,
3234 1674 3392 1728 quam
3417 1674 3514 1714 nos
3541 1654 3679 1718 nunc

2092 1743 2445 1815 Porphyrium
2484 1735 2813 1818 sequentes,
2869 1750 3007 1820 quod
3055 1750 3334 1806 videbatur
3386 1753 3682 1822 expeditior

2093 1849 2213 1891 esse
2246 1837 2558 1908 planiorque
2586 1839 2929 1909 digessimus.
2952 1841 3044 1896 Est
3074 1858 3201 1898 vero
3231 1844 3283 1897 in
3312 1852 3488 1898 mente
3511 1843 3577 1897 de
3605 1845 3682 1898 in-

2096 1932 2355 2000 tentione,
2419 1934 2646 1989 utilitate
2693 1946 2745 1989 et
2803 1936 3024 2001 ordine,
3080 1937 3253 1992 tribus
3303 1937 3684 2008 quaestionibus

2096 2028 2392 2096 disputare,
2429 2028 2680 2085 videlicet
2705 2030 2757 2084 in
2789 2031 2894 2086 alio
2929 2035 3316 2088 commentario
3346 2049 3504 2104 quem
3534 2049 3684 2089 com-

2099 2133 2299 2188 ponere
2343 2120 2596 2190 proposui
2627 2121 2694 2176 de
2734 2121 2939 2178 eisdem
2981 2123 3266 2193 categoriis
3301 2125 3366 2179 ad
3399 2125 3682 2191 doctiores,

2099 2225 2324 2282 quarum
2354 2227 2455 2267 una
2481 2212 2704 2283 estquid
2726 2214 3261 2284 prmdicamentorum
3285 2217 3411 2271 velit
3438 2216 3685 2284 intentio,

2099 2305 2279 2376 ibique
2319 2308 2614 2362 numeratis
2654 2308 2993 2364 diversorum
3027 2309 3329 2375 sententiis,
3378 2309 3688 2365 docebimus

2099 2402 2184 2454 cui
2229 2412 2469 2456 nostrum
2513 2417 2728 2474 quoque
2759 2404 2987 2460 accedat
3026 2405 3326 2470 arbitrium,
3357 2405 3494 2474 quod
3532 2418 3689 2460 nemo

2103 2494 2224 2550 huic
2248 2494 2299 2550 in
2333 2497 2621 2565 prmsentia
2652 2500 2932 2553 sententiae
2964 2512 3265 2569 repugnare
3297 2499 3538 2564 miretur,
3567 2513 3690 2554 cum

2102 2590 2281 2645 videat
2306 2599 2508 2660 quanto
2537 2593 2624 2647 illa
2655 2595 2728 2648 sit
2756 2594 2918 2650 altior
2945 2596 3099 2665 cujus
3125 2610 3230 2651 non
3266 2595 3484 2650 nimium
3513 2593 3691 2663 ingre-

2102 2681 2360 2737 dientium
2387 2692 2596 2739 mentes
2615 2700 2840 2755 capaces
2856 2701 2977 2742 esse
3000 2687 3312 2757 potuissent,
3340 2687 3404 2741 ad
3428 2700 3562 2757 quos
3582 2700 3693 2740 meo

410 2774 669 2829 colorem.
705 2773 772 2828 Et
792 2787 976 2828 rursus
1007 2772 1311 2843 quicunque
1337 2786 1401 2826 ex
1433 2784 1490 2825 se
1518 2770 1679 2824 alium
1703 2767 1996 2838 genuisset.
2031 2758 2078 2820 Β
2106 2774 2361 2830 diocriter
2407 2777 2726 2833 imbuendos
2767 2779 2867 2833 ista
2924 2780 3366 2850 conscripsimus.
3414 2777 3695 2833 Afﬁciendi

409 2865 580 2934 patris
609 2865 872 2920 vocabulo
909 2864 1256 2933 nuncupavit.
1301 2863 1604 2918 Mensuram
1633 2876 1846 2932 quoque
1887 2875 1998 2912 ma-

410 2957 704 3025 gnitudinis
736 2959 936 3026 proprii
985 2957 1157 3011 forma
1200 2957 1431 3010 nominis
1473 2955 1801 3018 terminavit,
1834 2961 1891 3006 ut
1919 2951 1999 3005 di-

411 3057 558 3104 ceret
586 3048 832 3118 bipedale
863 3063 1005 3116 esse,
1032 3057 1122 3102 aut
1149 3047 1430 3116 tripedale,
1465 3055 1518 3102 et
1548 3048 1602 3100 in
1645 3046 1767 3100 aliis
1808 3043 1997 3099 eodem

411 3144 594 3200 modo.
615 3143 875 3199 Omnibus
899 3157 1026 3212 ergo
1045 3141 1351 3197 nominibus
1373 3141 1652 3207 ordinatis,
1671 3141 1734 3194 ad
1760 3140 1998 3208 ipsorum

413 3252 596 3293 rursus
627 3237 1008 3310 vocabulorum
1041 3237 1400 3306 proprietates
1425 3234 1728 3305 ﬁgurasque
1749 3247 2001 3288 reversus

413 3338 513 3397 est,
545 3339 601 3384 et
647 3329 953 3397 hujusmodi
981 3329 1225 3386 vocabuli
1261 3328 1509 3394 formant,
1535 3343 1654 3397 qua:
1685 3326 1882 3382 inflecti
1915 3341 2004 3380 ca-

413 3423 565 3476 sibus
616 3423 806 3492 possit,
847 3438 1039 3478 nomen
1071 3423 1317 3487 vocavit;
1350 3439 1470 3492 qua:
1506 3437 1635 3477 vero
1672 3421 2004 3490 temporibus

414 3515 681 3584 distribui,
737 3517 983 3573 verbum.
1029 3517 1207 3572 Prima
1244 3518 1404 3588 igitur
1439 3517 1524 3571 illa
1567 3517 1665 3570 fuit
1721 3517 1998 3570 nominum

405 3611 632 3679 positio,
674 3626 770 3680 per
799 3628 960 3682 quam
992 3613 1072 3669 vel
1115 3611 1408 3668 intellectui
1447 3611 1684 3680 subjecta
1717 3612 1799 3666 vel
1837 3612 2007 3666 sensi-

414 3700 516 3757 bus
557 3703 880 3771 designaret.
931 3705 1176 3760 Secunda
1207 3706 1586 3771 consideratio,
1627 3723 1730 3778 qua
1767 3706 2008 3774 singulas

415 3797 773 3866 proprietates
803 3797 1080 3852 nominum
1111 3800 1411 3871 ﬁgurasque
1438 3802 1827 3871 perspicerent,
1860 3801 1928 3854 ita
1951 3809 2009 3854 ttt

415 3891 644 3958 primum
687 3905 882 3945 nomen
907 3892 978 3945 sit
1020 3893 1194 3959 ipsum
1229 3895 1303 3947 rei
1344 3894 1664 3948 vocabulum
1699 3913 1710 3946 :
1747 3903 1824 3959 ttt,
1858 3893 2009 3947 verbi

415 3980 609 4050 gratia,
642 3997 762 4035 cum
792 3984 1045 4052 quaslibet
1073 3999 1160 4039 res
1191 3984 1351 4038 homo
1379 3986 1605 4041 dicatur.
1646 3985 1798 4052 Quod
1831 3995 2009 4039 autem

420 4073 595 4142 ipsum
629 4075 971 4140 vocabulum,
1004 4077 1055 4131 id
1080 4087 1163 4131 est
1189 4078 1369 4147 homo,
1405 4095 1598 4134 nomen
1625 4088 1867 4144 vocatur,
1904 4094 2009 4133 non

2103 2883 2252 2938 ergo,
2269 2869 2729 2940 etquodammodo
2742 2871 3058 2941 disponendi
3089 2871 3344 2929 mediocri
3362 2871 3694 2942 expositione

2104 2970 2229 3016 sunt
2243 2969 2292 3016 in
2308 2963 2436 3032 ipsis
2448 2943 2598 3033 quasi
2611 2964 2906 3033 disciplina:
2923 2965 3080 3033 hujus
3095 2965 3462 3035 foribus,quos
3482 2963 3545 3017 ad
3562 2962 3695 3018 hanc

2107 3071 2356 3127 paramus
2379 3057 2658 3113 scientiam
2683 3057 2984 3113 admittere.
3006 3057 3150 3112 Hanc
3171 3056 3332 3128 igitur
3347 3070 3562 3112 causam
3582 3069 3698 3110 mtt-

2108 3161 2232 3205 tata:
2262 3151 2542 3205 sententia:
2567 3152 2848 3219 utriusque
2870 3149 3051 3220 operis
3072 3149 3240 3205 lector
3261 3155 3532 3218 agnoscat,
3556 3144 3697 3215 quod

2109 3241 2218 3296 illic
2241 3242 2307 3297 ad
2333 3241 2612 3296 scientiam
2639 3241 3041 3311 Pythagorieam
3075 3239 3470 3310 perfectamque
3497 3236 3698 3292 doctri~

2111 3347 2276 3399 nam,
2322 3333 2421 3388 hic
2471 3332 2538 3388 ad
2603 3332 2876 3402 simplices
2940 3331 3457 3388 introducendorum
3521 3336 3699 3384 motus

2109 3426 2462 3495 expositionis
2490 3426 2560 3480 sit
2585 3425 2986 3480 accommodata
3019 3424 3321 3489 sententia;
3347 3423 3439 3478 sed
3473 3436 3613 3476 nunc
3634 3419 3701 3475 ad

2111 3518 2441 3588 propositum
2472 3528 2832 3588 revertamur,
2859 3520 3033 3588 sitque
3067 3518 3121 3572 in
3169 3531 3406 3586 praesens
3435 3512 3702 3584 praedica-

2111 3622 2415 3667 mentorutn
2449 3612 2697 3679 intentio,
2725 3627 2845 3683 quas
2879 3612 3124 3680 superius
3172 3619 3257 3666 est
3283 3608 3698 3680 comprehensa,

2117 3703 2290 3772 idest,
2309 3704 2376 3760 de
2401 3705 2584 3774 primis
2615 3706 2838 3760 vocibus
2860 3704 3286 3775 signiﬁcantibus
3318 3705 3489 3775 prima
3521 3715 3703 3758 rerum

2113 3812 2331 3867 genera,
2368 3798 2417 3853 in
2449 3814 2514 3854 eo
2545 3799 2684 3868 quod
2725 3798 3087 3868 signiﬁcantes
3127 3806 3256 3853 sunt
3295 3795 3568 3866 disputare
3599 3813 3612 3847 :
3647 3801 3703 3849 et

2115 3891 2364 3958 quoniam
2409 3906 2496 3945 res
2541 3891 2764 3946 inﬁnita:
2795 3900 2941 3956 sunt,
2973 3890 3208 3946 inﬁnitas
3255 3903 3468 3960 quoque
3519 3900 3705 3951 voces,

2117 3998 2235 4050 quae
2266 3982 2565 4052 significent
2592 3998 2684 4038 eas
2707 3996 2827 4038 esse
2860 3995 3082 4037 necesse
3108 3991 3224 4037 est:
3248 3980 3342 4036 sed
3375 3980 3706 4036 inﬁnitarum

2118 4075 2260 4128 nulla
2287 4057 2518 4148 cognitio
2549 4086 2652 4141 est,
2689 4074 2894 4129 inﬁnita
2939 4089 3170 4143 namque
3224 4073 3404 4128 animo
3457 4084 3709 4142 compre-

417 4164 481 4218 ad
531 4165 978 4234 signiﬁcationem
1021 4169 1254 4235 nominis
1300 4170 1465 4238 ipsius
1509 4170 1757 4235 refertur,
1806 4171 1899 4226 sed
1943 4171 2009 4225 ad
2038 4147 2086 4213 (ἶ
2118 4165 2279 4220 hendi
2310 4176 2602 4236 nequeunt.
2629 4167 2783 4233 Quod
2803 4175 2978 4221 autem
3010 4167 3216 4221 ratione
3247 4166 3443 4220 mentis
3468 4165 3704 4219 circum-

419 4257 666 4327 ﬁgttram,
717 4259 918 4316 idcirco
964 4258 1106 4332 and
1154 4263 1323 4331 possit
1359 4265 1572 4319 casibus
1611 4265 1833 4320 inflecti.
1870 4267 2011 4335 Ergo

420 4350 592 4420 prima
623 4352 814 4418 positio
838 4356 1070 4408 nominis
1096 4356 1390 4410 secundum
1425 4357 1874 4427 signiﬁcatiOnem
1917 4375 2011 4414 vo-

421 4443 593 4497 cabuli
641 4444 777 4499 facta
820 4457 926 4513 est,
971 4449 1202 4501 secunda
1243 4462 1370 4502 vero
1407 4451 1698 4504 secundum
1744 4451 2008 4520 ﬁguram:

421 4541 581 4588 etest
613 4537 787 4604 prima
819 4537 1038 4605 positio,
1071 4546 1129 4591 ut
1156 4539 1371 4591 nomina
1398 4539 1558 4594 rebus
1586 4541 2010 4611 imponerentur,

419 4628 654 4680 secunda
678 4645 806 4684 vero
827 4639 884 4683 ut
913 4630 1033 4684 aliis
1057 4631 1358 4686 nominibus
1387 4631 1500 4702 ipsa
1528 4637 1740 4690 nomina
1767 4637 2012 4707 designa-

423 4729 630 4774 rentur.
656 4719 789 4775 Nam
821 4736 940 4776 cum
972 4722 1134 4775 homo
1162 4723 1478 4779 vocabulum
1511 4727 1582 4781 sit
1603 4728 1858 4798 subjectzn
1879 4714 2013 4784 Ωιι)-

422 4814 654 4882 stantiaa,
689 4814 738 4868 id
781 4814 920 4885 quod
953 4815 1149 4870 dicitur
1180 4816 1362 4884 homo,
1411 4835 1603 4876 nomen
1638 4831 1721 4876 est
1753 4821 2008 4892 hominis,

423 4905 564 4975 quod
605 4905 771 4975 ipsius
813 4908 1042 4961 nominis
1079 4909 1366 4977 appellatio
1403 4922 1507 4967 est.
1561 4914 1795 4969 Dicimus
1841 4915 2008 4982 enim,

424 4999 582 5068 quale
612 5000 926 5055 vocabulum
956 5012 1034 5056 est
1062 5002 1256 5058 homo?
1289 5013 1342 5060 et
1370 5009 1587 5078 proprie
1635 5009 2010 5078 respondetur,

426 5106 644 5145 nomen.
681 5093 734 5147 ltt
767 5093 866 5148 ltOc
897 5095 1058 5164 igitur
1087 5111 1248 5167 opere
1282 5098 1398 5154 hmc
1426 5102 1651 5156 intentio
1678 5113 1779 5167 est,
1807 5103 1874 5157 de
1905 5102 2013 5172 pri-

427 5184 527 5237 mis
559 5200 733 5240 rerum
774 5188 1098 5254 nominibus,
1127 5201 1180 5246 et
1222 5191 1288 5247 de
1333 5194 1552 5249 vet-ibus
1591 5211 1676 5251 res
1707 5197 2015 5264 signiﬁcan-

427 5275 567 5330 tibus
601 5278 894 5348 disputare,
925 5297 1028 5336 non
1075 5283 1129 5337 in
1168 5299 1233 5340 eo
1264 5287 1404 5354 quod
1452 5288 1745 5342 secundum
1778 5287 2011 5357 aliquam

430 5369 808 5436 proprietatem
843 5374 1172 5444 ﬁguramque
1206 5377 1526 5446 formantur,
1560 5380 1651 5433 sed
1689 5383 1739 5435 in
1775 5395 1838 5435 eo
1870 5381 2012 5449 quod

428 5461 790 5528 signiﬁcantes
843 5477 989 5521 sunt.
1027 5467 1157 5522 Nam
1202 5471 1559 5540 quodcunque
1601 5471 1668 5525 de
1711 5472 2008 5527 substantia

427 5550 510 5604 vel
561 5552 735 5609 facere
767 5558 846 5610 vel
903 5559 1005 5626 pati
1038 5561 1254 5626 dicitur,
1299 5577 1402 5618 non
1438 5563 1508 5616 ita
1543 5572 1826 5630 tractatur,
1858 5564 2010 5632 quasi

431 5659 590 5698 unum
621 5662 804 5704 eorum
832 5653 1042 5706 casibus
1077 5654 1274 5708 inflecti
1323 5656 1510 5724 possit,
1546 5657 1687 5712 aliud
1723 5673 1848 5713 vero
1883 5669 2016 5714 tcm-

432 5737 1020 5809 poribttspernt‘utari,
1075 5746 1167 5800 sed
1225 5748 1372 5816 quasi
1434 5756 1523 5802 aut
1573 5749 1864 5820 hominem,
1925 5763 2018 5808 aut

430 5845 646 5897 euuutn,
678 5843 768 5888 aut
791 5834 1119 5894 individuum
1151 5840 1388 5908 aliquod,
1415 5849 1504 5899 aut
1526 5844 1756 5909 speciem
1773 5858 2018 5910 xenttsve

2117 4262 2233 4317 dari
2283 4278 2386 4315 non
2419 4270 2614 4331 potest,
2663 4261 2859 4315 nullius
2912 4261 3153 4315 scientiae
3199 4261 3306 4314 ﬁne
3346 4256 3707 4324 concluditur,

2119 4373 2283 4429 quare
2312 4357 2637 4412 inﬁnitorum
2670 4355 2893 4410 scientia
2918 4356 3060 4409 nulla
3087 4363 3170 4409 est
3198 4371 3210 4406 :
3247 4352 3341 4408 sed
3377 4352 3462 4406 hic
3486 4350 3710 4418 ,Aristo-

2120 4454 2255 4508 teles
2285 4467 2387 4505 non
2419 4451 2486 4505 de
2518 4449 2742 4504 inﬁnitis
2775 4463 2952 4503 rerum
2977 4445 3459 4517 signiﬁcationibus
3489 4450 3709 4505 traCtat,

2120 4547 2213 4601 sed
2240 4545 2425 4600 decem
2455 4541 2866 4612 prmdicamenta
2898 4541 3232 4596 constituens
3254 4583 3268 4606 ,
3325 4537 3392 4592 ad
3445 4551 3563 4607 qua:
3594 4536 3711 4604 ipsa

2120 4637 2326 4693 inﬁnita
2357 4633 2640 4689 multitudo
2681 4633 3092 4703 significantium
3127 4645 3317 4687 vocum
3377 4628 3567 4685 referri
3613 4626 3712 4681 de-

2119 4729 2264 4797 beat,
2294 4728 2599 4784 terminavit
2631 4746 2642 4779 :
2685 4736 2761 4791 ιιι,
2795 4726 2944 4782 verbi
2986 4727 3174 4795 gratia,
3211 4739 3333 4779 cum
3368 4723 3489 4778 dico
3520 4720 3710 4787 homo,

2118 4823 2343 4893 lignum,
2376 4821 2532 4892 lapis,
2586 4834 2777 4890 equus,
2820 4819 3041 4884 animal,
3092 4817 3392 4888 plumbum,
3429 4824 3706 4878 stannum,

2119 4928 2424 4987 argentum,
2459 4931 2670 4978 aurum,
2703 4924 2756 4969 et
2785 4915 2889 4968 alia
2942 4912 3245 4982 hujttsmodi
3289 4927 3408 4979 qum
3461 4908 3711 4963 nimirum

2122 5010 2326 5064 inﬁnita
2356 5018 2499 5072 sunt,
2534 5009 2649 5061 haec
2671 5006 2848 5061 omnia
2897 5005 2962 5058 ad
2989 5019 3152 5059 unum
3199 5002 3516 5058 substantiae
3542 5013 3711 5054 voca-

2123 5101 2304 5156 bulum
2346 5100 2698 5155 deducantur.
2728 5098 2851 5152 Haec
2879 5110 3133 5166 namque,
3163 5105 3217 5150 et
3243 5094 3288 5148 si
3319 5107 3423 5163 qua
3456 5099 3578 5146 sunt
3605 5089 3713 5143 alia

2123 5211 2242 5265 qua:
2271 5205 2430 5248 certa:
2461 5203 2584 5247 sunt
2641 5193 2844 5246 inﬁnita
2876 5187 3154 5252 vocabula,
3191 5201 3354 5240 ttnum
3393 5179 3713 5238 substantiae

2125 5304 2321 5342 nomen
2342 5285 2585 5341 includit.
2606 5285 2813 5339 Rursus
2835 5300 2956 5340 cum
2987 5282 3109 5337 dico
3127 5278 3398 5350 bipedale,
3425 5271 3710 5345 tripedale,

2126 5397 2242 5447 sex,
2277 5388 2521 5449 quatuor,
2564 5376 2774 5440 decem,
2806 5377 3027 5437 lineam,
3073 5370 3441 5442 superﬁciem,
3475 5364 3714 5421 solidita-

2129 5489 2232 5531 tetn
2253 5514 2267 5539 ,
2299 5483 2351 5528 et
2378 5484 2716 5542 quaecunque
2759 5470 2858 5522 alia
2903 5484 2968 5522 ex
2996 5465 3184 5521 eodem
3216 5477 3412 5534 genere
3438 5476 3555 5531 qua:
3595 5457 3716 5510 ἰωῆς

2125 5570 2236 5624 nita
2275 5575 2419 5635 sunt,
2462 5579 2570 5619 uno
2610 5561 2924 5632 quantitatis
2978 5559 3195 5615 nomine
3238 5556 3607 5617 continentur,
3654 5558 3714 5610 ut

2129 5663 2249 5718 haec
2287 5660 2464 5714 omnia
2519 5657 2620 5712 sub
2664 5657 2964 5728 quantitate
3007 5662 3290 5725 ponantur.
3344 5651 3548 5705 Rursus
3589 5661 3714 5702 cum

2129 5756 2250 5811 dico
2277 5754 2479 5820 album,
2509 5751 2591 5806 vel
2643 5750 2922 5805 scientiam
2947 5790 2960 5815 ,
3002 5748 3086 5804 vel
3127 5748 3348 5814 bonum,
3381 5743 3460 5798 vel
3492 5741 3714 5805 malum,

2129 5847 2213 5906 vel
2239 5846 2338 5903 alia
2368 5840 2694 5914 hujusmodi,
2746 5854 2972 5915 quaeque
3020 5840 3074 5900 in
3124 5839 3225 5897 hoc
3271 5852 3481 5915 quoque
3518 5846 3718 5914 genere
