4106 6336
336 305 432 360 161
1335 297 1396 352 ΙΝ
1434 295 1871 354 CATEGORIAS
1909 297 1947 352 A

2051 295 2364 377 aremus
2405 296 2531 352 LIB.
2573 295 2616 352 ι.

3514 305 3613 362 162

338 416 542 472 inlinita
573 422 715 482 sunt,
758 429 920 469 unum
945 420 1120 468 tamen
1154 426 1347 468 nomen
1378 412 1708 466 concludens
1736 413 1915 465 omnia
1947 412 2001 476 Α
2023 410 2159 465 alter
2212 411 2520 466 Aristotelis
2580 410 2717 468 liber
2745 411 2812 469 de
2849 414 3050 470 eisdem
3082 416 3384 488 disputans,
3424 421 3613 479 eadem

337 512 610 582 qualitatis
640 509 894 572 occurrit,
929 519 980 562 et
1009 508 1074 563 de
1105 507 1224 562 aliis
1254 521 1465 577 quoque
1494 507 1769 561 similiter.
1823 507 1927 561 Re-

337 618 456 658 rum
489 617 616 671 ergo
658 601 995 670 diversarum
1041 585 1509 654 indeterminataai
1548 599 1928 669 inﬁnitamque

339 692 759 756 multitudinem,
793 690 980 745 decem
1015 689 1554 759 prwdicamentorum
1607 690 1927 760 paucissima

341 784 731 839 numerositate
761 783 1047 846 conclusit,
1077 791 1132 836 ιιι
1161 797 1222 836 ea
1255 798 1373 852 qua:
1405 782 1608 836 inﬁnita
1637 782 1736 836 sub
1757 783 1932 837 scien-

342 880 473 933 tiam
497 877 691 931 cadere
725 893 829 929 non
861 885 1128 943 poterant,
1160 876 1346 930 decem
1391 877 1622 945 propriis
1643 878 1931 946 generibus

343 969 569 1023 difﬁnita
601 970 840 1022 scientia:
875 966 1358 1037 comprehensione
1404 969 1740 1022 claudantur.
1792 968 1932 1038 Ergo

345 1064 529 1118 decem
587 1063 999 1131 prmdicamenta
1053 1077 1172 1132 quin
1223 1062 1472 1128 dicimus,
1527 1061 1851 1116 inﬁnitarum
1880 1063 1935 1117 in

348 1157 566 1212 vocibus
599 1157 1051 1226 signiﬁcationum
1102 1170 1303 1225 genera
1349 1167 1496 1222 sunt,
1539 1157 1633 1210 sed
1681 1155 1934 1225 quoniam

345 1251 520 1307 omnis
553 1267 742 1304 vocum
771 1252 1095 1321 signiﬁcatio
1124 1250 1192 1304 de
1227 1251 1387 1305 rebus
1419 1259 1522 1313 est,
1556 1265 1676 1319 quze
1708 1265 1839 1304 voce
1866 1251 1938 1302 si-

345 1343 666 1414 gniﬁcantur
693 1344 742 1396 in
766 1357 832 1397 eo
863 1341 1004 1410 quod
1036 1342 1406 1410 signiﬁcantes
1443 1350 1587 1404 sunt,
1620 1355 1815 1410 genera
1848 1356 1934 1395 re-

347 1451 465 1491 rum
491 1434 798 1490 necessario
827 1433 1228 1502 signiﬁcabunt.
1261 1433 1328 1489 Ut
1362 1433 1521 1503 igitur
1564 1432 1936 1487 concludenda

347 1529 420 1585 sit
460 1511 708 1591 intentio,
762 1525 1048 1581 dicendum
1098 1535 1182 1579 est
1234 1526 1283 1579 in
1333 1527 1433 1580 hoc
1470 1525 1608 1579 libro
1640 1526 1708 1580 de
1749 1526 1938 1594 primis

349 1622 591 1684 vocibus,
619 1621 784 1689 prima
830 1634 1006 1674 rerum
1043 1635 1240 1687 genera
1289 1617 1720 1687 signiﬁcantibus
1775 1617 1825 1672 in
1872 1633 1938 1673 eo

2035 502 2148 559 fere
2178 503 2486 569 continens,
2519 520 2639 560 cum
2695 506 2765 560 sit
2813 509 3057 564 oratione
3088 511 3360 577 diversus;
3403 516 3495 568 sed
3533 518 3616 571 hic

2036 595 2376 666 proprietatis
2432 588 2568 650 liber
2623 598 2886 652 calculum
2937 601 3116 670 cmpit.
3166 603 3414 661 Archiles
3457 608 3617 662 etiam

1986 764 1992 769 _
2034 689 2170 743 duos
2198 687 2504 756 composuit
2533 687 2696 743 libros
2727 705 2860 760 quos
2884 693 3126 754 Καθόλους
3166 698 3356 768 Λόγους
3395 699 3620 767 inscrip-

2036 782 2127 846 sit,
2152 796 2378 852 quorum
2404 781 2456 836 in
2493 781 2664 850 primo
2683 781 2796 838 haec
2835 784 3020 838 decem
3055 786 3470 856 praedicamenla
3503 791 3613 844 dis-

2037 863 2236 944 posuit.
2273 873 2426 930 Unde
2453 875 2782 943 posteriores
2807 876 3024 946 quidam
3077 894 3180 934 non
3216 894 3334 935 esse
3365 883 3625 940 Aristote-

2037 971 2143 1028 lem
2175 971 2335 1041 hujus
2362 971 2642 1026 divisionis
2670 972 3003 1028 inventorem
3027 976 3278 1044 suspicati
3307 988 3449 1043 sunt,
3479 981 3621 1049 quod

2040 1065 2429 1136 Pythagoricus
2461 1065 2542 1120 vir
2568 1066 2756 1121 eadem
2799 1067 3228 1137 conscripsisset,
3258 1072 3310 1125 in
3347 1088 3448 1141 qua
3495 1089 3623 1129 sen-

2041 1159 2207 1214 tentia
2249 1159 2543 1214 Jamblicns
2588 1159 2939 1230 philosophus
2972 1173 3053 1217 est
3082 1179 3188 1218 non
3232 1165 3497 1234 ignobilis,
3540 1171 3626 1224 cui

2042 1264 2148 1304 non
2172 1250 2446 1305 consentit
2473 1249 2826 1316 Themistius,
2859 1267 3031 1322 neque
3055 1255 3299 1310 concedit
3320 1271 3439 1312 eum
3464 1258 3627 1316 fuisse

2042 1345 2342 1411 Architem,
2398 1345 2486 1416 qui
2531 1344 2917 1415 Pythagoricus
2976 1346 3402 1420 Tarentinosque
3461 1363 3624 1420 esset,

2042 1437 2238 1508 quique
2292 1451 2413 1492 cum
2473 1436 2697 1492 Platone
2762 1439 3147 1508 aliquantulum
3194 1442 3450 1510 vixisset,
3531 1446 3624 1500 sed

2045 1529 2450 1600 peripateticum
2498 1529 2731 1598 aliquem
2801 1529 3101 1598 Architem,
3157 1534 3246 1603 qui
3298 1549 3436 1590 novo
3477 1538 3628 1608 operi

2043 1621 2415 1677 auctoritatem
2462 1629 2728 1677 vetustate
2783 1623 3013 1680 nominis
3076 1625 3365 1694 conderet,
3409 1629 3506 1684 sed
3561 1630 3629 1686 de

354 1714 498 1783 quod
533 1713 890 1783 signiﬁcantes
919 1720 1065 1775 sunt,
1098 1710 1418 1780 dispositum
1462 1725 1581 1764 esse
1627 1718 1935 1766 tractatum.
2024 1698 2131 1768 Ἰλίε
2154 1713 2302 1768 alias.
2327 1713 2516 1769 Restat
2544 1714 2825 1784 inscriptio
2849 1732 2968 1786 quae
2985 1719 3131 1773 varia
3162 1718 3280 1775 fuit.
3305 1719 3630 1792 lnscripsere

354 1803 461 1860 Sed
522 1805 768 1886 quoniam
820 1803 886 1858 de
935 1802 1230 1856 intentione
1285 1800 1489 1855 dictum
1537 1811 1648 1868 est,
1700 1799 1936 1856 breviter
1967 1792 2015 1852 Β
2045 1807 2391 1882 namque‘alii
2425 1806 2494 1862 de
2521 1807 2702 1873 rebus,
2727 1807 2816 1862 alii
2844 1808 2912 1864 de
2955 1812 3240 1880 generibus
3265 1829 3466 1882 rerum,
3497 1831 3630 1886 quos

351 1897 513 1968 hujus
542 1895 722 1965 operis
758 1882 968 1949 utilitas
999 1892 1318 1962 explicanda
1367 1901 1467 1946 est.
1515 1891 1645 1946 Nam
1679 1907 1802 1947 cum
1851 1906 1938 1946 res

351 1988 574 2044 inﬁnitae
624 1988 846 2042 inﬁnitis
885 2003 1098 2058 quoque
1125 1987 1347 2042 vocibus
1395 1985 1850 2056 signiﬁcarentur,
1887 1996 1940 2042 et

353 2084 433 2153 (ut
456 2082 655 2138 dictum
693 2082 798 2152 εει)
838 2082 937 2136 sub
987 2080 1264 2135 scientiam
1307 2080 1491 2134 venire
1535 2095 1642 2133 non
1691 2063 1935 2148 possent.

353 2174 452 2230 hac
472 2174 804 2240 delinitione,
831 2189 932 2242 qua
960 2173 1145 2228 decem
1179 2163 1612 2241 praedicamentor
1631 2185 1721 2225 um
1746 2171 1939 2226 divisio

352 2266 489 2321 facta
515 2274 618 2332 εει,
651 2275 962 2320 cunctarum
1002 2280 1180 2319 rerum
1211 2273 1265 2318 et
1297 2279 1485 2318 vocum
1517 2263 1936 2333 signiﬁcantium

354 2359 678 2431 acquirimus
723 2357 1081 2427 disciplinam.
1140 2357 1272 2412 Hinc
1313 2369 1392 2412 εει
1437 2357 1578 2427 quod
1610 2355 1677 2411 ad
1711 2356 1938 2424 logicam

356 2448 700 2508 tendentibus
745 2452 948 2520 primus
981 2450 1066 2504 hic
1098 2450 1230 2506 liber
1281 2450 1539 2520 legendus
1577 2450 1942 2527 occurrit,id~-

356 2547 500 2602 circo
527 2545 668 2617 quod
691 2561 814 2600 cum
845 2548 1020 2601 omnis
1070 2546 1237 2613 logica
1265 2546 1700 2623 syllogismorum
1731 2544 1943 2600 ratione

357 2641 428 2695 sit
453 2640 756 2707 constituta,
787 2639 1086 2710 syllogismi
1135 2654 1260 2694 vero
1311 2639 1767 2708 propositionibus
1810 2639 1938 2708 jun-

356 2742 578 2802 gantur,
625 2731 1022 2806 propositiones
1081 2747 1206 2786 vero
1261 2731 1602 2786 sermonibus
1660 2740 1942 2796 constent,

357 2825 529 2896 prima
553 2834 637 2880 est
663 2824 863 2879 utilitas
887 2825 1011 2894 quid
1041 2829 1272 2895 quisque
1301 2840 1481 2880 sermo
1511 2825 1794 2895 signiﬁcet,
1821 2840 1944 2894 pro-

357 2919 490 2989 prius
541 2919 782 2974 scientiae
826 2918 1148 2975 dilﬁnitione
1188 2934 1535 2990 cognoscere.
1572 2919 1698 2974 Haec
1734 2934 1946 2990 quoque

361 3011 513 3068 nobis
530 3011 597 3068 de
624 3014 807 3069 decem
834 3015 1263 3082 prtedicamenlis
1295 3017 1579 3086 inspectio,
1619 3027 1672 3071 et
1723 3017 1774 3072 in
1807 3018 1944 3089 phy-

360 3104 472 3160 sica
525 3105 828 3160 Aristotelis
867 3107 1127 3169 doctrina,
1161 3118 1216 3163 et
1246 3109 1298 3163 in
1334 3109 1554 3164 moralis
1588 3093 1945 3179 philosophiae

2045 1898 2233 1954 eadem
2287 1899 2588 1969 similisque
2629 1899 2785 1970 culpa
2843 1901 3104 1959 confudit.
3151 1903 3391 1977 Namque
3423 1908 3504 1978 (ut
3533 1908 3631 1964 do-

2043 1989 2274 2060 cuimus)
2304 2004 2411 2045 non
2440 1989 2508 2044 de
2548 2005 2731 2046 rerum
2781 1994 3089 2062 generibus,
3125 2011 3296 2066 neque
3339 1999 3406 2054 de
3444 2000 3628 2068 rebus.

2043 2083 2137 2138 sed
2179 2081 2247 2138 de
2273 2081 2613 2138 sermonibus
2654 2098 2837 2139 rerum
2879 2101 3077 2156 genera
3121 2087 3545 2159 signiﬁcantibus
3576 2094 3630 2150 in

2048 2173 2150 2228 hoc
2203 2189 2370 2244 opere
2420 2184 2679 2230 tractatus
2731 2175 2979 2247 habetur,
3020 2178 3122 2235 hoc
3154 2195 3285 2236 vero
3315 2183 3634 2242 Aristoteles

2045 2264 2159 2336 ipse
2191 2265 2430 2322 declarat
2457 2281 2580 2322 cum
2615 2266 2778 2324 dicit:
2811 2270 3010 2326 Eorum
3042 2287 3163 2343 quae
3192 2276 3485 2332 secundum
3515 2279 3634 2334 nul-

2046 2359 2149 2414 lam
2165 2360 2594 2430 complexionem
2606 2363 2879 2429 dicuntur,
2895 2365 3162 2436 singulum
3175 2377 3264 2422 aut
3278 2369 3635 2428 substantiam

2045 2451 2328 2520 signiﬁcat,
2344 2462 2434 2507 aut
2447 2454 2820 2524 quantitatem.
2839 2456 2990 2525 Quod
3004 2458 3049 2513 si
3062 2458 3128 2514 de
3142 2459 3634 2519 rebusdivisionem

2047 2542 2269 2610 faceret,
2290 2561 2396 2600 non
2419 2546 2643 2603 dixisset
2667 2546 2959 2618 signiﬁcat;
2988 2563 3075 2606 res
3104 2553 3247 2607 enim
3278 2553 3629 2624 signiﬁcatur,

2047 2651 2154 2692 non
2197 2638 2312 2708 ipsa
2337 2639 2791 2712 signiﬁcat.|lllud
2821 2656 3032 2713 quoque
3064 2631 3299 2701 maximo
3327 2661 3636 2717 argumento

2048 2737 2132 2784 est
2161 2729 2504 2785 Aristotelem
2532 2746 2637 2786 non
2666 2732 2732 2787 de
2763 2734 2945 2802 rebus,
2969 2735 3062 2790 sed
3090 2736 3156 2791 de
3177 2740 3514 2796 sermonibus
3547 2757 3636 2798 res

2048 2821 2471 2893 signiﬁcantibus
2501 2826 2790 2895 speculari,
2824 2828 2964 2898 quod
3003 2829 3079 2884 ait
3107 2847 3118 2886 :
3150 2829 3430 2910 Singulum
3475 2836 3636 2906 igitur

2048 2930 2234 2971 eorum
2259 2931 2361 2987 que
2384 2916 2527 2974 dicta
2567 2927 2711 2987 sunt,
2736 2920 2910 2990 ipsum
2934 2921 3149 2992 quidem
3181 2925 3474 2983 secundum
3494 2943 3553 2984 se
3583 2930 3638 2988 in

2051 3009 2567 3066 nullaalﬁrmatione
2591 3011 2810 3080 dicitur,
2828 3013 3016 3070 horum
3039 3024 3217 3072 autem
3239 3017 3307 3073 ad
3328 3034 3387 3074 se
3404 3019 3633 3079 invicem

2053 3104 2429 3172 complexione
2450 3105 2739 3161 alﬁrmatio
2763 3106 2840 3163 ﬁt.
2865 3106 2970 3164 Res
2986 3110 3129 3165 enim
3153 3111 3197 3165 si
3216 3115 3526 3184 jungantur,
3561 3117 3640 3173 al-

359 3198 661 3267 cognitione
685 3200 925 3268 perutilis
952 3211 1053 3264 est,
1078 3201 1217 3270 quod
1239 3217 1331 3270 per
1358 3202 1567 3271 singula
1599 3203 1943 3257 currentibus

2051 3194 2408 3251 ﬁrmationem
2425 3197 2574 3252 nullo
2596 3198 2757 3253 modo
2780 3200 3084 3268 perﬁciunt,
3103 3179 3390 3264 alﬁrmatio
3407 3179 3636 3279 namque

360 3291 532 3361 magis
583 3292 825 3360 liquebit.
895 3292 1158 3359 Quocirca
1207 3294 1276 3348 de
1317 3295 1510 3350 ordine
1562 3310 1775 3366 quoque
1826 3295 1946 3350 libri

362 3383 520 3453 hujus
547 3382 734 3440 eadem
767 3385 902 3438 ratio
927 3393 1031 3440 est.
1088 3384 1219 3438 Nam
1266 3386 1518 3455 quoniam
1547 3402 1633 3442 res
1675 3386 1948 3456 simplices

363 3477 674 3545 compositis
699 3486 888 3532 natura
927 3480 1134 3546 priores
1159 3488 1305 3545 sunt,
1335 3495 1457 3548 quae
1480 3479 1622 3534 enim
1653 3480 1950 3549 composita
1979 3530 1981 3533 .

364 3580 511 3637 sunt,
538 3586 604 3624 ex
643 3569 976 3640 simplicibus
1006 3581 1423 3642 componuntur.
1461 3572 1556 3626 llic
1597 3573 1850 3642 quoniam
1882 3571 1950 3626 de

365 3663 698 3734 simplicibus
749 3664 964 3719 vocibus
1013 3680 1101 3719 res
1162 3664 1588 3734 signiﬁcantibus
1627 3664 1949 3731 disputatur,

366 3759 659 3811 secundum
688 3755 854 3825 ipsius
877 3757 1244 3825 simplicitatis
1291 3758 1640 3826 principalem
1681 3768 1949 3822 naturam,

369 3853 571 3920 primus
600 3849 686 3903 hic
721 3849 1025 3905 Aristotelis
1052 3851 1187 3905 liber
1218 3850 1593 3905 inchoantibus
1635 3849 1948 3905 addiscilur.

370 3942 480 3997 Nec
519 3941 645 3996 illud
679 3942 787 3996 fere
817 3942 1036 3996 dubium
1070 3952 1172 4008 est,
1201 3943 1267 3997 ad
1301 3959 1456 4012 quam
1491 3953 1692 4011 partem
1719 3943 1955 4012 philosoo

370 4039 510 4107 phia:
538 4037 696 4106 hujus
725 4036 845 4091 libri
877 4035 1103 4090 ducatur
1150 4036 1379 4090 intentio
1399 4077 1414 4102 ,
1469 4034 1671 4091 idcirco
1700 4038 1952 4106 quoniam

373 4130 464 4198 qui
492 4129 556 4184 dc
581 4129 946 4199 signiﬁcativis
976 4128 1194 4184 vocibus
1227 4135 1437 4190 tractat,
1464 4127 1530 4182 de
1552 4117 1714 4184 rebus
1743 4143 1956 4198 quoque

375 4232 460 4278 est
488 4224 821 4292 aliquatenus
861 4231 1202 4277 tractaturus.
1228 4221 1336 4276 Res
1367 4221 1564 4275 etenim
1589 4230 1641 4274 et
1672 4236 1854 4276 rerum
1886 4221 1975 4274 si-.

373 4316 646 4385 gniﬁca:io
668 4316 852 4384 juncta
883 4325 982 4382 est,
1020 4315 1112 4370 sed
1148 4315 1496 4385 principalior
1526 4313 1629 4369 erit
1660 4314 1746 4368 illa
1776 4314 1958 4383 dispu-

376 4409 508 4464 tatio
535 4424 654 4478 quin
675 4408 742 4463 de
771 4408 1110 4464 sermonibus
1134 4418 1211 4464 est
1237 4426 1250 4460 :
1280 4406 1522 4463 secundo
1565 4422 1692 4460 vero
1721 4406 1841 4462 loco
1868 4406 1956 4461 illa

375 4517 496 4571 qua:
527 4501 594 4555 de
653 4517 830 4555 rerum
884 4501 1092 4555 ratione
1139 4499 1416 4555 formatur.
1476 4499 1653 4567 Quare
1700 4499 1952 4566 quoniam

378 4595 551 4649 omnis
577 4608 665 4648 ars
694 4595 862 4664 logica
908 4595 976 4649 de
1005 4593 1250 4648 oratione
1279 4602 1382 4657 est,
1415 4603 1466 4648 et
1491 4591 1542 4647 in
1579 4592 1678 4646 hoc
1699 4607 1863 4662 opere
1893 4593 1960 4648 de

378 4687 598 4742 vocibus
620 4687 984 4756 principaliter
1030 4697 1292 4745 tractatur
1339 4689 1668 4758 (quanquam
1704 4687 1848 4742 enim
1890 4688 1960 4742 sit

379 4779 536 4848 hujus
576 4780 692 4835 libri
748 4781 936 4836 relatio
988 4783 1053 4835 ad
1113 4793 1337 4835 caeteras
1361 4795 1573 4849 quoque
1604 4779 1960 4849 philosophiae

378 4873 602 4944 partes).
637 4875 997 4944 principaliter
1021 4885 1199 4929 tamen
1231 4873 1460 4928 refertur
1507 4873 1574 4927 ad
1613 4873 1862 4942 logicam,
1891 4871 1959 4927 de

378 4967 533 5035 cujus
561 4967 955 5036 quodammodo
983 4967 1313 5036 simplicibus
1339 4965 1642 5031 elementis,
1671 4965 1721 5019 id
1754 4973 1856 5030 est,
1893 4963 1962 5019 de

379 5059 716 5113 sermonibus
741 5059 791 5113 in
823 5073 888 5113 eo
926 5058 1289 5128 principaliter
1327 5056 1614 5126 disputavi.
1651 5055 1960 5110 Aristotelis

379 5165 510 5204 vero
541 5165 710 5220 neque
744 5151 902 5205 ullius
931 5150 1152 5206 alterius
1177 5150 1313 5206 liber
1343 5159 1446 5215 cst,
1485 5148 1688 5202 idcirco
1717 5147 1856 5217 quod
1905 5147 1958 5202 in

376 5243 524 5298 omni
549 5243 882 5313 philosophia
910 5243 1009 5298 sibi
1046 5245 1159 5314 ipse
1205 5244 1271 5298 de
1299 5243 1459 5313 liujus
1501 5241 1682 5311 operis
1719 5240 1963 5308 disputa-

379 5335 526 5390 tione
565 5337 853 5401 consentit,
884 5347 939 5391 et
968 5337 1200 5392 brevitas
1231 5336 1345 5405 ipsa
1383 5344 1542 5405 atque
1572 5332 1842 5389 subtilitas
1895 5332 1962 5387 ab

375 5427 669 5483 AristOtele
697 5444 800 5482 non
833 5428 1122 5497 discrepat,
1145 5429 1340 5498 alioqui
1374 5429 1728 5495 interruptum
1759 5425 1959 5494 imper-

375 5517 686 5590 feculmque
715 5534 851 5590 opus
880 5520 1113 5576 edidisse
1134 5520 1406 5574 videretur
1430 5519 1519 5589 qtti
1548 5519 1612 5574 de
1641 5517 1967 5588 syllogismis

379 5611 665 5676 scriberet,
698 5613 740 5666 si
769 5622 861 5668 aut
887 5614 953 5669 de
996 5612 1455 5685 propositionibus
1505 5610 1963 5681 praetermisisset,

380 5713 475 5758 aut
499 5703 565 5760 de
593 5703 781 5776 primis
808 5707 1027 5761 vocibus
1073 5714 1376 5772 tractatum,
1427 5703 1618 5775 quibus
1668 5702 1797 5773 ipsa:
1845 5718 1967 5771 pro-

377 5795 678 5856 positiones
710 5797 1070 5859 continentur.
1099 5799 1392 5856 omitteret.
1445 5798 1760 5862 Quanquam
1793 5805 1964 5852 exstet

2055 3288 2109 3343 in
2143 3288 2388 3344 oratione
2408 3298 2508 3343 est.
2544 3289 2806 3357 Quocirca
2833 3292 2880 3346 si
2909 3295 3323 3362 praedicamenta
3349 3299 3534 3369 juncta
3558 3303 3640 3358 l'a-

2057 3382 2206 3436 ciunt
2226 3381 2641 3438 afﬁrmationem
2666 3383 2976 3453 (afﬁrmatio
3005 3402 3132 3442 vero
3161 3404 3269 3443 non
3301 3391 3402 3446 nisi
3434 3392 3487 3448 in
3515 3409 3642 3450 ora-

2058 3476 2203 3530 tione
2229 3484 2334 3540 est,
2357 3490 2476 3543 quae
2499 3475 2993 3544 autemjunguntur
3022 3487 3081 3533 ut
3107 3479 3391 3537 afﬁrmatio
3416 3483 3527 3550 ﬁat,
3563 3487 3645 3546 ha:

2056 3576 2184 3622 sunt
2206 3583 2381 3623 rerum
2395 3567 2757 3638 signiﬁcantes
2773 3568 2954 3641 voces)
2979 3570 3518 3639 praedicamentorum
3544 3587 3645 3634 tra,

2057 3671 2232 3717 elatus
2254 3676 2359 3715 non
2374 3660 2441 3716 de
2460 3660 2640 3724 rebus,
2663 3659 2756 3715 sed
2770 3660 2838 3718 de
2853 3662 3077 3718 vocibus
3091 3674 3171 3720 est
3188 3681 3201 3730 ;
3221 3665 3359 3722 male
3381 3667 3542 3737 igitur
3565 3673 3646 3729 vel

2057 3755 2124 3809 de
2149 3755 2308 3809 rebus
2333 3754 2413 3809 vel
2437 3769 2614 3808 rerum
2633 3756 2922 3825 generibus
2945 3755 3352 3827 inscripserunt.
3374 3762 3646 3833 Annotant

2059 3848 2146 3902 alii
2184 3848 2324 3903 hunc
2354 3847 2544 3902 librum
2575 3847 2857 3919 legendum
2890 3857 3014 3904 ante
3045 3848 3267 3919 Topica,
3320 3855 3460 3922 quod
3489 3856 3647 3914 nimis

2059 3938 2350 3994 absurdum
2383 3947 2485 3993 est.
2513 3937 2622 3993 Cur
2651 3939 2796 3994 enim
2838 3954 2943 3994 non
2998 3940 3167 4010 magis
3214 3951 3340 3999 ante
3387 3943 3648 4016 Physica?

2061 4032 2212 4101 quasi
2241 4045 2369 4085 vero
2400 4030 2576 4084 minor
2624 4030 2780 4100 hujus
2825 4032 2896 4085 sit
2952 4031 3074 4086 libri
3107 4048 3233 4087 usus
3279 4034 3331 4090 in
3372 4035 3640 4109 Physicrs,

2060 4137 2182 4176 cum
2208 4121 2360 4189 primi
2395 4119 2719 4175 Resolutorii
2750 4128 2874 4174 ante
2925 4120 3123 4190 Topica
3151 4123 3418 4194 legantur,
3449 4139 3501 4184 et
3525 4139 3648 4187 ante

2063 4214 2264 4281 primos
2319 4212 2688 4267 Resolutorios
2719 4212 3146 4269 Perihermenias
3194 4215 3330 4273 liber
3370 4220 3436 4276 ad
3465 4222 3649 4293 cogni-

2065 4307 2264 4362 tionem
2290 4307 2467 4362 veniat
2493 4306 2815 4371 inchoantis,
2852 4322 2947 4362 cur
2971 4324 3075 4363 non
3089 4311 3258 4381 magis
3284 4313 3425 4370 hunc
3455 4314 3650 4375 l.brum

2064 4402 2145 4456 vel
2176 4411 2301 4458 ante
2319 4402 2776 4466 Peribermenias,
2801 4403 2886 4457 vel
2917 4413 3042 4459 ante
3075 4405 3442 4466 Resolutorios
3465 4412 3652 4470 inscri-

2066 4493 2322 4563 pserunt?
2373 4493 2550 4560 Quare
2595 4494 2926 4564 repudianda
2969 4507 3052 4552 est
3092 4497 3459 4569 inscriptionis
3499 4505 3652 4563 istius

1986 4570 2039 4631 Ῑ)
2066 4603 2280 4657 quoque
2305 4588 2418 4655 ipsa
2448 4579 2737 4653 sententia,
2779 4587 3173 4662 dicendumque
3212 4603 3296 4650 est
3328 4614 3338 4646 :
3384 4598 3648 4665 Quoniam

2068 4693 2249 4732 rerum
2282 4677 2451 4747 prima
2483 4676 2669 4732 decem
2701 4694 2897 4749 genera
2922 4691 3068 4746 sunt,
3093 4697 3315 4741 necesse
3346 4685 3444 4744 fuit
3464 4691 3652 4754 decem

2067 4784 2280 4839 quoque
2297 4783 2418 4823 esse
2445 4767 2719 4838 simplices
2747 4783 2927 4836 voces,
2958 4786 3076 4841 qum
3105 4772 3172 4829 de
3201 4776 3456 4846 subjectis
3489 4784 3652 4839 rebus

2066 4860 2376 4916 dicerentur
2401 4878 2415 4915 :
2441 4874 2600 4915 omne
2629 4863 2772 4916 enim
2796 4863 2937 4933 quod
2968 4864 3233 4935 signiﬁcat
3273 4867 3340 4924 de
3363 4869 3448 4925 illa
3478 4888 3536 4926 re
3566 4873 3650 4928 di-

2067 4959 2204 5020 citUr
2226 4972 2384 5027 quam
2412 4956 2705 5025 signiﬁcat,
2739 4972 2866 5025 ergo
2897 4957 3271 5018 inscribendus
3301 4963 3438 5020 liber
3475 4976 3557 5022 est
3586 4968 3651 5023 do

2071 5053 2257 5108 decem
2288 5050 2740 5106 Prwdicamentis.
2768 5052 2874 5107 Sed
2909 5053 3042 5109 forte
3068 5056 3188 5125 quis
3210 5057 3371 5123 dicat,
3403 5061 3447 5113 si
3480 5059 3546 5115 de
3577 5063 3647 5116 si-

2069 5143 2446 5216 gniﬁcantibus
2477 5158 2655 5198 rerum
2709 5144 2928 5200 vocibus
2962 5146 3078 5215 ipsa
3103 5148 3395 5218 disputatio
3416 5161 3520 5219 est,
3553 5169 3651 5212 cur

2070 5241 2138 5295 de
2168 5237 2298 5307 ipsis
2329 5229 2564 5304 disputat
2593 5236 2797 5291 rebus?
2828 5237 3120 5294 Dicendum
3146 5250 3246 5304 est,
3274 5241 3523 5310 quoniam
3557 5233 3651 5302 res

2071 5347 2285 5403 semper
2322 5345 2442 5386 cum
2477 5330 2691 5400 propria
2747 5333 3140 5402 signiﬁcatione
3169 5333 3472 5403 conjunctae
3503 5346 3647 5404 sunt,

2072 5440 2124 5488 et
2151 5426 2407 5498 quidquid
2437 5426 2489 5481 in
2536 5441 2620 5481 res
2653 5428 2813 5492 venit,
2865 5428 2965 5484 hoc
3005 5429 3146 5484 idem
3195 5430 3245 5482 in
3287 5443 3464 5483 rerum
3495 5444 3654 5486 voca-

2073 5521 2212 5578 bulis
2238 5517 2505 5574 invenitur
2535 5532 2550 5570 :
2579 5533 2745 5586 quare
2780 5530 2924 5575 recte
2955 5521 3020 5574 de
3053 5520 3329 5574 vocabulis
3351 5519 3652 5591 disputans,

2072 5612 2456 5684 pr0prictatem
2500 5609 2906 5678 signiﬁcantium
2957 5625 3151 5665 vocum
3206 5612 3272 5667 de
3321 5613 3404 5666 his
3437 5631 3555 5684 qua:
3583 5616 3656 5672 εἰς

2073 5702 2484 5774 gniﬁcabanlur,
2525 5697 2576 5751 id
2621 5698 2797 5754 estde
2827 5701 2986 5756 rebus
3028 5703 3336 5772 assumpsit.
3385 5705 3498 5760 Erit
3541 5707 3650 5762 alia

2074 5808 2283 5865 quoque
2312 5790 2539 5845 fortasse
2568 5788 2826 5859 qurestio:
2855 5788 2961 5848 Cur
2989 5808 3109 5851 eum
3142 5795 3226 5854 hic
3256 5798 3552 5855 orationem
3590 5796 3653 5856 in
