4022 6328
432 299 534 356 165

1652 296 1764 353 AN.
1806 293 2012 351 MANL.
2051 294 2205 352 SEV.
2246 296 2476 356 BOETII

3600 309 3697 365 164

433 416 620 472 δοθείη
654 413 1062 485 praedicamenta
1110 411 1183 467 sit
1207 408 1454 481 partitus,
1495 408 1548 464 in
1576 407 2009 464 Perihermenias
2036 411 2087 468 Α
2112 424 2232 479 qua:
2262 425 2435 480 neque
2461 411 2765 469 nominibus
2795 426 2967 481 neque
3010 412 3429 474 diffinitionibus
3462 420 3689 489 conjun-

443 507 581 562 libro
610 507 661 561 in
688 507 820 562 duas
844 514 1047 561 tantum
1072 514 1251 574 partes
1287 502 1605 559 divisionem
1630 503 1775 571 fecit,
1803 502 1853 557 iu
1885 517 2010 558 ver-

434 601 558 652 hnut
588 599 839 653 videlicet
864 606 919 651 et
944 612 1136 651 nomen
1162 596 1186 648 ἲ
1210 595 1316 651 Sed
1346 595 1446 649 hoc
1480 595 1707 650 interest
1728 593 1868 663 quod
1900 593 2010 652 illic

430 690 630 757 figmas
660 687 1039 742 vocabulorum
1071 686 1281 752 dividit,
1325 685 1377 740 in
1412 685 1513 740 hoc
1550 686 1616 740 de
1662 684 2011 756 significatio-

430 782 586 832 nihns
617 788 829 844 tractat,
860 792 1023 846 quare
1053 793 1155 832 non
1188 786 1271 833 est
1290 777 1390 832 sibi
1421 779 1535 847 ipse
1576 776 1902 833 contrarius.
1945 776 2004 833 In

428 872 859 927 l‘erihertnenias
880 873 1022 926 enim
1049 872 1188 927 libro
1213 873 1279 926 de
1310 873 1527 927 nomine
1553 883 1605 927 et
1642 871 1807 926 verbo
1832 871 2008 926 consi-

424 964 576 1018 derat
614 978 735 1034 qua:
782 964 1075 1019 secundum
1138 965 1359 1036 figuram
1416 964 1700 1033 quamdam
1761 965 2008 1019 vocabuli

424 1069 568 1119 sunt,
600 1057 737 1126 quod
773 1056 901 1111 illud
933 1058 1129 1113 inflecti
1163 1058 1380 1113 ca~ibns
1408 1066 1600 1127 p0test,
1647 1055 1778 1110 illud
1811 1056 2006 1111 variari

425 1169 519 1224 pur
546 1165 824 1221 tempora:
863 1152 947 1207 hic
982 1160 1109 1207 vero
1158 1166 1264 1206 non
1296 1151 1592 1206 secundum
1638 1147 1735 1203 bas
1786 1148 2006 1219 ﬁguras,

424 1248 516 1304 sed
544 1248 594 1301 in
625 1262 689 1301 eo
717 1246 854 1315 quod
885 1259 1045 1299 voces
1093 1244 1457 1314 signiﬁcantes
1496 1236 1622 1297 sunt
1664 1241 2004 1310 disputatur:

423 1356 588 1410 quare
614 1340 881 1394 diversam
930 1340 981 1392 in
1025 1336 1253 1391 diversis
1282 1336 1443 1390 rebus
1497 1342 1661 1403 atque
1693 1330 2005 1388 tractatibus

424 1432 670 1487 faciendo
698 1432 1040 1496 divisionem,
1096 1428 1241 1483 nulla
1280 1427 1667 1481 contrarietate
1713 1423 2006 1488 notahitur,

424 1542 597 1595 neque
620 1542 759 1582 nunc
785 1525 1085 1581 orationem
1132 1524 1357 1589 dividit,
1382 1524 1475 1578 sed
1505 1521 1571 1577 ad
1603 1520 2000 1577 multitudinem

421 1633 676 1687 generum
696 1620 908 1673 nomina
939 1619 1054 1689 ipsa
1083 1618 1366 1688 dispertit:
1392 1630 1515 1671 nam
1537 1618 1791 1686 quoniam
1814 1615 2002 1671 decem

422 1724 600 1765 rerum
647 1726 846 1780 genera
902 1720 1027 1765 sunt
1081 1724 1186 1765 non
1236 1708 1532 1766 secundum
1563 1708 1885 1773 orationem,
1912 1708 2005 1762 sed

2112 515 2308 574 guntnr
2345 523 2359 559 :
2388 515 2446 559 ut
2475 506 2631 576 ignis,
2655 506 2821 574 lapis,
2851 508 3019 573 color,
3055 518 3113 566 et
3144 527 3263 581 qum
3297 515 3527 584 propria:
3568 516 3698 572 sub-

2113 599 2329 653 stantiae
2360 607 2544 653 natura
2572 599 2802 654 discreta
2829 609 2973 664 sunt,
2994 601 3107 656 haec
3132 615 3311 658 autem
3329 613 3589 659 vocantur
3615 606 3697 661 di-

2117 689 2415 743 versivoca.
2457 689 2569 744 Alia
2597 705 2724 745 vero
2754 706 2871 759 qua:
2898 691 3128 747 diversis
3153 694 3460 749 nominibus
3491 712 3697 752 nuncu-

2117 790 2328 848 pantur,
2360 791 2413 834 et
2442 782 2529 834 uni
2554 782 2859 836 diffinitioni
2880 783 3343 856 designationique
3368 786 3693 859 subduntur,

2113 883 2170 927 ut
2196 874 2619 943 gladius,ensis;
2658 876 2771 930 huic
2800 876 2943 930 enim
2970 878 3131 932 multa
3164 887 3289 932 sunt
3326 880 3564 945 nomina,
3601 882 3697 937 sed

2115 966 2167 1020 id
2196 966 2339 1034 quod
2377 967 2679 1036 significant
2701 984 2802 1021 una
2824 969 3148 1026 diffinitione
3176 971 3501 1040 declaratur,
3515 984 3571 1031 et
3593 976 3697 1031 hoc

2114 1070 2223 1109 vae.
2247 1065 2332 1111 tur
2363 1058 2735 1112 multivocum.
2768 1060 2885 1113 Alia
2916 1075 3043 1113 vero
3080 1077 3199 1131 quzu
3232 1064 3450 1120 nomine
3477 1066 3693 1135 quidem

2112 1156 2434 1215 congruunt,
2475 1149 2884 1204 difiinitionibus
2937 1151 3248 1221 discrepant
3290 1170 3304 1206 :
3338 1162 3395 1209 ut
3419 1165 3503 1210 est
3531 1155 3697 1213 homo

2112 1240 2297 1294 vivens
2318 1251 2371 1294 et
2400 1240 2559 1293 homo
2595 1241 2767 1310 pictus
2794 1257 2809 1307 ;
2844 1258 2967 1297 nam
2998 1252 3282 1313 utrumque
3315 1246 3402 1300 vel
3443 1247 3695 1303 animalia

2114 1331 2200 1385 vel
2235 1330 2479 1384 homines
2516 1342 2909 1399 nuncupantur.
2943 1334 2999 1389 Si
3037 1350 3167 1390 vero
3204 1336 3325 1406 quis
3355 1337 3484 1392 velit
3519 1338 3696 1409 picta.

2112 1440 2224 1477 ram
2252 1423 2630 1493 hominemque
2657 1424 2910 1493 difﬁnire,
2942 1428 3181 1482 diversas
3221 1429 3465 1499 utrisque
3492 1430 3694 1486 diffini-

2114 1517 2284 1570 tiones
2336 1518 2573 1585 aptabit,
2604 1528 2659 1572 et
2707 1519 2822 1574 haec
2862 1528 3120 1575 vocantur
3174 1522 3469 1591 :nquivoca.
3515 1524 3697 1589 Quare

2111 1611 2362 1678 quoniam
2406 1611 2533 1680 quid
2583 1610 2690 1665 sint
2737 1614 3014 1681 tequivoca
3042 1613 3243 1669 dictum
3283 1624 3397 1686 .est,
3456 1616 3695 1684 singulas

2112 1701 2467 1757 Aristotelicze
2522 1702 2856 1758 difiinitionis
2918 1706 3215 1759 sententias
3284 1720 3692 1776 persequamur.

421 1815 582 1856 secuit
606 1806 711 1856 lum
741 1816 916 1856 rerum
948 1801 1396 1873 significationem
1434 1802 1485 1855 in
1518 1800 1709 1856 decem
1746 1800 2004 1871 praedica-
2035 1784 2078 1843 Β
2106 1790 2418 1865 ἎΕᾳυίνοοε,
2449 1795 2637 1865 inquit,
2666 1796 2915 1853 dicuntur
2965 1812 3048 1851 res
3101 1797 3327 1862 scilicet,
3359 1813 3478 1867 quae
3512 1813 3605 1869 per
3632 1813 3693 1855 se

423 1905 598 1948 menta
644 1908 804 1948 voces
856 1892 1066 1957 dividit,
1118 1893 1293 1963 deque
1329 1891 1414 1946 his
1447 1901 1661 1946 tractat.
1690 1893 1863 1960 Atque
1887 1890 2008 1944 ideo

424 2002 643 2043 necesse
673 1984 771 2042 fuit
813 1985 1208 2058 quodammodo
1254 1983 1678 2054 disputationem
1733 1982 1802 2035 de
1848 1979 2009 2034 rebus

420 2093 633 2149 quoque
664 2077 900 2143 misceri,
933 2077 1005 2131 ita
1036 2076 1116 2148 (ut
1144 2076 1346 2131 dictum
1376 2076 1478 2144 est)
1506 2084 1561 2127 ut
1593 2088 1697 2127 non
1724 2072 1883 2127 aliter
1906 2068 2005 2125 nisi

420 2186 485 2226 ex
519 2170 682 2225 rebus
705 2168 1056 2239 proprietates
1085 2167 1140 2221 in
1169 2165 1512 2222 sermonibus
1540 2173 1887 2235 apparerent,
1918 2172 2003 2217 at-

420 2277 523 2331 que
548 2261 746 2316 ita‘non
777 2260 843 2316 de
878 2260 1041 2315 rebus
1064 2258 1303 2328 proprie,
1337 2258 1431 2313 sed
1461 2258 1527 2313 de
1547 2256 2004 2328 prmdieamentis,

420 2352 473 2407 id
494 2361 599 2419 est,
615 2352 681 2407 de
702 2352 832 2422 ipsis
866 2366 1048 2407 rerum
1067 2350 1435 2421 significativis
1458 2349 1677 2405 vocibus
1704 2348 1759 2403 in
1776 2364 1843 2405 eo
1862 2348 2003 2420 quod

418 2445 784 2517 significantes
810 2452 955 2509 sunt,
980 2443 1174 2500 seriem
1203 2441 1580 2513 disputationis
1618 2441 1845 2497 orditur.
1898 2443 2006 2495 Cur

419 2545 618 2600 autem,
644 2534 688 2589 si
722 2534 789 2589 de
836 2530 1265 2605 praedieamentis
1291 2532 1526 2603 disputat
1553 2574 1568 2601 ,
1592 2531 1660 2587 de
1687 2531 2002 2603 tequivocis,

420 2626 506 2681 vel
532 2626 797 2693 univocis,
839 2626 921 2682 vel
956 2623 1381 2681 denominativis
1402 2624 1603 2692 primus
1634 2623 1708 2678 illi
1744 2632 2002 2680 tractatus

418 2721 535 2776 est?
564 2719 768 2775 Idcirco
797 2718 1050 2773 nimirum
1072 2716 1215 2788 Quod
1239 2715 1486 2786 qu:edam
1520 2729 1736 2784 semper
1763 2730 1805 2768 a‘
1823 2713 2009 2784 dispu~

418 2814 651 2869 tantibus
683 2811 1102 2883 prmmittuntur,
1129 2808 1320 2891 quibus
1346 2807 1539 2878 positis
1578 2807 1786 2863 facilior
1817 2808 1884 2861 de
1916 2821 2004 2861 se—
2042 2816 2047 2819 '

417 2908 703 2977 quentibus
757 2906 924 2975 possit
978 2918 1101 2960 esse
1140 2903 1386 2959 doctrina
1420 2920 1436 2956 :
1466 2911 1523 2958 ut
1573 2903 1629 2959 in
1684 2902 1998 2972 geometria,

421 2999 569 3069 prius
596 2996 814 3052 termini
843 3002 1249 3065 praeponuntur,
1283 3002 1406 3064 post
1437 2993 1834 3049 theorematium
1865 2991 2007 3046 ordo

418 3089 737 3145 conteritur.
774 3086 847 3140 Ita
878 3100 1091 3155 quoque
1116 3084 1207 3140 hic
1234 3085 1491 3156 quidquid
1516 3085 1582 3139 ad
1615 3084 2002 3155 medicamen-

2115 1892 2256 1958 ipsas
2299 1892 2583 1959 :equivocm
2618 1906 2722 1944 non
2765 1900 2912 1957 sunt,
2946 1892 3044 1945 nisi
3076 1907 3181 1945 uno
3227 1893 3444 1947 nomine
3490 1892 3685 1962 prtedi-

2111 1993 2302 2038 centur
2335 1997 2540 2052 :quare
2567 1982 2815 2052 quoniam
2850 1991 2907 2038 ut
2948 1984 3218 2053 tequivuca
3246 1984 3374 2051 sint,
3409 1999 3475 2039 ex
3532 1999 3687 2039 com-

2112 2075 2259 2129 muni
2292 2074 2548 2128 vocabulo
2572 2074 2806 2138 trahunt,
2830 2083 2975 2129 recte
2996 2075 3090 2137 ait,
3114 2075 3387 2144 aequivoca
3414 2074 3690 2130 dicuntur.

2113 2166 2225 2222 Non
2258 2168 2399 2221 enim
2450 2176 2574 2220 sunt
2604 2168 2899 2236 aequivoca,
2938 2166 3043 2221 sed
3083 2165 3356 2221 dicuntur.
3398 2165 3485 2221 Fit
3510 2176 3690 2223 autem

2111 2274 2215 2314 non
2243 2258 2416 2313 solum
2445 2258 2496 2311 in
2529 2258 2855 2324 nominibus,
2898 2258 2992 2312 sed
3020 2260 3183 2312 etiam
3217 2257 3270 2311 in
3312 2258 3490 2313 verbis
3513 2260 3688 2330 tequi-

2111 2352 2320 2404 vocatio
2355 2367 2367 2401 :
2391 2358 2450 2403 ut
2471 2363 2593 2404 cum
2621 2350 2740 2404 dico
2766 2348 3095 2417 complector
3122 2359 3197 2413 te,
3226 2359 3281 2403 et
3308 2348 3640 2418 complet-tor
3658 2363 3690 2404 a

2111 2451 2180 2498 te.
2225 2442 2280 2496 lu
2309 2441 2504 2512 quibus
2541 2439 3023 2511 signiﬁcationibus
3051 2455 3171 2495 cum
3203 2456 3368 2495 unum
3395 2454 3588 2495 iromen
3619 2441 3691 2497 sit

2108 2534 2458 2604 complector,
2511 2533 2617 2588 alia
2650 2546 2825 2590 tamen
2874 2532 3100 2588 faciendi
3139 2534 3277 2588 ratio
3305 2541 3410 2602 est,
3458 2534 3563 2589 alia
3596 2549 3691 2605 pa-

2114 2625 2282 2681 tiendi
2330 2642 2344 2677 :
2403 2634 2561 2695 atque
2603 2624 2724 2679 ideo
2764 2624 2852 2679 hic
2903 2639 3117 2695 quoque
3168 2624 3518 2696 arquivocatio
3565 2636 3688 2682 est:

2109 2734 2271 2773 unum
2302 2718 2445 2774 enim
2475 2733 2670 2782 nomen
2693 2719 2834 2788 quod
2858 2726 2941 2774 est
2964 2721 3312 2790 complector,
3345 2721 3577 2777 diversis
3612 2722 3690 2778 fa-

2106 2810 2279 2865 ciendi
2311 2819 2363 2865 et
2397 2810 2629 2879 patiendi
2651 2809 3063 2866 difﬁn‘tionihus
3093 2814 3432 2868 terminatur.
3463 2814 3519 2868 In
3547 2829 3690 2883 pra:-

2108 2902 2462 2972 positionibus
2492 2917 2724 2972 quoque,
2754 2911 2809 2957 et
2850 2902 2904 2957 in
2935 2904 3399 2972 conjunctionibus
3427 2905 3686 2977 frequen-

2107 3005 2189 3052 ter
2215 2981 2565 3065 aequivocatio
2586 2997 2874 3065 reperitur,
2902 3006 3063 3067 atque
3085 2999 3206 3055 ideo
3234 2999 3377 3070 quod
3407 3001 3511 3056 ait:
3545 3003 3692 3071 Quo-

2108 3102 2225 3142 rum
2253 3103 2446 3143 nomen
2475 3088 2647 3143 solum
2667 3102 2953 3145 commune
2974 3099 3074 3154 est,
3095 3106 3289 3148 nomen
3314 3093 3690 3163 accipiendum

417 3190 589 3235 torum
610 3176 1027 3247 disputationem
1047 3175 1215 3246 possit
1238 3190 1359 3231 esse
1384 3176 1537 3242 ntile,
1568 3174 1716 3247 prius
1741 3190 1901 3246 quam
1931 3173 2001 3230 ad
2024 3158 2076 3227 0
2104 3188 2187 3234 est
2215 3181 2389 3234 omnis
2418 3194 2595 3235 rerum
2619 3195 2719 3251 per
2746 3195 2928 3237 vocem
2951 3180 3289 3253 significatio,
3323 3184 3373 3239 id
3403 3158 3509 3252 est,
3528 3200 3691 3242 omne

420 3272 533 3343 ipsa
551 3269 964 3341 prmdicameuta
979 3268 1205 3335 veniret,
1232 3268 1482 3338 exposuit
1506 3286 1521 3323 :
1552 3282 1721 3340 quare
1745 3268 2001 3340 quoniam

420 3379 537 3435 qua
592 3361 929 3434 praedicenda
944 3369 1098 3415 erant
1114 3360 1399 3431 explicavi,
1431 3375 1573 3417 nunc
1606 3360 1672 3414 ad
1700 3359 1866 3431 ipsius
1894 3359 2007 3416 dis-

418 3457 707 3529 putationis
752 3457 947 3512 seriem
989 3462 1301 3526 textumque
1316 3454 1621 3511 veniamus.
1653 3452 1795 3521 Quid
1824 3462 2003 3508 autem

418 3553 689 3624 aquivoca
718 3550 800 3606 vel
830 3550 1053 3606 univoca
1082 3548 1167 3605 vel
1192 3546 1588 3603 denominativa
1638 3544 1881 3601 utilitatis
1909 3545 2005 3599 Ita-

419 3644 599 3712 beant,
628 3642 922 3700 secundum
952 3642 1098 3711 ipsas
1112 3640 1443 3711 singulorum
1466 3639 1702 3697 rationes
1723 3638 2006 3695 difﬁnitio-

422 3750 622 3808 aesque
652 3734 989 3791 tractabitur.

935 3824 1023 3880 DE
1063 3825 1481 3893 Αερυινοοιδ.

491 3917 783 3990 ίΕᾳιιίυοοι
809 3916 1051 3971 dicantur
1088 3933 1304 3988 quorum
1330 3917 1499 3972 solum
1528 3933 1708 3972 nomen
1738 3933 2004 3973 commune

429 4019 526 4078 est,
549 4008 829 4066 secundum
856 4025 1042 4064 nomen
1064 4024 1183 4065 vero
1206 4010 1499 4066 substantia:
1524 4011 1659 4066 ratio
1693 4010 1911 4078 diversa,
1942 4020 2002 4067 at

415 4101 629 4170 animal,
656 4104 806 4156 homo
844 4111 894 4157 at
928 4102 1069 4172 quod
1100 4103 1346 4175 pingitur.
1392 4102 1595 4156 Horum
1644 4103 1779 4156 enim
1831 4104 1999 4157 solum

413 4211 596 4252 nomen
624 4210 885 4250 commune
911 4204 1005 4263 est,
1037 4193 1318 4249 secundum
1343 4210 1529 4248 nomen
1556 4209 1677 4250 vero
1697 4194 1997 4249 substantia:

413 4289 544 4343 ratio
566 4287 786 4342 diversa.
814 4286 871 4342 Si
894 4286 1007 4357 quis
1029 4285 1163 4339 enim
1191 4286 1412 4358 assignat
1443 4286 1567 4356 quid
1613 4287 1680 4341 sit
1721 4296 1999 4357 utrumque

2110 3272 2431 3327 vocabulum
2484 3288 2590 3328 non
2622 3275 2894 3344 pr0prium
2925 3275 3122 3339 solum,
3155 3284 3249 3329 aut
3282 3276 3689 3346 appellativum,

2106 3362 2249 3432 quod
2280 3362 2346 3417 ad
2374 3362 2504 3418 illud
2538 3372 2744 3418 tantum
2787 3380 2983 3421 nomen
3012 3367 3243 3435 pertinet
3280 3366 3420 3436 quod
3474 3367 3691 3425 casibus

2067 3520 2077 3525 υ
2107 3454 2301 3509 inﬂecti
2329 3462 2523 3523 potest,
2550 3446 2661 3510 sed
2678 3456 2743 3509 ad
2769 3470 2982 3512 omnem
3010 3472 3189 3513 rerum
3213 3459 3686 3530 signiﬁcationem,

2102 3560 2206 3615 qua
2249 3546 2412 3602 rebus
2462 3548 2706 3617 imposita
2755 3549 3012 3605 vocabula
3070 3551 3441 3621 pradicamus.
3496 3552 3688 3609 Solum

2104 3646 2282 3691 autem
2338 3638 2548 3693 duobus
2593 3640 2767 3695 modis
2812 3641 3013 3699 dicitur
3053 3659 3067 3698 :
3109 3644 3277 3700 semel
3327 3660 3448 3700 cum
3484 3647 3691 3718 aliquid

2106 3747 2269 3786 unum
2293 3747 2413 3788 esse
2443 3733 2694 3801 dicimus,
2718 3746 2777 3790 ut
2800 3737 2844 3789 si
2867 3734 3111 3792 dicamus
3137 3737 3285 3793 solus
3314 3746 3399 3795 est
3425 3740 3690 3810 mundus,

2105 3822 2157 3877 id
2187 3831 2271 3879 est
2308 3837 2474 3891 unus;
2502 3824 2609 3879 alio
2638 3840 2770 3880 vero
2815 3827 2974 3882 modo
3010 3842 3131 3883 cum
3157 3828 3383 3886 dicimus
3403 3830 3470 3885 ad
3500 3845 3692 3901 quam-

2102 3917 2225 3972 dam
2253 3918 2323 3973 ab
2346 3918 2517 3972 altero
2546 3918 2895 3987 divisionem,
2930 3930 2988 3976 ut
3016 3924 3061 3977 si
3084 3924 3207 3993 quis
3229 3923 3375 3980 dicat
3403 3926 3571 3981 solam
3598 3941 3692 3983 me

2104 4009 2303 4064 habere
2326 4011 2588 4078 tunicam,
2620 4011 2670 4065 id
2693 4021 2796 4078 est,
2819 4027 2924 4066 non
2952 4008 3112 4069 etiam
3144 4025 3340 4085 togam,
3369 4016 3435 4072 ad
3457 4017 3690 4073 divisio-

2103 4116 2225 4156 nem
2250 4101 2498 4158 videlicet
2521 4112 2677 4173 togze.
2727 4104 2822 4160 Hic
2860 4121 2989 4177 ergo
3029 4106 3345 4165 Aristoteles
3376 4112 3554 4181 posuit
3603 4112 3695 4169 ὁὶ·-

2101 4207 2252 4259 cens,
2280 4194 2461 4248 Solum
2493 4212 2686 4250 nomen
2715 4212 3004 4254 commune
3033 4210 3139 4265 est,
3162 4201 3314 4271 quasi
3346 4201 3451 4257 hoc
3480 4202 3692 4260 voluis—

2103 4292 2185 4339 set
2239 4285 2463 4356 intelligi
2520 4303 2624 4342 non
2668 4290 2830 4343 etiam
2884 4290 3171 4359 difﬁnitio,
3223 4295 3495 4363 mquivoca
3535 4296 3690 4351 enim

413 4397 606 4447 sortita,
636 4393 739 4451 quo
759 4380 859 4435 sint
881 4378 1150 4446 animalia,
1178 4379 1440 4448 propriam
1461 4379 1738 4449 assignabit
1769 4380 1998 4449 utrisque
2098 4375 2390 4447 junguntur
2419 4380 2766 4442 nomine,sed
2792 4380 3113 4438 diftiuitione
3143 4384 3484 4441 dissentiunt.
3522 4387 3693 4444 Com-

414 4472 687 4528 rationem.

2103 4482 2263 4523 mune
2290 4483 2505 4538 quoque
2531 4471 2712 4526 multis
2735 4472 2932 4527 dicitur
2950 4474 3144 4530 modis.
3168 4475 3371 4532 Dicitur
3394 4493 3713 4537 commune-

481 4561 669 4620 Omnis
688 4578 773 4619 res
801 4571 895 4617 aut
922 4561 1139 4618 nomine
1163 4572 1251 4617 aut
1281 4541 1601 4619 difﬂuitione
1625 4571 1993 4620 monstratur:
2023 4536 2082 4600 Β
2104 4559 2243 4629 quod
2272 4536 2326 4613 in
2351 4536 2528 4630 partes
2553 4561 2827 4626 dividitur.
2859 4574 2913 4620 et
2943 4580 3049 4620 non
3074 4564 3184 4635 jam
3218 4575 3386 4622 totum
3398 4536 3696 4628 commune

413 4672 645 4729 namque
672 4656 962 4727 subjectam
991 4669 1104 4711 rem
1123 4664 1212 4711 aut
1234 4656 1451 4725 proprio
1482 4656 1699 4712 nomine
1712 4670 1987 4722 vocamus,

414 4760 507 4807 aut
532 4750 852 4807 diffinitlone
879 4749 1003 4819 quid
1031 4750 1102 4806 sit
1130 4752 1479 4807 ostendimus.
1514 4751 1583 4809 Ut
1617 4752 1764 4807 verbi
1796 4752 1989 4822 gratia,

411 4846 694 4914 quamdam
724 4846 1075 4901 substantiam
1108 4861 1357 4901 vocamus
1388 4846 1621 4902 hominis
1659 4846 1873 4902 nomine
1892 4889 1907 4914 ,
1936 4856 1993 4903 et

410 4934 652 5007 ejusdem
680 4934 1049 4992 deﬁnitionem
1078 4936 1270 4993 damus
1296 4936 1538 4993 dicentes
1574 4953 1693 4994 esse
1722 4938 1992 4994 hominem

410 5031 607 5089 animal
635 5029 915 5095 rationale,
959 5032 1225 5096 mortale;
1258 5047 1386 5101 ergo
1414 5031 1661 5102 quoniam
1695 5047 1781 5087 res
1818 5032 1996 5089 omnis

411 5131 503 5178 aut
516 5122 834 5179 diftinitione
857 5132 947 5178 aut
973 5124 1187 5179 nomine
1213 5123 1535 5190 declaratur,
1566 5139 1635 5180 ex
1657 5123 1739 5205 [iis
1764 5125 1993 5192 duobus,

412 5217 628 5272 nomine
653 5217 858 5275 scilicet
884 5224 942 5272 et
983 5215 1321 5284 difﬁnitione,
1366 5217 1713 5273 diversitates
1766 5226 2005 5287 quatuor

411 5317 782 5379 procreantur.
812 5310 1015 5363 Omnes
1046 5323 1276 5378 namque
1318 5324 1357 5362 ra
1378 5322 1405 5362 s
1445 5316 1537 5363 ant
1559 5309 1749 5365 eodem
1784 5311 2000 5366 nomine

408 5405 467 5453 et
488 5397 673 5453 eadem
697 5398 1012 5453 definitione
1033 5399 1351 5469 junguntur,
1381 5409 1441 5453 ut
1483 5399 1645 5454 homo
1694 5409 1750 5453 ct
1776 5402 1995 5471 animal,

418 5501 642 5561 utraque
672 5495 817 5547 enim
845 5490 1098 5546 animalia
1129 5490 1231 5545 dici
1263 5504 1505 5559 possunt,
1534 5502 1588 5545 et
1625 5501 1852 5562 utraque
1894 5507 1997 5549 una

408 5580 726 5637 difflaitione
745 5581 1062 5652 junguntur.
1110 5580 1203 5635 Est
1225 5595 1454 5650 namque
1482 5582 1678 5636 animal
1698 5583 1999 5641 substantia

409 5673 640 5727 animata
682 5672 979 5736 sentibilis,
1026 5680 1082 5727 et
1108 5674 1270 5726 homo
1315 5688 1505 5728 rursus
1537 5672 1834 5729 substantia
1880 5674 1999 5729 ani-

409 5771 548 5817 mata
573 5761 864 5826 sensibilis,
892 5769 947 5817 et
983 5762 1098 5818 hac
1124 5772 1387 5818 vocantur
1428 5766 1672 5821 univoca.
1721 5765 1838 5823 Alia
1868 5780 2003 5826 vero

2107 4658 2210 4717 est,
2240 4652 2335 4706 sed
2356 4665 2533 4722 partes
2552 4654 2673 4724 ejus
2704 4657 2937 4725 propria!
2975 4657 3330 4727 singulorum,
3369 4669 3428 4713 ut
3465 4660 3689 4720 domus.

2110 4744 2308 4799 Dicitur
2334 4758 2621 4799 commune
2648 4745 2789 4815 quod
2820 4746 2872 4801 in
2903 4757 3079 4816 partes
3111 4761 3214 4802 non
3261 4748 3518 4806 dividitur
3537 4792 3552 4817 ,
3584 4752 3693 4810 sed

2106 4836 2341 4893 vicissim
2358 4838 2409 4891 in
2428 4852 2557 4892 usus
2590 4837 2894 4894 habentium
2919 4841 3127 4908 transit,
3144 4851 3202 4896 ut
3220 4855 3411 4899 servus
3436 4859 3697 4901 commu-

2108 4931 2189 4985 nis
2226 4931 2311 4985 vel
2338 4946 2528 5000 equus.
2562 4930 2767 4995 Dicitur
2805 4934 2966 4988 etiam
3003 4950 3289 4992 commune
3318 4927 3458 5008 quod
3476 4940 3702 4998 utendo

2105 5023 2361 5094 cujusque
2386 5024 2443 5078 tit
2472 5027 2769 5096 proprium,
2804 5037 2923 5096 post
2949 5043 3101 5084 usum
3142 5045 3273 5085 vero
3303 5031 3355 5086 in
3397 5046 3704 5091 commune

2104 5113 2416 5181 remittitur,
2450 5124 2506 5169 ut
2535 5123 2618 5170 est
2644 5116 2938 5183 theatrum,
2964 5133 3086 5173 nam
3107 5133 3228 5173 cum
3251 5135 3319 5175 eo
3343 5130 3484 5189 utor,
3507 5138 3701 5182 meum

2105 5218 2205 5272 est,
2240 5224 2361 5263 cunt
2396 5209 2520 5264 inde
2541 5208 2783 5277 discedo,
2829 5209 2882 5264 in
2911 5224 3196 5265 commune
3230 5212 3435 5267 remisi.
3485 5213 3703 5271 Dicitur

2106 5315 2318 5371 quoque
2347 5300 2825 5372 commune,.quod
2860 5301 3038 5372 ipsum
3084 5301 3309 5373 quidem”
3346 5305 3512 5360 nullis
3550 5306 3701 5361 divi-

2105 5407 2221 5447 sum
2254 5394 2513 5462 partibus,
2544 5402 2713 5449 totum
2747 5409 2856 5449 uno
2896 5404 3136 5465 tempore
3166 5396 3218 5450 in
3248 5396 3489 5467 singulos
3518 5398 3699 5465 venit,

2104 5494 2161 5540 ut
2187 5501 2289 5543 vox
2330 5486 2412 5541 vel
2444 5500 2622 5541 sermo
2642 5484 2709 5540 ad
2737 5485 3023 5542 multorum
3060 5502 3218 5542 aures
3250 5501 3360 5542 uno
3387 5488 3705 5558 eodequ
3806 5500 3811 5505 '

2104 5590 2347 5649 tempore
2398 5590 2541 5635 totus
2590 5591 2748 5652 atque
2810 5581 3014 5650 integer
3064 5583 3327 5651 pervenit.
3375 5583 3702 5643 Secundum

2103 5675 2239 5732 hanc
2268 5676 2426 5745 igitur
2450 5676 2690 5730 ultimam
2716 5658 3041 5731 -commuuis
3071 5675 3518 5746 significationem
3548 5679 3701 5732 Ari—

2102 5768 2319 5824 stoteles
2349 5778 2496 5834 putat
2529 5768 2817 5837 aequivocis
2842 5766 3004 5823 rebus
3030 5780 3324 5823 commune
3361 5783 3483 5835 esse
3525 5782 3703 5823 ενοι-ιη
