4030 6336
328 311 426 370 165

1313 309 1381 366 ΙΝ
1417 307 1847 366 CATEGOlllAS
1884 306 2326 366 ARISTOTELIS
2362 307 2493 367 LIB.
2530 307 2574 368 I.

3486 320 3582 378 166

327 427 529 482 bulum.
574 424 815 496 Namque
849 425 905 481 in
931 423 1148 482 homine
1172 424 1312 495 picto
1358 434 1411 480 et
1441 425 1490 478 in
1534 424 1747 479 homine
1782 424 1901 478 vivo
1932 426 1982 485 Α
2010 437 2098 477 sos
2138 437 2316 478 secum
2359 424 2506 480 ducit
2533 440 2764 482 errores.
2815 427 2970 483 Ratio
3009 444 3222 503 quoque
3268 436 3585 498 multimod.

327 528 495 573 totum
526 519 578 573 in
602 519 845 586 utrisque
871 518 1188 573 vocabulum
1203 518 1397 574 dicitur
1420 517 1680 583 animalis,
1715 533 1905 572 secun-

318 610 444 666 dum
476 626 667 666 nomen
722 627 848 666 vero
880 611 1193 666 substantia:
1235 613 1368 666 ratio
1399 611 1628 678 diversa,
1665 611 1766 666 hoc
1810 612 1907 667 hac

317 703 706 773 signiﬁcatione
756 704 1060 770 praemittit,
1095 713 1152 757 ut
1181 704 1224 757 si
1252 704 1410 758 aliter
1446 703 1735 758 reddantur
1765 703 1906 757 difﬂ-

317 794 549 848 nitiones
571 808 730 862 quam
753 795 1048 848 secundum
1074 810 1292 860 nomen,
1327 795 1503 850 statim
1551 805 1659 850 tota
1699 795 1904 850 diffini-

321 885 396 938 tio
424 882 565 938 labet
595 897 656 937 ac
683 883 901 937 titubet.
947 883 1022 939 Ac
1053 885 1284 952 primum
1314 885 1380 939 de
1411 885 1752 940 difﬁnitionis
1781 902 1904 955 pro-

323 976 546 1044 prietate
571 974 854 1030 dicendum
878 983 979 1029 est.
1015 975 1120 1029 Illae
1151 976 1292 1029 enim
1338 986 1499 1030 certae
1539 976 1901 1032 difﬁnitiones

318 1079 443 1122 sunt
470 1084 587 1136 quae
614 1077 1022 1132 convertuntur,
1067 1075 1123 1121 ut
1150 1068 1196 1123 si
1236 1067 1383 1122 dicas
1410 1069 1536 1138 quid
1582 1078 1666 1124 est
1715 1074 1897 1136 homo,

317 1162 515 1217 animal
543 1161 806 1216 rationale
842 1159 1089 1227 mortale,
1128 1175 1314 1214 verum
1346 1171 1464 1227 est;
1490 1161 1616 1230 quid
1661 1171 1744 1216 est
1786 1162 1902 1215 ani-

316 1253 422 1306 mal
452 1252 708 1308 rationale
733 1251 994 1306 mortale?
1017 1249 1196 1319 homo,
1225 1251 1326 1305 hoc
1354 1266 1564 1321 quoque
1597 1268 1778 1306 verum
1796 1263 1896 1308 est.

315 1346 384 1399 At
415 1361 539 1400 vero
561 1346 603 1400 si
630 1346 698 1399 ita
727 1346 848 1415 quis
871 1346 1032 1410 dicat,
1067 1345 1202 1412 Quid
1241 1355 1323 1399 est
1357 1344 1552 1399 homo?
1601 1344 1898 1400 substantia

317 1440 546 1493 animata
569 1438 862 1502 sensibilis,
915 1453 1097 1491 verum
1131 1446 1251 1503 est;
1288 1436 1416 1507 quid
1451 1437 1746 1492 substantia
1779 1437 1896 1490 ani-

313 1538 455 1583 mata
486 1529 796 1583 sensibilis?
830 1531 1010 1594 homo,
1053 1528 1151 1580 hoc
1194 1544 1298 1582 nun
1331 1527 1504 1582 modis
1526 1527 1773 1582 omnibus
1803 1542 1896 1582 ve-

315 1633 433 1672 rum
471 1629 575 1688 est,
609 1619 806 1673 idcirco
843 1617 988 1687 quod
1017 1632 1189 1686 equus
1229 1633 1440 1687 quoque
1468 1627 1549 1672 est
1598 1617 1895 1672 substantia

319 1709 547 1762 animata
595 1707 886 1774 sensibilis,
931 1707 1027 1762 sed
1060 1708 1223 1763 hono
1269 1724 1374 1762 non
1431 1719 1532 1763 est.
1589 1708 1730 1777 Ergo
1778 1709 1896 1763 illas

2007 513 2222 566 dicitur.
2251 513 2343 568 ESt
2370 517 2512 569 enim
2543 518 2918 582 ratio-animae,
2969 530 3023 575 et
3061 531 3143 578 est
3173 527 3311 580 ratio
3364 542 3586 600 compu-

2008 606 2174 672 tandi,
2207 617 2290 662 est
2313 609 2450 662 ratio
2480 619 2704 670 naturae.
2739 613 2852 677 ipsa
2883 614 3130 672 nimirum
3172 619 3466 676 similitudo
3489 638 3584 678 na-

2005 698 2292 767 scentium,
2315 707 2398 753 est
2431 702 2568 755 ratio
2600 717 2716 770 qua:
2749 703 2799 756 in
2832 704 3246 764 ditﬁnitionihus
3275 714 3356 766 vel
3379 711 3583 769 descri-

2006 791 2274 861 ptionibus
2301 792 2559 848 redditur.
2593 795 2922 865 thuoniam
2952 801 3355 868 generalissima
3386 822 3582 876 genera

2004 898 2201 952 genere
2218 884 2729 955 carent,iiudividua
2763 902 2886 943 vero
2907 890 3050 945 nulla
3077 894 3412 950 substantiali
3432 898 3584 954 diﬂ'c-

2005 976 2175 1030 rentia
2191 975 2513 1047 discrepant,
2527 977 2776 1034 ditﬁnitio
2791 995 2916 1036 vero
2930 997 2994 1038 ex
3009 999 3203 1054 genere
3219 997 3270 1042 et
3283 988 3582 1047 differentia

2005 1067 2254 1136 trahitur,
2311 1084 2484 1138 neque
2527 1071 3054 1141 generalissimorum
3085 1091 3364 1145 generum,
3410 1095 3584 1151 neque

2002 1159 2394 1215 individuorum
2424 1162 2526 1216 ulla
2556 1172 2729 1231 potest
2757 1163 3005 1222 difﬁnitio
3031 1169 3275 1236 reperiri.
3309 1170 3584 1227 Suballer-

2002 1266 2191 1305 norum
2218 1267 2347 1307 vero
2371 1267 2650 1323 generum,
2679 1257 2928 1324 quoniam
2950 1266 3005 1313 et
3033 1257 3362 1316 diﬂerentias
3387 1263 3583 1320 habent

2002 1349 2056 1394 et
2081 1356 2299 1411 genera,
2324 1343 2672 1399 difﬁnitiones
2703 1360 2824 1402 esse
2849 1360 3090 1417 possunt.
3121 1352 3185 1406 At
3211 1367 3336 1408 vero
3353 1357 3580 1424 quorum

2000 1430 2346 1487 dit‘tiuitiunes
2376 1433 2524 1489 reddi
2551 1448 2842 1506 nequeunt,
2881 1439 2965 1493 illa
3015 1449 3217 1498 tantum
3260 1443 3582 1517 descriptio;

2004 1525 2161 1579 nibus
2190 1526 2566 1582 terminantur.
2592 1528 2891 1600 Descriptio
2919 1543 3096 1588 autem
3120 1545 3223 1602 est,
3251 1552 3369 1606 quae
3397 1554 3582 1608 quam~

2001 1616 2127 1670 libet
2157 1633 2268 1671 rem
2305 1618 2518 1687 propria
2546 1619 2774 1690 quadam
2803 1625 3129 1691 praprietate
3154 1626 3420 1698 designat.
3454 1629 3581 1686 Sive

1999 1725 2128 1781 ergo
2157 1711 2404 1766 diffinitio
2431 1715 2522 1781 sit,
2551 1716 2663 1768 sive
2703 1715 3015 1785 descriptio,
3055 1728 3281 1789 utraque
3315 1721 3575 1777 rationem

317 1812 524 1858 constat
549 1817 670 1857 esse
694 1801 1041 1855 difﬁnitiones
1059 1802 1294 1872 integras
1326 1817 1444 1871 qua!
1482 1802 1720 1856 converti
1768 1816 1891 1870 pos-
1919 1795 1968 1860 Β
1995 1805 2308 1860 substantiae
2331 1807 2595 1877 designat.
2630 1809 2807 1874 Quare
2828 1823 2950 1863 eum
2975 1809 3288 1866 substantia
3318 1812 3581 1870 rationem

314 1901 457 1946 sunt.
514 1892 616 1948 Sed
666 1891 767 1946 hoc
798 1891 856 1945 [it
898 1891 950 1945 in
984 1890 1049 1946 iis
1086 1907 1205 1962 quae
1230 1906 1335 1946 non
1367 1892 1434 1947 de
1471 1895 1764 1960 communi,
1797 1893 1891 1948 sed

316 2002 423 2040 uno
454 1995 680 2052 tantum,
709 1997 765 2040 ut
788 2001 908 2040 cum
936 1987 1004 2040 de
1037 1986 1273 2041 hominis
1310 1989 1524 2042 nomine
1571 1988 1890 2053 redduntur,

317 2078 466 2133 verbi
495 2079 687 2149 gratia.
719 2078 930 2132 Animal
959 2087 1040 2134 est
1069 2093 1358 2134 commune
1389 2094 1608 2142 nomen,
1637 2081 1681 2134 si
1703 2079 1900 2133 dixerit

314 2170 454 2237 quis,
491 2168 658 2222 llomo
682 2178 764 2224 est
793 2169 1086 2223 substantia
1119 2169 1351 2222 animata
1382 2170 1675 2236 sensibrlis,
1712 2185 1897 2238 proce-

315 2260 430 2315 dit:
459 2261 502 2316 si
535 2276 640 2316 non
673 2269 1037 2324 convertatur,
1067 2261 1188 2330 quia
1247 2260 1316 2315 de
1363 2261 1632 2314 communi
1679 2262 1898 2316 nomine

314 2353 523 2408 reddita
551 2363 634 2409 est
660 2353 908 2408 difﬁnitio
937 2369 953 2418 ;
979 2354 1059 2407 sin
1087 2368 1218 2408 vero
1245 2352 1312 2407 de
1341 2368 1447 2407 uno
1477 2354 1691 2408 nomine
1717 2354 1895 2409 reddi-

317 2459 425 2511 tur,
459 2459 582 2503 tunc
607 2448 674 2502 de
707 2449 825 2516 ipso
853 2447 1071 2502 nomine
1101 2447 1346 2502 facienda
1384 2457 1464 2502 est
1498 2447 1786 2512 diiﬂuitio;
1819 2449 1898 2503 sic

317 2551 491 2595 tamen
517 2551 599 2596 est
645 2551 787 2596 recta
821 2542 1084 2605 facienda,
1129 2550 1186 2594 ut
1233 2541 1466 2596 hominis
1519 2542 1774 2596 difllnitio
1829 2528 1896 2596 sit

314 2635 512 2690 animal
567 2635 832 2689 rationale
883 2634 1128 2699 mortale,
1181 2649 1286 2689 non
1333 2635 1630 2689 substantia
1665 2636 1897 2690 animata

314 2725 602 2792 sensibilis,
634 2725 722 2780 illa
759 2727 899 2781 enim
931 2725 1225 2781 secundum
1276 2725 1510 2779 hominis
1541 2740 1755 2789 nomen,
1798 2727 1896 2780 ista

314 2812 604 2869 secundum
636 2815 883 2869 animalis
912 2816 1250 2871 estreddita.
1311 2815 1452 2870 Idem
1494 2816 1656 2870 etiam
1709 2815 1762 2870 in
1814 2816 1897 2871 his

315 2908 619 2963 nominibus
644 2923 760 2978 qua:
792 2907 858 2963 de
885 2908 1090 2962 duabus
1135 2909 1293 2964 rebus
1326 2899 1682 2964 communiter
1706 2909 1896 2976 pra-di-

316 3008 527 3065 cantur,
572 2999 617 3053 si
664 3000 958 3054 secundum
1021 3015 1212 3056 nomen
1268 3000 1583 3055 substantiae
1624 3001 1760 3054 ratio
1785 3017 1892 3056 non

315 3092 592 3160 reddatur,
619 3102 792 3162 potest
815 3094 1100 3164 aliquaties
1126 3093 1260 3158 ﬁeri,
1288 3097 1354 3159 ntf
1378 3109 1441 3148 ex
1466 3095 1706 3149 univocis
1729 3095 1894 3164 aequi-

1998 1899 2154 1959 dixit,
2182 1908 2236 1952 et
2259 1898 2595 1954 diftlnitionls
2623 1909 2676 1954 et
2702 1901 3084 1970 descriptionis
3123 1914 3315 1958 nomen
3345 1903 3579 1962 inclusit.

1998 1988 2412 2059 Equivocorum
2444 1991 2546 2046 alia
2583 2001 2704 2046 sunt
2735 2006 2884 2057 casu,
2911 1993 3012 2048 alia
3044 1993 3288 2048 consilio.
3327 1994 3488 2061 Casu,
3524 2005 3578 2052 ut

1997 2081 2304 2135 Alexander
2325 2081 2522 2136 Priami
2556 2082 2694 2136 tilins
2718 2092 2770 2137 et
2804 2083 3107 2138 Alexander
3134 2083 3374 2155 Magnus.
3415 2085 3579 2140 Casus

2000 2174 2143 2226 enim
2196 2171 2248 2226 id
2290 2177 2430 2242 egit,
2479 2183 2535 2227 ut
2589 2175 2728 2229 idem
2774 2175 2989 2245 utrique
3029 2191 3224 2232 nomen
3272 2187 3579 2248 poneretur.

2000 2265 2238 2320 Consilio
2283 2282 2429 2333 vero,
2482 2282 2544 2322 ea
2590 2283 2922 2338 quaecunque
2977 2270 3252 2325 hominum
3306 2273 3579 2329 voluntate

2001 2367 2126 2410 sunt
2155 2370 2348 2426 posua.
2377 2359 2578 2413 Horum
2609 2371 2787 2416 autem
2816 2361 2917 2415 alia
2951 2374 3074 2416 sunt
3109 2365 3401 2419 secundum
3433 2367 3580 2421 simi-

2001 2447 2306 2514 litudinem,
2332 2457 2390 2503 ut
2422 2450 2580 2505 homo
2613 2452 2790 2520 pictus
2815 2461 2870 2507 et
2900 2453 3061 2509 homo
3091 2471 3278 2523 verus,
3307 2473 3414 2528 quo
3439 2473 3578 2516 nunc

2002 2541 2168 2594 utitur
2199 2537 2518 2597 Aristo'teles
2547 2545 2828 2614 exemplo;
2865 2545 2968 2600 alia
3016 2548 3311 2604 secundum
3351 2565 3578 2620 propora

2003 2631 2224 2696 tionem,
2257 2643 2314 2686 ut
2357 2634 2701 2703 principium,
2753 2651 2984 2706 namque
3028 2639 3347 2709 principium
3389 2651 3471 2697 est
3525 2643 3577 2698 in

2002 2738 2231 2778 numero
2263 2727 2460 2795 unitas,
2492 2728 2543 2781 in
2569 2728 2728 2783 lineis
2755 2738 3006 2798 punctus.
3035 2732 3100 2785 Et
3129 2731 3243 2786 hac
3282 2734 3576 2804 tequivoca-

2003 2817 2076 2870 tio
2104 2815 2400 2870 secundum
2440 2818 2837 2886 proportiutiem
2871 2834 2992 2875 esse
3028 2820 3240 2877 dicitur.
3291 2824 3409 2879 Alia
3440 2840 3568 2880 vero

1999 2916 2124 2961 sunt
2143 2923 2260 2977 qua:
2282 2910 2349 2962 ab
2364 2924 2469 2964 uno
2495 2909 2847 2976 dt-scendunt,
2871 2922 2926 2965 ut
2943 2911 3258 2969 medicinale
3281 2913 3576 2971 ferramen-

2002 3007 2136 3064 tum,
2177 2999 2501 3054 medicinale
2531 3001 2885 3070 pigmentum,
2917 3007 2984 3058 ab
3015 3018 3117 3058 una
3142 3005 3284 3060 enim
3314 3006 3577 3066 medicina

1998 3091 2350 3162 :equivocatio
2384 3093 2484 3148 ista
2519 3092 2818 3149 descendit.
2846 3094 2964 3151 Alia
2987 3110 3106 3166 quae
3128 3096 3194 3151 ad
3227 3113 3390 3152 unum
3439 3097 3577 3154 refe-

314 3198 445 3240 voca
477 3186 601 3251 sint,
639 3195 693 3240 et
733 3201 794 3242 ex
848 3163 1138 3255 mquivocis
1181 3187 1433 3252 univoea;
1467 3201 1697 3256 namque
1733 3163 1892 3241 homo
1918 3163 1968 3230 ε
1997 3193 2204 3248 runtur,
2236 3192 2296 3238 ut
2315 3183 2358 3237 si
2379 3185 2498 3254 quis
2523 3184 2665 3240 dicat
2691 3186 2937 3240 salutaris
2964 3163 3191 3242 vectatio
3247 3197 3349 3256 est,
3383 3188 3577 3244 saluta-

312 3286 471 3347 atque
503 3292 670 3347 equus
693 3293 815 3332 cum
845 3278 1135 3335 secundum
1168 3293 1362 3333 nomen
1396 3278 1642 3332 animalis
1670 3279 1895 3333 univoca

313 3370 440 3432 sint,
476 3380 698 3439 possunt
751 3385 869 3424 esse
924 3371 1217 3440 acquivoca,
1264 3371 1308 3424 si
1359 3369 1654 3425 secundum
1701 3385 1894 3425 nomen

315 3461 538 3518 minime
587 3449 811 3516 difﬁnita
846 3463 970 3516 sint.
997 3462 1165 3516 Homo
1193 3477 1423 3531 namque
1447 3471 1498 3516 et
1540 3477 1710 3532 equus
1747 3477 1896 3517 com-

315 3555 462 3609 muni
519 3556 740 3611 nomine
785 3555 1038 3610 animalia
1086 3563 1478 3624 nuncupantur,
1529 3554 1573 3608 si
1603 3555 1725 3624 quis
1765 3570 1893 3624 ergo

315 3643 550 3700 hominis
574 3646 764 3700 reddat
783 3645 1157 3701 difﬁnitionem
1187 3646 1390 3710 dicens,
1417 3646 1611 3699 animal
1637 3646 1897 3701 rationale

317 3737 566 3797 mortale.
595 3744 650 3791 et
698 3735 841 3806 equi,
884 3738 1081 3791 animal
1131 3737 1447 3791 irrationale
1506 3737 1781 3804 hinnibile,
1817 3737 1898 3790 di-

317 3844 498 3884 versas
526 3828 759 3885 reddidit
783 3829 1150 3895 difﬁnitiones,
1177 3841 1228 3885 et
1258 3839 1414 3885 erunt
1459 3846 1544 3884 res
1575 3831 1810 3885 univoca:
1843 3832 1893 3885 in

315 3923 619 3992 :equivocas
653 3931 989 3993 permutatte.
1049 3923 1162 3978 Hoc
1211 3931 1386 3977 autem
1439 3923 1638 3977 idcirco
1687 3924 1888 3990 evenit,

315 4015 454 4083 quod
477 4014 823 4070 diiﬁnitiones
850 4030 955 4068 non
975 4015 1268 4069 secundum
1293 4015 1542 4069 animalis
1564 4031 1757 4068 nomen
1777 4015 1898 4069 rede

317 4105 443 4158 dixe
473 4117 615 4171 sunt,
647 4108 784 4176 quod
813 4123 998 4162 eorum
1021 4121 1310 4161 commune
1330 4107 1646 4162 vocabulum
1669 4120 1772 4176 est,
1800 4110 1892 4164 sed

318 4195 605 4250 secundum
636 4196 866 4252 hominis
920 4208 1080 4267 atque
1133 4200 1278 4267 equi.
1331 4199 1461 4252 Nam
1518 4201 1561 4252 si
1607 4201 1895 4255 secundum

317 4301 603 4342 commune
630 4303 822 4343 nomen
855 4289 994 4358 quod
1019 4299 1096 4345 est
1127 4291 1324 4344 animal
1353 4291 1605 4346 diftiuitio
1636 4292 1894 4346 reddere-

319 4388 427 4448 tur,
457 4380 526 4435 ita
551 4382 719 4444 lieret,
746 4381 908 4436 homo
948 4390 1032 4436 est
1054 4383 1358 4436 substantia
1409 4383 1642 4436 animata
1670 4383 1898 4438 sensibi-

318 4472 409 4538 lis,
434 4474 726 4529 secundum
779 4490 972 4529 nomen
1002 4475 1209 4530 scilicet
1253 4475 1538 4541 animalis;
1583 4484 1639 4530 et
1689 4491 1894 4544 rursus,

2000 3274 2073 3326 ris
2112 3288 2142 3328 e
2173 3288 2234 3328 ea
2285 3284 2389 3337 est.
2441 3274 2555 3329 haec
2608 3275 2812 3331 scilicet
2862 3276 3062 3333 idcirco
3117 3287 3240 3334 sunt
3285 3281 3577 3351 atquivoca,

1999 3364 2139 3433 quod
2172 3364 2236 3419 ad
2293 3365 2483 3420 salutis
2527 3381 2685 3422 unum
2732 3367 3050 3424 vocabulum
3110 3370 3432 3426 referuntur.
3470 3372 3578 3428 Cur

2000 3471 2178 3516 autem
2204 3461 2352 3530 prius
2393 3461 2462 3516 de
2485 3462 2772 3531 aaquivocis
2801 3473 2924 3533 post
2951 3464 3018 3519 de
3065 3466 3307 3520 univocis
3345 3471 3578 3524 tractat!

2002 3551 2204 3607 Idcirco
2231 3569 2318 3620 qui
2343 3552 2375 3606 d
2408 3552 2520 3620 ipsa
2552 3553 2737 3608 decem
2763 3555 3175 3622 praedicamenta
3213 3570 3332 3610 cum
3379 3557 3578 3614 difﬁni-

2001 3645 2242 3700 tionibus
2298 3646 2504 3700 diversa
2560 3645 2686 3712 sint,
2732 3661 2837 3700 uno
2876 3646 3271 3715 pradicationis
3318 3649 3576 3709 vocabulo

2002 3746 2374 3806 nuncupantur
2400 3752 2416 3802 ;
2445 3746 2642 3791 cuneta
2689 3737 2828 3792 enim
2864 3739 3271 3808 praedicamenta
3313 3740 3576 3813 dicimus,

1999 3825 2111 3893 ipsa
2169 3842 2296 3882 vero
2361 3827 2773 3896 pradicantenta
2828 3829 3083 3897 quoniam
3139 3844 3319 3884 rerum
3375 3846 3576 3901 genera

1999 3927 2139 3983 sunt,
2172 3918 2238 3974 de
2263 3919 2518 3989 subice-tis
2543 3917 2707 3973 rebus
2733 3920 2956 3976 univoce
2992 3921 3372 3990 praedicantur.
3405 3924 3577 3981 Omne

1999 4010 2140 4063 enim
2162 4025 2331 4079 genus
2363 4010 2429 4065 de
2482 4012 2764 4080 speciebus
2805 4012 3033 4082 propriis
3077 4015 3302 4069 univoce
3349 4013 3570 4082 dicitur,

1999 4115 2162 4166 quare
2193 4101 2392 4156 rectius
2431 4102 2604 4168 primo
2639 4101 2706 4155 de
2750 4103 2989 4156 ninnium
3039 4103 3575 4171 prtedieamentorutn

1999 4196 2268 4249 communi
2299 4195 2560 4249 vocabulo
2585 4204 2798 4258 tractat,
2829 4197 2978 4265 quasi
3009 4196 3205 4252 dehinc
3233 4201 3574 4268 quemadmo-

1999 4284 2126 4338 dum
2174 4285 2381 4353 siugula
2413 4285 2479 4340 de
2536 4284 2815 4353 speciebus
2873 4287 3101 4354 propriis
3132 4289 3572 4360 prtedicarentur,

1999 4379 2354 4448 exprimeret.
2390 4379 2460 4432 At
2489 4379 2532 4432 si
2566 4377 2649 4450 (ut
2673 4378 2874 4433 dictum
2899 4382 3006 4448 est)
3032 4394 3138 4434 non
3162 4381 3230 4436 de
3269 4382 3451 4451 rebus,
3479 4383 3573 4440 sed

2002 4474 2070 4529 de
2101 4473 2404 4528 nominibus
2435 4472 2555 4526 libri
2587 4472 2744 4541 hujus
2783 4472 3010 4528 intentio
3045 4481 3147 4527 est.
3179 4473 3290 4528 Cur
3313 4473 3381 4528 de
3414 4477 3574 4545 aequi-

316 4580 487 4635 equus
516 4575 596 4621 est
643 4566 935 4624 substantia
971 4566 1201 4619 animata
1251 4566 1540 4632 sensibilis,
1600 4568 1889 4623 secundum
1927 4536 1978 4600 θ
2005 4567 2147 4622 vocis
2178 4576 2232 4621 et
2261 4582 2365 4620 nun
2397 4565 2465 4622 de
2494 4565 2918 4635 aequivocatioue
2966 4566 3259 4620 tractavit?
3289 4568 3576 4638 arquivoca

315 4671 510 4711 nomen
550 4672 734 4713 rursus
785 4657 1056 4724 animalis,
1108 4657 1402 4712 secundum
1460 4658 1599 4730 idem
1662 4674 1892 4725 namque

314 4751 561 4806 animalis
589 4751 900 4805 vocabulum
933 4765 1103 4818 equus
1123 4760 1282 4819 atque
1316 4752 1476 4804 homo
1506 4752 1735 4806 univoce
1758 4767 1895 4820 prte-

316 4842 580 4896 dicantur.
603 4842 881 4896 Rursusex
903 4842 1173 4911 equivocis
1194 4842 1418 4896 univoea
1435 4841 1566 4896 ﬁunt
1589 4841 1690 4896 hoc
1705 4843 1890 4896 modo:

315 4934 361 4988 si
389 4934 508 5004 quis
539 4934 802 5004 Pyrrhum
832 4934 1053 4989 Achillis
1086 4933 1249 4987 tilium
1292 4944 1345 4988 et
1398 4934 1658 5004 Pyrrhum
1708 4934 1893 5003 Epiro-

320 5034 408 5079 ten
437 5026 580 5079 dicat
622 5041 740 5080 esse
764 5026 1041 5089 univocus,
1075 5026 1274 5080 idcirco
1296 5025 1440 5096 quod
1467 5041 1572 5079 uno
1597 5027 1812 5081 nomine
1838 5035 1893 5082 et

320 5119 508 5189 Pyrrhi
538 5120 804 5188 dicantur,
833 5131 884 5175 et
918 5121 1025 5176 sint
1054 5123 1306 5175 animalia
1352 5121 1688 5176 rationabilia
1729 5133 1892 5193 atque

314 5215 580 5268 mortalia.
614 5215 709 5269 Hic
727 5215 1020 5269 secundum
1048 5230 1241 5270 nomen
1287 5215 1519 5272 hominis
1553 5215 1758 5271 reddita
1787 5216 1893 5271 dif-

318 5305 505 5371 finitio,
534 5323 595 5360 ex
631 5307 920 5374 aequivocis
964 5307 1088 5361 fecit
1120 5309 1366 5362 univoce.
1402 5307 1555 5374 Quod
1605 5308 1650 5362 si
1700 5323 1894 5362 secun-

313 5397 440 5451 dum
471 5413 663 5452 nomen
698 5397 884 5469 Pyrrhi
917 5397 1250 5452 difﬁnitionis
1284 5399 1420 5453 ratio
1457 5398 1777 5468 iungeretur
1806 5397 1892 5454 vel

312 5504 343 5544 a
377 5491 683 5558 parentibus
717 5490 799 5545 vel
829 5505 860 5544 a
891 5491 1082 5559 patria,
1115 5491 1342 5545 diversis
1373 5507 1465 5546 eos
1484 5500 1758 5560 oporteret
1794 5491 1896 5545 dif-

309 5573 640 5634 ﬁnitionibus
670 5581 962 5636 terminari.
1007 5582 1172 5637 Recte
1201 5583 1358 5652 igitur
1394 5583 1633 5637 additum
1677 5593 1779 5646 est,
1807 5598 1894 5637 se-

307 5674 544 5728 cundum
575 5689 790 5741 nomen,
826 5675 1025 5742 idcirco
1056 5675 1195 5746 quod
1228 5676 1270 5729 si
1301 5676 1455 5729 aliter
1487 5676 1620 5729 facta
1652 5675 1721 5729 sit
1747 5675 1892 5729 dil‘il-

308 5765 464 5835 nitio,
496 5768 699 5824 stabilis
742 5785 860 5826 esse
891 5783 997 5824 non
1029 5771 1244 5839 poterit,
1279 5777 1332 5824 et
1362 5767 1671 5836 frequenter
1713 5767 1888 5824 diver-

2002 4674 2228 4727 namque
2259 4674 2345 4712 res
2385 4666 2531 4722 sunt,
2568 4658 2918 4726 mquivocatio
2960 4672 3092 4712 vero
3132 4659 3464 4714 vocabulum.
3496 4659 3576 4714 Id-

2001 4753 2178 4815 circo,
2212 4749 2464 4819 quouiam
2502 4749 2671 4817 ipsum
2731 4764 2925 4802 nomen
2979 4748 3110 4802 nihil
3154 4749 3208 4802 in
3265 4763 3324 4804 se
3380 4750 3576 4805 retinet

2001 4841 2471 4911 aaquivocationis,
2491 4839 2591 4893 nisi
2628 4839 2853 4893 diversa:
2887 4839 2994 4893 sint
3014 4855 3099 4894 res
3129 4840 3194 4894 de
3224 4840 3419 4910 quibus
3449 4840 3575 4896 illud

2003 4933 2315 4987 vocabulqu
2348 4931 2686 5000 pztedieetur.
2721 4931 2898 4996 Quare
2928 4930 3052 4986 inde
3077 4932 3430 4985 substantiam
3463 4932 3574 4999 ipsa

1996 5024 2348 5095 aequivocatio
2387 5023 2570 5088 trahit,
2624 5023 2692 5077 de
2725 5023 2852 5091 ipsis
2900 5023 3112 5091 dignius
3143 5023 3447 5077 inchoatum
3474 5031 3574 5076 est.

1999 5118 2220 5174 Videtur
2235 5126 2410 5171 autem
2434 5114 2569 5170 alius
2598 5131 2717 5169 esse
2747 5114 2937 5169 modus
2967 5113 3404 5184 atquivocationis
3421 5130 3576 5181 quem

1997 5210 2311 5265 Aristoteles
2330 5209 2547 5262 omnino
2571 5221 2676 5264 non
2695 5207 2907 5277 recipit.
2948 5206 3082 5263 Nam
3105 5206 3240 5261 sicut
3261 5204 3456 5259 dicitur
3486 5219 3577 5274 pen

2000 5301 2252 5366 hominis,
2284 5301 2353 5353 ita
2381 5315 2589 5369 quoque
2611 5299 2804 5354 dicitur
2835 5315 2928 5367 pes
2963 5300 3131 5364 navis,
3160 5308 3210 5351 et
3241 5312 3333 5366 pes
3357 5299 3574 5365 tuentis,

2005 5410 2124 5464 quae
2154 5391 2455 5462 hujnsmodi
2489 5391 2662 5446 omnia
2704 5389 2997 5450 secundum
3046 5383 3446 5444 translationem
3496 5387 3576 5439 dic

2005 5495 2216 5541 cuntur.
2274 5484 2574 5539 Translatio
2635 5497 2764 5538 vero
2813 5483 3009 5538 nullius
3066 5477 3409 5547 preprietatis
3467 5492 3550 5533 est

2003 5578 2178 5645 Quare
2214 5576 2505 5632 secundum
2554 5574 2956 5629 translationem
3004 5569 3278 5639 mquivoca
3313 5587 3576 5640 nunqnaui

2001 5679 2147 5734 sunt,
2178 5667 2277 5721 nisi
2309 5667 2539 5736 propriis
2561 5675 2614 5720 et
2645 5662 3064 5720 immutabilibus
3083 5657 3343 5725 subjectae
3373 5677 3460 5716 res
3491 5678 3577 5716 vo-

2003 5763 2204 5820 cabulis
2227 5762 2580 5831 appellentur.
2617 5757 2712 5813 Est
2730 5765 2910 5811 autem
2939 5754 3061 5812 talis
3081 5764 3282 5809 eorum
3317 5755 3580 5810 universa
