4030 6336
501 322 599 382 16⁸1

1717 309 1824 364 ΑΝ.
1867 305 2076 363 MANL.
2116 303 2268 362 SEV.
2302 301 2527 359 BOETil

3666 306 3769 362 168

502 446 570 502 lis
599 443 878 508 inSpectto.
910 436 1090 506 Neque
1120 433 1261 490 enim
1297 429 1473 486 omnis
1509 425 1784 482 translatio
1810 427 1877 480 ab
1910 424 2077 494 aequi-
2104 423 2158 483 Α
2183 419 2356 489 aliqua
2423 431 2508 472 res
2556 416 2655 470 alia
2709 415 3008 486 pal'tiClpitt,
3061 417 3171 488 ipsa
3199 418 3600 490 participatione
3628 423 3769 478 sicut

500 536 777 592 vocatione
804 528 1120 600 sejungitur,
1151 524 1244 580 sed
1274 539 1335 579 ea
1385 531 1589 576 tantum
1620 535 1741 575 cum
1767 518 1833 572 ad
1866 532 1952 573 res
1979 516 2075 570 ha-

500 628 686 684 bentes
715 626 947 695 positum
979 619 1316 683 vocabulum,
1351 616 1418 670 ab
1450 614 1552 669 alia
1573 615 1683 684 jam
1717 612 1986 667 nominata
2016 626 2076 666 re

501 733 693 774 nomen
716 723 936 770 ornatus
957 725 1116 766 causa
1149 707 1488 774 transfertur,
1522 716 1578 760 ut
1599 705 1721 777 quia
1740 705 1850 773 jam
1878 703 2076 759 dicitur

501 809 714 878 quidam
760 805 963 875 auriga,
1015 802 1206 858 dicitur
1257 801 1418 855 etiam
1471 799 1817 868 gubernator,
1870 795 1916 850 si
1955 794 2076 865 quis

501 908 719 958 ornatus
735 897 902 968 gratia
933 911 1056 951 eum
1085 893 1173 965 qui
1195 893 1522 963 gubernator
1538 901 1620 946 est
1645 888 1784 943 dicat
1813 887 2070 957 aurigam,

499 1010 603 1051 non
634 993 737 1047 erit
763 991 945 1060 auriga
973 1002 1168 1044 nomen
1197 985 1548 1056 arquivocum,
1593 983 1715 1038 licet
1744 982 1980 1048 diversa,
2023 979 2076 1034 id

499 1083 1007 1152 est,moderatorent
1029 1095 1216 1137 currus
1240 1080 1495 1149 navisque
1521 1076 1808 1147 signiﬁcet.
1825 1074 1926 1130 Sed
1945 1089 2077 1144 quo-

496 1179 598 1234 ties
629 1191 714 1233 res
743 1175 960 1246 quidem
985 1174 1258 1229 'vocabulo
1286 1172 1526 1242 eget,,ab
1568 1171 1672 1225 alia
1697 1183 1823 1224 vero
1863 1183 1921 1224 re
1957 1183 2077 1237 qua:

499 1270 812 1326 vocabulum
844 1269 1026 1336 sumit,
1055 1277 1180 1323 tunc
1207 1267 1303 1322 ista
1331 1265 1607 1320 translatio
1633 1262 2079 1334 :equivocationis

497 1363 693 1417 retinet
725 1361 1123 1431 proprietatem,
1157 1370 1298 1417 utex
1329 1358 1547 1414 homine
1570 1357 1690 1413 vivo
1719 1357 1784 1411 ad
1817 1356 2078 1426 picturam

498 1469 692 1510 nomen
733 1454 965 1516 hominis
997 1453 1198 1509 dictum
1249 1462 1351 1508 est.
1388 1453 1453 1507 Et
1483 1452 1548 1507 de
1575 1451 1867 1520 :equivocis
1895 1449 2082 1506 hacte-

499 1561 632 1612 nus;
661 1560 802 1601 nunc
823 1545 888 1601 de
912 1545 1152 1600 univoeis
1174 1552 1584 1616 pertractemus.

1065 1636 1151 1691 DE
1177 1636 1506 1692 UNIVOCIS.

571 1727 799 1784 Uuivoca
824 1745 940 1783 vero
970 1735 1210 1783 dicuntur
1234 1745 1451 1800 quorum
1481 1745 1662 1784 nomen
1692 1744 1958 1784 commune
1983 1736 2079 1795 est,

2181 525 2320 573 rem,
2354 509 2425 562 ita
2453 522 2665 578 quoque
2686 523 2879 563 nomen
2903 508 3306 578 adipiscitur,ut
3335 513 3551 583 quidam
3578 515 3761 583 homo,

2180 603 2302 672 quia
2329 602 2535 672 justitia
2561 602 2839 672 participat
2865 610 2919 657 et
2950 618 3062 657 rem
3091 619 3302 675 quoque
3328 606 3452 660 inde
3501 608 3663 663 trahit
3706 621 3761 664 et

2181 710 2398 760 nomen,
2428 695 2624 750 dicitur
2645 695 2786 750 enim
2815 693 3014 765 justus.
3050 696 3190 766 Ergo
3226 697 3622 754 denominativa
3668 717 3762 756 vo-

2179 797 2372 846 cantur
2414 804 2744 862 quaecunque
2769 804 2797 843 a
2840 791 3118 860 principali
3145 793 3361 848 nomine
3391 795 3508 849 solo
3527 809 3676 860 casu,
3709 797 3762 852 id

2181 893 2266 940 est
2296 885 2409 940 sola
2445 883 2915 954 trausﬁguratione
2962 883 3287 956 discrepant.
3349 887 3482 944 Nam
3527 904 3648 944 cum
3697 891 3768 947 sit

2180 993 2375 1033 nomen
2407 977 2698 1048 principale
2725 978 2960 1048 justitia,
2989 979 3055 1035 ab
3083 979 3183 1034 hoc
3210 983 3642 1053 transﬁguratum
3670 1002 3767 1042 uo-

2184 1087 2308 1126 inen
2351 1071 2533 1139 justus
2585 1070 2836 1127 efﬁcitur.
2896 1073 3037 1143 Ergo
3081 1074 3169 1129 illa
3201 1085 3328 1132 sunt
3367 1080 3766 1136 denominativa

2182 1179 2511 1235 quacunque
2551 1179 2581 1219 a
2629 1164 2912 1235 principali
2968 1167 3188 1225 nomine
3238 1170 3355 1227 solo
3410 1187 3560 1239 casu,
3605 1175 3655 1229 id
3686 1185 3769 1230 est

2183 1261 2296 1312 sola
2323 1256 2556 1312 nominis
2595 1257 2975 1328 discrepantia,
3005 1261 3301 1317 secundum
3348 1263 3643 1335 principale
3671 1283 3769 1322 uo-

2186 1368 2306 1407 meu
2361 1350 2558 1417 habent
2585 1352 3020 1422 appellationem.
3054 1357 3179 1412 Tria
3203 1368 3331 1413 sunt
3360 1370 3537 1418 autem
3581 1379 3770 1419 neces-

2184 1444 2346 1508 saria,
2373 1452 2431 1498 ut
2455 1443 2850 1499 denominativa
2877 1447 3138 1502 voeabula
3171 1451 3589 1508 constituantur:
3625 1455 3770 1525 prius

2188 1545 2328 1589 utre
2361 1535 2666 1605 participet,
2701 1545 2821 1606 post
2875 1545 2933 1591 ut
2961 1539 3200 1606 nomine,
3262 1552 3530 1610 postremo
3586 1557 3644 1602 ut
3700 1550 3770 1605 sit

2186 1626 2431 1696 quaedam
2453 1627 2687 1682 nominis
2715 1629 3134 1697 transliguratio,
3171 1641 3225 1686 ut
3255 1648 3376 1688 cum
3405 1635 3600 1706 aliquis
3632 1639 3770 1695 dici-

2189 1728 2274 1775 tur
2303 1735 2332 1774 a
2357 1721 2664 1789 fortitudine
2694 1720 2868 1787 fortis,
2903 1731 2986 1777 est
3030 1723 3173 1779 enim
3222 1727 3468 1796 quaedam
3511 1729 3772 1789 fortizudo

498 1833 543 1878 et
563 1823 839 1878 secundant
868 1839 1046 1878 nomen
1068 1824 1243 1878 eadem
1273 1825 1404 1878 ratio
1424 1823 1742 1888 substantia,
1777 1831 1829 1876 ut
1857 1821 2075 1890 animal,
2111 1809 2158 1872 Β
2183 1824 2285 1879 qua
2315 1809 2464 1864 Γοηῖε
2487 1811 2580 1866 me
2607 1811 2907 1882 Ρατῑίείρθιν
2945 1812 3104 1869 habet
3133 1830 3350 1887 quoque
3381 1821 3612 1877 nominis
3636 1840 3766 1894 par-

501 1914 647 1968 homo
669 1924 817 1984 afque
849 1915 955 1980 bos,
982 1917 1235 1969 communi
1264 1916 1396 1970 enim
1416 1916 1612 1968 nomine
1635 1924 1844 1983 utraque
1870 1916 2076 1968 anima-

499 2008 570 2062 lia
595 2016 973 2078 nuncupantur,
1003 2019 1049 2062 et
1080 2018 1152 2063 est
1181 2009 1478 2063 substantiae
1507 2010 1638 2062 ratio
1660 2008 1862 2063 eadem.
1888 2008 2079 2079 Siquis

500 2100 628 2153 cuius
669 2101 888 2170 assignet
920 2103 1177 2172 utriusque
1204 2101 1457 2156 rationem
1488 2101 1614 2167 quid
1668 2111 1940 2172 utrumque
1989 2101 2076 2169 sit,

501 2205 598 2258 quo
635 2189 737 2244 sint
765 2192 1030 2256 animalia,
1052 2193 1282 2246 eamdem
1308 2192 1584 2262 assigna’bit
1609 2194 1876 2265 rationem.

571 2283 698 2339 Post
736 2285 1130 2354 :eqnivocorum
1182 2285 1560 2342 difﬁnitionem
1610 2287 1675 2341 ad
1725 2289 2078 2345 univocorum

501 2375 788 2432 terminum
824 2377 1101 2430 transitum
1131 2376 1274 2444 fecit,
1315 2377 1364 2430 in
1393 2376 1590 2447 quibus
1637 2377 1767 2432 nihil
1792 2379 1933 2434 aliud
1962 2380 2079 2434 dis-

502 2479 712 2541 crepat,
759 2472 860 2526 nisi
918 2471 1057 2539 quod
1104 2476 1377 2542 mquivoea
1425 2473 1747 2528 dil'ﬁuitione
1817 2475 2080 2544 disjuncta

502 2574 646 2630 sunt,
681 2565 902 2620 univoca
927 2566 1042 2634 ipso
1065 2582 1276 2637 quoque
1301 2567 1528 2623 termino
1545 2583 1574 2624 c
1612 2569 1962 2638 njunguntur,
1987 2569 2082 2625 sed

503 2666 694 2712 extera
717 2657 894 2712 omnia
917 2673 1252 2729 quaecunque
1269 2661 1320 2715 iu
1344 2661 1741 2730 aequivocorum
1765 2662 2082 2720 difﬁnitione

503 2747 647 2802 dicta
675 2755 819 2814 sunt,
873 2747 924 2804 in
955 2749 1052 2804 hac
1081 2766 1293 2821 quoque
1315 2754 1664 2809 univoeorum
1715 2754 2083 2826 designatione

504 2841 847 2898 conveniunt.
873 2841 1004 2897 Nam
1031 2845 1476 2912 quemadmodum
1501 2848 1551 2902 in
1580 2849 1868 2918 aequivocis
1892 2865 2082 2906 secun-

503 2933 626 2988 dum
652 2949 843 2989 nomen
869 2936 1265 3006 aaquivocarum
1289 2954 1466 2993 rerum
1499 2940 1748 2996 difﬁnitio
1795 2943 1972 3007 ﬁebat,
2007 2945 2083 3016 [ita

506 3038 718 3093 quoque
743 3025 796 3078 in
826 3025 1063 3081 univocis
1092 3027 1391 3082 secundum
1422 3030 1620 3085 nomen
1652 3033 1963 3088 substantiae
1995 3049 2085 3089 ra-

505 3115 580 3168 tio
606 3114 985 3183 assignabitur.
1013 3115 1148 3170 Sunt
1169 3126 1344 3173 autem
1370 3124 1596 3174 univoca
1624 3132 1715 3175 aut
1738 3138 1930 3192 genera
1964 3140 2086 3194 spe-

2187 1904 2570 1974 ticipationem,
2601 1904 2752 1960 tortis
2772 1906 2914 1960 enim
2937 1905 3150 1963 dicitur.
3172 1913 3239 1964 At
3260 1925 3386 1966 vero
3416 1924 3500 1969 est
3520 1917 3769 1984 quadam

2186 1999 2605 2069 transﬁguratio,
2651 1998 2804 2054 fortis
2846 1999 2987 2055 enim
3031 2011 3085 2057 et
3123 2002 3375 2060 fortitudo
3414 2022 3523 2064 non
3567 2011 3770 2070 eisdem

2183 2093 2404 2164 syllabis
2435 2091 2807 2148 terminantur.
2854 2093 2910 2148 Si
2952 2095 3081 2164 quid
3123 2111 3250 2152 vero
3278 2098 3347 2153 sit
3387 2101 3530 2170 quod
3562 2118 3622 2158 re
3661 2121 3770 2162 non

2185 2187 2470 2258 participet
2493 2227 2509 2253 ,
2559 2200 2732 2256 neque
2762 2187 2977 2242 nomine
3019 2189 3338 2260 participare
3364 2203 3558 2263 potest.
3592 2197 3775 2263 Quare

2184 2289 2518 2351 quaecunque
2540 2295 2724 2335 renon
2751 2282 3494 2352 participant,denominativa
3520 2307 3640 2349 esse
3662 2310 3773 2350 non

2187 2380 2429 2442 possunt.
2463 2372 2665 2426 Rursus
2689 2387 2920 2442 quoque,
2955 2389 3073 2443 qua:
3103 2391 3161 2431 re
3179 2378 3397 2447 quidem
3425 2385 3772 2454 participant,

2187 2465 2402 2520 nomine
2441 2480 2568 2520 vero
2611 2465 2851 2532 minime,
2884 2467 2996 2536 ipsa
3025 2484 3238 2540 quoque
3280 2488 3309 2525 a
3341 2474 3775 2537 denominativo-

2187 2551 2304 2612 rum
2334 2565 2520 2612 natura
2549 2557 2780 2612 discreta
2807 2568 2931 2614 sunt
2951 2599 2966 2623 ,
2995 2567 3054 2614 ut
3086 2562 3129 2616 si
3158 2564 3298 2632 quis,
3333 2580 3453 2622 eum
3485 2571 3555 2624 sit
3585 2573 3773 2641 virtus,

2189 2649 2382 2704 virtute
2422 2649 2532 2716 ipsa
2577 2650 2880 2720 participet,
2924 2651 3070 2707 nullo
3111 2669 3234 2710 eum
3273 2657 3378 2712 alio
3415 2663 3632 2720 nomine
3675 2668 3778 2726 nisi

2189 2740 2482 2808 sapientem
2515 2755 2784 2796 vocamus.
2828 2742 2935 2798 Sed
2966 2743 3135 2800 virtus
3177 2756 3231 2801 ct
3267 2750 3526 2818 sapientia
3559 2758 3778 2813 nomine

2191 2831 2308 2900 ipso
2338 2833 2599 2902 disjuncta
2629 2845 2791 2902 sunt,
2839 2835 2927 2892 hic
2959 2852 3087 2907 ergo
3118 2855 3176 2894 re
3211 2842 3427 2911 quidem
3456 2849 3776 2919 participat,

2194 2927 2413 2981 nomine
2445 2941 2570 2982 vcro
2601 2929 2844 2986 minime.
2889 2931 3065 2998 Quare
3091 2934 3306 3003 sapiens
3333 2952 3361 2989 a
3391 2937 3587 2996 virtute
3614 2941 3781 2999 deno-

2192 3021 2421 3074 minatus
2449 3035 2568 3076 esse
2598 3036 2701 3076 non
2733 3021 2948 3090 dicitur,
2981 3025 3073 3080 sed
3102 3043 3130 3079 a
3172 3028 3456 3098 sapientia,
3503 3048 3607 3103 qua
3637 3037 3782 3091 scili-

2193 3122 2278 3167 cet
2320 3121 2374 3166 et
2412 3113 2712 3183 participat,
2744 3125 2794 3170 et
2821 3117 3034 3172 nomine
3061 3118 3319 3189 jungitur,
3352 3131 3406 3178 et
3435 3126 3782 3197 transﬁgura-

507 3205 713 3271 ciebus,
747 3217 838 3261 aut
864 3208 1074 3275 species
1118 3209 1422 3278 speciebus,
1459 3227 1660 3282 genera
1691 3190 2010 3283 speciebus;
2025 3225 2085 3272 ιιι
2113 3190 2160 3256 C
2195 3203 2340 3257 tione
2360 3203 2600 3258 diversus
2626 3214 2740 3271 est;
2776 3212 2960 3262 rursus
2982 3210 3026 3262 si
3060 3212 3456 3282 transﬁguratio
3481 3231 3586 3272 non
3613 3221 3703 3284 sit,
3727 3231 3783 3277 ut

508 3297 704 3352 animal
757 3306 917 3367 atque
961 3298 1141 3356 homo.
1198 3300 1330 3355 Nam
1375 3317 1495 3357 cum
1539 3304 1771 3360 hominis
1825 3323 1992 3377 genus
2020 3309 2089 3364 sit

509 3388 731 3454 animal,
752 3388 1126 3447 diciturbomo
1151 3394 1371 3461 animal,
1393 3411 1523 3466 ergo
1547 3407 1600 3452 et
1619 3400 1816 3454 animal
1843 3409 1896 3456 et
1929 3401 2089 3458 homo

508 3480 758 3536 animalia
817 3494 1214 3554 nuncupantur.
1274 3487 1578 3544 Secundum
1621 3489 1779 3560 igitur
1805 3508 2090 3550 commune

507 3588 701 3628 nomen
747 3573 793 3628 si
825 3584 1080 3646 utrosque
1107 3577 1368 3645 difﬁnias,
1411 3581 1544 3636 dicis
1574 3583 1771 3638 animal
1803 3600 1924 3642 esse
1965 3587 2091 3642 sub.

507 3663 758 3718 stantiam
795 3665 1086 3721 animatam
1104 3677 1266 3737 atque
1294 3669 1625 3741 sensibilem,
1661 3674 1930 3729 hominem
1959 3691 2091 3746 quo-

509 3769 612 3822 que
642 3754 938 3810 secundum
972 3756 1023 3810 id
1070 3758 1214 3826 quod
1262 3761 1461 3816 animal
1489 3773 1595 3829 est,
1640 3765 1686 3820 si
1738 3767 2091 3822 substantiam

509 3845 798 3900 auimatam
826 3847 1134 3902 sensibilem
1162 3849 1381 3914 dixeris,
1412 3853 1542 3907 nihil
1571 3855 1624 3908 in
1647 3870 1712 3910 eo
1737 3857 1980 3912 falsitatis
2007 3858 2090 3913 in-

511 3934 712 3989 Venies.
744 3936 966 4003 Species
998 3953 1120 3992 vero
1171 3941 1452 4008 speciebus
1492 3945 1731 4001 univocae
1778 3958 1922 4015 sunt,
1973 3964 2093 4019 quae

513 4041 621 4080 uno
654 4040 812 4098 atque
861 4029 1051 4086 eodem
1097 4046 1295 4101 genere
1346 4036 1691 4094 continentur
1721 4083 1734 4106 ,
1799 4051 1853 4096 ut
1905 4041 2089 4110 homo,

511 4131 678 4186 equus
714 4128 874 4189 atque
898 4119 1015 4186 bos,
1053 4121 1136 4176 his
1168 4137 1453 4182 commune
1481 4143 1650 4198 genus
1681 4140 1766 4187 est
1795 4131 2012 4200 animal,
2039 4142 2093 4190 et

512 4209 779 4263 communi
808 4209 1021 4267 nomine
1040 4213 1289 4270 animalia
1313 4219 1676 4274 nominantur.
1713 4221 1850 4293 Ergo
1894 4239 2090 4280 secun-

513 4305 640 4356 dum
665 4317 854 4357 nomen
885 4320 1046 4360 unum
1063 4308 1204 4375 quod
1238 4309 1341 4363 illis
1364 4327 1657 4369 commune
1685 4325 1787 4382 est,
1821 4319 2090 4383 animalis,

516 4407 618 4446 una
644 4393 788 4447 illius
819 4395 954 4450 ratio
984 4395 1322 4454 dilﬁnitionis
1368 4403 1658 4470 optabitur,
1711 4407 1891 4460 omnia
1949 4409 2093 4462 enim

515 4493 638 4539 sunt
666 4483 973 4542 substantia:
1002 4491 1251 4545 animata:
1271 4501 1430 4563 atque
1454 4495 1757 4551 sensibiles.
1787 4497 2088 4554 Secundum

2194 3295 2437 3362 quaedam
2469 3295 2660 3349 mulier
2690 3298 2892 3351 musica
2914 3337 2926 3360 ,
2962 3300 3242 3368 participat
3270 3305 3484 3372 quidem
3516 3307 3631 3376 ipsa
3665 3326 3784 3366 inu-

2193 3384 2317 3439 sica:
2344 3384 2639 3454 disciplina,
2691 3395 2744 3440 et
2773 3386 2967 3443 dicitur
2994 3391 3214 3446 musica.
3265 3393 3390 3450 llaec
3416 3397 3575 3468 igitur
3599 3392 3784 3472 appel-

2199 3476 2326 3530 latio
2359 3476 3011 3549 nonestdenominativa,
3045 3483 3137 3537 sed
3170 3487 3466 3556 aequivoca,
3499 3507 3608 3546 uno
3637 3495 3783 3552 enim

2194 3571 2410 3624 nomine
2427 3579 2478 3624 et
2497 3571 2774 3640 disciplina
2785 3582 2838 3629 et
2854 3574 2962 3644 ipsa
2992 3577 3183 3633 mulier
3197 3580 3399 3638 musica
3415 3583 3783 3656 dicitur.Quo-

2196 3662 2337 3716 niam
2363 3678 2492 3734 ergo
2521 3663 2711 3719 similis
2742 3668 2998 3724 terminus
3020 3671 3344 3741 syllabarum
3367 3687 3469 3743 est,
3502 3687 3555 3733 ct
3585 3696 3783 3742 nomen

2197 3754 2396 3821 simile,
2424 3763 2478 3810 et
2504 3757 2643 3810 nulla
2669 3759 3085 3829 transtignratio,
3109 3762 3506 3825 denominativa
3527 3758 3646 3828 eSse
3669 3789 3777 3831 non

2198 3854 2469 3915 poterunt,
2485 3863 2648 3917 quare
2669 3850 2924 3920 quidquid
2945 3852 3398 3915 denominativum
3420 3863 3778 3933 esseIdicitur,

2197 3937 2323 3991 illud
2353 3946 2406 3992 et
2435 3953 2492 3992 re
2524 3938 2858 4007 participabit
2898 3952 2950 3997 et
2991 3947 3238 4013 nomine,
3271 3958 3325 4003 et
3362 3952 3535 4022 aliqua
3568 3960 3782 4013 transﬁ-

2195 4026 2477 4097 guratione
2517 4030 2755 4084 vocabuli
2797 4031 3140 4103 discrepabit.
3192 4037 3315 4094 llaec
3358 4041 3514 4111 igitur
3555 4063 3675 4116 qua:
3714 4052 3782 4106 ad

2197 4120 2608 4191 priedicamenta
2638 4125 2939 4180 necessaria
2972 4128 3238 4199 credidit,
3291 4137 3564 4202 praemisit.
3604 4140 3781 4198 Multi-

2200 4225 2334 4268 voca
2358 4227 2486 4267 vero
2507 4221 2561 4267 et
2584 4211 2913 4270 diversivoca
2944 4219 3165 4288 respuit,
3203 4225 3343 4290 quod
3373 4227 3436 4280 ad
3463 4242 3780 4297 praesentem

2201 4312 2482 4358 tractatum
2517 4305 2662 4358 utilia
2696 4321 2798 4360 non
2823 4308 3043 4376 putavit.
3082 4309 3322 4369 Breviter
3353 4326 3530 4373 tamen
3561 4331 3782 4391 utraque

2197 4395 2507 4450 dittinienda
2552 4407 2695 4453 sunt.
2739 4398 3021 4456 Multivoca
3062 4413 3189 4458 sunt
3226 4421 3450 4476 quorum
3492 4411 3642 4478 plura
3686 4429 3782 4468 no-

2201 4489 2343 4542 mina
2375 4505 2475 4544 una
2514 4489 2762 4544 dilﬁnitio
2805 4501 2906 4557 est,
2939 4503 2996 4548 ut
3025 4505 3106 4550 est
3145 4508 3376 4563 scutum,
3407 4502 3664 4573 clypeus:
3699 4506 3781 4563 his

515 4576 674 4648 igitur
696 4581 1042 4649 posteriorem
1085 4585 1476 4642 univocationis
1515 4587 1940 4660 designationem
1972 4593 2095 4647 Ari.
2129 4577 2175 4638 ί)
2201 4584 2342 4639 Cltim
2376 4583 2522 4652 Plura
2549 4585 2784 4649 ιιοηιῖητιι
2817 4585 2908 4640 Sed
2938 4603 3039 4642 una
3069 4588 3315 4646 dif-ﬁnitio
3345 4603 3426 4648 εει
3449 4611 3463 4660 ς
3490 4606 3542 4650 ει
3569 4598 3780 4655 Marcus

515 4670 733 4725 stoteles
759 4686 859 4742 qua
881 4675 1160 4743 speciebus
1178 4679 1384 4746 species
1413 4680 1652 4736 univocae
1677 4695 1824 4748 sunt,
1852 4693 1908 4740 ut
1934 4687 2098 4742 homo

515 4772 569 4820 et
616 4759 760 4832 bos,
829 4784 946 4838 qua:
1000 4770 1101 4826 sub
1155 4770 1346 4828 eodem
1398 4784 1523 4828 sunt
1579 4790 1816 4846 genere,
1872 4779 2100 4850 sumpsit

517 4859 841 4929 exemplum.
1209 4889 1218 4904 ε

969 4954 1057 5010 DE
1088 4955 1631 5016 DENOMINATIVIS.

591 5044 977 5100 Denominativa
1014 5064 1130 5103 vero
1171 5051 1412 5105 dicuntur
1455 5068 1764 5121 quacunque
1805 5055 1868 5109 ab
1917 5056 2089 5126 aliquo

514 5135 620 5189 solo
649 5135 935 5215 differentia
955 5155 1080 5193 casu
1123 5144 1404 5197 secundum
1437 5161 1618 5200 nomen
1635 5145 1819 5200 habent
1850 5150 2086 5218 appella-

514 5231 719 5300 tionem,
743 5243 850 5288 uta
883 5238 1212 5306 grammatica
1244 5243 1626 5311 grammaticus,
1652 5251 1699 5298 et
1736 5261 1769 5296 a
1795 5245 2094 5314 fortitudine

515 5323 679 5391 fortis.

585 5418 707 5472 ll:ec
731 5435 940 5492 quoque
960 5422 1208 5480 difﬁnitio
1241 5425 1371 5481 nihil
1397 5427 1557 5483 habet
1580 5429 1890 5487 obscurum.
1921 5433 2090 5488 Casus

514 5507 654 5560 cnim
684 5511 883 5581 antiqui
915 5515 1260 5570 nominabant
1293 5519 1504 5589 aliquas
1561 5523 1832 5578 nominum
1884 5528 2095 5580 transﬁ-

513 5602 851 5668 gurationes,
894 5615 951 5661 ut
1000 5622 1028 5661 a
1063 5606 1267 5677 justitia
1307 5613 1513 5682 justus,
1553 5629 1580 5666 a
1628 5615 1932 5674 fortitudine
1986 5619 2092 5674 for-

514 5687 604 5755 tis,
637 5701 741 5747 etc.
768 5694 896 5751 ﬂtec
916 5699 1073 5768 igitur
1103 5704 1332 5759 nominis
1363 5706 1707 5776 transﬁgurat
1729 5708 1780 5762 io
1802 5749 1815 5774 ,
1843 5725 1998 5766 casus
2023 5712 2092 5766 ab

515 5785 902 5867 antiquioribus
933 5795 1240 5854 vocabatur.
1286 5798 1463 5862 Atque
1514 5798 1640 5856 ideo
1668 5801 2090 5872 quotiescunque

2207 4675 2413 4728 Portius
2443 4675 2608 4739 Cato,
2652 4675 2735 4731 his
2761 4677 2905 4733 enim
2937 4689 3017 4734 tot
3057 4682 3360 4738 nominibus
3392 4701 3479 4740 res
3519 4703 3622 4742 una
3653 4691 3780 4746 sub-

2199 4767 2337 4836 jecta
2364 4775 2463 4821 est.
2488 4768 2798 4824 Diversilica
2818 4781 2942 4825 sunt
2967 4788 3191 4843 quorum
3219 4790 3391 4845 neque
3421 4794 3614 4835 nomen
3641 4784 3780 4840 idem

2202 4867 2301 4923 est,
2336 4873 2508 4927 neque
2537 4859 2722 4914 eadem
2754 4861 3018 4931 diflinitio,
3053 4874 3106 4918 ut
3135 4864 3315 4931 homo,
3347 4869 3515 4937 color,
3546 4881 3601 4927 et
3625 4875 3782 4944 quid-

2201 4949 2325 5018 quid
2353 4949 2573 5004 omnino
2599 4966 2628 5004 a
2658 4966 2717 5005 se
2746 4962 2798 5006 et
2825 4956 3056 5012 nominis
3085 4961 3478 5029 nuncupatione
3507 4973 3559 5018 et
3584 4965 3782 5022 difﬁni«

2203 5043 2360 5097 tionis
2389 5044 2592 5098 ratione
2618 5043 2907 5101 discretum
2937 5056 3037 5103 est.

2267 5157 2341 5212 ΛΕ
2346 5176 2491 5213 orum
2525 5177 2636 5230 quis
2663 5162 2901 5216 dicuntur
2927 5165 3032 5218 alia
3083 5167 3289 5236 quidem
3335 5172 3614 5226 sectmdum
3644 5191 3781 5226 com-

2197 5250 2480 5320 plexionem
2512 5251 2772 5318 dicuntur,
2813 5255 2917 5309 alia
2938 5273 3053 5310 vero
3099 5259 3207 5313 sine
3238 5261 3614 5330 complexione,
3645 5277 3691 5319 et
3721 5285 3779 5322 ea

2196 5360 2308 5412 quae
2337 5346 2615 5398 secundum
2645 5349 3045 5417 complexionem
3074 5354 3316 5407 dicuntur
3347 5366 3485 5421 sunt,
3539 5368 3594 5411 ut
3629 5362 3776 5417 homo

2201 5438 2377 5502 currit,
2406 5437 2552 5491 homo
2579 5440 2728 5492 vincit
2755 5457 2773 5493 :
2805 5457 2861 5494 ea
2897 5459 3011 5496 vero
3038 5461 3150 5508 quo:
3177 5447 3284 5500 sine
3324 5451 3673 5518 complexione
3697 5455 3780 5508 di-

2200 5538 2385 5582 cuntur
2412 5540 2545 5593 siml,
2573 5540 2624 5584 ut
2652 5533 2820 5597 homo,
2856 5535 2964 5602 bos,
2993 5539 3171 5601 currit,
3197 5539 3371 5593 vincit.

2273 5622 2552 5692 Postquam
2583 5624 2649 5679 de
2679 5625 3055 5695 conjunctione
3086 5629 3462 5687 diftinitionum
3503 5645 3663 5704 atque
3688 5651 3779 5691 no-

2199 5714 2398 5769 minum
2447 5726 2699 5785 quantum
2751 5719 2816 5771 ad
2856 5736 3092 5789 praesens
3142 5723 3399 5778 attinebat
3437 5740 3594 5794 opus,
3627 5727 3778 5781 sufﬁ-

2197 5808 2403 5865 cienter
2424 5810 2675 5876 exposuit
2697 5814 2949 5879 quoniam
2979 5815 3046 5870 (le
3067 5816 3251 5883 primis
3273 5816 3580 5874 nominibus
3610 5819 3778 5888 prima
