4030 6336
234 276 339 331 169
382 294 387 297 '

1242 274 1301 327 IN
1340 271 1773 329 CATEGORHS
1813 272 2258 328 AlllSTtYl‘ELIS
2300 275 2423 328 LIB.
2470 275 2482 324 |

3400 269 3495 319 [70

230 401 411 442 rerum
433 400 627 455 genera
654 384 1078 454 signiﬁcantibus
1097 385 1286 438 div.sio
1310 384 1555 439 facienda
1584 394 1683 447 eat,
1706 399 1811 435 non
1852 392 1889 441 Α
1910 394 1999 437 aut
2030 386 2419 453 particulariter
2442 386 2796 455 intelligatur;
2832 402 2950 439 nam
2983 400 3102 437 cum
3127 385 3247 437 dico
3294 384 3455 441 homo
3474 430 3486 451 ,

231 482 473 545 nemine,
517 479 611 533 sed
662 493 856 549 genere
898 476 1348 546 discrepantibus,
1399 491 1543 529 nunc
1584 475 1815 530 ostendit

229 575 356 643 quid
386 576 457 626 sit
501 573 616 627 sine
644 571 1024 640 complexione
1050 570 1340 640 cujuslibet
1383 570 1629 623 vocabuli
1683 568 1817 623 facta

230 666 485 734 prolatio.
513 664 639 718 Sine
669 664 1039 730 complexione
1068 646 1208 716 enim
1231 661 1479 714 dicuntur
1493 674 1821 728 quarcunqnc

229 758 525 812 secundum
558 755 855 824 simplicem
879 769 1067 808 sonum
1102 753 1336 807 nominis
1366 751 1731 821 proferuntur,
1766 761 1821 803 ιιι

180 860 183 861 ⁷
233 848 414 908 homo,
445 858 614 913 equus
646 861 660 900 :
692 844 775 898 his
815 844 956 898 enim
985 852 1134 897 extra
1178 841 1305 896 nihil
1357 843 1666 912 adjunctum
1716 851 1818 896 est.

230 937 539 992 Secundum
569 935 997 1004 complexionem
1020 934 1274 986 dicuntur
1295 947 1628 1001 quzecunque
1647 932 1819 998 aliqua

230 1026 609 1097 conjunctione
638 1025 980 1093 copulantur,
1014 1031 1071 1076 ut
1102 1031 1195 1074 aut
1222 1022 1473 1076 Socrates
1518 1029 1611 1074 aut
1648 1022 1820 1086 Plato,

230 1119 316 1174 vel
363 1130 695 1187 quaecunque
726 1115 1021 1168 secundum
1052 1110 1268 1181 aliquod
1299 1110 1550 1165 accidens
1593 1108 1817 1178 conjun-

232 1223 453 1280 guntur.
478 1203 1112 1273 Namquia,verbigratia
1131 1243 1144 1265 ,
1169 1204 1220 1253 in
1241 1202 1517 1255 Socratem
1537 1201 1684 1254 venit
1709 1215 1820 1253 am-

232 1299 453 1363 bulatio,
487 1297 713 1350 dicimus
746 1311 759 1347 :
804 1294 1054 1349 Socrates
1097 1292 1355 1355 ambulat,
1385 1303 1437 1345 et
1466 1301 1549 1345 est
1589 1291 1822 1359 prolatio

231 1391 334 1445 ista
362 1390 655 1444 secundum
685 1386 1132 1455 complexionem,
1186 1384 1384 1438 idcirco
1412 1385 1533 1453 quia
1558 1398 1679 1437 cum
1707 1384 1827 1437 dico

231 1483 486 1537 Socrates
529 1480 784 1541 ambulat,
817 1478 1099 1532 Socratem
1142 1491 1258 1529 sum
1288 1491 1409 1529 cum
1464 1474 1827 1529 ambulatione

232 1574 570 1641 complexus.
601 1570 750 1637 Quod
798 1581 977 1622 autem
1020 1569 1131 1622 ait:
1167 1569 1361 1621 Eorum
1394 1582 1512 1635 quze
1554 1566 1821 1629 dicuntur,

233 1665 373 1719 nihil
402 1665 544 1718 aliud
596 1663 964 1716 demonstrare
1004 1661 1117 1712 vult
1167 1660 1269 1712 nisi
1296 1658 1363 1712 de
1411 1658 1597 1729 primis
1646 1673 1826 1710 rerum

1914 495 2027 533 rem
2060 478 2168 531 dixi
2200 481 2580 544 universalem,
2614 479 2811 534 idcirco
2841 482 2982 548 quod
3035 495 3228 535 nomen
3277 482 3378 535 hoc
3430 483 3497 535 de
3572 484 3573 487 “

1911 571 2090 624 multis
2118 570 2406 623 individuis
2426 572 2747 638 praedicatur
2776 589 2788 625 :
2821 587 2940 626 cum
2980 587 3107 626 vero
3156 570 3278 626 dico
3308 568 3499 627 Socra-

1914 674 1993 716 tes
2015 665 2093 716 vel
2124 663 2295 726 Plato,
2328 679 2437 717 rem
2467 663 2573 716 dixi
2605 665 2974 733 particularem
3001 681 3015 730 ;
3044 666 3502 734 quoniam-Socra-

1913 763 1995 809 tes
2022 754 2089 808 de
2117 755 2257 807 nudo
2280 757 2521 824 subjecto
2545 742 2736 810 dicitur
2768 767 2858 811 :et
2887 758 3134 812 accidens
3162 773 3375 827 quoque
3405 773 3499 812 co-

1880 912 1883 913 ,
1915 848 2034 901 dem
2052 848 2251 913 modo;
2286 864 2406 900 nam
2437 864 2558 902 cum
2586 849 2771 903 dixero
2811 851 2999 904 scienti
3022 866 3112 915 im,
3162 865 3275 904 rem
3310 851 3503 917 protuli

1914 939 2297 1004 ttnivcrsaletn,
2329 940 2529 992 idcirco
2553 941 2694 1007 quod
2719 942 2939 994 scientia
2985 952 3032 995 et
3062 942 3129 995 de
3153 940 3503 1009 grammatica

1915 1041 1969 1083 et
1997 1031 2062 1084 de
2093 1031 2380 1096 rhetorica,
2412 1041 2467 1085 et
2496 1032 2564 1086 de
2591 1033 2713 1085 aliis
2743 1032 2993 1086 omnibus
3045 1032 3145 1086 sub
3201 1048 3259 1086 se
3318 1031 3507 1100 positis

1917 1122 2263 1190 prmdicatur;
2289 1123 2332 1176 si
2382 1138 2512 1176 vero
2558 1123 2745 1176 dixero
2784 1121 3017 1175 Platonis
3043 1122 3347 1185 scientiam,
3371 1138 3506 1192 quo-

1918 1214 2056 1265 niam
2099 1230 2260 1268 omne
2317 1214 2568 1269 accidens
2617 1216 2758 1284 quod
2815 1215 3082 1268 individua
3130 1219 3277 1270 venit
3317 1215 3478 1270 indivi

1916 1305 2080 1358 duum
2112 1307 2191 1369 tit,
2228 1307 2603 1374 particularem
2624 1308 2901 1361 scientiam
2929 1307 3076 1369 dico,
3128 1323 3359 1374 namque
3391 1308 3510 1361 Pla-

1918 1399 2061 1451 tonis
2089 1400 2331 1462 scientia,
2353 1400 2491 1452 sicut
2513 1399 2630 1468 ipse
2654 1399 2825 1463 Plato,
2852 1398 3315 1468 particularisest;
3349 1398 3508 1468 igitur

1917 1490 2168 1557 quoniam
2193 1506 2363 1557 neque
2393 1490 2688 1546 substantia
2720 1506 2893 1559 neque
2930 1490 3179 1546 accidens
3215 1491 3323 1545 ullo
3352 1494 3511 1545 modo

1919 1582 2147 1650 prolerri
2181 1593 2378 1651 potest,
2409 1584 2509 1637 nisi
2534 1585 2586 1637 in
2619 1597 2718 1637 suo
2748 1585 2964 1638 nomine
2982 1593 3071 1638 aut
3100 1584 3513 1639 universalitat’s

1925 1672 2052 1733 vim,
2078 1682 2169 1726 aut
2201 1675 2637 1740 particularitatis
2662 1674 2867 1740 indttat,
2890 1684 3038 1730 recte
3070 1674 3123 1729 in
3146 1711 3154 1717 -
3174 1686 3404 1742 quatuor
3430 1674 3513 1727 di-

234 1758 512 1813 vocabulis
542 1756 699 1826 hujus
725 1754 887 1809 libelli
915 1753 1248 1822 disposuisse
1279 1760 1586 1805 tractatum.
1626 1751 1823 1804 lterum
1864 1760 1898 1814 ιι
1924 1764 2058 1817 νεείο
2083 1766 2214 1819 [εσυ
2245 1778 2344 1830 ..ειν
2381 1777 2434 1821 ,η
2465 1769 2509 1823 εί
2564 1770 2740 1823 omnis
2788 1784 2876 1823 res
2914 1778 3008 1823 am
3071 1766 3369 1824 substantia
3426 1773 3516 1821 aut

234 1853 380 1908 enim
414 1852 669 1906 vocabula
696 1860 820 1905 sunt
848 1864 967 1919 qua:
996 1847 1267 1913 dicuntur,
1297 1845 1411 1914 ipsa
1436 1845 1580 1900 enim
1611 1844 1829 1915 proiirie

234 1945 599 1999 nominamus.

310 2034 502 2088 Eorum
541 2049 655 2102 qua!
682 2044 798 2085 sunt
826 2032 932 2083 alia
963 2031 1024 2083 de
1048 2032 1277 2101 subjecto
1317 2029 1542 2097 quodam
1567 2029 1827 2089 dicuntur,

237 2128 286 2181 in
317 2128 542 2197 subjecto
575 2140 691 2177 vero
722 2121 866 2176 nulla
894 2132 1013 2176 sunt
1044 2138 1061 2175 :
1088 2132 1140 2175 ut
1165 2124 1316 2175 homo
1346 2124 1411 2173 de
1454 2121 1683 2192 subjecto
1713 2120 1831 2189 qui-

239 2230 354 2282 dem
378 2228 568 2279 dicitur
591 2226 663 2277 ali
681 2242 765 2291 ,uo
786 2223 1012 2289 homine,
1040 2225 1092 2275 in
1124 2223 1354 2293 subjecto
1377 2234 1543 2275 autem
1574 2223 1716 2295 nullo
1736 2231 1829 2273 es'.

241 2321 355 2373 Αιεα
408 2320 461 2371 in
509 2319 736 2387 subjecto
761 2317 962 2384 quidem
989 2326 1132 2379 sunt,
1158 2320 1220 2369 de
1243 2315 1472 2383 subjecto
1500 2322 1665 2366 autem
1688 2313 1833 2365 nullo

241 2414 497 2466 dicuntur.
531 2409 593 2463 In
639 2410 867 2480 subjecto
917 2417 1087 2461 autent
1141 2424 1247 2461 esse
1296 2409 1427 2471 dico,
1470 2404 1609 2474 quod
1635 2421 1750 2458 cum
1780 2405 1830 2455 in

242 2506 414 2576 aliquo
444 2521 543 2556 non
573 2505 703 2555 sicut
735 2502 968 2571 qua’tldm
1002 2516 1121 2569 pars
1149 2500 1235 2559 sit,
1270 2497 1586 2564 impossibile
1624 2507 1696 2548 est
1726 2497 1832 2549 sine

241 2615 299 2655 eo
330 2614 435 2651 esse
464 2598 517 2649 in
537 2612 639 2666 quo
668 2604 741 2648 est
772 2635 783 2646 .
822 2604 873 2646 ut
905 2593 1139 2663 qumdam
1165 2591 1503 2661 grammatira
1529 2591 1583 2641 in
1607 2589 1833 2658 subjecto

242 2692 442 2759 quidem
468 2700 560 2755 est,
599 2679 655 2740 iii
671 2687 864 2750 anima,
902 2688 964 2738 de
993 2684 1219 2755 subjecto
1246 2695 1412 2737 autem
1448 2682 1593 2735 nullo
1622 2682 1829 2745 dicitur,

243 2802 287 2846 et
319 2789 574 2861 quoddam
611 2770 781 2839 album
809 2785 861 2838 in
887 2784 1114 2854 subjecto
1138 2792 1211 2837 est
1233 2797 1448 2849 corpore
1479 2782 1666 2850 (omnis
1698 2782 1832 2835 enim

243 2882 384 2937 rolor
423 2882 474 2933 in
504 2894 713 2948 corpore
739 2875 855 2947 est),
892 2876 954 2929 de
981 2875 1209 2947 subjecto
1237 2884 1403 2927 autem
1450 2874 1593 2925 nullo
1622 2873 1829 2925 dicitur.

244 2976 364 3030 Alia
413 2984 458 3028 et
512 2974 574 3026 de
627 2973 851 3042 subjecto
902 2969 1127 3037 quodam
1157 2968 1420 3030 dicuntur,
1453 2976 1499 3019 et
1526 2966 1578 3018 in
1607 2966 1833 3035 subjecto

244 3076 366 3121 sunt
395 3081 414 3118 :
439 3074 489 3117 ut
512 3063 719 3116 scientia
765 3062 818 3113 in
858 3060 1081 3127 subjecto
1107 3058 1310 3127 quidem
1337 3067 1410 3111 est
1457 3058 1507 3109 in
1549 3057 1743 3120 anima,
1770 3057 1833 3108 de

1936 1848 2210 1912 accidens,
2241 1859 2295 1902 et
2326 1860 2515 1903 tuorum
2543 1867 2633 1904 aut
2676 1855 3014 1919 universalis,
3048 1865 3139 1908 aut
3165 1857 3513 1925 particularis.

1939 1936 2016 1989 Ex
2046 1935 2131 1989 his
2169 1938 2328 2006 igitur
2365 1952 2594 2007 quatuor
2621 1940 2755 1995 liunt
2787 1945 3210 2013 complexiones.
3248 1946 3377 2001 Nam
3402 1963 3519 2003 runt

1934 2030 2146 2085 venerit
2172 2030 2549 2086 universalitas
2598 2033 2650 2087 in
2682 2033 3055 2101 substantiam,
3106 2037 3162 2090 lit
3206 2038 3521 2093 universalis

1936 2122 2252 2185 substantia,
2284 2132 2342 2176 ut
2379 2133 2463 2177 est
2506 2125 2669 2178 homo
2699 2127 2787 2181 vel
2832 2127 3051 2183 animal.
3087 2126 3400 2184 Universale
3430 2143 3521 2182 au-

1936 2223 2042 2267 tem
2072 2224 2152 2267 est
2172 2213 2310 2283 quod
2344 2224 2523 2284 aptum
2548 2225 2633 2270 est
2654 2216 2720 2271 de
2750 2217 2990 2287 pluribus
3021 2219 3319 2288 praedicari.
3352 2220 3523 2274 Parti-

1935 2308 2115 2360 cantare
2144 2322 2273 2361 vero
2303 2309 2442 2377 quod
2469 2309 2537 2363 dc
2567 2310 2712 2365 nullo
2738 2310 2983 2380 subjecto
3013 2313 3355 2380 praedicatur.
3384 2314 3523 2383 E-go

1935 2407 2018 2451 est
2047 2400 2151 2450 una
2200 2400 2500 2467 complexio
2538 2403 2961 2458 univcrsalitatis
3004 2414 3057 2457 et
3104 2405 3439 2467 substantiae,
3467 2416 3524 2458 tit

1936 2488 2005 2541 sit
2034 2490 2326 2544 substantia
2358 2493 2626 2547 universal
2652 2509 2695 2548 s.
2728 2494 2784 2549 Si
2818 2511 2945 2550 vero
2971 2497 3365 2563 partieularitas
3395 2499 3524 2553 sub-

1936 2582 2144 2636 stantia:
2185 2584 2485 2645 emulctur,
2521 2585 2577 2637 tit
2627 2587 2921 2641 substantia
2952 2588 3325 2656 particularis,
3358 2598 3413 2643 ut
3442 2600 3526 2645 est

1937 2656 2186 2727 Socrates
2200 2674 2281 2728 vel
2300 2675 2467 2740 Plato,
2483 2677 2802 2747 etquidquid
2818 2680 2870 2732 in
2883 2681 3173 2734 substantia
3190 2682 3522 2736 individuum

1939 2763 2221 2830 reperitur.
2242 2766 2445 2820 Atcnm
2471 2769 3109 2825 misceturuniversalitas
3133 2772 3417 2835 ιιοι·ἰι1ειιιὶ.
3466 2776 3525 2827 lit

1938 2858 2186 2913 accidens
2202 2861 2522 2925 universale,
2543 2872 2598 2915 ut
2622 2863 2872 2927 scientia,
2886 2880 3006 2933 qua:
3023 2880 3142 2919 eum
3162 2866 3229 2919 sit
3247 2867 3521 2931 accidens,

1937 2960 1991 3003 et
2017 2961 2214 3019 praeter
2237 2953 2470 3010 animam
2501 2957 2583 3009 cui
2609 2957 2804 3011 accidit
2842 2973 2962 3014 esse
2992 2974 3096 3014 non
3127 2962 3316 3031 possit,
3347 2970 3523 3047 lynca

1940 3043 2254 3100 universalis
2281 3055 2365 3100 est
2385 3049 2525 3116 quod
2552 3050 2618 3103 de
2646 3048 2884 3118 subjecta
2907 3053 3253 3121 grammatica
3283 3055 3363 3108 vel
3387 3043 3528 3107 ﬁaliis

244 3158 422 3226 subjec
447 3173 476 3208 o
520 3166 690 3207 autem
736 3153 944 3216 dicitur,
978 3160 1031 3203 ιιι
1072 3148 1136 3201 de
1192 3148 1287 3201 hac
1334 3149 1685 3217 grammatica.
1718 3148 1833 3199 Alia
1863 3133 1908 3194 C
1939 3146 2221 3212 speciebus
2253 3148 2531 3217 praedicari
2574 3157 2765 3217 potest.
2800 3147 2931 3203 Cum
2976 3165 3101 3204 vero
3131 3151 3529 3219 partieularitas

245 3266 408 3317 neque
436 3249 486 3300 in
525 3250 751 3318 subjecto
783 3256 897 3298 sunt
937 3260 1096 3314 neque
1121 3244 1182 3296 de
1212 3241 1440 3312 subjecto
1474 3242 1747 3304 dicuntur,
1780 3251 1835 3292 ut

245 3340 436 3409 aliquis
472 3339 644 3403 homo,
684 3338 758 3389 vel
789 3334 977 3406 aliquis
1021 3349 1217 3403 equus:
1249 3333 1448 3385 nullum
1477 3334 1608 3385 enint
1653 3333 1834 3385 horum

246 3448 412 3500 neque
437 3433 488 3483 in
510 3432 733 3501 subjecto
764 3438 859 3492 est,
891 3443 1051 3497 neque
1079 3426 1140 3478 de
1168 3425 1397 3497 subjecto
1443 3424 1654 3478 dicitur.
1691 3424 1831 3479 Sint-

246 3524 447 3592 pl'iciter
468 3533 637 3573 autem
660 3535 770 3586 qum
795 3529 912 3571 sunt
936 3515 1199 3568 individua
1224 3523 1267 3568 et
1292 3531 1505 3567 numero
1533 3514 1834 3582 singularia,

247 3617 315 3668 de
344 3614 485 3667 nullo
531 3611 758 3680 subjecto
789 3610 1077 3661 dicuntur:
1110 3608 1161 3659 in
1214 3606 1443 3675 subjecto
1490 3614 1661 3657 autem
1709 3603 1839 3656 nihil

248 3707 481 3773 prohibet
514 3710 692 3757 horum
722 3704 894 3770 aliqua
922 3718 1046 3757 esse.
1076 3698 1309 3769 qua‘dam
1339 3700 1473 3750 enim
1504 3699 1839 3768 grammatico

248 3801 304 3853 in
328 3799 554 3869 subjecto
583 3806 677 3863 cst,
711 3796 774 3849 de
795 3795 1021 3863 subjecto
1052 3806 1222 3845 autem
1253 3792 1397 3843 nullo
1421 3792 1629 3844 dicitur.

326 3890 421 3943 llic
454 3888 768 3943 Aristoteles
821 3900 1129 3940 sermonum
1160 3885 1396 3937 omnium
1445 3883 1838 3936 multitudinem

249 3980 307 4035 in
340 3980 707 4049 parvissimam
735 3975 935 4045 colligit
963 3975 1306 4029 divisionem.
1332 3974 1462 4027 Nam
1487 3975 1629 4043 quod
1659 3990 1838 4027 rerum

248 4068 510 4125 vocabula
534 4068 780 4123 indecem
799 4069 1209 4137 prmdicamenta
1233 4066 1522 4130 distribuit,
1550 4065 1721 4135 major
1745 4066 1841 4119 hac

250 4164 517 4218 divisione
547 4177 649 4215 non
688 4170 860 4229 p0test
891 4161 1140 4223 inveniri,
1174 4160 1301 4213 nihil
1330 4161 1471 4212 enim
1503 4174 1621 4213 esse
1648 4160 1842 4227 poterit

251 4263 398 4331 quod
434 4262 553 4315 huic
597 4261 841 4315 divisioni
876 4261 1214 4315 undecimum
1261 4259 1417 4328 adjici
1442 4271 1620 4329 queat.
1657 4260 1844 4314 Omnis

252 4354 400 4410 cnim
433 4369 516 4407 res
546 4364 634 4405 aut
657 4353 950 4407 substantia
985 4365 1087 4416 est,
1118 4362 1208 4404 aut
1234 4355 1527 4420 quantitas,
1556 4362 1647 4404 aut
1675 4354 1846 4420 quali-

252 4455 362 4508 tas,
393 4456 476 4497 aut
510 4443 573 4496 ad
607 4443 824 4513 aliquid,
858 4457 943 4497 aut
974 4443 1173 4508 facere,
1199 4452 1287 4497 aut
1318 4445 1456 4512 pati,
1491 4454 1583 4497 aut
1608 4444 1841 4514 quando,

1938 3238 2199 3291 accidenti
2245 3239 2603 3307 cnnjungitttr,
2659 3241 2717 3293 lit
2775 3240 3026 3295 accidens
3075 3242 3415 3309 particulare,
3471 3257 3529 3296 ut

1943 3331 2176 3386 Platonis
2223 3333 2302 3385 vel
2340 3333 2576 3386 Aristote
2600 3334 2647 3386 is
2674 3333 2921 3388 scientia.
2956 3333 3112 3389 Fiunt
3134 3337 3276 3390 enim
3305 3344 3482 3405 quatm
3508 3353 3528 3388 ιι

1938 3422 2358 3490 complexiones,
2381 3424 2675 3478 substantia
2703 3425 3047 3485 universalis.
3078 3426 3376 3480 substantia
3409 3442 3532 3495 par-

1941 3506 2483 3578 ticularis,’accidens
2529 3515 2861 3581 universale,
2907 3516 3157 3571 accidens
3187 3518 3529 3585 partieularv.

1942 3614 2005 3669 Ut
2038 3623 2216 3667 autem
2259 3615 2507 3667 accidens
2536 3615 2589 3667 in
2634 3615 2949 3669 Substantim
2979 3625 3224 3668 naturam
3274 3627 3529 3679 transeat,

1941 3704 2023 3759 vel
2055 3704 2349 3758 subSIantia
2378 3705 2429 3758 in
2453 3705 2724 3771 accidens,
2755 3704 2871 3760 ﬁeri
2899 3706 3044 3759 nullo
3073 3706 3233 3760 modo
3263 3717 3455 3775 pctest,
3476 3721 3532 3763 et

1944 3784 2194 3853 accidens
2224 3798 2437 3867 quidem
2485 3800 2629 3852 venit
2661 3800 2711 3851 in
2764 3799 3139 3863 substantiam,
3189 3802 3280 3853 sel
3334 3816 3437 3853 non
3477 3813 3533 3853 ut

1944 3891 2241 3944 substantia
2271 3893 2379 3951 liat,
2430 3906 2607 3957 neque
2633 3891 2775 3943 enim
2807 3891 3057 3959 quoniam
3086 3891 3231 3943 color
3271 3891 3409 3959 quod
3451 3904 3533 3947 est

1945 3983 2193 4036 accidens
2222 3982 2367 4035 venit
2395 3982 2446 4035 in
2476 3984 2854 4048 substantiam,
2877 3982 3077 4038 idcirco
3106 3986 3254 4038 color
3275 3984 3387 4054 jam
3416 3986 3532 4039 sub-

1946 4084 2138 4136 stantia
2169 4092 2270 4135 est.
2295 4081 2401 4135 Nec
2423 4082 2674 4151 quoniam
2706 4083 3002 4137 substantia
3026 4086 3247 4151 suscipit
3271 4087 3527 4147 colorem.

1950 4173 2149 4227 idcirco
2192 4174 2340 4227 color
2365 4173 2476 4242 jam
2510 4175 2804 4227 substantia
2856 4176 2931 4227 tit.
2977 4175 3153 4239 Quare
3181 4192 3353 4246 neque
3407 4180 3535 4232 sub-

1949 4266 2144 4319 stantia
2170 4265 2222 4319 in
2262 4266 2570 4327 accidentis,
2617 4281 2787 4335 neque
2827 4265 3072 4320 accidens
3118 4268 3171 4320 in
3220 4271 3534 4323 Sllllslflt'tlitl:

1954 4366 2195 4411 naturam
2228 4359 2437 4411 transit.
2470 4360 2536 4411 At
2563 4374 2689 4412 vero
2723 4374 2820 4412 nec
2853 4360 3261 4425 partieularitas,
3297 4377 3391 4415 nec
3417 4364 3538 4415 uni-

1951 4449 2230 4503 versalitas
2259 4449 2312 4502 in
2345 4463 2404 4503 se
2444 4457 2739 4503 transeunt.
2768 4450 3005 4519 Namque
3033 4451 3399 4505 univerSnIitas
3441 4470 3535 4521 po-

253 4544 354 4588 aut
396 4534 505 4596 ubi.
536 4544 627 4586 aut
658 4533 876 4598 habere.
928 4544 1019 4586 aut
1065 4535 1231 4599 situs;
1267 4536 1515 4602 quocirca
1571 4543 1647 4588 tot
1692 4546 1847 4590 crum
1880 4512 1927 4570 D
1956 4551 2056 4597 test
2084 4542 2153 4596 de
2184 4541 2604 4609 particularitate
2638 4543 2937 4611 praedicari.
2992 4554 3048 4597 ιιι
3097 4545 3290 4597 animal
3331 4546 3397 4599 de
3435 4547 3536 4600 So-

253 4632 421 4686 etiam
466 4645 744 4685 sermones
782 4635 869 4701 qui
906 4633 1000 4685 ista
1031 4634 1354 4703 signiticent,
1397 4645 1450 4689 et
1482 4635 1597 4691 hmc
1625 4646 1706 4691 est
1738 4653 1850 4690 ma-

257 4725 407 4778 xima
435 4723 647 4787 divisio,
679 4724 765 4777 cui
796 4726 931 4777 ultra
964 4726 1095 4777 nihil
1130 4725 1299 4792 possit
1345 4725 1564 4795 adjungi
1601 4744 1611 4778 :
1647 4728 1853 4795 parvis-

252 4818 396 4871 sima
433 4832 562 4870 vero
590 4826 673 4871 est
707 4832 825 4885 qua:
855 4817 913 4869 ﬁt
944 4818 996 4871 in
1043 4826 1301 4887 quatuor,
1328 4818 1380 4870 in
1412 4818 1766 4872 substantiam
1799 4830 1854 4873 et

257 4908 536 4968 accidens.
567 4917 621 4961 ct
662 4907 964 4961 universale
1009 4917 1063 4961 et
1094 4908 1438 4976 particulare.
1469 4908 1655 4962 Omnis
1705 4911 1849 4963 enim

259 5014 353 5053 res
378 5010 468 5051 aut
499 5000 792 5054 substantia
821 5010 926 5062 est,
952 5008 1047 5053 aut
1078 5001 1349 5065 accidens,
1387 5012 1478 5056 aut
1508 5002 1850 5064 universalis,

256 5099 357 5142 aut
388 5092 738 5155 particularis.
772 5091 917 5144 Sicut
941 5106 1068 5159 ergo
1098 5090 1283 5145 decem
1315 5092 1683 5160 superioribus
1714 5093 1854 5145 nihil

256 5178 389 5232 addi
415 5189 640 5248 poterat,
671 5181 739 5233 ita
769 5196 833 5233 ex
867 5180 949 5234 bis
980 5191 1206 5249 quatuor
1239 5182 1365 5234 nihil
1402 5180 1562 5235 demi.
1600 5184 1730 5235 Nam
1759 5199 1854 5236 ne-

255 5288 369 5343 que
411 5273 581 5325 minor
609 5274 713 5326 ulla
746 5273 938 5325 divisio
963 5273 1044 5327 his
1074 5286 1306 5344 quatuor
1354 5266 1469 5329 fieri
1523 5286 1726 5344 potest.
1757 5292 1856 5331 nec

256 5365 438 5432 major
485 5380 644 5434 quam
677 5366 718 5417 si
771 5365 993 5417 denario
1045 5365 1213 5418 limite
1265 5365 1679 5433 prtedicatnenta
1708 5368 1854 5420 clau-

255 5460 477 5511 dantur.
522 5455 630 5508 Cur
678 5462 854 5508 autem
902 5455 952 5508 in
983 5455 1065 5509 his
1096 5465 1325 5523 quatuor
1354 5457 1542 5509 divisio
1571 5458 1701 5513 laeta
1750 5468 1851 5520 est,

258 5546 446 5617 paucis
476 5561 771 5615 exponam.
817 5546 992 5600 Prima
1022 5547 1236 5617 quidem
1282 5562 1455 5601 terum
1487 5557 1569 5602 est
1617 5549 1853 5602 omnium

256 5639 457 5694 divisio
488 5638 539 5693 in
566 5639 922 5693 sub5tantiam
956 5652 1118 5708 atque
1145 5640 1416 5695 accidens.
1460 5639 1565 5695 Sed
1602 5642 1852 5709 quoniam

258 5732 561 5787 substantia
614 5730 841 5800 proferri
883 5748 986 5783 non
1019 5741 1193 5799 potest
1238 5731 1339 5784 nisi
1369 5741 1457 5785 aut
1487 5734 1856 5787 universaliter

713 5843 961 5902 PATRUL
1028 5840 1249 5902 LXIV.

1954 4643 2101 4688 crate
2129 4632 2214 4687 vcl
2246 4633 2497 4699 Platone,
2529 4642 2582 4687 et
2613 4635 3009 4704 partieularitas
3038 4634 3290 4702 suscipiet
3317 4636 3530 4690 univer-

1956 4724 2184 4778 salitatis
2214 4724 2680 4794 praedicationem,
2709 4726 2802 4781 sed
2835 4742 2938 4779 non
2972 4735 3031 4779 ut
3074 4725 3442 4783 universalitas
3474 4730 3545 4784 sit

1959 4815 2382 4884 partieularitas,
2416 4831 2515 4870 nec
2558 4831 2744 4871 rursus
2794 4827 2850 4869 ut
2894 4817 3035 4887 quod
3091 4815 3415 4887 particulare
3460 4828 3542 4874 est

1960 4906 2333 4959 universalitas
2385 4908 2496 4961 tiat.
2533 4908 2673 4976 Ergo
2696 4918 2925 4975 quatuor
2952 4909 3372 4976 complexiones,
3418 4910 3539 4962 uni-

1960 4996 2220 5050 versalem
2247 4998 2625 5061 substantiam,
2658 4998 2963 5053 universale
2992 4999 3261 5064 accidens,
3314 5000 3547 5067 particu-

1963 5090 2128 5141 larem
2158 5089 2531 5151 substantiam,
2583 5090 2898 5157 particularc
2928 5091 3178 5147 accidens
3222 5092 3545 5147 Aristotcles

1961 5179 2246 5247 disponere
2275 5180 2515 5245 cupiens,
2546 5195 2652 5233 non
2684 5196 2869 5234 eorum
2899 5183 3114 5236 nomina
3134 5225 3149 5249 ,
3182 5183 3276 5236 sed
3308 5181 3548 5251 descrip.

1965 5272 2140 5325 tiones
2167 5272 2439 5340 apposuit.
2470 5271 2538 5324 Et
2563 5271 2812 5341 quoniam
2838 5275 3360 5341 generalissimornm
3388 5290 3549 5343 gene-

1966 5378 2082 5416 rum
2112 5361 2458 5417 dil‘ﬁnitioncs
2487 5376 2593 5416 non
2631 5372 2839 5433 poterat
2866 5363 3137 5427 invenire,
3174 5364 3546 5433 descriptioni-

1964 5456 2061 5509 bus
2117 5470 2253 5510 usus
2290 5444 2372 5511 est
2404 5455 2507 5520 his,
2542 5455 2592 5509 id
2632 5457 2979 5510 substantirmt
3023 5473 3143 5514 Esse
3186 5459 3369 5512 dicens
3411 5460 3550 5523 quot

1962 5549 2013 5601 in
2054 5548 2294 5618 subjecto
2328 5564 2434 5602 non
2460 5557 2635 5612 esset,
2668 5550 2917 5605 accidens
2950 5569 3077 5605 vero
3119 5551 3259 5620 quod
3293 5552 3342 5604 in
3373 5552 3549 5620 subje-

1961 5653 2049 5695 cto
2077 5650 2240 5695 esset.
2267 5640 2438 5694 Omne
2466 5655 2696 5709 namque
2725 5644 2975 5697 accidens
3007 5643 3056 5693 in
3099 5641 3340 5707 subjecto
3361 5651 3460 5697 est,
3498 5653 3550 5699 ιιι

1963 5733 2111 5786 color
2146 5733 2195 5785 in
2226 5746 2336 5799 cori
2357 5745 2469 5795 ore,
2491 5731 2713 5788 scicntia
2738 5734 2787 5785 in
2821 5733 3019 5797 anima,
3048 5742 3101 5785 et
3130 5731 3425 5799 subjectum
3458 5732 3550 5786 hac

3028 5894 3031 5897 .
3044 5845 3080 5903 6
