4022 6328
533 276 624 329 ιτι
1745 275 1849 328 AV.
1894 274 2102 329 MANL.
2144 274 2296 329 SEV.
2341 274 2563 329 BOETII
3694 283 3793 335 172

523 397 615 441 ..ιει
659 385 1010 443 substantiam
1043 399 1199 439 omne
1231 383 1502 439 accidens.
1533 384 1589 438 Si
1638 384 1757 453 quis
1783 386 1925 439 enim
1972 384 2100 439 sub-
2129 390 2177 447 Α
2204 385 2439 439 ticularis
2465 394 2575 463 est;
2619 385 3066 454 quemadmodum
3097 387 3239 442 enim
3290 388 3407 457 ipse
3435 391 3789 446 Aristarchus

525 479 771 533 Stantiam
802 479 987 545 tollat,
1019 476 1265 531 accidens
1305 490 1409 529 non
1435 475 1555 529 erit.
1599 476 1773 542 Quare
1804 476 2102 531 substantia

527 573 677 625 locus
699 564 1021 639 quidam-cst
1045 568 1133 623 ubi
1170 568 1463 622 accidentis
1492 568 1665 622 valeat
1706 578 1892 622 natura
1922 571 2100 623 consi-

527 671 689 717 stere.
722 664 835 730 Ipsa
865 676 993 716 vero
1020 660 1315 714 substantia
1341 674 1433 727 per
1458 674 1517 713 se
1538 668 1768 725 constat,
1800 670 1959 728 atque
1982 660 2102 713 ideo

528 753 718 805 dicitur
742 750 1058 813 substantia,
1093 765 1190 803 nec
1221 750 1331 803 ullo
1355 749 1597 817 subjecto
1628 750 1734 803 alio
1765 750 1968 811 nititur,
2004 750 2099 802 sed

523 843 727 895 eunetis
770 841 880 909 ipsa
932 840 1225 895 substantia
1259 850 1359 893 cst.
1404 840 1614 907 Alioqui
1645 842 1688 893 si
1720 839 2016 894 substantia
2046 840 2098 893 in

524 934 629 987 ullo
658 932 898 1002 subjecto
921 948 1043 988 esse
1070 941 1269 1002 posset,
1301 943 1444 987 esset
1474 932 1743 987 accidens.
1769 933 1938 985 Omne
1958 933 2099 987 enim

523 1026 769 1079 accidens
796 1025 847 1078 in
874 1025 1113 1093 subjecto
1142 1034 1246 1085 est,
1285 1034 1338 1077 et
1362 1022 1618 1091 quidquid
1648 1023 1700 1076 in
1727 1022 1969 1091 subjecto
1995 1031 2098 1086 est,

523 1118 648 1171 illud
680 1128 760 1172 est
797 1119 1065 1172 accidens.
1097 1116 1249 1181 Quod
1279 1118 1326 1172 si
1355 1116 1653 1171 substantia
1681 1126 1825 1171 esset
1847 1116 1898 1168 itt
1920 1115 2101 1184 aliquo

520 1209 783 1279 subjecto,
829 1210 1082 1263 continuo
1131 1210 1281 1263 lieret
1334 1209 1602 1274 accidens,
1656 1207 1749 1263 sed
1798 1208 2100 1262 substantia

519 1302 768 1357 accidens
813 1316 935 1356 esse
975 1317 1082 1355 non
1133 1310 1339 1369 potest,
1399 1302 1536 1355 sicut
1591 1315 1750 1369 supra
1800 1300 2097 1354 docuimus.

519 1396 694 1462 Quare
724 1396 972 1464 quoniam
1019 1393 1265 1449 accidens
1296 1394 1347 1447 in
1395 1394 1637 1463 subjecto
1665 1402 1768 1456 est.
1802 1393 2098 1447 substantia

520 1504 647 1544 vero
673 1488 922 1543 accidens
967 1504 1071 1542 non
1118 1498 1220 1551 est,
1251 1488 1547 1543 substantia
1599 1490 1651 1541 in
1701 1487 1943 1557 subjecto
1991 1502 2098 1541 non

518 1589 621 1637 est.
669 1580 1095 1636 Universalitatis
1141 1595 1270 1635 vero
1323 1579 1609 1649 descriptio
1658 1589 1766 1645 est,
1810 1580 1877 1635 de
1917 1579 2098 1649 subje-

518 1684 606 1728 cto
636 1671 935 1742 prmdicari.
965 1671 1152 1725 Omnis
1182 1686 1412 1739 namque
1433 1670 1802 1726 universalitas
1829 1670 1896 1725 de
1916 1670 2099 1739 subje-

2207 476 2274 531 de
2304 476 2453 530 nullo
2480 475 2721 545 subjecto
2756 476 2970 542 dicitur,
3010 477 3082 531 ita
3122 493 3336 547 quoque
3366 480 3482 548 ejus
3523 496 3794 550 gramma-

2212 567 2313 620 tica
2339 567 2408 620 de
2438 566 2588 620 nullo
2631 567 2873 636 subjecto
2909 568 3248 637 prtedicatnr.
3283 570 3396 625 Non
3446 582 3619 627 autem
3663 574 3795 627 dicit
3831 569 3837 577 ’

2206 656 2346 723 quod
2374 658 2488 726 ipsa
2510 660 2859 737 grammatica
2885 650 3221 728 particularis
3241 673 3344 727 est.
3373 664 3465 718 sed
3486 665 3623 734 qund
3648 682 3794 735 qum-

2206 748 2324 801 dam
2353 749 2733 817 grammatica,
2779 751 2828 805 id
2868 762 2953 806 est
2987 752 3215 821 alicujus
3255 755 3489 809 hominis
3535 757 3791 811 individui

2204 840 2550 907 grammatica
2571 882 2584 905 ,
2611 856 2769 909 quam
2801 843 3000 897 scilicet
3029 845 3190 899 homo
3217 848 3551 913 particularis
3579 852 3790 917 prepria

2205 932 2398 984 retinet
2425 932 2749 1000 cognitione.
2791 933 2855 986 Et
2882 939 3144 1000 quoniam
3168 938 3501 1005 incorporale
3532 940 3783 993 accidens

2205 1022 2380 1089 posuit
2404 1024 2545 1091 quod
2585 1025 2775 1077 anima:
2804 1026 3101 1090 accideret,
3143 1027 3193 1080 id
3227 1039 3309 1081 cst
3349 1033 3784 1099 grammaticam,

2202 1130 2321 1180 qua:
2357 1124 2500 1169 esset
2538 1118 2590 1169 in
2622 1118 2828 1177 anima,
2864 1119 3015 1186 ponit
3053 1135 3262 1188 quoque
3300 1122 3442 1174 aliul
3483 1126 3788 1192 exemplum

2200 1208 2508 1275 corporale;
2547 1208 2621 1261 ait
2666 1209 2807 1261 enim
2850 1219 2904 1262 ct
2934 1210 3199 1277 quoddam
3230 1212 3411 1265 allium
3447 1214 3497 1266 in
3546 1216 3790 1285 subjecto

2201 1307 2283 1350 εει
2320 1311 2568 1366 corpore,
2599 1300 2774 1353 omnis
2820 1302 2961 1353 enim
3003 1302 3153 1355 color
3194 1313 3277 1355 est
3305 1303 3354 1355 in
3394 1319 3619 1372 ctirport:
3654 1323 3668 1359 :
3702 1307 3788 1362 hic

2201 1403 2411 1458 quoque
2440 1405 2545 1443 non
2582 1405 2742 1445 omne
2773 1392 2952 1445 album
2999 1392 3129 1445 dicit
3168 1409 3287 1448 esse
3321 1397 3659 1463 particulare,
3692 1400 3785 1453 sed

2203 1479 2342 1547 quod
2373 1480 2439 1533 ad
2485 1479 2818 1534 individuum
2846 1488 3044 1550 corpus
3082 1484 3263 1537 album
3315 1486 3484 1540 venit.
3527 1487 3788 1542 Probatur

2202 1565 2411 1640 quoque
2442 1574 2766 1639 particulare
2788 1574 2965 1628 album
2992 1575 3042 1628 in
3074 1576 3314 1644 Suhjecto
3341 1593 3460 1631 esse
3484 1580 3582 1633 hoc
3604 1581 3784 1642 modo.

2205 1678 2326 1715 nam
2369 1664 2520 1718 color
2545 1666 2685 1733 quod
2713 1680 2881 1732 genus
2922 1674 3006 1720 est
3032 1667 3135 1721 albi
3173 1669 3254 1721 vel
3285 1669 3561 1737 cujus‘dam
3598 1671 3706 1725 albi
3734 1673 3785 1725 in

519 1765 616 1831 etis
642 1763 1049 1833 particularibus
1079 1762 1419 1831 praedicatur.
1448 1777 1567 1814 nam
1604 1762 1854 1830 quoniam
1888 1761 2099 1815 univer-
2132 1760 2176 1819 Β
2204 1770 2429 1823 corpore
2458 1767 2570 1821 εει,
2604 1769 2658 1811 ει
2686 1768 2767 1812 εει
2809 1761 2860 1811 in
2904 1760 3165 1827 subjecto.
3206 1762 3385 1828 Quare
3429 1762 3579 1831 cujus
3617 1779 3787 1834 genus

518 1856 629 1912 sale
658 1865 739 1911 est
764 1855 979 1917 animal,
1023 1856 1103 1908 vel
1134 1854 1313 1913 homo.
1347 1854 1413 1907 de
1439 1853 1658 1908 Socrate
1699 1852 2019 1921 prmdicatur
2046 1864 2099 1906 et

519 1946 759 2002 Platon".
810 1947 1011 2000 Dicitur
1039 1945 1182 2000 enim
1214 1944 1460 2000 Socrates
1488 1946 1681 1999 animal
1729 1955 1887 2012 atque
1914 1944 2094 1998 homn.

518 2037 586 2093 Et
613 2039 863 2108 quoniam
895 2037 1191 2095 universale
1228 2048 1310 2092 est
1349 2037 1599 2091 accidens
1627 2037 1872 2099 scientia,
1905 2036 2097 2090 dicitur

518 2134 584 2186 de
614 2130 852 2200 subjecta
892 2129 1270 2199 grammatica,
1324 2129 1673 2197 grammatica
1703 2129 1842 2182 enim
1875 2128 2095 2182 scientia

519 2233 620 2277 est.
653 2221 1052 2277 Particularitas
1074 2237 1201 2276 vero
1226 2222 1479 2291 quoniam
1510 2223 1621 2289 ipsa
1661 2230 1745 2275 est
1775 2236 1949 2275 rerum
1974 2222 2096 2275 ulti~

518 2329 600 2369 ma
640 2322 695 2369 et
718 2316 769 2368 tti
796 2314 848 2368 .il
872 2326 951 2369 est
965 2313 1040 2367 illi
1058 2314 1378 2385 subjectum,
1399 2314 1465 2368 de
1486 2314 1628 2367 nullo
1642 2314 1886 2383 subjecto
1905 2314 2091 2382 praedi-

517 2414 698 2470 catur;
726 2420 847 2460 nam
893 2405 1141 2474 quoniam
1174 2406 1543 2460 universalitas
1588 2405 1656 2460 de
1696 2407 1937 2476 subjecto
1961 2422 2096 2476 prte-

517 2497 743 2561 dicatur,
798 2496 1190 2566 particularitas
1238 2512 1367 2552 vero
1419 2498 1794 2553 universalitas
1833 2513 1942 2553 non
1988 2511 2091 2564 est,

518 2588 908 2657 particularitas
949 2588 1016 2644 de
1070 2588 1313 2659 subjecto
1373 2606 1480 2644 non
1538 2591 1935 2661 praedicabitur.
1993 2591 2096 2649 Ubi

514 2681 653 2736 enim
678 2694 766 2736 res
793 2680 1127 2751 discrepant;
1151 2691 1206 2737 et
1226 2682 1471 2738 dillinitio
1496 2683 1839 2754 discrepabit,
1866 2686 1935 2738 ita
1965 2700 2096 2755 quo-

515 2788 619 2841 que
647 2774 699 2827 iu
730 2772 844 2837 his,
873 2788 995 2828 nam
1022 2776 1275 2845 quoniam
1298 2776 1563 2845 discrepat
1592 2778 1889 2832 substantia
1919 2787 1978 2832 ειο
2002 2792 2093 2834 ac-

513 2867 717 2930 cidens,
745 2867 1094 2924 diffinitiones
1121 2874 1331 2940 queque
1372 2885 1558 2926 eorum
1603 2872 2002 2943 discrepabunt.
2031 2875 2095 2930 Ut

514 2960 763 3035 quoniam
814 2971 897 3015 est
939 2962 1187 3017 accidens
1240 2964 1293 3018 in
1328 2964 1592 3035 subjecto,
1640 2966 1741 3020 erit
1794 2967 2090 3023 substantia

516 3026 704 3109 non‘m
733 3054 995 3124 subjecto.
1040 3056 1107 3110 Et
1136 3057 1386 3125 quoniam
1426 3026 1805 3113 universalitas
1846 3060 1914 3115 de
1961 3061 2086 3114 sub-

2202 1848 2252 1900 iu
2277 1848 2518 1917 subjecto
2544 1859 2653 1910 est,
2686 1851 2859 1916 ipsum
2890 1866 3103 1920 quoque
3142 1854 3191 1904 ιιι
3234 1854 3480 1922 subjecto
3515 1864 3619 1909 est.
3653 1855 3786 1910 Om-

2206 1954 2300 1993 nes
2326 1940 2468 1992 enim
2496 1941 2702 2007 species
2737 1940 2819 1993 vel
2852 1940 3123 1994 individua
3151 1946 3367 2011 proprio
3395 1960 3589 2011 genere
3615 1947 3787 2000 conti-

2204 2038 2414 2094 nentur,
2448 2042 2503 2085 et
2547 2032 2788 2098 ejusdem
2825 2032 3019 2087 habent
3066 2043 3332 2087 naturam.
3365 2035 3625 2103 Quoniam
3657 2053 3786 2092 vero

2199 2134 2321 2174 esse
2359 2120 2411 2174 in
2440 2120 2831 2190 aliquo'multis
2871 2119 3068 2177 d.i:itur
3101 2124 3292 2189 modis,
3323 2127 3447 2194 quid
3480 2128 3607 2181 velit
3638 2130 3786 2183 Aris-

2200 2211 2390 2265 toteles
2408 2212 2706 2268 ostendere
2743 2228 2863 2268 esse
2891 2216 2941 2268 in
2974 2216 3240 2285 subjecto,
3272 2204 3451 2283 pauCis
3481 2220 3779 2274 absolvam.

2202 2300 2401 2355 Dicitur
2428 2302 2578 2356 enim
2622 2318 2744 2358 csse
2788 2304 2985 2373 aliquid
3028 2307 3079 2360 in
3126 2307 3305 2377 aliquo
3353 2325 3545 2364 novem
3590 2311 3783 2374 modis,

2198 2390 2421 2446 dicimus
2450 2393 2591 2446 enim
2620 2409 2738 2448 esse
2764 2395 2960 2466 aliquid
2992 2397 3041 2449 iu
3089 2398 3203 2451 loco
3224 2441 3238 2465 ,
3273 2410 3327 2452 ut
3360 2400 3411 2453 in
3455 2400 3572 2455 foro
3616 2404 3698 2457 vel
3731 2403 3783 2457 in

2199 2481 2423 2535 theatro.
2459 2482 2691 2539 Dicimus
2723 2497 2932 2554 quoque
2960 2502 3083 2542 esse
3109 2490 3158 2541 in
3197 2490 3395 2560 aliquo,
3430 2486 3487 2546 tit
3517 2496 3567 2546 in
3600 2495 3784 2561 aliquo

2199 2587 2342 2637 vase,
2372 2582 2429 2627 ut
2461 2574 2690 2629 triticum
2725 2577 2773 2629 in
2806 2577 3007 2633 modio.
3043 2579 3243 2635 Dicitur
3267 2584 3425 2635 etiam
3458 2599 3579 2639 esse
3608 2586 3658 2640 iu
3687 2588 3784 2641 ali-

2197 2679 2303 2733 quo
2330 2664 2478 2719 velut
2509 2682 2628 2732 pars
2659 2667 2712 2721 in
2745 2677 2878 2729 toto,
2912 2678 2967 2722 ut
2998 2674 3185 2727 m‘anus
3216 2672 3267 2726 in
3299 2688 3544 2743 corpore.
3581 2677 3783 2733 Dicitur

2198 2770 2318 2810 esse
2357 2757 2409 2811 in
2438 2758 2638 2826 aliquo,
2666 2759 2814 2812 velut
2845 2769 3011 2813 totum
3043 2761 3093 2814 in
3126 2762 3385 2830 partibus,
3416 2774 3474 2818 ut
3503 2782 3700 2835 corpus
3732 2769 3783 2822 in

2197 2846 2445 2901 omnibus
2474 2848 2586 2902 suis
2622 2849 2881 2925 partibus.
2924 2850 3129 2907 ltursus
3158 2853 3300 2907 velut
3330 2856 3384 2908 in
3426 2850 3624 2924 genere
3663 2873 3783 2927 spe-

2194 2938 2326 3003 cies,
2355 2948 2411 2992 ut
2439 2939 2493 2992 in
2518 2940 2735 2994 animali
2765 2942 2944 3006 homo,
2973 2945 3056 2999 vel
3084 2961 3251 3015 genus
3277 2947 3329 3001 in
3352 2950 3630 3016 speciebus
3651 2953 3782 3011 suis.

2198 3029 2432 3085 Dicimus
2468 3046 2683 3102 quoque
2714 3048 2835 3089 esse
2868 3036 2919 3089 in
2950 3038 3148 3107 aliquo,
3179 3038 3320 3094 velut
3359 3041 3557 3109 aliquid
3593 3044 3645 3097 in
3678 3044 3785 3099 line

510 3141 651 3212 jecto
703 3145 1045 3213 prtcdicatur,
1100 3124 1488 3215 particularitas
1537 3156 1716 3205 autem
1758 3150 1826 3206 ab
1878 3154 2092 3207 univer-
2119 3138 2164 3200 (ἶ
2194 3134 2335 3215 esse’
2374 3124 2726 3215 “Quoniam
2766 3125 2918 3181 bona:
2964 3129 3085 3183 vim
3126 3131 3243 3185 “nis
3289 3132 3561 3187 malum"
3595 3147 3708 3200 es"
3739 3138 3785 3191 Si

513 3234 725 3289 salitate
762 3235 1053 3305 discrepat,
1096 3237 1165 3291 de
1193 3237 1436 3308 subjecto
1466 3255 1571 3295 non
1617 3241 1955 3310 prtcdicatur.
1990 3244 2095 3298 llas

509 3327 677 3395 igitur
709 3328 1012 3397 hujusmodi
1037 3328 1427 3399 descriptiones
1456 3332 1773 3388 Aristoteles
1800 3335 1871 3389 ita
1904 3337 2098 3404 permi-

512 3418 651 3473 scuit
695 3418 881 3473 dicens
920 3438 931 3471 :
969 3419 1167 3476 Eorum
1213 3437 1335 3491 qua:
1373 3432 1532 3489 sunt,
1582 3425 1684 3479 alia
1731 3425 1800 3480 de
1854 3426 2098 3495 subjecto

512 3510 740 3579 quodam
776 3510 1044 3578 dicuntur,
1082 3516 1131 3568 in
1174 3514 1419 3584 subjecto
1460 3532 1589 3572 vero
1629 3508 1777 3572 nullo
1818 3510 1967 3585 sunt,
1997 3535 2095 3574 vo—

512 3601 625 3657 lens
654 3603 861 3660 scilicet
900 3606 1259 3661 universnlem
1300 3609 1655 3664 substantiam
1698 3612 2092 3670 demonstrare.

512 3692 641 3746 Nam
667 3694 804 3763 quod
827 3694 961 3748 dixit
989 3695 1057 3751 de
1085 3696 1326 3764 subjecto
1352 3698 1627 3765 dicuntur,
1660 3703 1958 3757 universale
1984 3712 2091 3767 est,

511 3786 655 3856 quod
690 3801 819 3840 vero
863 3786 940 3841 ait
983 3788 1038 3841 in
1081 3788 1322 3858 subjecto
1368 3792 1514 3844 nullo
1558 3802 1703 3858 sunt,
1757 3786 2089 3849 substan’tia:

511 3892 641 3949 ergo
667 3878 809 3947 quod
849 3881 924 3932 ait
950 3880 1193 3948 quaedam
1230 3882 1299 3937 de
1328 3883 1574 3952 subjecto
1604 3885 1732 3951 dici,
1762 3887 1817 3940 in
1853 3887 2096 3956 subjects

512 3984 646 4023 vero
693 3969 839 4024 nullo
878 3984 1020 4036 esse,
1067 3972 1426 4027 universalem
1472 3974 1827 4030 substantiam
1863 3977 2091 4032 demon-

512 4071 682 4116 strare
712 4063 1032 4130 (‘Olljetidllt
1067 4073 1121 4117 ut
1149 4064 1292 4117 enim
1324 4064 1520 4134 sacpius
1560 4065 1761 4121 dictum
1812 4078 1915 4135 est,
1952 4072 2092 4140 quod

515 4154 583 4208 de
627 4154 871 4222 subjecto
900 4154 1121 4218 dicitur,
1159 4156 1463 4212 universale
1494 4165 1615 4223 est;
1663 4161 1805 4227 quod
1850 4161 1903 4215 in
1948 4164 2094 4217 nullu

512 4243 755 4313 subjecto
790 4255 895 4309 est,
925 4247 1243 4301 substantia.
1287 4247 1412 4302 llaec
1434 4248 1641 4318 juncta,
1668 4251 1716 4306 id
1743 4263 1827 4308 est
1859 4254 1927 4309 de
1968 4257 2092 4310 sub-

512 4339 654 4405 jecto
680 4338 909 4408 quodam
941 4339 1067 4407 dici,
1099 4349 1153 4395 et
1185 4340 1237 4395 in
1268 4341 1509 4409 subjecto
1534 4345 1679 4400 nullo
1704 4363 1845 4411 esse,
1881 4351 2090 4405 univer-

515 4429 681 4482 salem
727 4429 1076 4487 substantiam
1120 4432 1513 4488 demonstrant.
1564 4436 1693 4492 Post
1727 4443 2087 4498 universalem

2201 3214 2322 3280 quis
2352 3213 2421 3266 sit
2448 3213 2659 3281 beatus,
2690 3216 2742 3270 in
2776 3218 2879 3272 ﬁne
2908 3230 3019 3283 est,
3046 3222 3249 3276 scilicet
3285 3224 3437 3278 bona:
3468 3216 3608 3281 vitia.
3643 3228 3785 3283 Dict-

2204 3319 2321 3357 mus
2347 3319 2559 3374 quoque
2589 3322 2707 3363 ess:
2736 3308 2787 3362 in
2818 3310 2997 3378 aliquo
3025 3321 3079 3366 ut
3109 3313 3160 3366 in
3191 3314 3429 3383 quolibet
3457 3327 3694 3386 potente,
3729 3329 3785 3373 ut

2200 3394 2252 3448 in
2295 3395 2617 3463 imperatore
2654 3414 2773 3453 esse
2817 3402 3054 3470 regimen
3098 3404 3348 3461 civitatis.
3385 3407 3622 3462 Dicimus
3652 3425 3785 3479 quu-

2199 3498 2304 3553 que
2325 3484 2470 3540 velut
2490 3486 2711 3541 formam
2732 3489 2790 3543 .in
2824 3494 3067 3559 materia,
3095 3506 3152 3547 ut
3178 3496 3582 3553 similitudinem
3606 3501 3784 3555 Achil-

2202 3574 2265 3628 lis
2293 3576 2343 3629 in
2376 3592 2481 3632 τετε
2510 3579 2592 3631 vel
2616 3579 2675 3632 in
2717 3596 3008 3637 marmore.
3042 3586 3241 3641 Novem
3283 3589 3445 3658 igitur
3485 3592 3659 3647 modis
3682 3595 3783 3649 ali-

2199 3667 2326 3737 quid
2362 3669 2414 3723 in
2446 3672 2627 3741 aliquo
2651 3681 2772 3728 esSe
2797 3674 3013 3742 dicitur,
3043 3691 3098 3732 ut
3125 3679 3179 3733 in
3211 3680 3352 3746 loco,
3376 3692 3435 3735 ut
3463 3684 3514 3737 in
3544 3700 3694 3751 vase,
3727 3698 3786 3741 ut

2200 3774 2322 3827 pars
2349 3760 2400 3814 in
2429 3772 2559 3827 toto,
2590 3772 2646 3818 ut
2678 3775 2843 3819 totum
2870 3767 2920 3821 in
2956 3771 3213 3837 partibus,
3250 3786 3307 3827 ιιι
3337 3775 3391 3827 in
3419 3791 3616 3843 genere
3655 3794 3780 3845 Spe-

2188 3850 2328 3916 cies,
2363 3861 2418 3905 ut
2454 3852 2506 3906 in
2538 3855 2823 3921 Speciebus
2859 3873 3049 3928 genus,
3089 3872 3144 3913 ut
3185 3863 3235 3915 itt
3268 3863 3398 3931 (ine,
3437 3876 3493 3919 ut
3535 3866 3585 3919 in
3618 3868 3785 3936 impe-

2197 3951 2394 4006 ratore,
2424 3953 2479 3995 nt
2504 3943 2557 3997 in
2586 3949 2804 4000 materia
2836 3949 3027 4003 fututa.
3056 3952 3255 4008 llorum
3281 3957 3441 4025 igitur
3467 3959 3787 4015 Arismteles

2190 4036 2296 4088 tria
2328 4037 2441 4089 sola
2471 4053 2889 4109 commemorat,
2917 4047 3010 4100 sed
3048 4050 3152 4102 duo
3179 4052 3227 4103 in
3261 4067 3427 4107 unum
3468 4028 3784 4124 conjuncta,

2197 4124 2339 4178 aliud
2367 4139 2693 4196 separatum.
2720 4133 2810 4187 Ai-t
2848 4136 2990 4189 enim
3020 4154 3031 4188 :
3067 4138 3121 4191 ltt
3171 4141 3412 4209 subjecto
3439 4157 3615 4199 autem
3662 4162 3785 4202 esse

2196 4216 2315 4271 dico
2335 4220 2495 4288 quod,
2528 4238 2650 4277 cum
2678 4224 2729 4278 itt
2753 4226 2932 4295 aliquo
2958 4231 3055 4292 sit,
3080 4247 3185 4285 non
3210 4233 3349 4287 sicut
3368 4237 3611 4303 quazdam
3636 4255 3782 4307 pars,

2197 4309 2525 4378 impossibile
2548 4325 2633 4369 est
2658 4331 2775 4371 esse
2797 4320 2915 4374 sine
2943 4337 3007 4375 eo
3035 4323 3085 4376 in
3114 4340 3221 4393 quo
3247 4334 3349 4380 εει.
3376 4327 3576 4384 Sensus
3603 4343 3785 4387 autem

2196 4400 2317 4453 talis
2355 4413 2474 4455 est:
2510 4406 2637 4469 lloc,
2681 4407 2879 4477 inquit,
2910 4411 3031 4466 dico
3070 4429 3190 4469 esse
3229 4418 3498 4483 accidens,
3530 4423 3672 4488 quod
3718 4425 3787 4479 sit

513 4522 863 4576 substantiam
897 4525 1221 4592 panicuhre
1245 4528 1492 4585 accidens
1516 4533 1692 4599 posuit
1712 4532 1904 4589 dicens
1933 4555 1945 4588 ε
1972 4537 2089 4592 Alia
2123 4507 2168 4565 ι)
2199 4493 2616 4599 ιηλειιιιιεειο,.ἰό
2753 4502 2894 4568 quod
2923 4506 2991 4599 ita
3026 4506 3096 4560 sit
3134 4510 3186 4560 in
3216 4511 3402 4575 altero,
3432 4521 3488 4565 ut
3510 4530 3638 4581 pars
3669 4516 3788 4582 ejus

509 4622 688 4664 autem
729 4610 780 4664 in
814 4613 1055 4681 subjecto
1085 4614 1299 4683 quidem
1330 4628 1472 4683 sunt,
1516 4620 1581 4673 de
1620 4623 1866 4691 subjecto
1909 4640 2088 4681 autem

512 4703 659 4757 nullo
689 4701 961 4759 dicuntur.
991 4704 1122 4759 Nam
1151 4708 1290 4776 quod
1323 4711 1396 4765 ait
1427 4711 1477 4765 in
1507 4714 1751 4782 subjecto
1780 4727 1926 4784 sunt,
1950 4724 2092 4775 accio

511 4792 644 4847 dens
676 4804 954 4862 monstrat,
984 4796 1123 4865 quod
1150 4813 1278 4853 vero
1302 4800 1528 4867 addidit,
1560 4805 1626 4860 de
1648 4808 1890 4877 subjecto
1911 4822 2088 4868 autem

512 4886 657 4940 nullo
704 4884 973 4951 dicuntur,
1009 4889 1346 4955 particulare.
1381 4894 1646 4950 Accidens
1685 4900 1828 4954 enim
1860 4900 1913 4954 in
1960 4904 2090 4960 sub-

509 4979 650 5045 jecto
679 4987 779 5043 est,
824 4980 1215 5048 particularitas
1258 4984 1327 5039 de
1372 4988 1518 5043 nullo
1544 4990 1790 5060 subjecto
1833 4998 2090 5062 pricdica-

513 5077 618 5120 tur.
666 5067 805 5139 Ergo
835 5084 1165 5141 quamcunque
1211 5089 1298 5129 res
1337 5075 1453 5144 ipsa
1485 5079 1700 5146 quidem
1749 5082 1804 5136 in
1845 5086 2090 5153 subjecto

512 5168 613 5221 cst,
649 5158 741 5213 sed
790 5161 833 5214 si
879 5161 945 5215 de
989 5163 1135 5218 nullo
1172 5166 1415 5235 subjecto
1450 5170 1792 5239 praedicatur,
1839 5179 2091 5235 accidens

511 5257 593 5302 est
635 5251 976 5319 particulare,
1011 5264 1067 5308 ut
1101 5266 1182 5312 est
1213 5259 1457 5328 quaedam
1501 5267 1873 5334 grammatica,
1918 5269 1973 5324 id
2007 5283 2091 5327 est

516 5347 827 5419 Aristarchi,
862 5354 944 5408 vel
990 5357 1213 5427 alicujus
1251 5358 1485 5416 hominis
1512 5362 1783 5421 individua
1826 5384 2091 5436 gramma-

515 5448 617 5505 tica
658 5468 671 5504 :
710 5453 798 5507 illa
849 5457 990 5512 enim
1038 5461 1289 5530 quoniam
1343 5462 1601 5519 individui
1655 5467 1922 5537 hominis,
1976 5475 2089 5543 ipsa

514 5564 722 5621 quoque
749 5552 883 5609 facta
910 5558 1064 5614 estin
1088 5561 1285 5613 lividua
1307 5570 1359 5615 et
1405 5564 1773 5632 particularis;
1799 5585 1928 5640 ergo
1949 5590 2084 5643 quo-

513 5641 653 5696 niam
692 5645 930 5713 qumdam
973 5650 1316 5718 grammatica
1365 5650 1417 5705 in
1460 5657 1638 5708 anima
1684 5668 1797 5719 est.
1845 5641 2093 5722 accidens

510 5738 616 5798 est,
647 5741 702 5788 et
733 5737 984 5807 quoniam
1021 5740 1087 5799 de
1118 5745 1273 5800 nullo
1307 5745 1548 5815 subjecto
1580 5755 1938 5827 pra-dicatur,
1968 5777 2092 5828 par-

2194 4596 2303 4634 nou
2334 4584 2401 4637 sit
2429 4594 2482 4639 et
2510 4588 2625 4642 sine
2654 4590 2831 4661 aliquo
2861 4596 3105 4664 subjecto
3145 4614 3266 4653 esse
3311 4618 3412 4656 non
3447 4607 3645 4671 possit,
3690 4617 3785 4673 ut,

2198 4672 2346 4727 verbi
2368 4677 2561 4745 gratia,
2593 4681 2743 4735 color
2771 4699 2892 4739 cum
2923 4686 2975 4741 in
3002 4698 3229 4758 corpore
3257 4693 3401 4747 nulla
3434 4711 3555 4761 pars
3584 4712 3789 4767 corpo-

2202 4761 2276 4815 ris
2296 4774 2396 4828 est,
2420 4780 2473 4820 et
2494 4772 2536 4821 si
2560 4771 2708 4825 color
2729 4788 2756 4825 a
2779 4789 3004 4843 corpore
3028 4790 3326 4849 separatur,
3350 4785 3500 4838 color
3526 4801 3791 4856 nusquam

2203 4865 2303 4908 εει.
2331 4852 2517 4911 Omnis
2544 4862 2684 4914 enim
2713 4865 2864 4918 cofor
2885 4866 2936 4919 in
2966 4868 3083 4922 solo
3107 4884 3331 4939 corpore
3357 4882 3460 4927 est.
3490 4874 3628 4946 Ergo
3650 4852 3789 4935 illud

2197 4958 2285 5000 est
2314 4949 2563 5006 accidens
2590 4954 2730 5021 quod
2761 4971 2977 5027 semper
3008 4961 3079 5013 ita
3110 4963 3161 5015 in
3192 4962 3435 5031 subjecto
3464 4977 3548 5019 est
3589 4968 3789 5038 altero,

2196 5044 2252 5090 ut
2282 5037 2399 5105 ejus
2425 5055 2546 5108 pars
2576 5057 2682 5097 non
2708 5045 2808 5110 sit,
2836 5056 2892 5099 ut
2917 5062 3035 5102 cum
3070 5050 3135 5104 ab
3160 5066 3228 5105 eo
3252 5051 3304 5105 in
3329 5068 3434 5122 quo
3457 5065 3541 5110 est
3569 5037 3790 5126 separa?

2188 5138 2298 5197 tur,
2345 5133 2412 5187 ad
2464 5134 2690 5191 nihilum
2721 5140 3017 5210 redigatur,
3056 5157 3108 5199 et
3153 5161 3249 5215 per
3294 5161 3352 5203 se
3402 5152 3521 5205 sine
3566 5152 3793 5208 alterius

2195 5222 2435 5292 subjecto
2464 5240 2585 5281 esse
2612 5242 2717 5283 non
2750 5233 2938 5298 possit.
2970 5234 3121 5299 Quod
3163 5248 3343 5292 autem
3383 5240 3458 5294 ait
3494 5251 3551 5294 ut
3581 5258 3687 5297 non
3723 5247 3793 5299 sit

2197 5310 2334 5366 sicut
2366 5313 2547 5384 aliqua
2582 5332 2725 5386 pars,
2752 5320 2821 5375 ab
2847 5336 2909 5376 ea
2947 5324 3154 5380 scilicet
3182 5327 3572 5398 signiﬁcatione
3600 5333 3651 5386 in
3693 5336 3779 5388 ali.

2194 5416 2302 5471 quo
2355 5406 2689 5461 consistendi
2737 5410 2976 5467 dividere
3025 5416 3226 5481 voluit,
3275 5421 3571 5475 secundum
3622 5439 3784 5493 quam

2199 5502 2373 5559 partes
2407 5494 2458 5548 in
2492 5505 2604 5551 toto
2640 5513 2762 5553 esse
2792 5501 3039 5570 dicimus,
3072 5521 3175 5561 non
3204 5508 3346 5562 enim
3393 5511 3495 5565 tale
3535 5523 3619 5567 εει
3659 5516 3787 5569 sub-

2192 5580 2425 5650 jectum,
2460 5596 2516 5640 ut
2555 5586 2670 5657 ejus
2701 5592 2950 5649 accidens
2982 5610 3103 5663 pars
3144 5597 3233 5653 sit.
3275 5599 3427 5666 Quod
3458 5617 3588 5657 vero
3625 5605 3786 5672 dicit,

2201 5672 2526 5741 impossibile
2548 5687 2630 5731 est
2657 5693 2775 5735 esse
2805 5682 2920 5738 sine
2949 5699 3014 5739 eo
3036 5686 3091 5738 in
3121 5702 3226 5757 quo
3256 5698 3366 5753 est,
3396 5690 3463 5769 ab
3492 5707 3554 5748 ea
3583 5695 3787 5751 scilicet

2199 5763 2585 5832 signiﬁcatione
2625 5770 2835 5841 divisit,
2865 5791 2983 5846 quae
3026 5787 3107 5842 est
3151 5793 3272 5837 esse
3314 5763 3516 5854 aliquid
3557 5786 3609 5841 in
3654 5803 3781 5844 vasa
