4030 6336
190 294 288 346 I75

1172 287 1235 341 IN
1270 285 1705 341 CATEGORIAS
1747 280 2200 337 ARISTOTELIS
2241 279 2371 336 LIB.
2419 280 2479 334 I.‘

3366 258 3465 335 l‘ft

180 405 265 460 vel
298 408 348 459 itt
380 404 516 469 loco;
541 402 678 473 quod
704 403 844 458 enim
872 403 921 456 in
950 417 1075 457 vase
1101 404 1184 457 vel
1209 403 1259 457 in
1293 404 1407 455 loco
1428 410 1513 456 est
1555 417 1584 454 a
1643 416 1767 453 vase
1803 408 1852 460 Α
1877 397 2004 452 dum
2060 397 2301 466 proptias
2365 396 2603 448 rationes
2661 392 3113 466 dlllnitionesqtte
3173 407 3468 455 contexunt.

181 494 265 549 vel
300 494 422 548 loco
449 494 643 563 poterit
673 494 910 561 separari
937 534 953 551 .
984 501 1042 545 ut
1073 493 1304 545 triticum
1337 491 1477 558 quod
1507 491 1562 543 in
1593 490 1771 543 modio

180 594 294 650 est,
325 592 501 653 potest
530 600 558 636 a
610 583 792 636 modio
841 584 1142 652 segregari,
1186 594 1239 635 et
1288 581 1448 633 homo
1489 598 1517 632 a
1568 581 1776 633 theatro

180 674 459 728 discedere
484 713 498 726 .
527 672 777 726 accidens
809 688 934 727 vero
974 673 1042 728 ab
1071 690 1135 726 eo
1166 673 1218 725 in
1252 687 1359 741 quo
1389 683 1471 725 est
1503 674 1773 741 segregari

184 780 291 817 non
322 774 517 832 potest.
542 766 718 829 Quare
744 765 887 818 solas
914 773 1022 818 tres
1052 765 1224 831 posuit
1255 764 1692 833 signiﬁcationes,
1727 766 1776 817 id

181 864 266 909 est
295 855 586 907 secundum
615 869 774 923 quant
805 855 857 908 in
889 870 1034 920 vase,
1069 856 1154 909 vel
1187 855 1239 908 in
1270 855 1390 908 loco
1420 855 1613 909 dicitur
1634 871 1774 919 esse,

184 954 241 999 et
267 945 556 999 secundum
600 961 760 1014 quam
795 960 917 1012 pars
951 947 1001 999 in
1047 954 1159 1000 toto
1190 956 1291 1000 est.
1337 946 1443 1000 Sed
1478 957 1533 1000 ttt
1571 949 1620 1000 in
1655 962 1781 1001 vase

185 1043 242 1090 et
272 1044 332 1089 ut
357 1036 407 1089 itt
438 1036 557 1089 loco
591 1051 692 1088 una
737 1039 1003 1090 sententia
1030 1037 1308 1091 distribuit
1344 1039 1547 1102 dicens,
1583 1039 1782 1107 impos—

187 1128 344 1182 sibile
372 1136 454 1182 est
486 1141 608 1182 esse
633 1128 752 1183 sine
792 1142 858 1183 eo
887 1128 939 1182 in
980 1144 1085 1199 quo
1121 1141 1226 1183 est.
1256 1130 1362 1186 Sed
1405 1134 1630 1184 fortasse
1662 1133 1780 1199 quis

186 1222 329 1275 dicat
360 1236 465 1275 non
493 1236 615 1276 esse
642 1221 1015 1277 dilﬁnitiouem
1045 1236 1255 1283 veram,
1291 1224 1380 1275 illa
1421 1237 1543 1276 esse
1575 1222 1629 1275 in
1659 1222 1780 1276 ξυιυ-

187 1313 328 1382 iecto
369 1330 487 1383 qua:
533 1315 610 1369 sic
632 1314 741 1369 sint
769 1315 818 1369 in
851 1315 957 1369 alio
984 1330 1088 1368 non
1128 1325 1184 1369 ut
1215 1317 1323 1369 sint
1351 1327 1552 1383 partes,
1580 1325 1633 1368 ct
1663 1315 1781 1368 sine

188 1419 255 1459 eo
288 1404 341 1459 itt
372 1420 477 1472 quo
510 1407 618 1460 sint
659 1422 780 1461 e~sc
821 1423 925 1461 non
961 1411 1186 1477 possint.
1215 1407 1467 1463 Socrates
1511 1409 1654 1462 enim
1698 1410 1781 1461 vel

188 1493 356 1549 homo
394 1497 616 1565 quilibet
644 1513 764 1551 cum
801 1498 1051 1553 accidens
1091 1516 1194 1553 non
1236 1501 1335 1559 sit,
1365 1510 1540 1554 tamen
1572 1516 1784 1564 semper

191 1586 247 1641 in
293 1586 412 1641 loco
447 1597 533 1642 est
567 1597 621 1642 et
644 1589 758 1643 sine
805 1589 924 1643 loco
950 1605 1072 1645 esse
1100 1606 1205 1645 non
1245 1602 1439 1661 potest.
1467 1583 1670 1660 quibus
1699 1608 1785 1646 re,

189 1680 572 1749 spondendum
601 1683 851 1752 estquod
893 1684 1143 1739 Socrates
1170 1686 1283 1740 loca
1330 1687 1524 1756 poterit
1567 1703 1782 1756 permu—

1882 490 2012 544 Nam
2053 504 2147 558 pro
2176 487 2471 542 substantia
2513 485 2801 539 universali
2846 487 3053 554 posuit,
3085 487 3228 558 quod
3270 489 3322 543 itt
3352 492 3455 543 sub

1878 582 2021 651 jecto
2049 597 2155 635 non
2184 591 2264 634 est
2284 626 2297 649 ,
2326 589 2379 633 et
2410 578 2477 633 de
2510 579 2751 648 subjecm
2786 580 3105 646 prtedicatur
3135 600 3146 633 :
3191 597 3289 647 pro
3336 588 3473 637 acet-

1882 674 2030 726 deuti
2074 671 2382 739 pal‘lit‘tllal'l
2424 671 2591 734 dixit,
2628 673 2768 738 quod
2804 671 2853 723 in
2887 671 3131 739 subjecto
3171 684 3284 737 est,
3316 684 3371 729 el.
3412 679 3474 727 tiu

1884 764 2124 830 Subjecto
2169 779 2273 816 non
2318 763 2666 831 przedicatnr.
2700 762 2964 820 Accidens
3008 780 3138 818 vero
3177 767 3475 821 universali:

1886 872 1979 924 per
2012 856 2111 909 hoc
2139 855 2434 923 designavit
2462 856 2603 922 quod
2634 856 2736 917 ait,
2766 856 2906 924 quod
2933 867 2986 909 et
3010 856 3062 909 itt
3094 856 3336 924 subjecto
3363 869 3474 917 est,

1884 958 1936 1000 et
1964 947 2029 1001 de
2057 947 2306 1015 subjecto
2336 947 2551 1000 dicitur.
2583 945 2685 1000 Pro
2716 948 3024 1015 particulari
3060 948 3354 1003 substantia
3400 952 3482 1002 ἰιιπ

1884 1040 2176 1106 terposnit,
2204 1038 2345 1109 quod
2377 1055 2475 1094 nec
2513 1041 2563 1093 in
2600 1041 2843 1108 subjecto
2867 1050 2979 1105 est,
3010 1056 3110 1097 nec
3138 1041 3203 1094 dc
3234 1043 3475 1111 subjecto

1888 1129 2250 1197 praedicatur:
2284 1130 2605 1197 simpliciter
2643 1141 2821 1183 autem
2871 1148 2989 1199 qua:
3032 1142 3158 1185 sunt
3207 1133 3477 1186 individua

1884 1235 1939 1278 et
1970 1238 2194 1278 numero
2223 1222 2507 1290 singularia
2534 1222 2602 1276 de
2646 1222 2885 1290 subjecto
2924 1222 3071 1278 nullo
3104 1225 3373 1290 dicuntur;
3419 1227 3472 1277 in

1888 1316 2135 1385 subjecto
2164 1326 2341 1368 autem
2377 1314 2507 1370 nihil
2534 1330 2593 1367 ea
2628 1316 2875 1383 prohibet
2904 1331 3043 1380 esse,
3069 1316 3311 1386 quwdattt
3336 1318 3477 1371 enim

1887 1406 2235 1475 grammatica
2280 1407 2329 1458 itt
2394 1406 2637 1474 subjecto
2689 1420 2795 1467 est,
2846 1408 3033 1461 Omnis
3084 1409 3478 1476 particularitas

1888 1509 1980 1550 aut
2010 1498 2304 1550 substantia
2336 1498 2437 1551 erit
2478 1507 2570 1551 attt
2592 1498 2840 1554 accidens
2874 1516 2886 1562 ;
2924 1516 3045 1557 nam
3078 1516 3199 1554 cum
3235 1502 3354 1555 dico
3375 1501 3477 1556 So-

1888 1599 2125 1657 cratem,
2161 1590 2489 1645 individuam
2522 1602 2575 1646 et
2605 1592 2984 1662 particttlarem
3026 1593 3318 1663 significavi
3351 1595 3477 1647 sub-

1890 1682 2179 1747 stantiam;
2223 1698 2345 1737 cum
2384 1683 2504 1737 dico
2547 1685 2831 1753 quamdam
2870 1685 3301 1754 grammaticam,
3346 1686 3480 1739 indi.

194 1782 335 1835 tare,
371 1782 425 1828 et
451 1787 573 1829 esse
601 1785 795 1843 przeter
828 1775 1001 1830 locum
1044 1777 1095 1830 in
1127 1792 1230 1846 quo
1261 1778 1397 1831 luit:
1431 1788 1485 1833 et
1515 1789 1787 1848 postremo
1823 1785 1863 1840 ῃ
1894 1775 2111 1829 viduum
2137 1786 2194 1830 et
2225 1776 2545 1845 particulare
2571 1777 2818 1831 accidens
2845 1777 2975 1831 dixi.
3005 1778 3279 1832 lndividua
3304 1789 3480 1833 autem

187 1864 235 1919 si
269 1866 616 1935 intelligentia
644 1868 943 1936 capiamus,
979 1884 1073 1938 per
1095 1884 1153 1923 sc
1184 1861 1458 1939 subsistit,
1490 1870 1784 1926 accidentia

188 1972 322 2013 vero
371 1974 467 2029 per
505 1974 563 2015 se
592 1961 707 2030 ipsa
735 1977 843 2015 non
881 1972 1149 2015 constant.
1192 1961 1298 2017 Sed
1340 1962 1386 2016 si
1424 1964 1543 2032 quis
1572 1978 1787 2032 quoque

193 2052 414 2118 obiiciat
453 2069 612 2122 posse
652 2054 827 2108 locum
875 2055 1171 2109 accidentia
1218 2065 1542 2125 permutare,
1588 2057 1785 2110 malum

190 2159 421 2213 namque
442 2144 485 2197 si
513 2144 565 2197 in
597 2161 754 2198 manu
787 2154 1047 2211 teneatur,
1079 2160 1269 2199 manus
1300 2147 1423 2199 mali
1448 2149 1614 2200 odore
1638 2162 1787 2201 cont-

192 2236 389 2304 pletur,
429 2236 566 2289 adeo
594 2236 728 2289 odor
769 2236 908 2305 quod
951 2243 1035 2290 est
1074 2237 1340 2300 accidens,
1376 2236 1432 2290 in
1471 2236 1615 2291 aliud
1661 2238 1789 2293 sub-

192 2327 394 2395 iectum
434 2326 661 2381 transire
690 2336 886 2396 potest.
919 2325 1023 2379 Sed
1057 2340 1160 2380 non
1201 2328 1302 2379 hoc
1340 2327 1417 2378 ait
1446 2328 1785 2389 Aristoteles,

193 2418 446 2488 quoniam
478 2426 685 2471 mutare
714 2416 964 2471 accidens
988 2408 1167 2470 locum
1211 2432 1316 2471 non
1350 2427 1549 2485 poteSt,
1583 2434 1681 2472 nec
1717 2418 1787 2471 ita

194 2509 332 2564 dixit
370 2510 699 2579 impossibile
730 2524 850 2565 esse
880 2510 995 2564 sine
1026 2526 1090 2563 eo
1128 2510 1182 2565 in
1221 2526 1326 2578 quo
1364 2520 1508 2575 erat,
1543 2511 1633 2565 sed
1674 2512 1790 2565 sine

194 2617 261 2658 eo
296 2604 349 2657 in
395 2619 500 2671 quo
536 2613 650 2669 est,
683 2604 785 2657 hoc
828 2603 970 2657 enim
1016 2603 1279 2672 signiﬁcat
1327 2613 1531 2658 mutare
1572 2604 1787 2673 quidem

196 2710 359 2766 posse
409 2696 621 2759 locum,
663 2695 759 2751 sed
805 2696 921 2750 sine
966 2697 1148 2767 aliquo
1196 2696 1439 2766 subjecto
1484 2714 1588 2750 non
1636 2713 1790 2765 posse

199 2791 521 2844 subsistere.
563 2790 740 2857 Quare
787 2799 929 2844 recta
961 2802 1041 2845 est
1082 2802 1241 2861 atque
1291 2790 1494 2859 integra
1540 2791 1829 2844 dii‘li’nitio-

197 2880 318 2949 ejus
345 2880 485 2949 quod
518 2881 571 2934 in
615 2881 859 2949 subjecto
895 2891 1006 2946 est,
1038 2881 1176 2953 quod
1209 2883 1276 2934 ita
1304 2882 1373 2937 sit
1402 2883 1452 2935 in
1483 2883 1653 2937 altero
1685 2898 1787 2935 non

197 2974 340 3028 sicut
368 2973 609 3043 quaedam
642 2987 785 3040 pars,
812 2982 866 3027 et
891 2973 1217 3039 impossibile
1246 2975 1313 3028 sit
1345 2990 1466 3029 esse
1496 2975 1611 3029 sine
1639 2991 1705 3029 eo
1738 2976 1787 3029 itt

197 3080 309 3134 quo
336 3074 418 3119 est
440 3106 455 3131 ,
487 3065 781 3118 secundum
811 3074 988 3118 autem
1030 3064 1169 3118 illam
1197 3064 1638 3133 significationem
1678 3066 1791 3120 dic-

1891 1876 2014 1921 sunt
2041 1884 2160 1936 qua:
2204 1884 2377 1938 neque
2430 1869 2480 1922 in
2512 1867 2645 1921 alias
2675 1869 2882 1937 species
2911 1867 3073 1923 dividi
3116 1879 3367 1937 possunt,
3396 1886 3481 1923 nc-

1891 1980 1994 2031 que
2036 1964 2087 2017 in
2130 1964 2232 2017 alia
2275 1964 2564 2018 individua.
2610 1964 2741 2018 Nam
2782 1964 3235 2035 quemadmodum
3282 1967 3480 2018 animal

1891 2054 2150 2107 dividitur
2177 2055 2228 2107 in
2269 2056 2501 2122 Species,
2547 2054 2816 2108 hominem
2861 2066 3022 2126 atque
3060 2072 3281 2126 equum,
3322 2061 3481 2111 homo

1892 2156 2067 2199 autem
2112 2146 2163 2199 itt
2214 2147 2452 2214 singulos
2504 2146 2773 2209 homines,
2811 2147 2870 2200 .id
2910 2159 2992 2202 est
3032 2149 3086 2203 in
3117 2151 3390 2204 Socratem
3430 2161 3481 2203 et

1893 2233 2170 2288 Platonem
2198 2246 2252 2289 et
2282 2246 2531 2298 cwteros,
2564 2235 2645 2289 sic
2677 2237 2825 2290 Plato
2854 2247 2909 2291 et
2936 2238 3187 2293 Socrates
3217 2254 3323 2293 non
3349 2240 3482 2294 divi-

1892 2329 2089 2382 duntur
2134 2328 2185 2381 in
2234 2329 2387 2384 alios.
2432 2334 2605 2400 Atque
2658 2330 2756 2384 hoc
2803 2330 2942 2387 idem
2988 2331 3054 2386 de
3110 2332 3481 2388 accidentibus
3563 2351 3573 2361 ·

1893 2422 1996 2474 dici
2027 2423 2280 2476 convenit
2304 2441 2316 2473 :
2348 2439 2470 2475 nam
2494 2423 2945 2492 quemadmodum
2973 2425 3197 2480 scientia
3226 2426 3483 2481 dividitur

1894 2513 1944 2565 in
1977 2513 2204 2581 Species,
2239 2516 2643 2583 grammaticam
2671 2526 2725 2569 et
2754 2516 3103 2583 rhetoricam,
3136 2520 3482 2586 grammatica

1894 2621 2020 2659 vero
2057 2607 2169 2670 ipsa
2211 2608 2261 2659 itt
2288 2607 2636 2674 particulares
2676 2609 3071 2675 grammaticas,
3105 2623 3238 2677 quas
3276 2609 3484 2664 scilicet

1894 2696 2244 2765 particulares
2291 2697 2536 2751 homines
2585 2686 2823 2761 norunt,
2855 2696 2935 2750 sic
2985 2698 3097 2766 ipsa
3148 2699 3481 2765 particularis

1893 2793 2237 2856 grammatica
2286 2789 2337 2843 in
2397 2788 2749 2855 particulares
2805 2790 3187 2857 grammaticas
3241 2805 3346 2843 nan
3397 2806 3483 2844 sc-

1894 2888 2063 2934 catur.
2120 2880 2258 2947 Ergo
2317 2877 2588 2932 individua
2640 2890 2768 2931 sunt
2818 2895 3151 2948 quaecunque
3212 2890 3338 2933 sunt
3385 2897 3482 2934 nu-

1895 2984 2046 3024 mero
2090 2970 2414 3039 singularia,
2474 2980 2533 3023 ct»
2585 2970 2637 3024 in
2689 2970 2861 3025 nullas
2926 2972 3058 3024 alias
3110 2972 3481 3025 multitudines

1895 3062 2188 3115 secundum
2227 3064 2433 3129 species
2452 3062 2534 3115 vel
2584 3061 2880 3116 secundum
2928 3061 3199 3118 individua
3237 3061 3485 3115 dividun—

198 3166 319 3211 tum
351 3167 431 3211 est
461 3156 752 3211 secundum
782 3172 939 3226 quam
978 3155 1199 3209 formam
1238 3160 1291 3215 in
1323 3158 1540 3211 materia
1569 3172 1688 3211 esse
1714 3157 1792 3211 di-
1822 3164 1866 3224 ί]
1902 3166 2006 3213 tur,
2054 3155 2227 3207 Omne
2278 3153 2643 3213 individuum,
2693 3154 2947 3222 quoniam
2997 3154 3319 3221 partieulare
3365 3163 3482 3215 est,

200 3248 394 3301 cimus.
426 3246 663 3317 Namque
690 3248 881 3313 forma,
913 3247 956 3300 si
985 3248 1038 3299 in
1069 3247 1288 3301 materia
1319 3250 1407 3311 sit,
1442 3264 1535 3316 per
1556 3249 1788 3317 seip-am

199 3339 346 3391 nulla
398 3339 604 3392 ratione
651 3338 917 3391 consistit.
953 3337 1236 3406 Postquam
1284 3338 1443 3406 igitur
1473 3339 1792 3406 particularc

201 3446 245 3483 at
264 3429 452 3483 cidens
486 3429 610 3498 quid
640 3438 784 3490 esset
812 3429 1045 3482 ostendit
1073 3428 1276 3497 dicens,
1303 3430 1444 3499 quod
1475 3431 1526 3483 in
1552 3430 1791 3496 subjecto

202 3533 286 3577 est
330 3534 384 3576 et
425 3523 492 3575 de
537 3521 782 3590 subjecto
830 3538 934 3575 non
984 3523 1319 3591 praedicatur,
1359 3533 1412 3576 et
1456 3524 1506 3576 itt
1556 3522 1794 3589 subjecto

204 3613 550 3669 consistentis
576 3616 654 3667 rei
679 3611 1050 3666 diil‘tnitionctn
1080 3613 1253 3665 reddit
1279 3612 1484 3678 dicens,
1511 3613 1650 3681 quod
1674 3627 1792 3665 cum

204 3706 258 3758 in
294 3704 473 3775 aliquo
505 3703 575 3759 sit
604 3718 711 3758 non
739 3704 876 3759 sicut
901 3703 1144 3773 quasdam
1179 3720 1323 3771 pars,
1358 3704 1685 3767 impossibile
1714 3714 1796 3757 est

206 3812 330 3853 esse
388 3798 505 3851 sine
549 3813 614 3852 eo
660 3797 712 3851 in
756 3812 863 3866 quo
909 3807 1010 3849 est.
1061 3795 1139 3850 Ad
1194 3796 1496 3850 universale
1548 3795 1796 3850 accidens

208 3890 501 3945 continenti
548 3889 906 3958 disputatione
957 3889 1241 3941 revertitur
1284 3887 1423 3957 quod
1469 3886 1657 3941 delinit
1696 3887 1798 3940 hoc

208 3981 393 4035 modo.
428 3981 667 4051 Namque
696 3989 814 4046 post
847 3981 962 4047 ejus
993 3978 1068 4032 rei
1094 3995 1210 4047 qua:
1240 3978 1290 4031 in
1321 3977 1561 4046 subjecto
1588 3989 1671 4032 est
1697 3979 1797 4032 dil-

210 4074 540 4140 l‘tn'ttionetn,
577 4083 631 4127 et
672 4085 788 4141 post
820 4072 1153 4141 particularis
1194 4071 1483 4126 accidentis
1522 4072 1798 4140 exempla,

210 4168 280 4222 ad
316 4167 618 4222 universale
644 4167 894 4221 accidens
923 4168 1201 4220 transitum
1249 4165 1367 4219 fecit
1388 4207 1401 4229 ,
1432 4166 1677 4235 inquiens
1700 4165 1799 4218 alia

214 4273 338 4314 esse
368 4273 488 4328 qua:
524 4258 577 4312 in
617 4258 856 4325 sobjccto
886 4258 1023 4322 sint,
1052 4266 1105 4310 et
1131 4257 1197 4310 de
1224 4257 1467 4327 subjecto
1510 4258 1803 4323 pnedicen-

214 4360 325 4414 tttr,
349 4349 489 4417 quod
516 4348 721 4403 scilicet
747 4347 996 4402 accidens
1027 4349 1326 4402 universale
1349 4349 1647 4417 signiticet:
1679 4363 1800 4401 nam

216 4441 470 4510 quoniam
511 4440 579 4494 de
618 4441 857 4507 Subiecta
901 4439 1117 4504 dicitur,
1163 4441 1466 4493 universale
1511 4452 1627 4505 est,
1671 4455 1804 4508 quo—

1896 3245 1964 3297 de
2015 3244 2257 3312 subjecto
2322 3260 2426 3297 non
2491 3244 2849 3313 prwdiczttur;
2907 3261 3068 3300 omne
3118 3257 3295 3302 autem
3343 3249 3485 3316 quod

1894 3336 1964 3390 de
1990 3336 2233 3405 subjecto
2262 3352 2366 3397 non
2407 3336 2750 3405 praedicatur,
2799 3346 2892 3391 aut
2928 3340 3225 3392 substantia
3257 3339 3380 3402 erit,
3428 3351 3488 3393 ut

1898 3431 2068 3493 Plato,
2095 3438 2186 3482 aut
2214 3429 2487 3496 accidens,
2513 3438 2571 3482 ut
2601 3429 2846 3497 quaedam
2883 3431 3252 3497 grammatica.
3287 3431 3366 3483 Ex
3402 3430 3487 3485 his

1896 3539 2023 3593 ergo
2037 3522 2466 3592 particularibus,
2482 3521 2775 3576 substantia
2800 3521 3179 3589 scilicetatque
3196 3522 3483 3582 accidenti.

1898 3633 2017 3687 quae
2045 3616 2113 3669 de
2142 3615 2386 3679 subjecto
2407 3629 2509 3666 non
2537 3613 2917 3681 prtedicantur,
2947 3613 3246 3665 substantia
3268 3612 3484 3681 quidem

1901 3724 1999 3763 nec
2024 3708 2077 3762 in
2105 3707 2354 3773 subjecto
2383 3715 2485 3768 cst,
2546 3705 2800 3760 accidens
2844 3718 2976 3759 vero
3020 3704 3071 3756 in
3103 3704 3343 3771 subjecto
3383 3714 3484 3758 est.

1902 3799 1976 3852 Ita
2009 3799 2097 3852 illa
2125 3797 2395 3851 individua
2433 3812 2553 3866 qua:
2598 3796 2910 3848 substantia:
2963 3807 3086 3848 sunt
3147 3794 3198 3847 itt
3251 3794 3491 3862 subjecto

1900 3906 2021 3945 esse
2049 3905 2153 3943 non
2180 3898 2451 3958 poterunt,
2482 3888 2585 3941 alia
2612 3902 2740 3941 vero
2762 3887 3035 3940 individua
3051 3901 3169 3955 qua:
3199 3887 3491 3939 secundum

1903 3980 2193 4036 accidentis
2218 3990 2457 4032 naturam
2481 3979 2752 4042 dicuntur,
2773 3978 2856 4031 illa
2884 3978 2935 4029 in
2963 3979 3203 4044 subjecto
3223 3992 3344 4030 esse
3362 3976 3493 4029 nihil

1906 4074 2171 4142 prohibet.
2198 4074 2371 4141 Atque
2406 4073 2507 4125 hoc
2541 4080 2625 4125 est
2651 4070 2791 4138 quod
2838 4069 2937 4122 ait.
2961 4067 3288 4136 Simpliciter
3317 4077 3493 4120 autem

1906 4182 2023 4236 qua:
2070 4174 2194 4219 sunt
2241 4163 2513 4218 individua
2543 4172 2597 4216 et
2643 4176 2869 4215 numero
2901 4158 3303 4233 singtdaria,de
3349 4158 3494 4210 nullo

1907 4258 2151 4323 subjecto
2169 4256 2440 4317 dicuntur,
2460 4252 2513 4313 in
2535 4252 2777 4319 subjecto
2801 4260 2979 4304 autem
3009 4266 3069 4303 ea
3090 4248 3223 4302 nihil
3252 4248 3496 4317 prohibet

1908 4363 2103 4403 eorum
2134 4346 2307 4416 aliqua
2353 4360 2495 4400 esse.
2553 4343 2807 4410 Quasdam
2853 4342 2996 4398 enim
3053 4340 3399 4410 grammatica
3443 4339 3497 4391 in

1909 4437 2371 4508 subjectuest,dc
2412 4436 2655 4505 subjecto
2703 4445 2880 4488 antem
2933 4433 3081 4487 nullo
3130 4433 3340 4485 dicitur.
3390 4430 3499 4484 lloc

218 4532 363 4586 niam
413 4531 465 4584 in
511 4531 750 4599 subjecto
801 4538 913 4594 est,
958 4526 1239 4595 accidens;
1283 4532 1333 4584 in
1384 4529 1628 4599 subjecto
1674 4546 1801 4599 ergo
1835 4539 1879 4594 1)
1905 4534 2048 4587 enim
2076 4530 2263 4585 tnaluit
2286 4529 2679 4593 demonstrare,
2706 4535 2759 4581 et
2787 4525 3150 4581 accidentibus
3180 4534 3233 4577 et
3254 4524 3500 4576 substan-

219 4640 361 4689 esse,
388 4634 440 4677 et
470 4623 537 4678 de
582 4623 823 4691 subjecto
866 4623 1168 4690 praedicari,
1214 4623 1512 4677 universale
1555 4623 1805 4677 accidens

219 4724 503 4771 monstrat.
545 4714 710 4782 Ilujus
741 4730 951 4785 quoque
993 4715 1379 4785 complexionis
1426 4715 1804 4768 convenientia

219 4807 475 4879 proponit
512 4807 795 4876 exempla:
842 4810 914 4860 ait
952 4808 1096 4861 enim
1146 4809 1422 4862 scientiam
1465 4807 1516 4861 in
1568 4808 1809 4876 subjecto

220 4908 363 4962 esSe,
398 4898 449 4952 itt
480 4898 688 4961 anima;
723 4914 841 4951 nam
873 4899 971 4951 nisi
1004 4901 1181 4952 anima
1212 4900 1282 4952 sit
1308 4899 1362 4958 in
1390 4914 1491 4967 qua
1516 4900 1613 4964 sit,
1637 4900 1809 4955 scien-

222 4990 298 5041 tia
330 4987 475 5041 nulla
502 4998 614 5053 est,
650 4988 847 5042 idcirco
878 4988 1017 5057 quod
1049 4990 1268 5042 scientia
1297 5000 1447 5042 actus
1473 4999 1556 5045 est
1591 4991 1803 5053 animm,

224 5093 353 5132 nam
383 5092 446 5131 ea
497 5092 618 5147 qua:
649 5086 771 5131 sunt
812 5078 1099 5131 inanimata
1133 5080 1263 5132 nihil
1319 5082 1512 5133 Sciunt.
1559 5081 1690 5137 llinc
1727 5096 1813 5135 se-

225 5168 413 5237 quitur
453 5170 768 5222 substantize
797 5169 1132 5238 particularis
1176 5173 1485 5240 prepositio,
1518 5188 1677 5240 quam
1711 5176 1815 5225 sci-

224 5260 354 5315 licet
386 5260 455 5314 ita
484 5259 751 5325 declarat,
780 5260 921 5328 quod
954 5276 1125 5329 neque
1149 5262 1199 5313 in
1237 5262 1481 5329 subjecto
1509 5264 1610 5325 sit,
1645 5279 1814 5333 neque

226 5352 297 5406 de
327 5351 571 5420 subjecto
612 5352 953 5421 praedicetur,
984 5368 1104 5405 nam
1147 5354 1287 5422 quod
1333 5354 1385 5408 in
1428 5354 1666 5423 subjecto
1710 5372 1813 5429 non

227 5451 342 5508 est,
381 5442 675 5495 substantia
716 5451 824 5507 est,
859 5453 911 5496 et
941 5444 1079 5511 quod
1114 5444 1181 5498 de
1211 5446 1451 5513 subjecto
1489 5462 1593 5500 non
1626 5449 1818 5515 prtedi-

228 5543 401 5595 catur,
448 5531 861 5601 particularitas.
898 5532 1137 5602 Utraque
1177 5534 1336 5603 igitur
1364 5551 1448 5589 res
1472 5536 1539 5589 de
1574 5536 1816 5605 subjecto

232 5639 341 5677 non
375 5622 684 5693 prmdicari,
713 5633 763 5677 ct
797 5625 852 5677 in
884 5624 1126 5692 subjecto
1169 5643 1271 5678 non
1307 5641 1446 5690 esse,
1481 5629 1818 5695 particularis

232 5723 319 5767 est
343 5714 664 5768 substantia.
705 5713 807 5766 lies
846 5713 1005 5782 igitur
1029 5725 1255 5784 quatuor
1281 5732 1399 5770 cum
1429 5718 1641 5787 pr0pria
1672 5734 1819 5771 com—

237 5806 484 5875 plvxione
509 5820 615 5860 non
648 5805 938 5860 secundum
976 5808 1189 5878 propria
1229 5810 1473 5875 nomini,
1510 5812 1602 5864 scd
1632 5825 1820 5866 secun-

1913 4625 2000 4678 tiis
2027 4623 2434 4693 particularibus
2465 4619 2569 4673 hoc
2597 4633 2718 4673 €358
2762 4631 3067 4679 commune,
3108 4613 3248 4681 quod
3278 4613 3346 4667 de
3372 4611 3525 4665 sub»

1907 4729 2181 4784 Jectonun
2223 4711 2602 4780 prmdicantttr.
2655 4709 2764 4761 Iloc
2792 4708 2935 4762 enim
2980 4706 3133 4759 dixit.
3178 4703 3501 4770 Simpliciter

1914 4815 2091 4859 autem
2133 4820 2251 4871 qua:
2278 4814 2404 4857 sunt
2441 4800 2707 4857 individua
2737 4808 2792 4853 et
2827 4812 3048 4851 numero
3077 4795 3390 4863 singularia,
3438 4796 3504 4848 de

1915 4896 2062 4948 nullo
2092 4895 2335 4962 subjecto
2381 4891 2649 4945 dicuntur.
2688 4883 3088 4950 Subaudiendo,
3141 4887 3347 4939 scilicet
3392 4885 3505 4939 sive

1918 5001 1945 5039 s
1986 4984 2231 5037 listantia:
2264 4983 2369 5037 sint
2391 4982 2503 5035 sive
2534 4980 2852 5043 accidentia,
2876 4978 2969 5032 sed
3012 4994 3115 5031 non
3141 4977 3317 5031 omnia
3364 4974 3501 5029 indi-

1923 5078 2079 5133 vidua
2119 5093 2225 5131 non
2247 5076 2445 5130 suntin
2477 5076 2737 5142 subjecto.
2778 5072 3049 5127 Ittdividua
3079 5072 3219 5127 enim
3251 5068 3500 5123 acciden-

1923 5170 1994 5222 tia
2040 5170 2092 5222 in
2127 5169 2369 5237 subjecto
2399 5181 2521 5221 esse
2576 5164 2710 5219 nihil
2762 5163 3030 5232 prohibet.
3063 5161 3316 5228 Quaedam
3360 5158 3504 5210 enim

1923 5259 2268 5326 grammatica
2315 5274 2438 5312 cum
2487 5258 2561 5311 sit
2604 5256 2871 5310 individua
2912 5264 2966 5309 et
3011 5253 3079 5307 de
3116 5252 3355 5321 subjecto
3396 5264 3500 5302 non

1928 5350 2266 5419 prmdicetnr,
2303 5359 2479 5403 tamen
2512 5350 2563 5401 in
2594 5347 2836 5421 subjecto
2863 5361 2964 5408 ρει,
2994 5345 3047 5397 id
3098 5354 3178 5396 est
3224 5343 3273 5394 in
3303 5340 3501 5403 anima,

1920 5443 2027 5497 Sed
2060 5452 2116 5497 ut
2153 5442 2515 5512 congregatim
2545 5441 2777 5502 dicatur,
2823 5452 3011 5492 sensus
3066 5432 3367 5504 hnjttsutodi
3396 5441 3501 5497 est,

1922 5535 2100 5588 omnia
2118 5535 2334 5603 quidem
2361 5538 2697 5602 qhmcnttque
2724 5539 2849 5583 sont
2871 5527 3160 5586 individua,
3182 5524 3505 5592 desnhjecto

1923 5628 2137 5697 quidem
2168 5628 2312 5681 nullo
2341 5626 2611 5689 dicuntur,
2643 5624 2736 5679 sed
2772 5637 2875 5677 non
2908 5620 3083 5685 omnia
3139 5635 3241 5673 non
3288 5628 3412 5672 sunt
3452 5618 3503 5673 in

1924 5722 2185 5790 subjecto.
2205 5720 2334 5773 Nam
2354 5733 2473 5776 cum
2498 5716 2835 5788 particularis
2857 5716 3154 5769 substantia
3188 5716 3239 5767 in
3267 5713 3507 5785 subjecto

1927 5830 2033 5869 non
2065 5813 2153 5873 sit,
2187 5825 2242 5865 ut
2275 5809 2448 5872 Plato,
2474 5808 2795 5879 particulare
2827 5812 3008 5859 tamen
3032 5807 3277 5863 accidens
3298 5804 3348 5857 itt
3374 5804 3506 5861 sub:
