4030 6336
36 316 57 477 l

36 448 51 1043 l

562 279 659 332 175

1758 274 1864 328 ΑΝ.
1910 272 2115 328 MANL.
2159 272 2307 327 SEV.
2352 271 2568 327 BOETII

3720 270 3814 325 £76

555 386 699 451 jccto
741 392 842 451 est,
877 392 930 436 ιιι
986 381 1224 452 qua‘dant
1256 381 1597 451 grantmalita
1645 383 1696 434 in
1744 389 1941 434 anima.
1998 382 2121 435 Illud
2154 386 2203 442 Α
2235 382 2447 434 homine
2476 382 2813 449 prietlicator,
2861 380 2951 434 sed
2993 396 3096 433 non
3138 381 3188 435 in
3246 396 3311 435 eo
3356 380 3495 450 quod
3551 380 3677 449 quid
3720 393 3813 441 sit,

553 490 764 546 quoque
782 489 968 543 magna
990 470 1590 527 attentionetomndttm
1616 480 1714 531 est,
1742 474 1861 540 quis
1890 474 1955 525 sit
1976 474 2132 541 hnjus

552 567 684 621 ordo
726 564 1003 635 prepositi.
1031 563 1158 617 Nam
1189 577 1307 616 cum
1332 564 1679 631 sintquatuor
1701 563 2125 631 complexiones,

553 660 703 711 factm
730 672 792 711 ex
824 663 1052 723 quatuor
1080 640 1259 717 rebus,
1293 669 1515 722 quarum
1558 655 1675 707 dua:
1711 664 1897 707 natura
1927 654 2131 707 discre—

553 758 698 816 pant,
724 757 779 801 ut
813 745 1106 799 substantia
1160 755 1213 799 et
1254 745 1523 810 acc‘dens,
1557 745 1671 798 dua:
1711 747 2029 815 quantitate,
2075 759 2129 797 ιιι

553 838 939 907 particularitas
961 847 1014 891 et
1041 837 1436 901 universalitas,
1461 837 1762 905 conjunctis
1790 838 2130 905 compositis-

552 948 650 999 que
710 932 790 985 his
840 940 1065 997 quatuor
1112 930 1382 997 omnibus,
1415 931 1815 983 dissentientem
1877 928 2133 983 lateribus

550 1022 956 1089 dispositionem
1007 1020 1150 1074 fecit.
1178 1020 1366 1073 Posuit
1406 1020 1547 1073 enim
1586 1021 1732 1088 prius
1780 1019 2128 1072 substantiam

551 1115 903 1167 universalem
944 1112 1147 1177 dicens,
1182 1111 1320 1180 quod
1364 1112 1415 1165 in
1450 1111 1687 1180 subjecto
1733 1127 1838 1165 non
1876 1119 1959 1165 est
1982 1124 2033 1164 et
2063 1112 2128 1163 de

550 1202 790 1271 subjecto
812 1204 1023 1256 dicitur.
1057 1202 1182 1254 Post
1215 1203 1347 1253 hanc
1379 1201 1602 1267 primani
1652 1200 1975 1267 positionem
2004 1203 2129 1253 totis

551 1293 945 1362 discrepantem
973 1292 1148 1349 rebus.
1182 1308 1290 1344 rem
1322 1291 1522 1353 subdit,
1549 1290 1597 1343 id
1637 1301 1716 1343 est
1738 1290 1987 1344 accidens
2011 1306 2131 1359 par-

555 1386 793 1451 ticulare,
828 1384 966 1454 quod
1004 1384 1053 1437 in
1079 1382 1319 1449 subjecto
1346 1391 1509 1447 esset,
1555 1393 1606 1435 et
1646 1382 1711 1435 de
1741 1381 1981 1450 subjecto
2028 1397 2130 1433 non

555 1479 891 1547 prcedicatur.
932 1477 1062 1530 Nam
1098 1492 1216 1529 cum
1249 1475 1497 1529 accidens
1548 1474 1702 1539 dixit,
1758 1490 1787 1527 a
1836 1475 2129 1528 substantia

554 1572 902 1641 disgregavit,
947 1570 1087 1638 quod
1120 1568 1434 1637 particularc
1480 1567 1683 1620 addidit
1727 1568 1791 1621 ab
1835 1568 2129 1621 universali

555 1664 829 1729 disjunxit.
864 1663 1067 1714 Rursus
1089 1676 1151 1714 ex
1184 1660 1290 1712 alio
1310 1658 1475 1713 lat-re
1505 1659 1766 1726 diSposuit
1790 1661 1839 1711 in
1871 1658 2133 1711 divisione

2240 488 2359 525 nam
2388 488 2508 525 cum
2537 472 2711 526 album
2744 475 2810 527 sit
2832 473 3099 540 accidens,
3128 474 3286 527 homo
3322 473 3639 536 substantia,
3670 474 3813 526 acci-

2242 562 2374 615 dens
2403 562 2468 615 de
2497 564 2790 617 substantia
2824 564 2876 617 in
2899 580 2963 618 eo
2988 565 3127 634 quod
3157 566 3278 635 quid
3311 566 3373 618 sit
3412 566 3689 634 praedicari
3713 583 3816 619 non

2235 665 2437 721 potest,
2470 672 2597 725 ergo
2621 657 2721 710 ista
2753 656 3062 724 prredicatio
3092 658 3382 709 secundum
3412 659 3664 712 accidens
3687 658 3820 711 dici-

2233 758 2333 799 tm.
2367 763 2442 802 -e
2467 748 2715 817 subjecto
2763 765 2890 803 vero
2930 750 3219 817 priedicare
3250 759 3351 812 est,
3410 751 3621 817 quoties
3656 751 3819 803 altera

2234 854 2318 891 res
2353 839 2420 892 de
2450 840 2616 893 altera
2647 841 2696 893 in
2731 840 2842 909 ipsa
2869 840 3166 893 substantia
3219 841 3556 909 praedicatur,
3608 851 3667 893 ut
3707 842 3819 893 ani-

2239 929 2343 980 mal
2372 930 2438 982 de
2461 931 2675 984 homine
2707 946 2721 995 ;
2750 946 2868 984 nam
2895 930 3145 1001 quoniam
3180 934 3373 984 animal
3418 943 3471 985 et
3522 933 3817 986 substantia

2243 1030 2345 1081 est,
2374 1029 2428 1072 et
2449 1036 2614 1087 genus
2646 1022 2898 1086 hominis,
2931 1022 3126 1076 idcirco
3156 1024 3205 1076 in
3237 1038 3299 1075 eo
3329 1023 3469 1090 quod
3505 1023 3632 1092 quid
3661 1024 3732 1076 sit
3758 1023 3824 1076 de

2241 1111 2458 1164 homine
2493 1111 2829 1179 praedicatur.
2855 1113 3030 1179 Quare
3064 1113 3147 1165 ilia
3173 1114 3285 1166 sola
3318 1114 3384 1166 de
3406 1114 3650 1180 subjecto
3682 1129 3821 1181 prat-
3891 1150 3897 1157 .

2238 1200 2403 1252 dicari
2432 1200 2679 1255 dicuntur
2699 1218 2766 1270 qu
2788 1218 3028 1272 rcunque
3063 1205 3111 1254 iu
3149 1203 3436 1271 cujuslibet
3472 1205 3546 1255 rei
3578 1203 3825 1255 substan-

2241 1294 2309 1346 tia
2340 1308 2390 1347 ct
2434 1294 2485 1346 in
2526 1294 2843 1349 dillinitione
2888 1308 3189 1364 ponun‘ur;
3232 1310 3359 1364 ergo
3406 1296 3826 1364 quotiescunque

2242 1383 2547 1451 hujnsmodi
2580 1386 2737 1438 fuerit
2762 1386 3087 1451 prmdicatio,
3118 1398 3172 1438 ιιι
3210 1387 3438 1439 alterum
3469 1386 3536 1438 de
3563 1386 3743 1438 altero
3772 1396 3827 1437 ut

2243 1482 2309 1528 de
2340 1475 2583 1544 subjecto
2614 1478 2950 1543 prtcdicetur,
2985 1477 3034 1529 id
3066 1487 3145 1531 est
3166 1490 3219 1530 ut
3251 1476 3317 1530 de
3351 1479 3469 1544 ejus
3523 1477 3822 1530 substantia

2239 1569 2469 1632 dieatur,
2504 1579 2560 1622 ut
2604 1569 2801 1622 animal
2855 1569 2921 1623 de
2958 1568 3203 1632 homine,
3260 1569 3394 1620 hanc
3445 1567 3828 1635 proprietatem

2244 1660 2458 1713 evenire
2490 1676 2712 1714 necesse
2748 1669 2849 1723 est,
2885 1669 2938 1712 ut
2983 1659 3026 1712 si
3072 1658 3137 1712 de
3192 1674 3256 1711 eo
3288 1656 3426 1725 qttod
3483 1656 3828 1723 praedicatur.

540 1746 800 1808 accidens
832 1751 1151 1814 universale,
1182 1750 1364 1804 dicens
1394 1750 1533 1816 quod
1578 1751 1630 1803 in
1680 1749 1921 1819 subjecto
1950 1760 2051 1813 est,
2079 1760 2131 1802 et
2168 1746 2204 1802 li
2239 1749 2505 1817 quidpiam
2540 1760 2595 1804 ut
2623 1752 2687 1804 de
2719 1750 2981 1818 subjecto,
3016 1749 3064 1802 id
3091 1760 3171 1803 est
3201 1749 3317 1817 ejus
3337 1749 3653 1811 subSlatttia,
3687 1764 3829 1814 pur-

555 1846 619 1899 de
645 1846 887 1913 subjecto
911 1842 1247 1913 praedicatur,
1278 1851 1331 1896 et
1358 1842 1544 1895 ultimo
1577 1842 1929 1895 substantiam
1963 1844 2125 1910 parti-

554 1934 784 1988 cularem
815 1935 1132 1987 contrariam
1152 1933 1681 2000 superioriaccidenti
1711 1932 2018 2002 dixit,quod
2040 1949 2135 1985 ne-

554 2041 654 2093 que
678 2026 730 2078 in
748 2024 986 2094 subjecto
1001 2032 1103 2089 est,
1122 2040 1289 2095 neque
1315 2024 1379 2077 de
1400 2024 1640 2093 subjecto
1665 2025 2000 2092 praedicatur,
2028 2028 2137 2078 sub-

554 2117 762 2171 stantia:
778 2118 1243 2184 particularitatem
1261 2117 1542 2170 universali
1555 2120 1643 2171 tati
1660 2118 1952 2171 accidentis
1967 2135 2136 2187 Oppo-

555 2224 705 2264 nens.
734 2209 838 2263 Sed
868 2219 924 2262 ut
954 2210 1158 2277 planius
1174 2207 1312 2275 quod
1342 2208 1564 2262 dicimus
1586 2211 1675 2272 sit,
1701 2210 2001 2278 liguramdc
2032 2213 2107 2264 cri

555 2302 893 2371 ptionemquc
914 2298 1238 2366 subjecimns
1258 2298 1308 2351 in
1333 2313 1433 2365 qua
1456 2299 1701 2367 superius
1729 2298 1867 2352 latus
1896 2299 2138 2353 substan-

556 2393 626 2443 tia
665 2390 1030 2457 accidentiqoe
1083 2388 1399 2448 notavimus,
1435 2389 1691 2456 reliquum
1716 2388 2141 2455 particularitatis

558 2494 610 2535 et
649 2481 1062 2535 universalitatis
1110 2481 1259 2534 titulo
1298 2480 1699 2548 inscripsimus,
1746 2481 2141 2538 Aristotelicam

560 2575 986 2638 υιιιιιιοινχίιιιιριιι
1006 2573 1327 2636 angulariter
1356 2583 1404 2625 et
1434 2588 1525 2631 per
1552 2571 1714 2624 latera
1744 2571 2102 2638 designantes.

667 2662 1959 2691 'W—M".

1022 2663 1915 2690 *Ἥ

1777 3105 1825 3186 ἓ

1782 3189 1884 3252 ΕΞ

1777 3245 1893 3347 ἓξ

1791 3354 1882 3419 ἓξ

1783 3420 1893 3534 ἐξ

1776 3533 1880 3559 ..ηδ

1777 3592 1830 3660 ᾗ

1849 3573 1889 3597 θ

654 2701 2030 3180 Κηιιωῷαῶψ

668 2906 669 2911 ‘
1030 2899 1058 2997 ί
1318 2910 1321 2911 ’
1546 2910 1633 3013 βξ

733 2994 1104 3097 Χίξςβίταὲῆ)
1508 3022 1536 3057 /
1559 2818 2009 3082 κθΧῴ

1060 3438 1435 3588 βχὲν
1776 3443 1880 3559 ἐξ

736 3556 867 3641 “‘5
968 3562 1128 3685 βξ
1217 3584 1349 3704 β

1180 3702 1200 3723 /
1361 3556 1829 3825 -

658 3694 1425 4001 %a"rf“l'\>4ﬁﬁm
1446 3778 1630 3997 ’ΞΥ
1645 3830 1936 3901 “aliculam
1968 3856 1971 3857 '

1874 4083 1911 4119 ί

644 4158 862 4219 Quando
894 4157 1020 4207 alter
1062 4172 1107 4205 tn
1130 4155 1193 4205 de
1222 4153 1382 4203 nllcro
1407 4149 1712 4217 prirdicatur
1742 4156 1794 4197 ut
1820 4147 1877 4197 de
1900 4142 2140 4219 subjcco.

569 4241 876 4293 quicumque
924 4228 1081 4276 (le‘eo
1130 4223 1266 4292 quod
1314 4222 1621 4293 prmdiratur
1665 4219 1916 4293 dicuntur.
1960 4225 2143 4293 omnia

569 4288 718 4346 etiam
748 4288 808 4345 dé
829 4295 1051 4362 subjecto
1076 4288 1330 4351 dicuntur,
1360 4300 1413 4343 ut
1430 4289 1581 4341 homo
1599 4288 1910 4362 prwdicatnr
1939 4288 2001 4333 de
2019 4297 2144 4362 quo-

567 4368 688 4417 dam
713 4351 938 4424 homine:
968 4365 1292 4416 animalch
1310 4364 1371 4414 de
1390 4351 1609 4419 nomine,
1624 4374 1742 4427 ergo
1771 4367 1815 4409 et
1848 4357 1908 4427 de
1926 4351 2145 4417 quodam

568 4437 767 4488 homine
806 4436 995 4488 animo!
1039 4433 1427 4497 arcadii-obitur,
1466 4424 1696 4500 quidum'
1724 4429 1856 4481 enim
1887 4424 2059 4489 homo,
2098 4428 2143 4471 et

568 4509 716 4558 homo
740 4516 811 4559 et!
839 4515 884 4557 et
914 4505 1125 4557 animal.

638 4598 769 4650 Cum
801 4596 1041 4660 superius
1064 4595 1128 4649 de
1170 4595 1249 4647 Itis
1288 4609 1403 4662 qum
1434 4593 1484 4645 itt
1537 4590 1774 4659 subjecto
1806 4595 1949 4651 sunt,
1984 4582 2033 4637 id
2061 4589 2143 4635 est

566 4691 634 4744 de
664 4689 1024 4743 accidentibus
1055 4688 1378 4757 loqueretur,
1422 4683 1793 4737 dil’linitionem
1840 4676 2142 4730 constituta:

569 4784 619 4835 in
650 4782 891 4850 subjecto
919 4781 1019 4844 rei,
1043 4790 1095 4833 et
1122 4788 1312 4849 praeter
1335 4776 1630 4844 subjectum
1658 4772 1803 4827 nullo
1834 4770 1989 4823 modo
2020 4782 2143 4832 per-

570 4872 863 4934 manentis,
922 4872 973 4922 in
1031 4869 1201 4923 media
1246 4867 1560 4921 tractatione
1603 4861 1905 4928 disjtosuit,
1959 4856 2140 4910 dicens

572 4964 700 5016 illud
725 4977 840 5015 esse
868 4961 1004 5030 quod
1038 4974 1207 5028 neque
1255 4974 1375 5028 pars
1398 4967 1539 5012 esset
1591 4955 1833 5022 alitujus,
1886 4964 1983 5004 nec
2026 4950 2142 5002 sine

568 5054 807 5120 subjecto
830 5060 1005 5120 posset
1028 5051 1132 5103 ullo
1165 5049 1323 5102 modo
1350 5061 1679 5117 permanere.
1726 5041 1997 5097 Patefacto
2047 5038 2143 5099 igi-

570 5153 655 5195 tur
694 5141 816 5209 quid
845 5141 913 5193 sit
940 5142 1129 5194 essein
1152 5140 1415 5209 subjecto,
1444 5152 1582 5192 nunc
1612 5134 1739 5205 quid
1766 5134 1833 5186 sit
1865 5127 2141 5199 prazdicari

567 5233 632 5287 de
661 5233 901 5301 subjecto
939 5232 1194 5287 declarat.
1230 5232 1441 5285 Duobus
1487 5231 1629 5284 enim
1664 5226 1832 5279 modis
1887 5223 2137 5292 prmdica-

567 5328 736 5379 tiones
769 5325 919 5388 ﬁunt,
942 5341 1045 5378 uno
1072 5324 1359 5379 secundum
1382 5324 1649 5385 accidens,
1669 5320 1773 5372 alio
1788 5318 1853 5371 de
1874 5316 2133 5383 subjecto:

565 5420 629 5472 de
663 5420 876 5472 homine
903 5434 1131 5487 namque
1183 5416 1506 5487 praedicatur
1535 5414 1713 5466 album
1736 5453 1748 5474 ,
1777 5411 1968 5464 dicitur
1994 5409 2135 5463 enim

568 5508 726 5561 homo
750 5508 927 5569 albus.
952 5522 1137 5561 rursus
1159 5507 1223 5560 de
1246 5506 1430 5559 eodem
1451 5504 1663 5567 homine
1689 5501 2004 5571 przedicatur
2029 5501 2143 5552 ani-

566 5600 692 5663 mal,
723 5599 916 5652 dicitur
941 5600 1084 5652 enim
1112 5599 1269 5650 homo
1291 5594 1505 5647 animal.
1555 5592 1663 5647 Sed
1703 5592 1789 5644 illa
1831 5594 1975 5660 prior
2002 5605 2140 5659 prae-

564 5692 779 5756 dicatio,
805 5706 921 5760 qua:
949 5699 1050 5756 est,
1082 5689 1249 5743 llomo
1275 5686 1425 5740 albus
1452 5696 1551 5751 est,
1581 5687 1869 5739 secundum
1898 5683 2141 5737 accidens

564 5795 668 5853 εει,
688 5800 916 5859 namque
943 5783 1209 5853 accidens,
1242 5782 1382 5853 quod
1416 5792 1498 5840 cst
1545 5782 1745 5849 album,
1780 5780 1845 5836 de
1899 5780 2139 5851 subjecto

2241 1840 2785 1903 dicetur,necessatio
2811 1839 2950 1893 idem
2985 1839 3086 1892 hoc
3108 1842 3245 1906 quod
3280 1839 3347 1891 de
3381 1838 3665 1905 praulicato
3699 1837 3829 1891 dici.

2242 1942 2345 1995 tor,
2381 1931 2589 1983 dicatur
2618 1930 2776 1983 etiam
2821 1933 2886 1983 de
2945 1928 3212 1996 praedicati
3261 1927 3521 1996 subjecto,
3557 1938 3616 1980 ut
3669 1929 3829 1979 homo

2247 2020 2567 2086 przedicatur
2595 2020 2808 2088 quidem
2833 2019 2897 2072 de
2922 2019 3141 2071 Socrate
3174 2019 3223 2069 in
3267 2032 3331 2071 eo
3370 2018 3510 2087 quod
3556 2018 3679 2085 quid
3739 2016 3826 2071 sit.

2247 2110 2700 2178 lnterrogantibus
2738 2112 2879 2162 enim
2936 2109 3063 2178 quid
3120 2108 3191 2161 sit
3232 2108 3501 2171 Socrates,
3548 2108 3826 2171 hominem

2244 2204 2647 2269 reSpondemus.
2687 2205 2753 2257 At
2795 2218 2921 2256 vero
2969 2202 3035 2256 de
3091 2202 3207 2269 ipso
3238 2202 3450 2255 homine
3489 2202 3540 2253 in
3571 2217 3637 2255 eo
3680 2201 3825 2267 quod

2243 2291 2365 2360 qud
2401 2291 2469 2344 sit
2515 2292 2711 2344 animal
2760 2291 2976 2355 dicitur,
3027 2290 3078 2342 in
3129 2290 3420 2341 substantia
3461 2289 3603 2342 enim
3660 2287 3831 2342 homi-

2246 2385 2327 2438 nis
2353 2386 2548 2438 animal
2581 2385 2916 2452 pricdicator,
2949 2393 3105 2453 atque
3137 2383 3204 2435 ita
3237 2386 3290 2434 lit
3318 2382 3587 2435 utanimal
3610 2383 3829 2451 quidem

2245 2476 2313 2529 de
2341 2476 2576 2540 homine,
2610 2474 2769 2527 homo
2797 2490 2921 2529 vero
2956 2476 3022 2527 de
3066 2476 3283 2528 Socrate
3315 2474 3365 2527 in
3413 2490 3477 2527 eo
3506 2475 3648 2541 quod
3701 2476 3829 2544 quid

2245 2569 2335 2635 sit,
2368 2580 2419 2620 ut
2452 2568 2518 2621 de
2548 2567 2787 2635 subjecto
2832 2567 3206 2634 przcdiccntur.
3262 2568 3400 2635 Ergo
3429 2568 3681 2637 quoniam
3731 2570 3831 2621 ista

2246 2661 2649 2729 Consequentia,
2684 2669 2738 2713 et
2768 2660 2961 2712 animal
2994 2661 3059 2713 de
3089 2660 3309 2714 Socrate
3341 2659 3392 2713 in
3441 2675 3505 2714 eo
3533 2676 3580 2729 q-
3605 2660 3672 2713 od
3704 2660 3829 2727 quid

2247 2755 2316 2807 sit
2363 2750 2754 2821 prmdicabitur.
2808 2751 2985 2803 l‘oti-st
3030 2751 3171 2804 enim
3219 2752 3323 2804 dici
3383 2750 3829 2818 interrogantibus

2211 2833 2224 2844 ’
2246 2844 2370 2911 quid
2394 2852 2476 2895 est
2506 2843 2778 2903 Socrates,
2809 2842 3023 2894 animal.
3063 2843 3202 2909 Ergo
3230 2842 3566 2896 manifesto-in
3586 2843 3830 2909 estquod

2247 2934 2289 2987 si
2312 2950 2412 3002 qua
2439 2948 2523 2986 res
2553 2933 2619 2987 de
2642 2933 2746 2985 alia
2776 2944 2829 2985 ut
2856 2934 2922 2985 de
2944 2933 3181 3000 subjecto
3214 2932 3552 3001 prtcdicetur,
3578 2942 3632 2985 ut
3666 2932 3830 2986 homo

2248 3025 2315 3078 de
2363 3025 2604 3089 Socrate,
2634 3023 2699 3078 de
2728 3023 2913 3077 eadem
2969 3038 3095 3077 vero
3146 3039 3202 3077 re
3232 3039 3348 3092 qua:
3387 3024 3732 3092 pra-dicatur,
3765 3023 3830 3077 de

2166 3107 2212 3169 C
2255 3116 2491 3182 homine,
2526 3116 2727 3169 scilicet
2756 3115 2857 3167 alia
2889 3129 3072 3168 rursus
3116 3115 3378 3183 superior,
3405 3124 3460 3167 ut
3481 3113 3547 3167 de
3587 3114 3831 3181 subjecso

2246 3205 2387 3274 ιιτέυιι
2412 3218 2581 3265 celur,
2614 3215 2671 3258 ut
2704 3204 2922 3271 animal,
2950 3202 3171 3259 necesse
3194 3205 3295 3259 erit
3322 3215 3374 3258 et
3427 3204 3563 3257 hanc
3585 3204 3832 3258 eamdem

2243 3299 2309 3349 de
2331 3295 2568 3364 subjecto
2596 3296 2712 3363 ejns
2740 3296 2805 3349 de
2841 3311 2945 3364 quo
2974 3298 3146 3361 ipsum
3187 3294 3383 3349 dicitur
3438 3295 3741 3363 prmdicari,
3777 3304 3833 3349 ut

2245 3390 2444 3441 animal
2477 3389 2541 3442 de
2569 3389 2811 3454 Socrate,
2866 3388 3112 3442 Socrates
3162 3403 3389 3456 namque
3438 3388 3713 3454 subjectus
3753 3397 3832 3441 est

2248 3480 2465 3540 homini,
2498 3481 2564 3533 de
2589 3496 2692 3548 quo
2714 3479 2909 3531 animal
2933 3474 3303 3547 prmdicatnr.‘
3331 3478 3466 3546 Ergo
3496 3487 3706 3529 constat
3733 3477 3833 3530 hu-

2241 3570 2474 3638 jltstttodi
2502 3570 2750 3623 difﬁnitio
2780 3570 3286 3639 quaedicit,quoties
3312 3569 3536 3623 alterum
3564 3570 3630 3622 de
3657 3570 3833 3624 altero

2249 3663 2648 3731 pra-dicaturut
2694 3662 2760 3716 dc
2791 3662 3050 3731 subjecto,
3106 3663 3149 3715 si
3181 3663 3305 3731 quid
3361 3664 3432 3716 sit
3461 3664 3600 3732 quod
3652 3662 3721 3716 de
3769 3678 3832 3717 eo

2245 3755 2384 3821 quod
2426 3754 2742 3823 praedicatur
2784 3755 2833 3808 in
2878 3770 2942 3807 eo
2973 3755 3111 3822 quod
3146 3754 3269 3821 quid
3292 3754 3481 3808 sit'dici
3513 3757 3700 3823 possit,
3729 3754 3833 3807 hoc

2250 3849 2387 3903 idem
2411 3849 2584 3918 ipsum
2614 3849 2682 3902 de
2731 3863 2797 3901 eo
2827 3849 2965 3915 quod
3000 3849 3143 3916 prius
3178 3848 3470 3914 subjectum
3499 3854 3626 3900 'erat
3663 3850 3833 3915 possit

2248 3943 2541 4012 pradicari.
2566 3940 2669 3994 Sed
2701 3941 2923 3994 fortasse
2940 3942 3213 4009 quisquam
3238 3940 3379 3994 dicat
3401 3941 3619 3993 minime
3641 3955 3830 3991 verum

2245 4050 2366 4088 esse
2396 4050 2443 4101 qi
2469 4032 2535 4086 od
2559 4033 2760 4085 dictum
2775 4041 2877 4092 est,
2905 4048 3023 4084 nam
3046 4046 3163 4083 cum
3191 4032 3350 4083 homo
3371 4033 3435 4085 de
3455 4031 3679 4085 Socrate
3706 4047 3835 4097 pne.

2247 4126 2451 4179 dicetur
2486 4165 2501 4187 ,
2532 4127 2779 4179 Socrates
2808 4126 2949 4177 enim
2996 4123 3157 4176 homo
3196 4134 3298 4186 est,
3327 4122 3393 4175 de
3450 4122 3667 4176 homine
3697 4138 3834 4177 vero

2247 4216 2470 4282 species,
2490 4214 2648 4265 homo
2665 4215 2805 4267 enim
2836 4213 3044 4283 species
3068 4223 3169 4278 est,
3202 4213 3452 4267 Socrates
3475 4217 3683 4282 Species
3708 4229 3834 4268 esse

2250 4322 2353 4359 non
2375 4305 2583 4359 dicitur.
2616 4305 2679 4357 F.t
2706 4320 2891 4358 rursus
2921 4319 3039 4357 cum
3069 4305 3263 4357 animal
3290 4305 3357 4357 de
3393 4305 3611 4357 homine
3638 4305 3834 4374 praedi-

2251 4406 2424 4459 cetur,
2456 4396 2523 4449 de
2548 4396 2758 4448 animali
2786 4411 2910 4446 vero
2928 4410 3115 4464 genus,
3140 4396 3330 4448 animal
3356 4396 3497 4449 enim
3526 4412 3699 4463 genus
3723 4407 3830 4458 est,

2256 4487 2415 4539 homo
2436 4488 2645 4554 generis
2674 4486 2936 4538 vocabulo
2957 4496 3122 4549 caret,
3145 4502 3247 4539 non
3279 4487 3418 4539 enim
3448 4487 3640 4539 dicitur
3668 4488 3833 4539 homo

2247 4591 2367 4630 esse
2391 4590 2577 4644 genus,
2606 4575 2763 4627 homo
2810 4575 2949 4628 enim
2997 4589 3165 4645 genus
3194 4592 3295 4629 non
3329 4586 3429 4638 est,
3479 4577 3571 4629 sed
3622 4586 3830 4630 tantum

2248 4667 2475 4734 species.
2506 4665 2598 4719 His
2649 4665 2929 4719 dicendum
2961 4676 3043 4719 et
3091 4668 3232 4735 quod
3286 4669 3459 4721 minus
3499 4667 3834 4722 adverterint

2250 4758 2394 4811 illam
2440 4772 2559 4812 esse
2608 4756 2978 4811 dillinitioncm
3020 4759 3086 4811 de
3141 4758 3380 4827 subjecto
3409 4759 3832 4827 praedicationis,

2247 4867 2364 4921 qum
2403 4852 2455 4904 in
2486 4866 2551 4905 eo
2590 4854 2728 4919 quod
2783 4852 2908 4920 quid
2955 4851 3025 4904 sit
3073 4851 3481 4921 unumquodque
3530 4857 3586 4905 et
3627 4853 3681 4905 in
3715 4852 3832 4920 ejus

2246 4944 2541 4997 substantia
2570 4941 2969 5009 prted;caretur,
3008 4958 3148 4995 nunc
3178 4954 3354 4996 autem
3411 4944 3619 5010 species
3646 4943 3715 4996 de
3736 4944 3832 4995 Lo-

2247 5038 2389 5089 mine
2418 5048 2520 5087 noo
2551 5036 2603 5086 in
2629 5049 2694 5087 eo
2716 5034 2854 5102 quod
2878 5034 3002 5102 quid
3021 5034 3090 5087 sit
3118 5034 3452 5103 prmdicatur.
3478 5034 3660 5103 Neque
3685 5039 3828 5089 enim

2246 5136 2289 5191 si
2321 5135 2438 5205 quis
2468 5133 2697 5188 hominis
2720 5132 3090 5187 diflinitionem
3116 5133 3296 5187 reddat
3330 5135 3562 5202 speciem
3587 5135 3830 5187 nomina-

2244 5228 2340 5291 vit,
2371 5227 2462 5281 sed
2512 5226 2900 5295 designativnm
2935 5240 3127 5278 nomen
3179 5234 3262 5279 est
3291 5234 3517 5287 tantum,
3553 5236 3732 5280 utrum
3762 5228 3829 5281 de

2246 5318 2487 5390 pluribus
2514 5318 2691 5385 specie
2720 5316 3085 5370 diﬂ‘erentihus
3124 5316 3440 5384 przedicetur
3484 5318 3585 5370 hoc
3630 5332 3826 5369 nomen

2245 5411 2385 5481 quod
2413 5420 2493 5465 est
2520 5410 2700 5475 homo,
2734 5424 2798 5461 an
2822 5417 2967 5461 certe
2999 5402 3198 5461 tantum
3241 5410 3307 5460 de
3340 5418 3469 5461 sons
3512 5407 3823 5462 individuis.

2245 5502 2376 5556 Nam
2408 5501 2656 5569 quoniam
2700 5498 2765 5553 de
2794 5498 3077 5551 individuis
3127 5497 3255 5551 solis
3296 5496 3457 5550 homo
3488 5499 3824 5566 prtcdicetur,

2247 5596 2443 5649 idcirco
2467 5593 2672 5661 Species
2700 5592 2911 5656 dicitur,
2940 5600 2991 5643 et
3012 5590 3259 5659 quoniam
3288 5589 3353 5644 de
3379 5591 3555 5659 specie
3578 5589 3827 5644 differen-

2248 5687 2387 5737 tihns
2416 5684 2611 5736 animal
2644 5683 2860 5744 dicitur,
2892 5681 3090 5733 idcirco
3136 5681 3329 5733 animal
3359 5674 3528 5749 genus
3550 5696 3822 5734 vocamus.

2256 5777 2316 5832 Et
2345 5786 2465 5832 sunt
2493 5775 2883 5845 quodammodo
2903 5774 3170 5828 nominum
3205 5774 3434 5829 nomina.
3455 5775 3631 5840 Quare
3656 5789 3824 5837 neque
