4030 6336
324 392 390 450 77
934 460 937 463 _
1295 382 1355 439 I‘N
1398 340 1835 440 tA‘fEGOlKIAS
1880 383 2324 442 ARISTOTELIS
2365 386 2489 440 LIB.
2534 384 2575 438 r

3458 381 3565 435 l78'

288 521 459 576 genus
485 504 556 558 de
602 496 841 566 animali,
890 511 1060 568 neque
1101 497 1306 566 species
1350 497 1415 551 de
1464 496 1698 558 homine,
1734 496 1784 549 in
1813 511 1877 548 eo
1908 503 1953 557 Λ
1984 498 2331 553 substantiam
2374 496 2585 568 quidem
2635 492 2840 563 species
2871 502 2972 558 est,
3018 491 3399 547 adhominem
3428 507 3555 548 vero

289 597 431 666 quod
460 596 583 665 quid
608 596 677 648 sit
708 589 1156 661 prmdicatur,sed
1187 595 1387 640 tantum
1411 588 1715 655 designant,
1743 601 1874 655 quo-

291 689 455 742 modo
486 689 645 741 homo
674 694 730 739 et
768 683 963 737 animal
1007 683 1074 735 de
1104 679 1360 749 subjectis
1386 681 1402 745 (
1436 691 1491 732 ut
1519 679 1718 732 dictum
1750 688 1830 732 est
1857 681 1872 746 )

297 779 529 847 propriis
559 777 936 846 prtedcentur.
978 774 1116 842 Ergo
1145 788 1251 825 non
1281 780 1363 824 est
1392 770 1689 824 mirandum
1721 768 1765 824 si
1811 770 1875 823 ad

292 885 480 924 eorum
503 868 801 935 subjectum
828 880 946 933 qua:
969 865 1034 917 de
1062 862 1302 929 subjecto
1324 861 1572 915 dicuntur
1600 860 1714 928 ejus
1746 873 1880 928 prae-

294 959 456 1012 dicati
504 958 642 1027 quod
674 956 740 1009 de
761 956 1004 1024 subjecto
1027 969 1132 1006 non
1162 952 1367 1006 dicitur
1401 950 1704 1021 prtediCatio
1761 965 1879 1018 per-

294 1046 463 1104 veniri
495 1064 595 1099 nou
622 1056 820 1115 potest.

368 1139 689 1191 Diversarum
714 1152 953 1207 generum
971 1144 1017 1187 et
1040 1152 1139 1187 non
1161 1132 1546 1186 subalternatitn
1578 1132 1876 1200 positorum,

293 1230 506 1284 diversa:
526 1233 800 1282 secundum
827 1228 1042 1295 speciem
1070 1236 1185 1279 sunt
1209 1225 1532 1293 differentiw,
1558 1235 1611 1277 ut
1639 1223 1877 1276 animalis

292 1333 341 1375 et
368 1325 611 1385 scientia’,
637 1323 874 1374 animalis
896 1320 1143 1389 siquidem
1160 1310 1461 1383 differentiae
1487 1328 1630 1382 sunt,
1657 1325 1711 1368 ut
1742 1331 1878 1384 gres-

294 1415 461 1483 sibile,
493 1416 716 1479 volatile,
751 1415 889 1480 bipes
930 1422 975 1465 et
1021 1412 1262 1481 aquatile,
1310 1411 1529 1462 scientia:
1568 1424 1681 1461 vero
1737 1408 1874 1459 nu.‘la

296 1508 484 1559 Irarum
512 1518 604 1569 est,
635 1522 795 1574 neque
823 1505 954 1558 enim
982 1504 1190 1557 scientia
1220 1520 1253 1555 a
1295 1503 1503 1557 scientia
1530 1499 1699 1567 differt
1743 1500 1794 1551 in
1823 1514 1879 1551 eo

294 1600 433 1661 quod
459 1608 530 1649 est
554 1598 713 1664 bipes.
748 1595 1176 1650 Saba/ternorum
1197 1607 1311 1644 vero
1339 1606 1574 1660 generum
1599 1588 1728 1641 nihil
1758 1603 1878 1654 pro-

296 1690 433 1742 hibet
456 1690 658 1743 easdem
688 1704 793 1741 esse
820 1687 1159 1755 di/I‘erentias,
1192 1685 1454 1753 superiora
1484 1683 1616 1734 enim
1645 1686 1706 1733 de
1750 1680 1881 1746 infe.

296 1782 522 1833 riorilms
560 1781 919 1851 prwdicantur,
956 1794 1111 1845 quare
1132 1775 1439 1848 quotcunque
1469 1775 1655 1846 fuerint
1687 1774 1879 1843 prtedi-

296 1874 398 1925 rati
417 1872 721 1938 (li/ferentia:
748 1881 893 1926 erunt
922 1874 1110 1925 aedem
1134 1882 1177 1924 et
1201 1872 1433 1942 subjecti.

368 1965 500 2018 Cum
530 1965 709 2018 multis
736 1965 909 2018 modis
935 1980 1103 2032 genus
1131 1963 1543 2028 dicatur,solum
1570 1961 1710 2031 quod
1741 1976 1881 2015 nunc

297 2056 516 2109 tractari
574 2054 825 2109 convenit
874 2068 1228 2108 assumamus.
1282 2052 1486 2107 Dicitur
1527 2053 1669 2106 enim
1716 2066 1880 2120 genus

297 2146 441 2214 quod
463 2146 529 2199 de
556 2146 795 2213 pluribus
816 2147 993 2213 specie
1018 2144 1388 2199 differentibus
1417 2144 1468 2197 in
1495 2158 1560 2198 eo
1580 2142 1721 2212 quod
1755 2143 1880 2213 quid

298 2239 368 2289 sit
396 2236 734 2304 praedicatur,
760 2245 817 2289 ut
863 2237 1056 2289 animal
1091 2236 1407 2304 przedicatur
1456 2235 1524 2289 de
1567 2235 1801 2301 homine,
1827 2244 1879 2289 et

297 2331 369 2384 de
389 2345 544 2398 equo,
575 2338 629 2384 et
655 2329 722 2383 de
743 2346 893 2395 cane,
936 2341 990 2384 et
1018 2329 1085 2383 de
1113 2330 1267 2395 bove,
1298 2334 1353 2383 et
1378 2327 1444 2383 de
1489 2329 1718 2393 caeteris,
1763 2342 1882 2397 qua:

299 2421 480 2472 omnia
514 2421 690 2488 specie
719 2421 830 2488 ipsa
864 2434 901 2472 a
948 2435 1008 2474 se
1056 2419 1285 2473 discreta
1336 2428 1480 2471 sunt.
1508 2417 1725 2485 Species
1754 2432 1883 2471 vero

300 2522 385 2564 est
414 2512 555 2580 quod
587 2512 655 2565 de
676 2512 914 2579 pluribus
942 2525 1164 2565 numero
1185 2510 1555 2564 differentibus
1584 2510 1634 2562 in
1656 2524 1721 2563 eo
1742 2508 1879 2578 quod

299 2603 428 2671 quid
456 2604 524 2656 sit
574 2602 910 2671 prtedicatur,
946 2613 1001 2656 nt
1032 2604 1193 2656 homo
1222 2602 1541 2672 praedicatur
1566 2601 1632 2656 de
1658 2601 1880 2666 Catone,

299 2697 544 2756 Socrate,
573 2695 813 2758 Platone,
848 2695 1082 2764 Virgilio,
1134 2694 1415 2757 Cicerone,
1463 2703 1519 2750 et
1564 2694 1632 2749 de
1662 2695 1882 2765 singulis

304 2786 627 2850 hominibus,
649 2788 736 2854 qui
767 2788 945 2855 specie
979 2789 1091 2856 ipsa
1123 2803 1226 2841 non
1250 2788 1523 2851 differunt,
1555 2788 1646 2843 sed
1680 2798 1879 2843 tantum

301 2893 331 2925 ει
361 2891 418 2928 se
463 2892 685 2930 nmnero
730 2878 947 2935 distant.
989 2878 1292 2933 Differentia
1332 2894 1461 2932 vero
1502 2888 1583 2932 est
1627 2894 1747 2948 qua:
1785 2879 1883 2933 sub

301 2965 493 3017 eodem
525 2981 719 3033 genere
756 2966 955 3037 positas
983 2968 1189 3035 species
1231 2969 1444 3036 propria
1496 2968 1751 3037 qualitate
1776 2968 1884 3022 dis-

304 3058 577 3123 terminat,
601 3075 720 3112 natu
751 3074 871 3113 cum
888 3076 1055 3129 equus
1083 3070 1135 3113 et
1158 3060 1317 3113 homo
1338 3069 1592 3129 quantum
1623 3062 1687 3114 ad
1716 3076 1882 3130 genus

304 3164 470 3201 unum
499 3149 604 3202 sint
633 3155 877 3220 (uterque
907 3153 1049 3205 enim
1091 3152 1286 3205 animal
1322 3153 1451 3221 est),
1474 3152 1767 3207 differentia
1797 3170 1880 3207 ra-

1981 604 2168 657 genus.
2209 588 2404 643 Decem
2462 588 2623 657 igitur
2663 585 3190 655 prmdicamentorum
3238 585 3555 655 significatio

1983 678 2267 733 nihilnliud
2290 678 2622 733 demonstrat
2648 677 2747 730 nisi
2781 691 2961 730 rerum
2986 676 3169 731 decem
3215 691 3408 745 genera
3438 689 3555 745 qua:

1981 769 2383 841 generalissima
2415 768 2771 823 nominamus.
2794 768 2935 834 Ergo
2947 769 3155 837 quoties
3175 781 3367 837 genera
3396 782 3555 836 gene-

1983 864 2244 917 ralissima
2267 863 2594 931 discrepant,
2618 876 2802 916 eorum
2826 859 3270 930 quoque'species
3286 858 3555 927 discrepa-

1981 957 2105 1009 bunt
2137 971 2151 1019 ;
2177 964 2231 1008 et
2261 954 2469 1023 quoties
2499 953 2703 1021 species
2754 952 3079 1020 discrepant,
3127 950 3375 1019 quoniam
3399 937 3576 1002 diffe-'

1982 1049 2173 1103 rentiis
2203 1047 2580 1116 disjungunlur
2633 1053 2791 1113 atque
2841 1044 3210 1105 informantur,
3244 1040 3555 1095 differentiae

1980 1144 2191 1209 quo-ine
2213 1139 2544 1193 diversarum
2591 1137 2888 1207 specierum
2922 1136 3312 1204 discrepabunt.
3350 1132 3556 1187 Animal

1983 1246 2211 1300 namque
2239 1238 2292 1284 et
2335 1231 2579 1297 scientia,
2607 1229 2857 1298 quoniam
2884 1237 2967 1281 est
3013 1226 3219 1280 animal-
3239 1226 3557 1290 sobstantia,

1982 1324 2203 1377 scientia
2233 1335 2358 1376 vero
2384 1322 2449 1375 ad
2478 1322 2708 1390 aliquid,
2749 1320 3100 1388 quoniamque
3127 1333 3290 1386 genus
3312 1317 3558 1371 animalis

1981 1420 2064 1465 est
2090 1410 2405 1475 substantia,
2431 1421 2483 1466 et
2510 1425 2677 1480 genus
2708 1409 2945 1465 scientiae
2973 1423 3055 1463 est
3081 1408 3143 1460 ad
3166 1406 3386 1477 aliquid,
3412 1408 3565 1461 omni

1980 1502 2288 1556 substantiae
2317 1517 2347 1556 a
2378 1515 2437 1557 se
2471 1503 2679 1556 ratione
2721 1502 2948 1555 discreta
2992 1510 3135 1563 sunt,
3165 1508 3218 1553 et
3245 1497 3559 1552 differentia:

1980 1613 2196 1668 quoque
2217 1597 2453 1652 scientia:
2494 1606 2653 1666 atque
2680 1595 2924 1649 animalis
2945 1594 3191 1649 omnibus
3215 1593 3577 1659 qualitatibus»

1981 1689 2374 1758 disjungunlur.
2407 1691 2499 1743 Est
2527 1684 2755 1758 namque
2783 1687 3081 1742 differentia
3111 1685 3380 1748 animalis,
3410 1683 3583 1751 bipes~

1983 1792 2037 1837 et
2067 1782 2390 1852 quadrupes,
2437 1782 2633 1836 animal
2675 1782 2815 1835 enim
2864 1780 2931 1834 ab
2960 1780 3061 1835 alio
3092 1778 3308 1834 animali
3358 1764 3557 1840 differt,

1913 1883 1959 1941 Β
1986 1873 2125 1942 quod
2154 1872 2256 1925 huc
2287 1872 2501 1940 quidem
2555 1871 2705 1940 bipes
2742 1870 2829 1934 sit,
2853 1879 2910 1923 ut
2941 1869 3103 1923 homo
3137 1868 3219 1922 vel
3262 1867 3398 1932 avis,
3431 1865 3558 1920 illud

1983 1980 2113 2017 vero
2142 1964 2460 2033 quadrupes,
2489 1975 2544 2016 ut
2566 1978 2734 2031 equus
2764 1972 2922 2029 atque
2961 1961 3085 2024 bos;
3118 1959 3244 2013 illud
3268 1973 3395 2012 vero
3424 1958 3561 2010 mul-

1985 2057 2141 2125 tipes,
2174 2066 2230 2109 ut
2261 2056 2481 2110 formica
2512 2056 2597 2110 vel
2641 2057 2778 2124 apis.
2810 2054 2916 2109 Sed
2965 2054 3190 2109 scientia
3231 2050 3560 2106 differentias

1985 2149 2285 2218 huiusmodi
2318 2164 2421 2204 non
2452 2150 2633 2212 habet,
2663 2164 2835 2219 neque
2865 2147 3005 2203 enim
3037 2144 3259 2200 scientia
3282 2158 3311 2197 a
3338 2143 3560 2199 scientia

1982 2240 2155 2296 differt
2198 2241 2249 2295 in
2292 2256 2356 2295 eo
2386 2241 2525 2311 quod
2574 2241 2723 2308 bipes
2764 2250 2865 2293 est.
2901 2239 3076 2306 Quare
3116 2244 3322 2290 constat
3352 2234 3560 2304 quoties

1982 2332 2191 2387 diversa
2243 2341 2365 2384 sunt
2393 2346 2611 2401 genera,
2646 2330 2945 2393 specierum
2992 2342 3202 2398 quoque
3233 2324 3560 2379 differentias

1982 2439 2100 2479 esse
2122 2425 2400 2478 discretas.
2436 2424 2505 2477 At
2537 2425 2635 2478 hoc
2662 2423 2910 2492 estquod
2951 2423 3045 2475 ait.
3095 2421 3433 2474 Diversorum
3470 2431 3560 2486 ge-

1984 2530 2169 2568 nerum
2199 2524 2252 2569 et
2283 2532 2385 2568 non
2417 2515 2824 2569 subalternatim
2871 2514 3163 2583 positorum
3192 2511 3433 2564 diversas
3477 2522 3562 2562 se-

1983 2607 2213 2660 cundum
2275 2607 2507 2675 speciem
2538 2607 2864 2661 differentias
2903 2604 3156 2660 esse.’Et
3201 2603 3301 2655 hoc
3328 2600 3557 2668 exempli

1982 2697 2281 2763 adjectinne
2308 2698 2539 2750 firmavit
2574 2697 2758 2751 dicens
2783 2714 2795 2747 :
2838 2694 3100 2749 Animalis
3125 2701 3179 2744 et
3208 2691 3446 2745 scientia:
3474 2689 3547 2743 dic

1983 2802 2167 2841 versas
2191 2803 2309 2842 esse
2339 2788 2685 2853 differentias,
2711 2801 2831 2840 nam
2862 2800 2982 2840 cum
3026 2786 3095 2839 sit
3142 2784 3289 2849 bipes
3315 2772 3559 2835 animalis

1984 2880 2304 2946 differentia,
2348 2881 2591 2934 scientiae
2631 2895 2735 2933 non
2764 2887 2864 2933 est.
2897 2877 2963 2933 Et
3004 2876 3106 2931 hoc
3138 2875 3351 2945 quidem
3383 2873 3449 2926 de
3479 2873 3559 2925 di-

1985 2976 2153 3029 versis
2180 2975 2464 3044 generibus
2491 2973 2691 3027 dictum
2730 2979 2832 3037 est,
2880 2970 2932 3025 id
2959 2977 3060 3036 est,
3094 2982 3225 3038 qua}
3255 2965 3560 3020 subalterna

1986 3081 2093 3119 non
2120 3074 2262 3120 sunt.
2296 3066 2445 3131 Quod
2474 3065 2518 3120 si
2548 3063 2851 3119 subalterna
2879 3070 3001 3117 sunt
3029 3074 3247 3130 genera,
3273 3057 3404 3112 nihil
3437 3070 3559 3125 pro-

1988 3158 2133 3213 hibet
2177 3159 2307 3213 alias
2339 3158 2552 3213 easdem
2594 3172 2713 3212 esse
2751 3155 3097 3217 differentias,
3132 3152 3262 3207 alias
3296 3150 3555 3212 diversas,

303 3240 522 3294 tinnalis
544 3250 599 3295 et
621 3241 944 3296 irrationalis
978 3250 1228 3311 utrosque
1281 3242 1537 3311 disjnngit
1575 3258 1635 3297 ac
1678 3244 1881 3298 discer-

1988 3259 2043 3302 ut
2065 3248 2177 3302 avis
2198 3259 2281 3303 est
2298 3250 2503 3316 species
2528 3248 2798 3312 animalis,
2816 3256 2869 3300 et
2894 3259 3080 3299 rursus
3100 3253 3181 3298 est
3200 3256 3367 3311 genus
3388 3238 3558 3303 corvi,

305 3332 406 3384 nit.
435 3332 702 3398 Qualitate
729 3334 874 3388 enim
907 3334 1134 3403 quadam
1180 3334 1534 3389 rationabilita
1563 3335 1606 3387 is
1662 3345 1716 3389 et
1750 3337 1881 3388 iura-

305 3425 672 3479 tionabilitatis
687 3436 908 3495 uterque
929 3442 957 3478 a
984 3426 1210 3495 propria:
1232 3426 1543 3479 substantia:
1562 3426 1882 3481 d.ffinitione

302 3517 643 3571 dissentiunt.
690 3518 828 3585 Ergo
878 3518 1175 3572 differentia
1220 3527 1303 3571 est
1352 3535 1469 3586 qua:
1521 3519 1589 3573 de
1645 3519 1885 3585 pluribus

303 3609 484 3671 specie
511 3608 876 3663 differentibus
906 3610 957 3663 in
980 3625 1043 3663 eo
1073 3609 1213 3678 quod
1246 3611 1401 3679 quale
1426 3611 1498 3663 sit
1545 3611 1882 3679 praedicatur.

302 3699 541 3765 Namque
566 3702 679 3755 huic
702 3702 811 3770 ipsa
840 3702 1134 3757 differentia
1181 3720 1299 3770 qua:
1326 3711 1407 3756 est
1446 3703 1883 3757 irrationabilitas

305 3792 371 3845 de
400 3794 585 3847 multis
601 3794 779 3861 specie
793 3793 1154 3849 differentibus
1170 3794 1509 3863 prmdicatur,
1524 3805 1580 3848 ut
1601 3794 1667 3848 de
1693 3810 1882 3864 cygno,

305 3895 360 3936 et
385 3901 542 3953 equo,
565 3894 620 3939 et
648 3886 811 3954 pisce,
839 3902 957 3955 qua:
1012 3889 1189 3943 omnia
1232 3903 1260 3940 a
1302 3902 1359 3942 se
1386 3903 1505 3942 eum
1555 3890 1735 3955 specie
1775 3891 1884 3957 ipsa

305 3974 639 4039 dissentiant,
686 3976 1160 4030 irrationabllitatis
1214 3986 1388 4031 tamen
1439 3978 1692 4046 qualitate
1744 3993 1877 4031 con-

304 4067 486 4133 juncta
517 4076 662 4120 sunt.
692 4067 795 4121 Sed
825 4084 931 4121 non
966 4068 1017 4121 in
1041 4067 1289 4126 omnibus
1319 4068 1617 4124 differentia
1641 4070 1706 4123 de
1728 4072 1892 4137 pluri-

304 4156 410 4208 bus
443 4158 620 4223 specie
636 4157 1005 4213 differentibus
1040 4159 1375 4227 prtedicatur.
1414 4159 1549 4213 Sunt
1575 4162 1717 4214 enim
1745 4177 1890 4229 quae-

308 4248 432 4300 dam
459 4265 577 4316 qute
605 4265 705 4302 non
763 4249 864 4304 nisi
913 4250 980 4304 de
1030 4266 1133 4304 una
1191 4251 1367 4318 Specie
1423 4251 1803 4323 przedicautur,
1833 4262 1892 4305 ut

306 4341 549 4404 gravitas.
568 4342 634 4395 de
659 4342 771 4396 sola
819 4353 980 4407 terra,
1008 4343 1194 4397 levitas
1232 4343 1299 4397 de
1328 4344 1444 4396 solo
1493 4344 1637 4412 igne,
1680 4347 1892 4411 propr'e

305 4432 522 4487 dicitur.
588 4440 654 4484 At
696 4447 825 4486 vero
887 4449 986 4487 nec
1038 4434 1243 4501 species
1289 4449 1501 4503 semper
1548 4435 1616 4490 de
1654 4435 1891 4504 pluribus

307 4538 532 4574 utimero
562 4522 925 4577 differentibus
952 4525 1293 4592 prmdicatur;
1314 4525 1658 4579 mundienim
1687 4526 1892 4595 species

1984 3356 2036 3397 et
2075 3352 2152 3397 est
2195 3343 2559 3398 subalternum
2591 3355 2782 3411 genus,
2823 3340 2957 3392 avis.
2990 3336 3097 3392 Sed
3137 3332 3379 3388 animalis
3408 3329 3550 3384 diffe-

1987 3436 2174 3488 rentia:
2217 3446 2340 3487 sunt
2391 3431 2671 3486 rationalis
2715 3440 2877 3499 atque
2920 3425 3263 3488 irrationalis,
3294 3423 3403 3476 avis
3433 3433 3569 3474 vero

1985 3524 2285 3578 differentia
2317 3523 2590 3578 rationalis
2616 3537 2720 3575 non
2756 3530 2857 3574 est.
2881 3518 3031 3573 Nulla
3064 3516 3206 3571 enim
3230 3515 3346 3567 avis
3375 3512 3442 3565 ab
3460 3510 3567 3564 alia
3598 3550 3604 3555 .

1986 3620 2067 3671 avi
2100 3616 2295 3683 differt,
2342 3617 2480 3687 quod
2532 3618 2599 3668 sit
2643 3612 2944 3675 rationalis;
2975 3625 3102 3678 ergo
3149 3609 3249 3660 hoc
3284 3605 3402 3658 loco
3455 3616 3559 3655 non
3604 3622 3605 3625 η

1987 3717 2111 3763 sunt
2142 3708 2344 3762 credent
2387 3707 2813 3760 subalternorum
2859 3715 3111 3773 generum
3142 3696 3476 3752 differentize.
3503 3692 3559 3747 Si

1989 3801 2108 3873 quis
2132 3814 2259 3853 vero
2286 3799 2381 3852 has
2406 3798 2637 3868 generis,
2672 3797 2720 3850 id
2751 3805 2830 3850 est
2861 3792 3104 3847 animalis
3134 3789 3459 3845 differentias
3480 3785 3562 3839 di-

1978 3902 2095 3957 cat,
2127 3901 2186 3946 ut
2222 3891 2527 3946 animalium
2572 3890 2675 3943 alia
2711 3898 2835 3943 sunt
2874 3902 2992 3957 qua;
3039 3896 3320 3952 pascan'ur
3361 3879 3558 3940 herbis,

1989 3984 2091 4036 alia
2114 3998 2232 4051 quae
2262 3980 2568 4044 seminibus,
2590 3979 2690 4032 alia
2714 3994 2831 4048 qua:
2847 3976 3114 4039 carnibus,
3140 3972 3222 4027 hae
3251 3969 3563 4025 differentia:

1990 4071 2312 4125 conveniunt
2358 4071 2408 4123 in
2456 4070 2763 4123 subalterno
2798 4080 3013 4136 genere,
3052 4061 3298 4117 videlicet
3337 4060 3389 4113 in
3439 4059 3561 4121 avi;

1994 4175 2221 4228 namque
2250 4159 2424 4213 avium
2462 4168 2587 4211 sunt
2625 4157 2743 4210 alia:
2774 4172 2888 4225 qua:
2917 4152 3210 4210 seminibus
3253 4159 3563 4211 vescuntur,

1994 4249 2110 4301 alia:
2138 4263 2257 4316 qua:
2298 4246 2501 4310 herbis,
2531 4246 2647 4298 alia:
2690 4259 2808 4313 qua:
2869 4241 3139 4305 carnibus,
3185 4248 3246 4293 ut
3289 4239 3465 4292 vultur
3511 4247 3567 4291 et

1995 4342 2213 4403 milvus;
2247 4355 2373 4409 ergo
2403 4340 2454 4391 iu
2485 4337 2807 4392 subalternis
2836 4334 3119 4402 generibus
3149 4331 3280 4386 nihil
3326 4329 3569 4399 prohibet

1994 4429 2207 4483 easdem
2249 4444 2368 4483 es~e
2396 4426 2742 4491 differentias,
2776 4436 2828 4480 et
2870 4427 3062 4479 iterum
3104 4422 3438 4488 discrepare;
3470 4420 3571 4472 hoc

1997 4531 2172 4574 autem
2212 4519 2410 4573 idcirco
2437 4517 2636 4582 evenit,
2669 4516 2787 4585 quia
2820 4531 2938 4583 qua»
2965 4514 3031 4567 de
3063 4511 3350 4581 prtedicato
3385 4509 3568 4562 dicunt.

305 4612 375 4664 de
408 4628 513 4663 uno
555 4613 670 4665 solo
699 4614 897 4666 mundo
929 4614 1152 4679 dicitur,
1185 4624 1238 4667 et
1270 4616 1528 4681 phtenicis
1574 4592 1782 4681 species
1828 4618 1893 4669 de
1923 4592 1971 4650 Ῑ)
1999 4624 2082 4665 tur
2114 4622 2336 4680 possunt
2363 4612 2428 4664 de
2471 4610 2715 4678 subjecto
2745 4606 3244 4675 prmdieari.'Quare
3272 4603 3411 4673 quod
3441 4601 3570 4655 dici-

308 4717 413 4755 una
444 4710 645 4756 tantum
698 4703 965 4771 phoenice,
1016 4704 1107 4757 sed
1160 4703 1360 4759 idcirco
1398 4706 1471 4759 ita
1520 4706 1743 4759 diffinita
1789 4715 1889 4771 est,

305 4793 449 4859 quod
475 4793 804 4860 frequentius
831 4794 1133 4847 differentia
1162 4793 1228 4847 de
1258 4794 1495 4861 pluribus
1524 4797 1700 4862 specie
1743 4794 1894 4848 diffe-

290 4883 550 4957 rentibus
582 4885 898 4951 prtedicatur
927 4900 1084 4953 quam
1118 4885 1184 4938 de
1210 4900 1335 4937 uno.
1398 4885 1706 4955 Eodemque
1735 4887 1895 4939 modo

307 4977 590 5043 etspecies
613 4976 943 5045 frequentius
985 4978 1253 5031 invenitur
1290 4978 1354 5031 de
1384 4978 1624 5046 plur.bus
1674 4993 1895 5031 numero

309 5066 680 5121 differentibus
708 5069 1009 5136 prredicari,
1038 5085 1195 5138 quam
1249 5069 1315 5123 de
1360 5085 1461 5122 una
1514 5081 1717 5123 tantum
1750 5086 1807 5124 re
1835 5085 1896 5123 ac

312 5156 593 5223 singulari.
621 5158 713 5211 llis
759 5161 829 5211 ita
868 5162 1089 5229 positis,
1113 5172 1236 5214 sunt
1264 5161 1507 5230 quiedam
1534 5177 1751 5230 genera,
1777 5178 1896 5232 qua:

305 5248 718 5313 generalissima
771 5260 1165 5318 nuncupantur,
1214 5252 1408 5320 quibus
1451 5268 1620 5321 genus
1673 5254 1894 5307 inveniri

310 5354 419 5391 non
452 5340 638 5406 possit,
661 5350 784 5394 sunt
805 5343 1012 5410 species
1036 5342 1227 5411 quibus
1252 5342 1383 5396 alias
1406 5343 1674 5412 subiectas
1691 5343 1897 5411 species

310 5432 492 5484 nullus
524 5434 777 5487 inveniet.
810 5432 953 5487 Inter
978 5444 1200 5501 utraque
1231 5443 1406 5488 autem
1456 5445 1579 5488 sunt
1624 5436 1726 5489 alia
1780 5450 1898 5503 quie

310 5522 629 5578 subalterna.
649 5539 846 5592 genera
876 5524 1239 5589 nominantur,
1268 5541 1385 5593 qua:
1408 5526 1747 5593 superiorum
1779 5527 1897 5595 qui-

308 5614 433 5667 dem
462 5615 669 5682 species
693 5626 840 5682 sunt,
870 5618 1229 5684 posteriorum
1259 5632 1387 5670 vero
1436 5633 1634 5685 genera
1690 5627 1747 5671 ut
1777 5620 1897 5673 sub-

309 5708 506 5760 stantia
559 5723 723 5775 genus
777 5709 992 5777 quidem
1044 5718 1124 5762 est
1169 5709 1660 5777 generalissimum,
1698 5711 1898 5778 ut’ejus

307 5813 479 5865 genus
504 5796 733 5851 inveniri
764 5813 867 5852 non
892 5800 1077 5865 possit,
1131 5799 1291 5851 homo
1322 5814 1449 5852 vero
1490 5800 1698 5867 species
1720 5810 1823 5864 est,
1846 5812 1899 5853 ut

308 5886 431 5956 ejus
458 5889 666 5955 species
685 5888 786 5943 alia
815 5888 1036 5958 reperiri
1068 5904 1175 5943 non
1198 5892 1387 5943 valeat.
1439 5886 1646 5942 Animal
1677 5902 1803 5943 vero
1829 5888 1893 5941 ad

1998 4711 2083 4755 tur
2111 4702 2178 4755 de
2206 4716 2421 4770 genere,
2453 4708 2626 4767 potest
2654 4701 2812 4752 etiam
2846 4698 2957 4753 dici
2977 4699 3043 4752 de
3073 4696 3267 4764 specie,
3292 4706 3449 4763 atque
3473 4692 3571 4747 hoe

1996 4803 2077 4846 est
2100 4792 2238 4861 quod
2266 4793 2337 4844 ait
2365 4810 2376 4843 :
2407 4790 2840 4845 Subalternorum
2863 4805 2991 4845 vero
3012 4804 3262 4858 generum
3295 4787 3428 4840 nihil
3448 4800 3571 4855 pro-

1997 4885 2143 4938 hibet
2192 4884 2405 4938 easdem
2452 4899 2571 4937 esse
2617 4883 2962 4937 differentias.
2998 4882 3277 4950 Superiora
3322 4882 3462 4935 enim
3507 4880 3571 4933 de

2000 4972 2341 5025 inferioribus
2370 4972 2656 5039 generibus
2689 4972 3072 5040 praedicantur;
3099 4972 3191 5026 sed
3223 4986 3344 5024 cum
3373 4971 3571 5024 diceret

2002 5064 2128 5116 nihil
2165 5064 2413 5130 prohibet
2444 5063 2659 5118 easdem
2686 5079 2805 5118 esse
2835 5063 3185 5127 differentias,
3215 5064 3316 5117 hoc
3342 5062 3570 5131 quodam

2001 5153 2158 5205 modo
2188 5153 2353 5206 voluit
2383 5155 2750 5207 demonstrare
2787 5169 2907 5208 esse
2941 5154 3193 5221 quasdam
3234 5150 3445 5206 easdem
3475 5152 3567 5203 dif~

2001 5244 2275 5310 ferentias,
2314 5244 2445 5298 alias
2487 5260 2611 5298 vero
2658 5260 2810 5311 posse
2858 5259 2976 5297 esse
3022 5246 3279 5300 diversas.
3328 5245 3411 5296 cui
3461 5258 3565 5294 rent

1998 5335 2319 5386 crintrariam
2351 5333 2591 5387 intulisse
2612 5334 2843 5389 videtur.
2874 5349 2993 5387 cum
3021 5336 3182 5388 dicit:
3206 5334 3382 5399 Quare
3423 5346 3566 5401 qum-

2000 5440 2210 5493 cunque
2258 5424 2524 5490 praedicati
2568 5424 2878 5478 differentia:
2918 5425 3135 5489 fuerint,
3174 5423 3376 5477 ezedem
3415 5432 3566 5477 erunt

1982 5516 2160 5570 etiam
2193 5515 2453 5582 subjecti:
2482 5532 2601 5567 nam
2625 5530 2745 5568 cum
2770 5517 2876 5570 illic
2901 5516 3140 5577 dixisset,
3171 5515 3299 5569 nihil
3330 5515 3567 5582 prohibet

1999 5623 2118 5662 esse
2166 5607 2382 5661 easdem
2437 5606 2769 5661 differentias
2812 5622 3066 5676 generum
3121 5606 3571 5672 subalternmum,

2004 5700 2089 5753 hic
2115 5714 2304 5753 omnes
2334 5697 2551 5752 easdem
2580 5712 2699 5750 esse
2739 5698 2992 5759 declarat,
3042 5696 3172 5750 dicit
3211 5696 3354 5751 enim
3382 5716 3394 5750 ε
3424 5699 3570 5765 Qum-

2001 5808 2209 5859 cunque
2242 5791 2439 5845 fuerint
2480 5789 2791 5845 differentia:
2832 5787 3123 5855 prgedicati,
3155 5788 3368 5843 easdem
3414 5792 3572 5844 etiam

2001 5882 2222 5953 subjetti
2254 5897 2400 5946 esse;
2434 5891 2591 5953 atque
2623 5881 2733 5933 haec
2764 5892 2850 5931 res
2882 5880 3059 5949 plures
3086 5881 3332 5935 maximis
3362 5882 3573 5950 illigavit
