4022 6328
8 0 27 69 lt

8 84 27 193 ι

8 336 25 1287 ἶ

515 316 613 373 179

515 429 804 489 rrroribus.
839 440 889 483 ut
920 408 1309 485 emendandum
1357 425 1639 480 crederent
1678 426 1853 481 locum
1899 442 2001 481 non
2032 437 2090 481 ut

512 531 655 576 esset
707 523 798 575 ita.
870 521 1045 587 Quare
1083 533 1413 588 quaacuuque
1458 518 1727 586 pra-dicati
1778 520 2089 574 ditferentite

512 613 725 677 fuerint,
748 612 948 666 caulem
973 619 1128 664 erunt
1146 608 1304 663 etiam
1327 610 1571 677 subjecti,
1591 611 1684 665 sed
1705 622 1758 663 ut
1786 612 1885 663 hoc
1907 612 2085 664 modo.

511 712 683 771 Quare
706 717 1035 771 quarcunque
1058 700 1283 767 subjecti
1306 688 1619 755 differentiae
1644 700 1862 765 fuerint,
1887 702 2089 756 eaedem

509 803 668 848 terunt
696 795 855 847 etiam
888 792 1181 861 prmdicati.
1211 791 1314 845 Sed
1345 792 1445 845 hoc
1477 792 1831 856 abjiciendnm
1863 802 1963 855 est,
1992 809 2086 844 nc-

508 882 611 951 ιἰιιιι
636 886 775 940 enim
800 884 912 938 fieri
945 893 1121 953 potest
1163 894 1218 936 ut
1264 886 1314 936 in
1342 898 1452 937 rem
1477 884 1803 952 superiorem
1837 885 2092 951 prazdica-

513 979 589 1030 tio
619 977 929 1045 posterioris
960 975 1240 1029 redundet.
1275 976 1403 1027 Nam
1436 991 1556 1028 rum
1603 975 1817 1037 dicitur,
1848 991 2089 1044 quaecun-

464 1114 467 1115 ν
511 1082 614 1136 que
641 1067 867 1135 subjecti
899 1066 1095 1120 fuerint
1117 1065 1453 1127 dlﬂ‘erentizn,
1487 1066 1686 1119 eadem
1716 1078 1870 1119 erunt
1904 1067 2092 1132 pvzedi-

509 1160 635 1221 cati,
670 1160 771 1213 hoc
800 1158 1002 1211 scilicet
1038 1156 1483 1227 signifiCaIurkut
1522 1157 1829 1224 praedicatio
1866 1157 2089 1224 subjecti

512 1253 695 1305 redeat
718 1252 769 1303 in
811 1250 1177 1315 pru'diratunt,
1206 1248 1343 1316 quod
1381 1250 1490 1301 ﬁeri
1523 1264 1629 1301 non
1660 1258 1853 1317 potest.
1885 1249 1985 1303 Sed
2013 1249 2088 1301 di-

512 1343 738 1397 cendum
771 1351 855 1396 est
884 1340 1022 1410 quod
1056 1352 1177 1393 sunt
1198 1343 1315 1393 alia:
1344 1339 1657 1393 differentia:
1688 1356 1805 1407 qua:
1845 1341 2092 1393 dicuntur

510 1433 847 1499 completivm
876 1431 1145 1499 praulicati
1171 1441 1223 1483 et
1252 1431 1531 1498 cujuslibet
1570 1431 1711 1485 illius
1748 1434 1979 1499 speciem
2012 1432 2089 1484 in-

511 1527 821 1587 formantes,
848 1541 964 1591 qum
989 1525 1255 1577 communi
1291 1524 1503 1578 nomine
1525 1524 1789 1591 speciﬁczn
1814 1528 2061 1582 numinau
2078 1554 2092 1565 -

510 1628 614 1668 tur.
647 1615 687 1668 Ν
709 1631 776 1666 tm
802 1630 921 1667 cum
945 1615 1064 1667 diro
1091 1615 1374 1667 animalum
1400 1623 1450 1667 et
1482 1615 1754 1679 sensibile,
1778 1616 1819 1668 si
1845 1619 2085 1669 substan.

510 1710 595 1761 tite
622 1708 1031 1774 coniungantur,
1061 1706 1435 1759 diflinitionem
1467 1715 1521 1760 ct
1550 1707 1785 1774 speciem
1823 1724 1941 1760 mox
1976 1708 2093 1760 ani-

510 1799 661 1852 malis
687 1799 942 1853 efﬁciunt.
984 1799 1191 1850 Animal
1224 1797 1366 1852 enim
1398 1808 1481 1852 est
1515 1798 1813 1852 substantia
1857 1801 2087 1852 animata

509 1891 795 1949 sensibihs.
830 1899 989 1956 atque
1021 1888 1101 1941 hre
1129 1889 1446 1943 differentia:
1472 1889 1721 1943 dicuntur
1742 1890 2007 1957 specilicae
2036 1901 2089 1943 et

509 1982 862 2049 completivze.
897 1984 1029 2035 Sunt
1049 1989 1226 2034 autem
1257 1982 1375 2033 alia:
1402 1996 1519 2050 qua:
1552 1983 1681 2048 ipsa:
1710 1982 1926 2049 quidem
1957 1982 2086 2035 nihil

507 2076 795 2143 complent,
843 2089 942 2128 nec
986 2074 1144 2127 ullam
1193 2075 1426 2141 speciem
1481 2074 1728 2135 reddunt,
1779 2075 1870 2128 sel
1920 2089 2087 2143 genus

506 2177 708 2221 tantum
755 2167 1034 2228 dividunt,
1081 2175 1136 2218 ut
1168 2165 1427 2220 rationale
1475 2174 1528 2217 et
1575 2165 1915 2227 irrationale,
1972 2166 2085 2219 haec

504 2259 653 2311 enim
683 2258 926 2311 dividunt
972 2270 1160 2325 genus,
1210 2255 1261 2309 id
1314 2264 1395 2308 est
1442 2253 1661 2308 animal.
1702 2254 1908 2308 Animal
1941 2255 2081 2309 enim

508 2348 750 2402 rationali
797 2340 1117 2401 differentia
1160 2347 1561 2414 irrationalique
1611 2344 1880 2399 dividitur.
1946 2346 2083 2415 Ergo

504 2440 612 2493 illa:
637 2453 755 2507 qua:
791 2447 915 2500 sunt
946 2435 1163 2506 generis
1217 2435 1456 2489 divisivtn
1500 2434 1814 2489 differentiae
1861 2446 2082 2502 possunt

504 2531 783 2600 aliquoties
797 2530 996 2583 eaedem
1016 2543 1134 2582 esse
1150 2570 1167 2595 ,
1193 2539 1415 2597 possunt
1429 2527 1710 2596 aliquoties
1728 2542 1832 2580 non
1854 2528 2075 2594 caulem,

504 2631 561 2674 ut
604 2622 867 2678 animalis.
901 2620 1152 2687 quoniam
1191 2619 1469 2671 divisibilis
1507 2626 1593 2671 est
1622 2617 1916 2672 differentia
1958 2635 2078 2688 qua:

502 2721 587 2767 est
613 2713 899 2777 rationale,
927 2722 1101 2778 potest
1131 2726 1247 2764 eam
1292 2724 1396 2766 non
1440 2709 1639 2765 habere
1675 2712 1810 2774 avis,
1842 2724 1961 2779 quae
1995 2722 2077 2765 est

499 2805 863 2860 subalternum
888 2819 1071 2874 genus.
1104 2804 1165 2857 Et
1198 2819 1380 2857 rursus
1408 2803 1622 2859 easdem
1654 2803 1947 2856 dirisibiles
1980 2802 2073 2854 ha-

499 2898 628 2953 bere
654 2908 846 2965 potest,
876 2907 937 2971 ut
976 2896 1190 2950 easdem
1219 2910 1352 2963 quas
1380 2897 1627 2964 superius
1664 2896 1919 2948 diximus.
1944 2895 2070 2947 Nam

497 3007 617 3044 cum
640 2990 878 3043 dividant
901 2989 1097 3042 animal
1128 2987 1466 3051 differentize,
1495 3002 1613 3055 qua:
1652 2986 1919 3048 carnibus,
1952 2986 2072 3038 her-

499 3080 598 3143 b's,
645 3091 699 3135 et
743 3078 1034 3134 seminibus
1068 3087 1371 3141 vescuntur,
1424 3076 1625 3128 czedem
1682 3083 1905 3143 possunt
1954 3091 2071 3130 csse

496 3172 788 3225 subaltcrni
821 3170 1058 3241 generis,
1101 3167 1151 3221 id
1189 3176 1273 3221 est
1317 3167 1456 3229 avis;
1489 3181 1617 3237 ergo
1660 3165 1741 3219 ha:
1772 3166 2070 3220 d.\'isibiles

498 3271 718 3327 [lassant
737 3262 897 3315 etiam
915 3274 1037 3315 esse
1054 3260 1299 3314 diversm.
1323 3258 1432 3312 Illae
1453 3274 1579 3312 vero
1597 3274 1715 3327 qum
1739 3259 2070 3325 completivoe

492 3363 552 3406 et
594 3352 856 3419 speeitica:
898 3361 1040 3409 sunt,
1080 3346 1366 3419 aliquando
1409 3364 1513 3403 non
1547 3349 1821 3414 prmdicari
1850 3351 1914 3400 (it!
1945 3351 2071 3404 Sub-

492 3445 632 3508 iecto
663 3458 767 3495 nun
805 3450 1045 3510 possunt.
1096 3440 1164 3495 Ut
1207 3439 1452 3507 quoniam
1498 3440 1695 3493 animal
1729 3439 1889 3493 habet
1920 3440 2070 3495 dide-

492 3535 695 3588 rentias
715 3533 1061 3601 completivas
1112 3543 1166 3585 et
1206 3546 1317 3585 sum
1351 3533 1545 3599 speciei
1574 3532 1864 3591 eli‘ectivus,
1902 3534 2069 3586 sensi-

492 3626 596 3687 bile
619 3625 823 3678 setlicet
859 3635 913 3675 et
938 3624 1249 3687 animatum,
1287 3624 1366 3674 ha:
1394 3622 1708 3677 differentia:
1750 3624 1816 3678 de
1855 3622 2069 3677 homine

489 3716 627 3783 quod
658 3726 741 3768 est
770 3714 1066 3782 subjectum
1098 3713 1344 3765 animalis
1375 3728 1479 3765 non
1505 3714 1775 3780 praedicari
1810 3730 1913 3767 non
1943 3729 2075 3783 pos-.

490 3818 632 3867 sunt.
662 3809 862 3861 Omnes
889 3807 1027 3860 enim
1060 3808 1323 3872 specilicze
1349 3807 1661 3862 diﬂ‘erentize
1689 3809 1755 3863 de
1804 3809 1887 3862 his
1933 3824 2067 3876 pra:-

488 3891 753 3960 dicantur,
785 3912 1012 3965 quorum
1057 3898 1290 3979 speciem
1329 3899 1639 3964 complent,
1676 3909 1733 3950 ut
1758 3897 1825 3951 de
1854 3897 2066 3951 animali

483 3986 809 4052 praedicatur
841 3988 1095 4041 sensibile
1126 3997 1179 4041 et
1209 3987 1522 4050 animatum,
1550 3996 1605 4040 et
1639 3985 1738 4039 hoc
1769 3998 1823 4041 ut
1848 3987 1914 4042 de
1944 3988 2070 4041 sub-

489 4079 645 4138 iecto.
679 4077 736 4130 ln
768 4079 1065 4132 snbsmntia
1094 4079 1235 4133 enim
1259 4080 1506 4132 animalis
1534 4092 1756 4147 utraque
1778 4082 2067 4149 praedican-

487 4178 596 4231 tur,
619 4167 713 4221 sed
736 4169 928 4221 animal
954 4169 1275 4237 prardicatur
1296 4170 1362 4224 de
1386 4170 1623 4233 homine,
1639 4180 1695 4223 ut
1716 4170 1782 4224 de
1804 4171 2073 4239 subjecto;

486 4273 705 4330 necesse
726 4268 809 4312 e~t
828 4275 955 4327 ergo
980 4260 1271 4314 animatum
1300 4272 1457 4329 atque
1483 4261 1734 4315 seu-ibilo
1760 4262 1825 4314 de
1850 4262 2064 4318 homine

488 4350 761 4417 praedicari
790 4361 845 4403 ut
868 4351 935 4405 de
963 4352 1227 4418 subjecto.
1257 4352 1364 4404 Iloc
1385 4362 1469 4404 est
1489 4353 1629 4405 enim
1652 4353 1791 4419 quod
1823 4356 2073 4421 superius.

487 4441 745 4507 praemisit
785 4455 905 4494 cum
952 4442 1197 4496 dceret:
1240 4441 1465 4509 Quando
1511 4442 1736 4496 alterum
1780 4444 1848 4498 de
1897 4446 2065 4499 altero

488 4535 806 4600 praedicatur
856 4543 914 4586 ut
950 4533 1016 4586 de
1063 4532 1324 4601 subjecto,
1358 4548 1685 4602 quaecunque
1718 4534 1786 4589 de
1816 4550 1880 4589 eo
1925 4536 2064 4602 quod

484 4624 804 4692 prmdicatur
826 4624 1095 4688 dicuntur,
1120 4624 1296 4677 omnia
1328 4625 1487 4678 etiam
1516 4625 1583 4679 de
1614 4627 1853 4693 subjecto
1881 4628 2068 4682 dicun-

482 4727 594 4779 tur;
629 4725 787 4783 atque
827 4716 928 4769 hoc
979 4717 1027 4767 in
1070 4714 1312 4768 omnibus
1352 4717 1640 4784 generibus
1682 4728 1825 4772 recte
1856 4731 2067 4773 constat

482 4808 722 4876 intelligi.
744 4808 1185 4876 Ergodivisibiles
1208 4808 1521 4863 dilicrentite
1544 4820 1764 4877 possunt
1784 4810 2063 4878 aliquando

478 4917 601 4956 cum
643 4899 899 4968 subjectis
937 4914 1056 4954 esse
1101 4915 1431 4966 communes,
1466 4902 1755 4971 aliquando
1795 4904 2021 4956 diversa:
2045 4948 2060 4970 ,

479 4992 741 5062 speciticaa
769 5008 894 5047 vero
920 5001 973 5047 et
1001 4994 1338 5062 completiva:
1379 5009 1501 5049 cum
1531 4993 1786 5063 subjectis
1815 5010 2059 5049 commu-

480 5101 577 5140 nes
606 5100 710 5139 non
732 5100 852 5139 esse
879 5100 983 5139 non
1014 5095 1254 5154 pos:unt.
1282 5086 1434 5153 Quod
1466 5101 1596 5154 ergo
1624 5086 1940 5141 Aristoteles
1961 5088 2054 5151 ait,

473 5179 911 5233 Subat'ternorum
941 5193 1193 5247 generum
1223 5179 1352 5232 nihil
1386 5178 1675 5246 prohibere
1693 5176 1908 5232 easdem
1934 5193 2056 5234 esse

472 5270 824 5337 ditferentias,
858 5271 1149 5326 divisibiles
1174 5271 1509 5325 differentias
1531 5272 1744 5324 easdem
1777 5284 1895 5324 esse
1919 5271 2051 5324 nihil

474 5362 760 5428 prohibere
791 5364 1079 5431 putandum
1110 5374 1213 5425 est,
1244 5377 1364 5431 qua:
1394 5372 1613 5431 possunt
1641 5376 1760 5415 esse
1783 5361 1944 5415 etiam
1972 5363 2051 5415 die

470 5470 658 5508 versat.
691 5454 841 5522 Quod
869 5457 941 5509 ait
960 5471 1087 5510 vero
1109 5471 1123 5506 :
1147 5455 1487 5522 Quaecunque
1511 5455 1779 5520 prardicati
1806 5454 2052 5509 differen-

470 5544 555 5597 tia:
583 5542 797 5609 fuerint,
824 5548 1025 5600 eadem
1049 5555 1204 5599 erunt
1228 5545 1389 5597 etiam
1411 5543 1661 5612 subjecti,
1685 5544 1758 5598 de.
1783 5546 2051 5609 spccilicis

470 5634 867 5704 intelligendum
905 5646 988 5691 est
1014 5652 1027 5684 :
1056 5648 1179 5702 qua:
1208 5648 1326 5687 cum
1371 5633 1604 5701 speciem
1654 5633 1941 5699 cujuslibet.
1971 5635 2048 5689 in—

470 5727 722 5792 formem,
769 5741 824 5783 et
865 5727 932 5781 de
959 5742 1023 5782 eo
1065 5726 1204 5791 quod
1252 5724 1562 5791 informant,
1602 5735 1651 5777 ul
1693 5724 1760 5778 de
1784 5724 2045 5793 subjecto,

876 297 889 325 '
1746 312 1859 373 ΑΝ.
1900 314 2112 371 ωλι.

2154 313 2303 369 SEV.
2350 313 2568 368 liOE'l'll
3670 310 3751 363 180

2118 429 2165 486 Α
2196 426 2578 493 ῃττίιάἰερηιιιν,
2610 423 2675 477 ad
2717 422 3070 492 quodcunque
3099 433 3155 477 ut
3186 424 3426 492 subjecto
3454 424 3750 492 praedicatur

2199 516 2325 571 .llud
2364 517 2506 583 quod
2553 517 2681 583 ipsa:
2726 514 3040 568 dilferentiar
3083 514 3393 577 informant,
3426 514 3490 568 de
3526 529 3589 568 eo
3618 523 3673 567 ut
3694 514 3750 568 de

2193 608 2434 674 siibjccto
2465 606 2917 674 pra-dicabuutur,
2943 616 2995 659 et
3017 607 3083 660 de
3113 621 3178 659 eo
3205 621 3307 659 non
3350 603 3622 672 prtcdicari
3658 619 3746 656 non

2194 707 2433 767 possunt.
2480 698 2654 763 Quare
2696 697 2827 750 nihil
2867 710 2950 751 est
2996 698 3044 749 in
3097 696 3397 765 hujusmodi
3446 695 3751 749 theoremate

2191 790 2329 859 quod
2360 791 2469 843 ullo
2498 790 2657 843 modo
2686 790 2881 844 debeat
2909 790 3207 843 emendari.

2263 880 2457 934 Eorum
2482 883 2684 951 quidem
2704 898 2819 950 qua:
2847 883 3125 935 secundum
3156 882 3353 935 nullam
3376 882 3754 948 complexionem

2191 973 2459 1035 dicuntur,
2506 975 2763 1043 cingulum
2814 984 2901 1027 aut
2952 976 3287 1027 substantiam
3343 976 3632 1045 signiﬁcat,
3676 985 3753 1028 aut

2190 1065 2549 1130 quantitatem,
2577 1075 2664 1117 aut
2712 1064 3027 1132 qualitatem,
3070 1076 3160 1118 aut
3187 1067 3253 1118 ad
3282 1066 3501 1135 aliquid,
3533 1076 3620 1117 aut
3659 1066 3748 1127 ubi,

2190 1166 2278 1207 aut
2307 1156 2539 1223 quando,
2557 1167 2643 1207 aut
2664 1158 2836 1220 situm,
2861 1166 2949 1207 aut
2974 1158 3177 1221 habere,
3204 1166 3294 1209 aut
3318 1161 3507 1225 facere,
3533 1165 3618 1208 aut
3641 1158 3753 1226 pati.

2195 1246 2287 1301 Est
2311 1257 2478 1301 autent
2520 1248 2802 1302 substantia
2838 1258 2891 1300 ut
2926 1249 3212 1316 ﬁguraliter
3242 1249 3466 1314 dicatur,
3498 1259 3554 1301 ut
3594 1248 3750 1311 homo,

2192 1357 2373 1409 equus.
2427 1342 2719 1406 Quanlitas,
2748 1352 2806 1393 ut
2844 1341 3138 1400 bicubitum.
3166 1342 3477 1394 tricubitum.
3514 1341 3754 1406 Qualitas,

2193 1446 2247 1488 ut
2276 1435 2469 1492 album.
2498 1435 2900 1504 grammaticum.
2928 1435 3009 1487 Ad
3035 1435 3250 1502 aliquid,
3278 1444 3332 1487 ut
3355 1432 3587 1499 duplum,
3618 1434 3755 1485 dimi-

2193 1525 2352 1584 dium,
2376 1527 2565 1597 majus,
2588 1526 2777 1577 minus.
2814 1524 2930 1584 Ubi,
2954 1534 3008 1577 ut
3031 1526 3082 1576 in
3109 1526 3266 1593 lyceo,
3292 1526 3342 1576 iu
3365 1528 3497 1592 foro.
3530 1522 3752 1587 Quando,

2194 1627 2245 1669 ut
2272 1617 2405 1682 lteri,
2428 1618 2679 1687 superiori
2704 1634 2859 1670 anno.
2886 1616 3077 1680 Situm,
3097 1628 3149 1668 ut
3180 1618 3339 1679 sedet,
3358 1618 3520 1686 jacet.
3547 1614 3755 1682 Habere,

2198 1717 2252 1760 ut
2280 1709 2550 1770 calceatus,
2578 1718 2827 1761 armatus.
2847 1705 3062 1772 Facere,
3084 1718 3135 1760 ut
3157 1724 3347 1775 secare,
3373 1723 3533 1760 urere.
3563 1707 3692 1767 Pati,
3710 1710 3755 1761 ut

2128 1790 2166 1845 Β
2195 1800 2376 1861 secari,
2401 1800 2501 1851 uri.
2534 1798 2751 1868 Singula
2780 1799 2933 1869 igitur
2960 1815 3135 1852 eorum
3176 1815 3287 1867 qum
3326 1800 3462 1851 dicta
3486 1811 3625 1866 sunt,
3657 1801 3753 1867 ipsa

2190 1891 2389 1953 quidem
2434 1891 2713 1943 secundum
2752 1906 2805 1943 se
2847 1893 2899 1943 in
2946 1890 3091 1943 nulla
3128 1892 3461 1959 afﬁrmatione
3502 1892 3752 1954 dicuntur,

2189 1990 2274 2031 aut
2311 1981 2606 2050 negatione,
2630 1982 2812 2033 horum
2851 1990 3021 2033 autem
3054 1981 3121 2032 ad
3164 1997 3217 2034 se
3255 1982 3469 2034 invicem
3504 1982 3754 2051 afﬁrmatio

2188 2070 2264 2121 vel
2288 2071 2491 2140 negatio
2542 2071 2600 2138 ﬁt
2636 2056 3021 2141 complexione.
3044 2070 3261 2125 Videtur
3288 2082 3456 2124 autem
3487 2076 3648 2125 omnis
3684 2073 3756 2142 af-

2187 2162 2409 2229 ﬁrmatio
2453 2162 2533 2217 vel
2576 2165 2799 2232 negatio,
2832 2162 2906 2216 cel
2952 2179 3069 2216 cera
3105 2163 3181 2216 ccl
3228 2163 3359 2232 falsa
3402 2180 3509 2217 esse
3540 2179 3557 2215 :
3594 2180 3754 2217 eorum

2186 2263 2351 2305 autem
2378 2268 2489 2320 qua:
2526 2254 2804 2306 secundum
2842 2254 3037 2306 nullout
3079 2254 3479 2324 complexionem
3507 2255 3755 2316 dicuntur,

2184 2342 2387 2413 singula
2412 2360 2572 2411 neque
2599 2360 2738 2411 vera,
2773 2362 2931 2416 neque
2960 2346 3091 2415 falsa
3118 2354 3257 2412 sunt,
3294 2357 3349 2400 ut
3378 2347 3547 2414 homo,
3571 2348 3754 2414 album,

2185 2436 2362 2495 currit,
2390 2437 2573 2491 vincit.
3191 2430 3203 2441 ’

2254 2526 2379 2579 Post
2425 2527 2795 2595 parvissitnam
2841 2529 2892 2581 in
2938 2537 3165 2597 quatuor
3211 2528 3754 2593 enumerationem,id

2182 2629 2265 2672 est.
2296 2620 2345 2671 in
2377 2619 2753 2688 substantiam,
2788 2620 3059 2685 accidens,
3092 2620 3570 2686 universalitatem,
3603 2623 3755 2689 parti-

2181 2708 2537 2774 cularitatem,
2586 2725 2726 2763 nunc
2757 2710 2929 2764 estde
2959 2711 3242 2778 partitione
3286 2711 3519 2763 maxima
3567 2720 3756 2764 tracta-

2183 2812 2361 2865 turus,
2391 2816 2510 2869 qua:
2556 2798 2613 2853 ﬁt
2662 2800 2713 2853 in
2761 2801 2974 2865 decem;
3025 2800 3125 2855 hac
3169 2801 3309 2853 enim
3356 2801 3756 2854 enumeratione

2181 2893 2349 2961 major
2374 2908 2477 2947 non
2509 2903 2682 2958 potest
2712 2893 2958 2955 inveniri,
2984 2908 3154 2961 neque
3176 2892 3317 2946 enim
3350 2891 3591 2945 undecim
3620 2906 3757 2960 prat-

2178 2984 2477 3037 dicamenta
2522 2992 2769 3052 puterunt
2816 2984 3061 3049 invan‘i,
3084 2998 3183 3037 nec
3228 2983 3365 3037 ultra
3414 2983 3601 3037 decem
3648 2984 3757 3037 ullo

2181 3076 2339 3128 modo
2378 3074 2588 3145 aliquod
2627 3091 2795 3144 genus
2844 3084 2990 3129 recte
3036 3076 3328 3145 excogitari
3376 3084 3553 3144 p0test
3592 3090 3758 3144 quare

2102 3151 2143 3227 (ξ
2177 3169 2301 3221 facit
2330 3169 2631 3236 hujusmodi
2658 3169 3136 3233 enumerationem,
3165 3168 3258 3223 sed
3289 3184 3394 3221 non
3420 3168 3757 3223 divisionem.

2179 3260 2376 3314 Divisio
2407 3274 2636 3328 namque
2671 3257 2782 3313 fere
2820 3268 2902 3312 est
2940 3259 3152 3327 generis
3186 3258 3238 3311 in
3288 3258 3496 3326 species
3521 3274 3536 3318 ;
3561 3257 3757 3326 pracdi-

2176 3359 2539 3405 Camentorum
2572 3364 2718 3415 vero,
2748 3350 2997 3418 quoniam
3026 3364 3193 3418 genus
3222 3364 3382 3402 unum
3406 3364 3510 3402 non
3540 3347 3757 3411 habent,

2174 3442 2365 3494 divisio
2392 3455 2513 3495 esse
2555 3456 2657 3492 non
2708 3450 2900 3508 potcSI,
2933 3441 3025 3494 sed
3069 3442 3247 3508 pmius
3291 3441 3623 3494 enumeratio
3651 3448 3757 3494 est.

2173 3530 2309 3587 Sunt
2336 3545 2465 3584 vero
2511 3530 2725 3599 quidam
2772 3531 2858 3599 qui
2911 3531 3244 3584 contendunt
3280 3546 3427 3586 recze
3467 3547 3756 3586 enumera-

2176 3624 2369 3676 tionem
2405 3638 2505 3673 non
2533 3636 2653 3675 esse
2681 3622 3017 3690 dispositam,
3040 3623 3129 3676 alii
3158 3639 3385 3692 namque
3417 3632 3472 3675 ut
3497 3638 3759 3690 superva-

2172 3729 2265 3765 cui
2298 3712 2539 3782 quaedam
2572 3711 2810 3774 demunt,
2843 3712 2933 3765 alii
2965 3722 3019 3766 ut
3045 3725 3200 3766 curto
3228 3714 3378 3783 Operi
3407 3713 3629 3779 addunt,
3662 3714 3761 3769 alii

2172 3818 2299 3855 vero
2330 3811 2650 3869 permutant,
2678 3817 2815 3875 quos
2846 3801 3095 3856 nimirum
3125 3818 3231 3857 non
3261 3812 3404 3858 recte
3426 3803 3624 3857 sentire
3649 3803 3762 3856 alio

2172 3893 2326 3945 nobis
2362 3875 2528 3960 opere
2576 3892 2866 3946 dicendum
2914 3902 2997 3946 est
3025 3909 3038 3956 ;
3068 3894 3144 3946 ait
3169 3903 3342 3947 autem
3369 3911 3381 3946 :
3410 3893 3604 3948 Eurum
3634 3909 3762 3961 qua:

2170 3984 2461 4038 secundum
2493 3984 2693 4038 nullam
2718 3986 3139 4053 complexionem
3164 3986 3429 4040 dicuntur.
3463 3986 3611 4041 Adeo
3642 4004 3759 4041 non

2168 4073 2235 4127 de
2281 4074 2459 4138 rebus,
2489 4074 2580 4128 sed
2613 4074 2679 4128 de
2710 4076 2928 4129 vocibus
2976 4084 3298 4129 tractaturus
3324 4086 3425 4136 est.
3459 4085 3515 4129 ut
3543 4077 3763 4131 diceret.

2171 4163 2449 4218 Dicuntur.
2479 4163 2586 4217 Res
2608 4165 2750 4218 enim
2776 4164 2987 4233 proprie
3012 4180 3115 4218 non
3143 4166 3408 4233 dicuntur,
3429 4165 3526 4219 Sed
3558 4181 3727 4220 voces
3745 4185 3773 4227 :7

2169 4264 2222 4307 ct
2249 4255 2389 4322 quod
2414 4255 2640 4321 addidit,
2665 4256 2929 4324 singulum
2960 4265 3049 4309 aut
3079 4258 3429 4311 substantiam
3461 4258 3777 4325 signiﬁcat,

2170 4345 2274 4400 late
2305 4355 2449 4413 patet
2477 4362 2597 4401 eum
2628 4348 2694 4399 de
2722 4348 2943 4401 vocibus
2982 4347 3300 4415 disputare»;
3328 4353 3432 4401 n'ou
3465 4349 3606 4402 enim
3639 4365 3766 4411 res,

2171 4439 2263 4491 sed
2313 4454 2472 4492 voces
2514 4438 2838 4508 significant,
2866 4438 3227 4508 significantur
3264 4448 3441 4493 autem
3485 4454 3593 4494 res.
3622 4440 3773 4500 Sino

2100 4514 2144 4571 υ
2170 4538 2541 4615 complexione
2561 4553 2686 4590 vero
2708 4538 2954 4592 dicuntur
2972 4539 3050 4608 (ut
3074 4538 3271 4592 dictum
3293 4542 3394 4603 est)
3417 4554 3772 4608 quaecunque

2170 4629 2421 4697 singulari
2475 4630 2746 4683 intellectu
2786 4641 2839 4683 et
2884 4644 3016 4682 voce
3046 4628 3770 4697 proferunturzsecundum

2169 4719 2589 4785 complexionem
2620 4734 2745 4773 vero
2770 4733 3101 4787 quaecunque
3145 4719 3321 4784 aliqua
3370 4719 3774 4788 conjunctione

2169 4810 2249 4861 vel
2295 4808 2588 4861 accidentis
2629 4807 2967 4875 c0pulatione
3014 4807 3324 4861 miscentur.
3366 4808 3471 4862 Sed
3508 4809 3637 4877 quid
3691 4826 3773 4865 ex

2169 4909 2231 4960 iis
2279 4922 2397 4975 qua:
2437 4907 2727 4961 secundum
2779 4906 2980 4959 nullam
3027 4908 3449 4975 complexionem
3492 4907 3774 4963 dicuntur

2142 4998 2412 5061 efficitur,
2440 4996 2554 5064 ipse
2595 4997 2928 5051 demonstrat
2972 5011 3092 5051 cum
3138 4997 3540 5065 dicit:Singula
3586 4999 3775 5067 igitur

2162 5102 2344 5139 eorum
2374 5102 2491 5151 qua:
2522 5086 2661 5140 dicta
2692 5097 2839 5151 sunt,
2876 5087 2987 5156 ipsa
3015 5088 3229 5153 quidem
3267 5089 3559 5142 secundum
3600 5102 3673 5142 se
3707 5090 3773 5143 in

2160 5185 2297 5237 nulla
2315 5184 2663 5239 afﬁrmatiOne
2676 5186 2945 5251 dicuntur,
2958 5185 3146 5240 horum
3163 5198 3338 5241 autem
3352 5188 3415 5240 ad
3434 5202 3491 5241 se
3506 5188 3773 5242 invicem

2158 5275 2525 5340 complexione
2550 5275 2835 5329 afﬁrmatio
2862 5278 2919 5329 tit
2944 5277 3191 5341 ;,videtur
3219 5279 3361 5330 enim
3390 5279 3567 5330 omnis
3594 5278 3777 5331 affir-

2159 5363 2321 5416 matio
2359 5364 2443 5418 vel
2485 5364 2613 5417 falsa
2660 5380 2781 5417 esse
2831 5367 2913 5417 vel
2960 5380 3104 5420 vera.
3158 5367 3355 5419 Eorum
3400 5375 3576 5419 autem
3621 5383 3777 5436 qum

2158 5456 2455 5509 secundum
2507 5457 2706 5508 nullam
2776 5458 3197 5524 complexionem
3248 5456 3518 5521 dicuntur,
3567 5473 3780 5528 neque

2156 5560 2339 5598 verum
2364 5544 2677 5614 quidquam,
2701 5561 2869 5615 neque
2897 5546 3083 5600 falsum
3112 5557 3216 5610 est,
3245 5557 3302 5601 ut
3329 5551 3505 5613 homo,
3532 5549 3772 5614 album,

2155 5639 2338 5692 currit.
2371 5638 2553 5690 vincit.
2585 5636 2859 5705 Signiﬁcat
2890 5653 3017 5708 ergo
3046 5648 3096 5692 et
3138 5639 3222 5693 hic
3249 5655 3310 5693 ea
3336 5655 3453 5709 quae
3484 5640 3602 5696 sine
3636 5643 3783 5705 ulla,

2153 5728 2520 5797 complexione
2567 5727 2812 5782 dicunt-ur
2870 5728 3239 5786 aiﬁrmationis
3286 5732 3389 5785 vim
3441 5747 3545 5787 non
3596 5734 3785 5795 obtie.
