4030 6336
288 354 385 410 181

1275 354 1341 409 tN
1380 351 1819 410 CATEGORIAS
1857 353 2308 411 ARISTOTELIS
2350 356 2477 411 LIB.
2521 357 2563 413 Ι.

3475 365 3633 426 t-‘St’l

284 482 438 521 nere.
469 463 526 519 Si
565 464 685 532 quis
726 464 868 517 enim
914 462 1059 517 dicat
1094 464 1272 527 homo,
1302 462 1387 517 vel
1427 463 1628 530 album,
1661 463 1743 516 vel
1789 462 1884 517 de-
1910 465 1956 524 Α
1986 466 2195 520 stantiis
2225 465 2577 529 incboaverit,
2608 484 2727 527 nam
2778 470 3027 537 quoniam
3060 471 3235 525 onmis
3284 488 3367 527 res
3398 486 3489 529 aut
3520 480 3569 532 in

281 576 427 624 cem,
452 557 539 611 vel
563 555 825 625 quidlibet
853 555 1078 623 simplici
1111 554 1291 621 modo,
1318 556 1369 608 in
1399 571 1465 610 eo
1492 570 1665 626 neque
1694 570 1877 609 verum

282 654 482 723 aliquid
525 652 786 715 inveniet,
817 666 992 721 neque
1023 650 1234 714 falsum,
1268 649 1362 704 sed
1394 652 1569 704 omnis
1600 650 1884 705 afﬁrmatio

281 749 369 803 vel
398 762 521 801 vera
554 746 640 800 vel
676 744 807 798 falsa
839 752 938 797 est.
972 742 1138 809 igitur
1168 743 1541 797 universaliter
1573 744 1883 811 pronuntiat

279 839 697 910 przedicamenta
729 835 1101 891 aflirmationis
1142 834 1351 889 ratione
1398 837 1611 904 penitus
1649 851 1754 889 non
1796 846 1880 889 tc-

284 929 555 985 nerizsed
603 929 719 983 haec
771 928 958 982 eadem
1006 928 1048 980 si
1089 942 1207 980 cum
1238 926 1470 997 quadam
1502 926 1880 995 complexione

281 1022 564 1091 conjuncta
594 1021 722 1085 sint,
752 1020 865 1073 ﬁeri
916 1020 1307 1088 propositiones
1363 1032 1583 1071 necesse
1627 1027 1727 1081 est,
1759 1034 1878 1087 qum

284 1115 337 1165 in
377 1128 437 1167 se
474 1128 660 1167 verum
711 1110 972 1164 falsumve
1018 1111 1350 1163 contineant.
1400 1109 1505 1164 Sed
1551 1126 1655 1163 non
1702 1111 1877 1163 omnis

281 1202 587 1274 complexio
612 1203 1031 1272 propositionem
1062 1201 1204 1264 facit,
1240 1216 1337 1253 nec
1369 1201 1411 1253 si
1442 1200 1648 1264 dixero,
1682 1200 1876 1255 Socra-

283 1305 364 1349 tes
405 1296 458 1348 in
507 1294 643 1356 foro,
676 1294 880 1348 idcirco
917 1292 1027 1360 jam
1078 1291 1373 1359 propositio
1403 1300 1513 1353 est;
1542 1291 1636 1346 sed
1674 1291 1719 1345 si
1755 1292 1875 1360 quis

280 1387 447 1451 dicat,
475 1385 730 1441 Socrates
770 1386 824 1439 in
857 1384 972 1438 foro
1017 1383 1276 1448 ambulat,
1312 1392 1438 1437 tttnc
1470 1382 1527 1436 ﬁt
1556 1383 1871 1451 propositi",

279 1492 401 1547 qua:
427 1485 518 1531 aut
544 1476 833 1531 afﬁrmatio
858 1484 942 1531 est
968 1484 1059 1529 aut
1088 1476 1322 1544 negatio.
1348 1474 1747 1529 Afﬁrmationes
1773 1490 1870 1529 au-

280 1583 390 1625 tem
422 1580 476 1624 et
505 1570 835 1639 negationes,
864 1570 948 1623 vel
974 1583 1115 1623 verae
1144 1568 1390 1621 videntur
1418 1581 1540 1622 esse
1571 1567 1654 1621 vel
1693 1566 1868 1634 falsae;

281 1672 442 1731 atque
482 1661 604 1716 ideo
637 1661 992 1730 quodcunque
1036 1673 1209 1728 neque
1237 1674 1424 1713 verum
1448 1672 1632 1726 neque
1678 1657 1868 1712 falsum

282 1764 388 1817 est,
435 1753 567 1807 illud
610 1752 901 1822 propositio
947 1766 1053 1805 non
1104 1760 1208 1805 est.
1264 1751 1399 1820 Ergo
1450 1750 1678 1819 quadam
1722 1765 1870 1804 com-

1986 557 2230 625 snbjecto
2258 566 2361 621 est,
2389 568 2481 611 aut
2507 559 2750 625 subjecto
2780 575 2885 615 non
2914 572 3015 627 est,
3062 558 3317 631 quidquid
3349 566 3401 619 in
3438 570 3594 628 sub-1

1982 649 2123 717 jecto
2166 659 2269 713 est,
2300 660 2422 721 eget
2465 651 2737 717 subjecto,
2766 654 3017 722 quoniam
3046 656 3099 709 in
3130 659 3341 727 prepria
3382 648 3581 721 natura'

1985 760 2090 799 non
2131 755 2311 814 petest
2358 736 2693 825 consistere}
2719 757 2772 802 et
2808 751 3058 818 quoniam
3108 752 3270 807 rebus
3318 755 3574 812 omnibus

1983 839 2297 915 substantia
2326 838 2563 915 subjecta
2614 848 2729 903 est,
2778 841 2907 895 nihil
2959 858 3143 897 eorum
3188 860 3308 912 qua:
3353 858 3476 902 sunt
3514 848 3571 908 iis

1980 930 2223 997 subjecto
2252 916 2447 997 praeter
2489 931 2841 984 substantiam
2871 933 3066 1000 poterit
3096 949 3428 1002 permanere.
3462 930 3571 997 Set

1984 1020 2128 1085 prior
2158 1020 2245 1073 illa
2277 1030 2463 1073 natura
2490 1030 2595 1085 est,
2628 1019 2745 1075 sine
2774 1037 2875 1092 qua
2907 1023 3006 1076 alia
3031 1038 3152 1078 esse
3182 1041 3285 1080 non
3321 1041 3566 1095 possunt.

1980 1112 2226 1180 quocirca
2261 1112 2408 1180 prior
2450 1112 2768 1166 naturaliter
2810 1112 3019 1166 videtur
3062 1130 3181 1170 esse
3225 1117 3567 1180 substantia;

1980 1220 2084 1257 non
2130 1204 2361 1258 absurde
2403 1204 2561 1270 igitur
2604 1204 2656 1258 in
2708 1204 3067 1274 disputatione
3110 1209 3248 1277 quod
3295 1213 3441 1279 prius
3471 1227 3565 1282 per

1980 1304 2220 1347 naturam
2272 1294 2385 1357 fuit,
2420 1296 2565 1362 ptius
2606 1296 2767 1349 etiam
2808 1296 3054 1364 sumpsit,
3087 1308 3141 1352 et
3184 1299 3559 1359 difﬁnitionem

1977 1388 2190 1456 quidem
2236 1389 2547 1442 substantim
2602 1388 2846 1458 proferre
2897 1405 3002 1443 non
3054 1393 3261 1457 potuit,
3303 1393 3396 1448 sed
3444 1409 3564 1463 pOSt

1974 1481 2279 1547 exemplum
2323 1480 2571 1549 superius
2608 1481 2789 1534 datum
2828 1481 3243 1549 descriptionem
3274 1484 3559 1552 quamdam

1976 1571 2178 1638 profert
2230 1587 2330 1640 qua
2370 1572 2495 1641 quid
2530 1573 2598 1626 sit
2629 1573 2741 1639 ipsa
2790 1573 3086 1628 substantia
3117 1588 3372 1641 queamus
3399 1590 3567 1645 agnos

1973 1677 2123 1717 scere
2146 1678 2160 1716 :
2180 1662 2282 1716 hoc
2308 1673 2390 1717 est
2410 1674 2610 1729 autem,
2637 1679 2740 1717 non
2762 1679 2884 1719 esse
2905 1665 2957 1718 in
2980 1665 3248 1735 subjecto;
3266 1666 3560 1720 substantia

1973 1754 2113 1807 enim
2144 1756 2194 1807 in
2223 1755 2464 1824 subjecto
2489 1771 2593 1809 non
2614 1764 2715 1811 est.
2742 1756 2889 1809 Facit
2914 1766 3090 1811 autem
3118 1757 3400 1826 quamdam
3431 1757 3563 1812 sub-

281 1844 530 1914 plexione
555 1859 619 1899 ex
651 1845 716 1898 iis
735 1858 855 1913 qua:
879 1841 1176 1897 secundum
1207 1841 1410 1896 nullam
1440 1841 1869 1909 complexionem
1906 1840 1952 1897 B
1978 1848 2290 1901 stantiarum
2339 1848 2656 1902 divisionem
2702 1864 2821 1901 cum
2869 1848 3021 1914 dicit,
3053 1850 3184 1903 alias
3213 1850 3412 1918 primas
3442 1864 3563 1903 esse

278 1936 529 1988 dicuntur
570 1935 765 1988 veritas
787 1933 1094 2002 fa'sitasque
1116 1932 1416 1986 conﬁcitur.
1440 1930 1867 1986 Afﬁrmatiunem

278 2037 457 2082 autem
508 2027 676 2081 solam
722 2043 864 2082 nunc
910 2027 1233 2082 Aristoteles
1284 2028 1641 2097 interposuit,
1672 2025 1870 2081 idcirco

279 2119 421 2188 quod
456 2119 630 2173 omnis
656 2118 941 2174 afﬁrmatio
983 2118 1132 2189 prior
1169 2128 1293 2181 est;
1324 2120 1423 2173 hoc
1468 2119 1613 2174 enim
1640 2118 1871 2193 .negatio

280 2210 436 2276 tollit,
469 2210 610 2279 quod
647 2210 934 2265 afﬁrmatio
962 2219 1088 2265 ante
1124 2211 1445 2266 constituit:
1472 2212 1617 2280 prius
1652 2210 1867 2280 quidem

278 2304 573 2359 secundum
614 2304 1055 2373 signiﬁcationem
1078 2348 1093 2371 ,
1135 2304 1230 2359 sed
1280 2320 1405 2375 non,
1440 2303 1738 2361 secundum
1776 2318 1868 2373 ge-

280 2412 403 2460 nus,
434 2398 574 2468 quod
616 2397 724 2453 alio
772 2398 998 2468 liquebit
1037 2398 1178 2455 loco.
1211 2397 1444 2452 Maxime
1486 2407 1664 2452 autem
1719 2412 1870 2450 mon-

276 2501 414 2546 strat
458 2489 778 2545 Aristoteles
817 2503 878 2544 se
921 2503 1025 2544 non
1071 2489 1137 2542 de
1186 2488 1369 2550 rebus.
1403 2489 1496 2543 sed
1539 2488 1606 2543 de
1649 2486 1870 2541 vocibus

278 2596 656 2649 tractaturum,
684 2583 824 2654 quod
860 2581 933 2637 ait
963 2599 978 2640 :
1019 2583 1218 2637 llornm
1250 2590 1428 2635 autem
1457 2582 1524 2635 ad
1552 2594 1611 2635 se
1639 2580 1867 2634 invicem

276 2678 651 2746 complexione
697 2676 984 2731 afﬁrmatio
1014 2674 1110 2738 ﬁt;
1154 2689 1259 2728 non
1311 2673 1454 2728 enim
1500 2687 1681 2727 rerum
1724 2687 1869 2726 eom-

276 2769 533 2836 plexione
581 2769 642 2822 ﬁt
686 2768 971 2821 afﬁrmatio
1010 2767 1094 2822 vel
1142 2764 1376 2835 negatio,
1403 2764 1496 2820 sed
1530 2779 1867 2830 sermonum,

276 2876 378 2916 nec
403 2862 460 2915 in
490 2860 653 2915 rebus
682 2868 765 2914 est
792 2861 989 2913 veritas
1019 2868 1073 2913 et
1101 2856 1325 2922 falsitas,
1355 2855 1449 2910 sed
1488 2857 1542 2910 in
1586 2856 1870 2911 intellecti-

274 2958 377 3009 tms
406 2965 566 3025 atque
594 2954 967 3023 opinionibus,
993 2962 1047 3007 et
1072 2961 1192 3021 post
1221 2952 1337 3005 haec
1368 2951 1424 3004 in
1451 2951 1675 3005 vocibus
1705 2960 1867 3019 atque

274 3047 633 3102 sermonibus.
670 3049 845 3116 Atque
889 3047 1004 3100 haec
1051 3045 1330 3100 hactenus.
1368 3044 1674 3100 Secundum
1719 3060 1860 3098 cum-

274 3138 581 3207 plexionem
610 3153 736 3207 ergo
766 3146 895 3191 sunt
943 3152 1276 3207 quaecunque
1304 3153 1368 3190 cx
1402 3135 1623 3206 integris
1651 3150 1869 3205 compo-

1976 1940 2337 2004 substantias,
2384 1939 2517 1993 alias
2563 1940 2826 1994 secundas
2856 1958 2869 1994 :
2896 1940 3092 2007 primas
3132 1955 3330 1995 vocans
3372 1941 3563 1995 indvi-

1975 2030 2129 2095 duas,
2159 2029 2423 2085 secundas
2451 2045 2581 2085 vero
2608 2031 3002 2086 individuarum
3028 2032 3235 2100 species
3260 2042 3314 2087 et
3340 2046 3559 2103 genera.

1979 2124 2119 2193 Ergo
2159 2139 2281 2178 cum
2316 2122 2889 2193 primis’secundisque
2931 2123 3245 2178 s::b5tantiis
3274 2138 3561 2178 commune
3598 2138 3605 2157 π

1975 2216 2047 2269 sit
2076 2231 2181 2270 non
2208 2231 2329 2270 esse
2358 2216 2410 2270 in
2442 2215 2706 2285 subjecto,
2735 2215 2973 2270 additum
3007 2215 3194 2284 primis
3224 2205 3561 2281 substantiis,

1974 2305 2042 2360 de
2083 2306 2339 2376 subjectis
2386 2322 2494 2360 non
2546 2306 2859 2375 prmdicari,
2910 2307 3112 2376 primas
3162 2309 3487 2363 substantias
3531 2310 3562 2364 ἐι

1975 2399 2224 2453 secundis
2253 2400 2569 2455 substantiis
2596 2401 2842 2469 separat;
2875 2399 3171 2455 substantia
3200 2401 3341 2456 enim
3374 2401 3565 2459 indivi~

1974 2492 2097 2556 dua,
2128 2492 2181 2547 in
2209 2508 2275 2547 eo
2304 2492 2445 2562 quod
2479 2504 2560 2547 est
2603 2494 2921 2559 substantia,
2956 2494 3006 2547 in
3038 2494 3278 2563 subjecto
3310 2512 3413 2549 non
3445 2506 3561 2551 est:

1973 2583 2113 2654 quod
2144 2594 2320 2639 autem
2353 2585 2625 2639 individua
2667 2593 2771 2650 est,
2805 2586 2872 2639 de
2899 2585 3141 2655 subjecto
3173 2601 3277 2641 non
3306 2570 3562 2658 praedica-

1976 2690 2080 2732 tur.
2148 2680 2285 2733 Sunt
2337 2695 2466 2748 ergo
2522 2682 2708 2748 primae
2763 2675 3078 2734 substantia:
3130 2696 3248 2748 qua:
3298 2696 3472 2751 neque
3511 2682 3562 2734 in

1978 2768 2223 2838 subjecto
2268 2779 2424 2836 snnt,
2455 2785 2628 2839 neque
2671 2770 2739 2823 de
2783 2770 3023 2838 subjecto
3073 2771 3355 2835 dicuntur,
3384 2781 3441 2824 ut
3480 2786 3561 2825 est

1974 2863 2223 2917 Socrates
2244 2863 2326 2916 vel
2352 2863 2519 2916 Plato.
2547 2862 2609 2915 lli
2632 2861 2771 2915 enim
2798 2861 3050 2930 quoniam
3075 2862 3387 2916 substantia:
3413 2875 3558 2923 sunt,

1975 2954 2026 3008 in
2078 2953 2320 3020 subjecm
2364 2953 2511 3006 nullo
2562 2957 2707 3006 sunt.
2741 2952 3004 3017 Quoniam
3048 2966 3176 3005 vero
3212 2952 3560 3020 particulares

1973 3044 2343 3112 individuique
2394 3053 2539 3109 sunt,
2587 3059 2652 3098 ne
2702 3044 2849 3097 nullo
2892 3044 3135 3112 subjecto
3182 3044 3559 3113 prmdicautur.

1974 3136 2236 3193 Secunda:
2266 3151 2394 3191 vero
2425 3136 2738 3190 substantiae
2765 3143 2909 3198 sunt,
2934 3135 3126 3203 quibus
3167 3148 3453 3188 commune
3478 3146 3561 3189 est

273 3231 391 3284 sitis
435 3230 588 3293 ﬁunt,
621 3238 679 3283 ut
716 3230 968 3284 Socrates
1013 3228 1273 3295 ambulat,
1306 3242 1432 3281 nam
1459 3237 1513 3282 et
1542 3228 1794 3283 Socrates
1818 3239 1871 3283 et
1898 3217 1943 3279 C
1976 3246 2098 3286 cum
2128 3230 2315 3300 primis
2361 3229 2709 3290 substantiis,
2737 3227 2875 3297 quod
2910 3227 2963 3281 in
2993 3227 3235 3296 subjecto
3264 3240 3370 3279 non
3414 3238 3559 3290 sunt,

272 3323 511 3377 ambulat
550 3332 775 3392 uterque
824 3322 1029 3391 integer
1069 3335 1251 3375 sermu
1301 3328 1403 3386 est,
1453 3328 1507 3374 et
1551 3322 1870 3390 coniunctus

272 3414 684 3469 afﬁrmationem
715 3413 860 3467 facit.
898 3413 968 3467 At
997 3427 1123 3467 vero
1153 3413 1196 3467 si
1225 3413 1346 3483 quis
1374 3412 1519 3467 dicat
1550 3414 1868 3483 ﬂammiger,

272 3512 356 3565 vel
380 3509 724 3573 multisonus,
745 3508 832 3563 vel
860 3507 1199 3577 ﬂuctivagus,
1223 3507 1516 3561 secundum
1540 3508 1872 3577 complexio-

276 3618 400 3655 nem
434 3616 537 3654 non
571 3601 677 3654 erit
706 3601 806 3653 ista
852 3599 1115 3667 prolatio,
1147 3596 1347 3651 idcirco
1377 3598 1521 3667 quod
1565 3613 1631 3652 ex
1664 3599 1869 3652 neutris

270 3694 494 3763 integris
538 3692 736 3745 factum
777 3701 878 3745 est.
926 3690 1129 3745 Horum
1174 3699 1350 3743 autem
1384 3689 1568 3743 decem
1614 3689 1869 3758 pradica-

269 3795 579 3841 mentormn
608 3776 957 3841 difﬁnit‘iones
987 3786 1213 3839 inveniri
1250 3802 1354 3839 non
1396 3797 1643 3855 possunt,
1669 3786 1870 3840 idcirco

270 3878 415 3949 quod
449 3895 509 3933 ea
533 3895 652 3949 quae
675 3879 971 3948 signiﬁcant
1005 3879 1408 3947 generalissima
1434 3888 1576 3932 sunt.
1605 3878 1867 3933 Substan-

272 3974 348 4025 tia
371 3971 515 4025 enim
543 3981 594 4025 et
617 3958 911 4039 quantitas,
935 3981 987 4025 et
1013 3972 1242 4039 qualitas
1269 3972 1398 4025 nulli
1423 3988 1654 4041 unquam
1679 3972 1865 4040 generi

267 4062 522 4115 videntur
576 4066 699 4115 es'se
757 4061 1018 4129 subjecta.
1081 4060 1257 4126 Quare
1309 4062 1560 4130 quoniam
1611 4063 1866 4117 difﬁnitio

271 4154 451 4206 omnis
480 4167 508 4205 a
533 4167 734 4221 genere
762 4153 995 4214 ducitur,
1024 4166 1194 4220 genus
1239 4152 1378 4221 quod
1410 4153 1496 4205 alii
1528 4153 1710 4222 generi
1740 4152 1867 4207 sub-

266 4244 468 4314 jectum
500 4258 603 4296 non
645 4250 750 4310 est,
781 4258 809 4295 a
839 4230 1162 4295 difﬁnitione
1208 4244 1552 4312 relinquitur.
1587 4244 1691 4299 Sed
1714 4258 1865 4298 nunc

266 4337 484 4405 quidem
505 4336 744 4389 omnium
768 4335 1305 4403 prtedicamentorum
1334 4335 1705 4389 convenientia
1731 4336 1866 4389 dixit

266 4428 514 4496 exempla
540 4467 555 4490 ,
587 4434 709 4497 post
731 4442 859 4480 vero
884 4425 1044 4480 latius
1070 4426 1136 4480 de
1154 4441 1485 4495 unoquoque
1510 4427 1856 4483 tractabitur:

265 4528 321 4572 et
351 4518 604 4588 quoniam
638 4516 893 4571 difﬁnitio
945 4516 1181 4571 inveniri
1223 4516 1363 4570 nulla
1418 4526 1609 4586 potest,
1642 4516 1861 4587 quibus-

1978 3326 2249 3394 pr0prium
2291 3339 2421 3377 vero
2466 3324 2607 3393 quod
2651 3323 2718 3375 de
2762 3321 3004 3390 subjecto
3033 3319 3409 3389 pra'dicantur,
3443 3335 3559 3389 qua:

1976 3417 2223 3471 secundae
2266 3415 2580 3470 substantia:
2624 3422 2749 3469 ειιωι
2797 3414 3147 3480 universales,
3182 3422 3241 3465 ut.
3278 3424 3359 3467 est
3400 3410 3559 3467 homo

1974 3518 2132 3575 atque
2161 3506 2379 3571 animal;
2413 3508 2571 3559 homo
2597 3520 2827 3569 namque
2853 3513 2907 3558 et
2928 3504 3124 3557 animal
3155 3504 3209 3558 in
3238 3503 3384 3560 nullo
3438 3515 3557 3559 sunt

1972 3600 2234 3666 subjecto,
2268 3598 2361 3652 sed
2402 3597 2471 3651 de
2508 3596 2751 3665 subjecto
2788 3596 2967 3663 aliquo
3009 3594 3386 3662 praedicantur.
3427 3595 3559 3651 Sunt

1976 3694 2136 3763 igitur
2168 3693 2353 3762 primae
2397 3689 2712 3744 subSIanlitn
2755 3688 3123 3755 particulares,
3148 3685 3396 3741 secundae
3436 3688 3558 3740 uni-

1971 3783 2230 3838 versales.
2257 3783 2478 3850 Pmprie
2509 3790 2687 3835 autem
2727 3779 3054 3833 substantias
3080 3778 3554 3845 individuas_dicit.

1971 3876 2111 3944 quod
2142 3875 2412 3929 hominem
2443 3874 2657 3943 quidem
2690 3873 2829 3928 idem
2877 3872 3046 3939 ipsam
3077 3870 3334 3941 speciem,
3359 3879 3413 3925 et
3440 3872 3555 3925 ani-

1974 3968 2101 4031 mal,
2154 3965 2294 4036 qnod
2348 3975 2431 4021 est
2486 3979 2674 4033 genus,
2724 3979 2831 4017 non
2888 3961 2987 4016 nisi
3041 3977 3107 4016 ex
3162 3961 3591 4016 individuornm‘

1969 4061 2273 4129 cognitione
2298 4057 2620 4127 colligimus.
2644 4055 2821 4122 Quare
2848 4054 3101 4122 quoniam
3133 4067 3197 4107 ex
3228 4053 3558 4123 singulorum

1968 4154 2216 4208 sensibus
2264 4152 2588 4223 generalitas
2638 4148 2910 4204 intellecta
2953 4156 3057 4210 est,
3108 4146 3298 4201 merito
3330 4146 3555 4215 proprizn

1968 4244 2283 4298 substantia:
2313 4242 2582 4298 individua
2617 4251 2670 4296 et
2706 4239 2915 4309 singula
2965 4237 3329 4291 nominantur.
3355 4236 3558 4293 Princi-

1970 4335 2160 4403 paliter
2197 4348 2328 4388 vero
2371 4332 2660 4387 individua:
2708 4331 3020 4385 substantia:
3052 4330 3207 4385 dicta:
3238 4340 3384 4397 sunt,
3415 4332 3557 4401 quod

1967 4440 2127 4481 omne
2165 4425 2431 4495 accidens,
2458 4425 2614 4499 prius
2645 4424 2697 4477 in
2724 4422 3024 4493 indiv’idua,
3056 4429 3179 4490 post
3220 4436 3348 4476 vero
3380 4422 3429 4475 in
3468 4429 3557 4485 se?

1966 4520 2171 4574 cundas
2199 4517 2528 4573 substantias
2556 4515 2721 4568 venit.
2770 4514 2902 4568 Nam
2933 4513 3181 4582 quoniam
3212 4512 3557 4567 Aristarchus

264 4612 393 4663 dam
444 4609 862 4678 preprietatibus
895 4608 1273 4674 informantur,
1302 4624 1469 4677 quare
1513 4610 1766 4676 quoniam
1795 4610 1862 4664 de
1894 4600 2348 4679 Dgrammaticus
2398 4617 2501 4669 est,
2548 4608 2708 4660 homo
2759 4620 2890 4660 vero
2939 4614 3021 4658 est
3068 4604 3427 4670 Aristarchus,
3474 4616 3553 4659 est

266 4704 353 4758 liis
383 4703 584 4758 dictum
617 4714 699 4758 est
728 4703 907 4774 plene,
932 4703 997 4756 ad
1027 4711 1315 4758 tractatum
1341 4703 1657 4758 substantia:
1691 4714 1865 4759 trans-

267 4810 478 4850 eamus.

774 4891 859 4945 DE
900 4890 1354 4947 SUBSTANTIA.

338 4982 643 5037 Substantia
688 4992 858 5035 autem
905 4999 1020 5050 qua:
1070 4984 1279 5051 prOprie
1321 4993 1370 5037 et
1413 4981 1761 5052 principaliter
1810 4993 1855 5036 et

262 5077 485 5129 maxime
505 5075 713 5142 dicitur,
728 5085 801 5128 est
822 5091 935 5143 qua?
958 5092 1115 5144 neque
1136 5076 1198 5129 de
1216 5076 1331 5147 subj
1362 5084 1442 5127 cto
1463 5074 1673 5138 dicitur,
1698 5090 1861 5142 neque

262 5173 317 5220 in
347 5166 569 5234 subjecto
592 5176 689 5230 est,
715 5175 769 5219 ut
798 5166 988 5235 aliquis
1027 5167 1200 5227 homo,
1228 5168 1304 5219 vel
1324 5165 1511 5236 aliquis
1540 5181 1716 5233 equus.
1759 5164 1857 5220 Se-

255 5260 444 5312 cunda‘
486 5270 658 5312 autem
704 5260 1005 5313 substantia:
1051 5259 1293 5313 dicuntur
1332 5260 1553 5329 species,
1592 5260 1644 5311 in
1678 5260 1859 5328 quibus

252 5356 367 5407 illa:
392 5368 507 5422 quw
537 5352 889 5421 principaliter
928 5355 1226 5407 substantia:
1256 5353 1520 5419 dicuntur,
1552 5352 1745 5404 insunt.
1790 5350 1856 5405 Et

257 5452 340 5498 Ita:
379 5446 584 5517 quidem
631 5453 681 5497 et
726 5444 911 5497 harum
970 5445 1252 5511 specierum
1300 5460 1515 5511 genera,
1566 5452 1621 5495 ut
1670 5442 1857 5511 aliquis

256 5538 433 5603 homo,
458 5540 511 5590 in
532 5538 699 5601 specie
723 5537 930 5606 quidem
964 5547 1035 5588 cst
1064 5537 1115 5587 in
1157 5536 1379 5597 homine,
1417 5552 1575 5605 genus
1599 5551 1714 5587 vero
1742 5551 1855 5599 spe-

255 5628 586 5696 cici,animal
616 5638 711 5682 est.
743 5628 995 5683 Secunda:
1016 5643 1136 5695 ergo
1160 5627 1455 5680 substantitv
1485 5627 1563 5679 lia:
1593 5627 1851 5691 dicuntur,

257 5732 315 5775 ut
344 5729 418 5775 est
447 5721 598 5773 homo
626 5728 775 5786 atque
795 5720 1011 5777 animal.

331 5812 604 5883 Quaeritur
648 5828 744 5869 cur
786 5812 1320 5883 pratdicamentorum
1366 5819 1646 5866 tractatum
1679 5810 1857 5865 asubv

1971 4702 2131 4756 homo
2154 4700 2534 4771 grammaticus
2563 4715 2576 4751 :
2601 4698 2676 4751 ita
2706 4697 2851 4766 prius
2878 4711 3038 4752 omne
3063 4696 3310 4750 accidens
3334 4696 3387 4749 in
3418 4695 3556 4750 indi-

1969 4796 2183 4851 viduum
2231 4794 2397 4859 venit,
2434 4793 2673 4846 secundo
2715 4804 2846 4844 vero
2891 4791 3008 4844 loco
3047 4789 3209 4844 etiam
3252 4787 3306 4842 in
3347 4789 3555 4859 species

1968 4901 2269 4955 generaque
2299 4881 2716 4936 Substantiarum
2746 4879 2999 4934 accidens
3038 4877 3166 4932 illud
3196 4879 3381 4934 venire
3405 4887 3553 4947 puta-

1970 4978 2129 5032 bitur.
2167 4976 2329 5031 liecte
2375 4976 2539 5045 igitur
2590 4974 2731 5043 quod
2782 4972 2929 5042 prius
2978 4972 3276 5041 subjectum
3321 4981 3421 5039 est,
3453 4972 3553 5027 bos

1971 5070 2268 5124 substantia
2317 5068 2688 5140 principaliter
2730 5066 3049 5133 appellatur.
3096 5066 3327 5120 Maxime
3375 5062 3549 5120 autem

1968 5162 2262 5216 substantia
2295 5162 2462 5230 prima
2508 5160 2724 5224 dicitur,
2753 5156 2954 5211 idcirco
2990 5161 3131 5225 quod
3173 5171 3290 5225 quae
3320 5155 3552 5231 maxime

1968 5254 2205 5324 subjecta
2251 5263 2333 5306 est
2363 5252 2522 5306 rebus
2568 5250 2709 5314 aliis,
2735 5265 2795 5303 ea
2843 5249 3076 5303 maxime
3119 5245 3414 5302 substantia
3445 5245 3550 5300 dici

1974 5354 2186 5415 potest:
2216 5344 2446 5398 maxime
2492 5352 2669 5395 autem
2711 5341 2951 5407 subjecta
2982 5349 3063 5393 est
3091 5340 3257 5406 prima
3303 5337 3549 5391 substan-

1968 5439 2036 5490 tia
2066 5451 2081 5501 ;
2109 5435 2287 5489 omnia
2327 5434 2469 5487 enim
2497 5433 2564 5486 de
2594 5432 2781 5500 primis
2823 5428 3137 5483 substantiis
3165 5429 3432 5505 dicuntur,
3459 5436 3546 5505 aut

1965 5530 2152 5599 primis
2180 5526 2496 5582 substantiis
2522 5525 2724 5597 insunt,
2754 5531 2811 5576 ut
2834 5534 3025 5591 genera
3052 5529 3106 5574 et
3129 5518 3336 5586 species
3359 5535 3371 5571 :
3398 5534 3544 5573 nam-

1962 5598 2066 5692 que
2106 5628 2160 5674 et
2197 5633 2392 5688 genera
2443 5626 2497 5672 et
2548 5598 2757 5685 species
2807 5610 3165 5682 pradicantur
3203 5610 3270 5664 de
3319 5612 3545 5681 propriis

1964 5710 2277 5775 individuis,
2318 5720 2373 5763 ut
2425 5709 2622 5762 animal
2674 5716 2833 5775 atque
2881 5703 3040 5755 homo
3090 5702 3444 5770 pradicantur
3482 5703 3547 5758 de

1963 5805 2203 5869 Socrate,
2241 5802 2292 5858 id
2330 5810 2412 5856 est
2450 5796 2697 5854 secunda:
2742 5792 3053 5850 subsmitia:
3097 5791 3162 5847 de
3206 5794 3433 5866 primis:
3466 5792 3551 5845 sin
