4022 6328
483 323 582 383 185

1697 332 1801 385 .-\.\’.
1849 332 2057 388 .‘vl.\.\ll..
2102 331 2248 386 SliV.
2296 332 2515 387 ΒΟΕἸἸΙ

3654 336 3743 390 184

478 460 605 499 vcro
652 446 761 500 sint
805 445 1205 525 arcidentiyiu
1228 446 1424 517 priuis
1454 446 1765 501 substantiis
1798 447 2063 517 principa-
2092 454 2135 506 Α
2167 436 2505 527 εηὶίιιιξίέμσυῐδ
2522 465 2626 504 non
2647 449 2740 506 has
2764 452 2963 520 primas
2986 452 3311 508 substantias
3329 456 3745 525 nuncupaverit?

477 539 596 589 liter
635 546 779 591 sunt.
829 536 1003 601 Quare
1034 522 1283 603 quoniam
1328 547 1380 590 et
1426 536 1574 591 acciti
1615 540 1723 592 ntia
1768 539 1820 591 in
1871 539 2056 606 primis

473 626 785 681 substantiis
813 628 1174 695 principaliter
1197 639 1337 693 sunt,
1367 638 1419 683 et
1449 631 1698 684 secundae
1741 631 2059 685 substantia:

474 720 539 770 de
575 717 759 784 primis
784 719 1093 771 subsmnt‘is
1125 718 1498 785 pra-dicantur,
1533 721 1716 787 primzc
1744 722 2057 777 substantia:

386 826 405 869 μ
472 811 717 863 secundis
756 810 1063 862 substantiis
1106 810 1581 879 accidentibusque
1627 812 1879 878 subjectae
1912 823 2057 867 sunt.

469 908 645 961 Quare
682 901 932 968 quoniam
975 902 1090 954 ista:
1119 902 1353 956 maxime
1384 903 1635 969 subjectae.
1671 914 1794 957 sunt
1830 912 1885 958 et.
1917 906 2056 958 acci-

469 995 706 1048 dentium
755 995 1135 1056 subsistentiw,
1158 1005 1211 1048 et
1240 995 1592 1051 secundarum
1641 996 2055 1052 subs'autiartnn

472 1088 852 1154 pumilieatioui,
888 1088 1085 1143 idcirco
1116 1089 1345 1142 maxime
1380 1089 1695 1144 substantiae
1742 1107 2054 1156 nuncupan-

470 1192 572 1234 tur.
610 1181 744 1235 Dicit
788 1188 965 1235 autem
1019 1195 1123 1234 non
1173 1180 1348 1235 omnis
1397 1182 1604 1250 species
1654 1199 1825 1251 neque
1877 1186 2053 1237 omnia

467 1288 684 1336 genera,
715 1273 978 1328 secundas
1027 1287 1147 1328 esse
1194 1273 1552 1338 substantias,
1582 1275 1674 1328 sed
1717 1291 1808 1329 eas
1850 1287 2052 1331 tantum

467 1381 584 1432 qua:
630 1365 829 1433 primas
883 1365 1210 1420 substantias
1258 1368 1627 1433 continerent,
1661 1377 1717 1421 ut
1769 1380 1848 1423 est
1894 1373 2054 1425 homo

465 1470 622 1529 atque
652 1461 845 1514 animal
872 1477 886 1525 ;
916 1461 1072 1514 homo
1119 1476 1346 1530 namque
1387 1464 1626 1517 continet
1670 1464 1968 1528 Socratem,
2002 1466 2052 1519 id

463 1562 547 1605 est
594 1551 826 1619 aliquam
877 1552 1198 1608 individuam
1248 1553 1623 1608 substantiam.
1674 1554 1882 1609 Animal
1926 1574 2057 1610 vero

464 1644 703 1697 euntiuet
737 1644 1064 1698 individuum
1112 1645 1480 1714 speciemque,
1511 1646 1563 1699 id
1590 1657 1674 1700 est
1701 1646 1969 1701 hominem
2000 1659 2057 1703 et

463 1734 693 1801 aliquem
739 1736 1029 1789 hominem.
1074 1736 1251 1799 Quare
1278 1751 1472 1804 genera
1505 1748 1559 1791 et
1587 1737 1794 1805 species
1820 1754 1937 1807 qua:
1982 1740 2050 1792 de

2161 542 2421 608 Quoniam
2443 544 2528 598 hic
2545 544 2610 598 de
2637 545 2942 599 nominibus
2968 554 3224 601 tractatus
3247 548 3471 602 habetur
3490 589 3506 615 ,
3529 552 3742 604 nomina

2161 643 2339 685 autem
2371 634 2541 701 primo
2568 634 2672 687 illis
2701 635 2862 689 indita
2899 645 3025 690 sunt
3056 654 3175 706 qua:
3218 639 3585 707 principaliter
3625 657 3743 695 sen-

2162 725 2313 779 sibus
2344 727 2489 779 luere
2519 727 2761 795 subjecta
2786 772 2815 799 ,μ
2841 730 3139 796 posteriora
3182 746 3310 784 vero
3352 732 3402 784 in
3442 733 3744 787 nominibus

2164 818 2421 883 pooendis
2451 829 2705 886 putantur
2744 836 3076 889 quaecunque
3106 821 3170 874 ad
3207 821 3591 890 intelligibilem
3625 838 3744 891 per-

2163 912 2329 965 tinent
2362 912 2848 980 incorporalitatem
2876 929 2889 976 ;
2916 928 3079 982 quare
3108 914 3355 982 quoniam
3385 915 3437 968 in
3462 915 3563 967 boe
3586 929 3744 982 opera

2163 1004 2525 1072 principaliter
2552 1005 2617 1057 de
2649 1004 2951 1059 nominibus
3003 1014 3261 1062 tractatus
3303 1016 3407 1069 est,
3443 1008 3510 1061 de
3556 1004 3755 1064 indivi?

2161 1095 2280 1149 duis
2308 1110 2437 1149 vero
2456 1095 2776 1149 substantiis
2807 1112 2926 1165 quae
2955 1098 3137 1163 prima:
3166 1099 3410 1152 sensibus
3467 1100 3745 1167 subjacent

2163 1186 2329 1253 prima
2361 1195 2485 1238 snnt
2511 1187 2649 1241 dicta
2682 1186 2937 1238 vocabula
2970 1187 3021 1240 in
3054 1203 3219 1255 opere.
3243 1204 3350 1258 quo
3380 1190 3445 1242 de
3472 1192 3743 1250 vocabulis

2163 1283 2510 1343 tractabatur,
2537 1283 2729 1335 merito
2763 1280 3048 1334 individua:
3073 1282 3460 1349 seusibilesque
3491 1287 3742 1338 substan-

2163 1375 2248 1426 tia:
2287 1372 2472 1440 prima:
2502 1372 2814 1424 substantiae
2844 1380 2967 1423 sunt
3013 1372 3222 1439 positae.
3268 1371 3397 1424 Cum
3428 1383 3603 1426 autem
3633 1385 3741 1429 tres

2158 1464 2471 1519 substantia:
2499 1466 2625 1529 sint,
2652 1465 2894 1527 materia,
2919 1467 3144 1531 species,
3173 1475 3224 1520 et
3254 1482 3372 1535 qua:
3400 1483 3468 1520 ex
3502 1450 3740 1536 utrisque

2157 1555 2438 1610 conﬁcitur
2462 1555 2693 1624 undique
2722 1556 3013 1621 composita
3043 1563 3096 1609 et
3118 1564 3392 1624 compacta
3416 1559 3737 1621 substantia,

2159 1650 2243 1703 bic
2270 1658 2444 1718 neque
2466 1648 2533 1703 de
2563 1649 2677 1702 sola
2708 1629 2910 1716 specie,
2939 1664 3112 1716 neque
3139 1648 3205 1703 de
3234 1650 3345 1702 sola
3379 1652 3624 1715 materia,
3646 1653 3736 1706 sed

2155 1741 2222 1793 de
2263 1740 2499 1807 utrisque
2547 1739 2718 1792 mistis
2756 1738 3175 1807 compositisque
3222 1742 3519 1807 proposuit.
3551 1739 3737 1796 Partes

467 1826 651 1894 primis
679 1827 990 1880 substantiis
1023 1827 1401 1894 przedicantur,
1431 1829 1572 1891 ipsas
1601 1829 1867 1884 secundas
1902 1839 2050 1897 putat
2086 1840 2122 1892 tt
2154 1843 2329 1887 autem
2360 1832 2676 1887 substantia:
2720 1832 3084 1898 incomposita:
3113 1840 3167 1886 et
3194 1833 3463 1899 simplices
3500 1845 3644 1907 sunt,
3673 1850 3738 1889 ex

464 1932 583 1973 esse
611 1917 962 1983 subsmntias;
993 1918 1091 1973 huc
1123 1928 1298 1972 autem
1334 1920 1435 1974 bnc
1463 1921 1619 1974 modo
1645 1921 1718 1974 ait
1750 1921 2048 1976 :Secuuda:

464 2020 640 2063 autem
677 2010 986 2064 subSIantire
1017 2010 1267 2065 dicuntur
1297 2012 1347 2065 in
1393 2013 1585 2076 quibus
1631 2014 1912 2081 speciebus
1944 2014 2049 2068 illte

464 2115 581 2168 qua:
632 2101 994 2169 principaliter
1040 2103 1355 2158 substantia:
1398 2104 1647 2159 dicuntur
1687 2106 1869 2159 insunt
1896 2123 1910 2165 :
1938 2109 2051 2161 bare

463 2204 515 2247 et
564 2195 751 2249 barum
806 2198 1106 2265 specierum
1151 2212 1370 2266 genera,
1404 2208 1459 2252 et
1507 2198 1632 2253 inde
1670 2199 2049 2253 convenientia

465 2288 612 2353 ponit
657 2288 939 2353 exempla,
966 2303 1027 2342 ac
1070 2288 1115 2345 si
1164 2289 1366 2343 diceret
1410 2307 1422 2340 :
1466 2289 1579 2342 Non
1629 2288 1808 2342 omnia
1855 2306 2048 2357 genera

465 2396 636 2449 neque
660 2394 847 2434 omnes
867 2382 1195 2436 substantias
1216 2370 1355 2447 dicm.
1380 2384 1473 2437 sed
1497 2397 1589 2438 eas
1612 2392 1812 2436 tantum
1844 2384 2051 2451 species

465 2471 520 2524 in
559 2471 761 2538 quibus
792 2472 1068 2525 individua
1118 2473 1228 2539 illa,
1279 2474 1329 2527 id
1376 2482 1459 2528 est
1507 2476 1692 2543 prima:
1739 2475 2052 2528 substantia:

465 2571 609 2624 sunt,
634 2574 687 2617 et
720 2564 906 2617 barum
936 2565 1260 2631 specierum.
1294 2565 1343 2618 id
1376 2575 1457 2618 est
1484 2581 1602 2634 qua:
1634 2567 1909 2619 continent
1939 2569 2051 2633 prin

465 2668 580 2706 mas
620 2653 965 2717 substantias,
990 2670 1209 2721 genera.
1260 2655 1369 2707 lloc
1410 2666 1585 2707 autem
1618 2655 1818 2710 idcirco
1848 2656 2050 2709 dictum

466 2746 690 2813 videtur,
724 2762 789 2799 ne
819 2747 1195 2815 quisculorem
1239 2748 1379 2815 quod
1428 2762 1595 2815 genus
1626 2756 1731 2809 est.
1760 2748 1841 2801 vel
1872 2748 2050 2801 album

464 2837 603 2907 quod
650 2847 731 2892 est
777 2839 1000 2905 species,
1042 2838 1304 2893 secundas
1348 2848 1494 2907 putet
1533 2852 1654 2893 esse
1703 2838 2053 2900 substantias,

466 2930 570 2983 ista
596 2930 736 2982 enim
786 2930 984 2996 primas
1027 2932 1125 2981 sub
1169 2944 1227 2981 se
1269 2947 1372 2982 nun
1414 2930 1714 2984 continent.
1758 2930 1864 2983 Sed
1914 2928 2054 2981 dicat

465 3020 654 3088 aliquis
684 3019 1129 3088 quemadmodum
1161 3021 1346 3088 prima:
1380 3029 1628 3086 poterunt
1656 3036 1775 3073 esse
1805 3019 2053 3072 substan-

467 3112 556 3164 tia:
576 3110 1015 3173 individuaz,cum
1039 3126 1198 3165 omne
1219 3110 1358 3180 quod
1386 3111 1532 3180 prius
1560 3120 1641 3165 est
1668 3111 1929 3163 sublatum
1953 3125 2052 3163 au-

2151 1926 2342 1993 quibus
2375 1925 2487 1991 ipsa
2517 1925 2811 1978 substantia
2841 1924 3147 1983 coniicitur.
3176 1926 3383 1993 species
3412 1922 3463 1980 et
3492 1929 3736 1994 materia,

2152 2031 2287 2079 quas
2323 2026 2444 2083 post
2471 2030 2566 2083 per
2598 2014 2879 2069 transitum
2917 2016 3154 2068 nominat
3183 2016 3387 2079 dicens,
3418 2016 3741 2070 substantia-

2154 2123 2269 2161 ium
2306 2115 2484 2175 partes
2512 2116 2563 2161 et
2594 2107 2735 2176 ipsas
2766 2122 2884 2159 esse
2912 2106 3255 2170 substantias,
3290 2118 3448 2175 atque
3475 2109 3588 2163 tunc
3616 2110 3740 2163 bae—

2153 2211 2328 2252 tenus.
2360 2197 2511 2251 Nunc
2552 2197 2908 2266 expositionis
2937 2212 3151 2251 cursum
3199 2199 3262 2250 ad
3309 2203 3582 2266 sequentia
3614 2205 3741 2256 etin-

2156 2303 2443 2347 vertamus.

2228 2387 2559 2457 Manifestum
2584 2395 2655 2440 est
2685 2396 2853 2438 autem
2876 2385 3019 2438 exiis
3038 2400 3151 2453 qua:
3181 2384 3314 2437 dicta
3338 2385 3454 2437 sunt
3504 2388 3741 2453 quoniam

2154 2500 2329 2536 eorum
2361 2499 2474 2548 qua:
2504 2485 2565 2535 de
2592 2482 2815 2551 subjecto
2854 2482 3125 2544 dicuntur,
3159 2495 3359 2532 necesse
3388 2488 3458 2532 est
3489 2489 3532 2532 et
3561 2497 3741 2533 nomen

2155 2585 2201 2628 et
2228 2576 2475 2641 rationem
2500 2575 2561 2625 de
2583 2573 2810 2645 subjecto
2842 2570 3133 2637 prtedicari,
3161 2579 3213 2621 ut
3244 2569 3391 2622 homo
3419 2570 3481 2623 de
3516 2571 3742 2641 subjecto

2155 2668 2329 2735 aliquo
2374 2667 2575 2719 homine
2608 2666 2947 2733 pra’dicatur;
2990 2662 3294 2730 praedicatur
3333 2678 3533 2730 quoque
3562 2677 3743 2715 nomen

2154 2761 2335 2829 ipsius,
2370 2758 2626 2811 hominem
2673 2756 2805 2809 enim
2848 2755 2909 2807 de
2948 2744 3123 2819 aliqua
3167 2753 3369 2805 homine
3417 2753 3740 2821 prcedicabis.

2161 2850 2313 2903 Ratio
2343 2865 2541 2919 quoque
2570 2847 2785 2900 hominis
2828 2847 2889 2897 de
2928 2844 3151 2908 subiecto
3178 2844 3350 2913 aliqua
3380 2839 3582 2898 homine
3621 2861 3744 2911 prir-

2158 2942 2451 2994 dicabitur:
2484 2940 2691 3004 quidam
2726 2938 2857 2990 enim
2899 2936 3051 2988 homo
3088 2943 3133 2985 ct
3164 2934 3314 2986 homo
3356 2944 3425 2986 est
3455 2944 3500 2988 et
3530 2935 3743 2999 animal,

2157 3048 2315 3099 quare
2346 3040 2390 3083 et
2419 3046 2601 3083 nomen
2636 3040 2682 3082 et
2712 3028 2842 3080 ratio
2880 3026 3240 3096 prmdicabitur
3265 3026 3326 3077 de
3353 3025 3601 3095 subjecto.
3639 3025 3746 3079 Eo-

2158 3138 2271 3175 rum
2313 3138 2430 3176 vero
2475 3136 2590 3190 qua:
2631 3121 2679 3172 in
2725 3120 2949 3186 subjecto
2996 3125 3133 3176 sunt.
3176 3117 3227 3168 in
3274 3116 3504 3183 pluribus
3543 3118 3747 3185 quidem

467 3204 607 3257 ferat
626 3202 674 3255 id
701 3202 841 3270 quod
865 3212 946 3256 est
965 3204 1253 3269 posterius,
1276 3204 1659 3274 posterioribus
1682 3220 1809 3259 vero
1831 3204 2052 3257 sublatis

2164 3229 2318 3284 neque
2346 3229 2530 3266 nomen
2569 3213 2632 3264 de
2662 3210 2886 3282 subjecto
2918 3225 3077 3278 neque
3103 3209 3233 3260 ratio
3270 3210 3651 3277 prwdicabitur.
3684 3208 3747 3263 In

470 3295 643 3360 priora
678 3310 781 3348 non
812 3296 1062 3362 pereant?
1090 3294 1250 3349 immo
1292 3311 1522 3362 namque
1551 3298 1592 3350 si
1628 3307 1828 3365 pereat,
1855 3297 1905 3351 δε
1930 3312 2045 3351 cra-

471 3398 549 3441 tes
577 3403 786 3457 quoque
821 3388 892 3442 s't
922 3388 1177 3442 continuo
1210 3389 1515 3457 periturus;
1565 3390 1608 3443 si
1637 3405 1766 3444 vero
1797 3390 2046 3445 Socrates

470 3480 749 3545 interierit,
782 3483 941 3535 bomo
969 3482 1223 3537 continuo
1253 3498 1357 3536 non
1387 3483 1597 3548 peribit.
1624 3483 1677 3538 Si
1707 3484 1895 3551 igitur,
1916 3483 2046 3536 sub-

471 3570 590 3623 latis
634 3572 920 3639 generibus
952 3583 1003 3627 et
1035 3574 1336 3641 speciebus,
1387 3574 1651 3627 individua
1696 3575 2046 3640 perimuntur,

469 3663 1008 3732 sublatisindividuis,
1026 3681 1216 3734 genera
1246 3666 1557 3735 speciesque
1588 3677 1919 3734 permanent,
1948 3683 2053 3720 ma-

469 3772 549 3821 μηδ
589 3758 786 3821 primas
834 3759 1157 3812 substantias
1199 3759 1407 3826 species
1445 3768 1498 3812 et
1546 3775 1740 3826 genera
1786 3759 2049 3813 nominari

469 3846 686 3908 dignum
720 3846 836 3901 fuit.
864 3848 965 3902 Sed
996 3848 1096 3902 hoc
1121 3850 1277 3902 modo
1306 3850 1701 3902 individuorum
1731 3860 1915 3904 natura
1950 3867 2051 3902 non

472 3946 615 3990 recte
662 3937 941 4005 accipitur.
991 3938 1172 4007 Neque
1221 3942 1361 3993 enim
1415 3950 1605 3994 cuncta
1659 3941 2053 3994 individuorum

472 4028 766 4081 substantia
801 4029 850 4081 in
884 4044 987 4083 uno
1016 4032 1394 4103 Socrate_est,
1430 4032 1509 4084 vel
1556 4032 1795 4100 quolibet
1826 4048 1931 4085 uno
1963 4034 2059 4085 bo-

475 4118 636 4181 ttlltlc,
670 4121 763 4171 sed
818 4120 868 4171 in
912 4121 1159 4174 om'ibns
1210 4122 1455 4189 singulis.
1489 4121 1697 4175 Genera
1749 4139 1976 4189 namque
2008 4137 2059 4178 et

471 4213 679 4278 species
706 4228 824 4267 .non
866 4229 929 4267 ex
976 4230 1081 4266 uno
1123 4216 1333 4275 singulo
1385 4216 1659 4270 intellecta
1698 4227 1843 4281 Sunt,
1872 4222 1962 4269 sed
1993 4236 2054 4272 cx

462 4303 728 4357 «minibus
754 4305 975 4374 singulis
997 4305 1301 4371 individuis,
1326 4308 1519 4360 mentis
1548 4308 1751 4362 ratione
1779 4321 2056 4378 concepta.

475 4396 702 4463 Semper
746 4396 906 4448 etiam
954 4410 1071 4464 qua:
1116 4397 1361 4450 sensibus
1410 4399 1789 4466 propinquiora
1822 4411 1963 4462 sunt,
1998 4417 2059 4454 ea

474 4485 635 4537 etiam
687 4485 927 4553 proxime
985 4487 1337 4552 nuucupauda
1393 4487 1665 4540 vocabulis
1714 4488 2057 4544 arbitramur.

2150 3308 2404 3376 aliquibus
2432 3315 2600 3359 autem
2634 3320 2814 3357 nomen
2845 3303 3047 3373 quidem
3077 3302 3207 3354 nihil
3236 3300 3464 3367 prohibet
3488 3302 3748 3356 interdum

2154 3398 2422 3467 pra’dicari
2452 3397 2513 3449 de
2555 3396 2780 3464 subjecto
2825 3410 2842 3458 ;
2880 3393 3129 3445 rationem
3174 3408 3290 3444 vero
3331 3393 3648 3458 impossibile
3675 3406 3748 3449 est

2151 3491 2422 3561 prtedicnri
2448 3529 2464 3556 ,
2490 3499 2542 3540 ut
2575 3486 2770 3550 album,
2808 3501 2921 3538 cum
2963 3485 3016 3538 in
3055 3484 3275 3550 subjecto
3324 3487 3387 3536 sit
3428 3483 3479 3535 in
3517 3500 3748 3553 corpore,

2158 3583 2466 3652 pru'diratur
2510 3581 2571 3632 de
2611 3575 3089 3648 subjecto:dicilur
3134 3576 3265 3626 enim
3315 3590 3503 3640 corpus
3544 3575 3748 3637 album,

2160 3674 2301 3725 ratio
2332 3688 2446 3724 vero
2475 3669 2576 3722 albi
2604 3682 2865 3736 nunquam
2896 3666 2960 3717 de
2987 3680 3197 3733 corpore
3228 3664 3606 3731 pradicabitur.
3638 3667 3753 3718 Alia

2157 3773 2324 3817 autem
2367 3762 2539 3815 omnia
2586 3769 2674 3811 aut
2717 3761 2779 3810 de
2823 3756 3062 3825 subjectis
3103 3755 3345 3806 dicuntur
3386 3755 3754 3821 princi;,alibus

2159 3852 2478 3914 st.bs'antiis,
2512 3861 2597 3903 aut
2641 3850 2692 3901 in
2746 3846 2981 3915 subjectis
3027 3845 3215 3896 eisdem
3261 3850 3376 3895 sunt
3407 3845 3541 3895 :hoc
3586 3855 3755 3897 autem

2161 3946 2485 4011 manifestum
2519 3950 2591 3993 est
2620 3955 2682 3993 ea:
2704 3939 2781 3989 his
2803 3953 2915 4005 qua:
2946 3952 3034 4003 per
3062 3933 3264 4003 sinqula
3299 3945 3667 3999 proponentur,
3701 3943 3754 3986 ut

2162 4037 2356 4088 animal
2393 4035 2454 4086 de
2484 4032 2689 4085 homine
2716 4030 3048 4100 pradicatur,
3074 4043 3192 4094 ergo
3222 4027 3284 4077 de
3313 4026 3485 4093 aliqua
3518 4027 3755 4087 homine;

2165 4144 2281 4179 nam
2308 4126 2351 4178 si
2382 4126 2443 4179 de
2471 4123 2610 4175 nullo
2641 4121 2929 4190 aliquorum
2965 4121 3248 4183 hominum,
3282 4133 3437 4183 neque
3463 4118 3672 4170 omnino
3699 4118 3757 4170 de

2165 4217 2386 4269 homine.
2439 4212 2633 4266 Rursus
2659 4211 2799 4264 color
2830 4211 2881 4261 in
2910 4225 3123 4275 corpore
3160 4217 3251 4269 est,
3283 4223 3404 4277 ergo
3427 4217 3480 4258 et
3503 4208 3551 4259 in
3581 4209 3758 4274 aliqua

2167 4290 2410 4375 corpore;
2443 4321 2559 4358 nam
2588 4304 2632 4357 si
2658 4319 2759 4354 non
2786 4302 2836 4353 in
2868 4301 3040 4369 aliquo
3064 4297 3400 4365 singulorum,
3430 4313 3521 4349 nec
3551 4298 3760 4349 omnino

2168 4402 2218 4452 in
2249 4414 2480 4465 corpore.
2530 4396 2699 4460 Quare
2736 4396 2839 4447 alia
2869 4394 3039 4444 omnia
3076 4399 3162 4444 aut
3192 4391 3255 4441 de
3281 4389 3519 4456 subjectis
3558 4391 3760 4458 princi-

2169 4492 2366 4561 palibus
2414 4488 2706 4542 substantiis
2751 4482 3019 4546 dicuntur,
3048 4490 3135 4533 aut
3175 4481 3229 4532 in
3282 4481 3519 4548 subjectis
3568 4482 3762 4532 eisdem

475 4576 574 4640 Qui
604 4576 746 4629 enim
792 4577 990 4643 primus
1024 4577 1294 4631 hominem
1326 4577 1479 4637 dixit.
1513 4593 1616 4633 non
1667 4579 1814 4632 illum
1862 4581 1951 4648 qui
1998 4597 2061 4633 ex
2096 4589 2143 4648 ι)
2170 4593 2303 4635 sunt.
2344 4581 2461 4634 Non
2493 4577 2820 4631 existentibus
2845 4590 2964 4646 ergo
2994 4573 3173 4644 primis
3205 4569 3496 4624 substantiis
3520 4572 3764 4639 impossi-

477 4666 697 4732 siugulis
748 4666 1049 4723 hominibus
1096 4668 1409 4731 conﬁcitur,
1439 4668 1704 4734 concepit,
1739 4669 1831 4722 sed
1880 4668 2059 4722 animo

476 4756 758 4824 quemdam
793 4758 1116 4825 singularem
1148 4767 1305 4824 atque
1337 4758 1663 4811 individuum
1712 4758 1801 4811 cui
1830 4757 2062 4811 hominis

481 4861 673 4900 uuuten
708 4845 1027 4913 imponeret.
1047 4847 1205 4915 Ergo,
1231 4847 1458 4901 sublatis
1482 4846 1703 4913 singulis
1732 4846 2061 4912 hominibus,

481 4936 640 4988 homo
672 4949 776 4987 non
804 4946 1061 4994 remanet.
1099 4947 1171 4999 et,
1211 4936 1432 4990 sublatis
1472 4935 1695 5004 singulis
1721 4936 2060 4999 animalibus,

478 5024 671 5079 annual
724 5024 984 5077 interibit.
1032 5024 1290 5091 Quocirca
1321 5027 1569 5095 quoniam
1606 5026 1655 5078 in
1687 5025 1786 5079 hoc
1830 5025 1965 5079 libro
1995 5026 2064 5081 de

480 5117 862 5171 vocabulorum
929 5117 1318 5186 signiﬁcatione
1378 5126 1635 5173 tractatus
1700 5115 1947 5179 habetur,
1999 5130 2059 5171 ea

478 5210 670 5277 quibus
719 5208 974 5263 vocabula
1018 5211 1164 5277 prius
1220 5209 1393 5278 posita
1437 5219 1583 5272 sunt,
1623 5208 1814 5261 merito
1862 5204 2062 5274 primas

467 5279 802 5353 IsubStantias
850 5304 1385 5369 nuncupavit:prius
1431 5313 1607 5354 autem
1658 5299 1758 5353 illis
1805 5298 2059 5351 vocabula

480 5410 601 5455 sunt
624 5401 810 5466 indita,
834 5418 952 5469 quae
976 5402 1121 5470 prius
1144 5401 1245 5454 Sub
1266 5400 1513 5453 sensibus
1536 5398 1728 5453 cadere
1751 5405 2059 5465 potuerunt.

468 5458 739 5557 is'ensibus
786 5518 916 5557 vero
956 5502 1291 5570 objiciuntur
1333 5503 1497 5568 prima
1547 5499 1836 5561 individua,
1869 5501 2061 5551 merito

480 5592 639 5662 igitur
665 5612 724 5648 ea
759 5595 927 5663 prima
959 5595 1010 5647 in
1041 5594 1303 5667 divisione
1354 5592 1549 5659 posuit.
1606 5588 1802 5643 Eodem
1851 5603 2063 5656 quoque

483 5695 642 5749 modo
669 5695 759 5750 illa
783 5696 1009 5766 quiestio
1035 5694 1263 5752 solvitur
1290 5708 1409 5759 qum
1444 5690 1608 5744 dicit:
1636 5690 1763 5744 Cum
1805 5688 2059 5741 naturali-

485 5796 563 5844 ter
586 5789 770 5858 priore
818 5772 1217 5843 imellcctibdcs
1250 5783 1361 5838 sint
1392 5782 1729 5846 substantiu',
1757 5789 1813 5834 ut
1848 5780 1984 5835 Deus
2010 5787 2061 5834 et

2168 4676 2266 4728 bile
2295 4685 2365 4727 est
2396 4689 2500 4727 esse
2525 4670 2719 4738 aliquid
2746 4670 2988 4721 aliorum.

2240 4767 2429 4822 Omnia
2463 4777 2789 4833 qumcuuque
2820 4761 2957 4813 dicta
2989 4768 3111 4812 sunt
3141 4758 3222 4811 vel
3256 4757 3305 4809 in
3336 4754 3580 4823 subjecto
3609 4764 3761 4819 Sunt,

2172 4858 2250 4912 vel
2286 4858 2352 4913 de
2391 4857 2633 4924 subjecto
2680 4852 3067 4921 prmdicantur,
3093 4850 3185 4902 sed
3237 4852 3339 4902 non
3386 4847 3566 4899 omnia
3612 4860 3767 4914 qua:-

2170 4964 2379 5018 cunque
2404 4949 2454 4999 in
2485 4945 2729 5013 subjecto
2754 4952 2896 5000 sunt.
2926 4942 2992 4995 de
3024 4941 3282 5007 subjectis
3311 4938 3540 5009 propriis
3563 4937 3764 4992 dicun-

2174 5051 2279 5105 tur,
2311 5054 2538 5107 tia-Lque
2567 5035 2790 5105 quodin
2823 5034 3063 5103 subjecto
3092 5032 3272 5101 aliquo
3312 5042 3414 5094 est,
3447 5032 3514 5084 de
3542 5033 3769 5097 preprin

2170 5132 2411 5200 subjecto
2444 5128 2763 5197 prmdicatur
2797 5144 2809 5179 :
2836 5138 2889 5178 ut
2935 5126 3109 5177 album
3136 5123 3203 5177 de
3230 5137 3457 5190 corpore
3502 5122 3770 5190 prmities-

2173 5237 2277 5287 tur,
2299 5223 2492 5277 dicitur
2515 5220 2654 5274 enim
2683 5234 2877 5286 corpus
2894 5218 3091 5269 album.
3112 5215 3216 5268 Sed
3239 5215 3487 5283 quoniam
3511 5213 3771 5266 secunda:

2172 5313 2480 5367 substantia:
2526 5312 2811 5378 primarum
2862 5305 3278 5360 substantiarum
3312 5303 3391 5357 vel
3423 5302 3630 5369 species
3678 5304 3767 5355 vel

2172 5420 2365 5474 genera
2413 5411 2538 5456 sunt
2590 5400 2847 5469 (Socratis
2895 5399 3035 5451 enim
3093 5399 3301 5463 species
3349 5395 3510 5447 homo
3564 5402 3682 5457 est,
3711 5406 3771 5445 ct

2169 5496 2362 5551 animal
2411 5493 2609 5561 genus)
2636 5532 2649 5556 ,
2675 5502 2840 5559 genus
2872 5496 3049 5541 autem
3082 5486 3147 5538 de
3179 5484 3435 5552 subjectis
3478 5482 3771 5547 Speciebus

2168 5596 2222 5641 ct
2244 5586 2524 5639 individuis
2549 5583 2772 5635 univucc
2802 5578 3117 5649 prmdicatur
3136 5615 3151 5641 ,
3177 5573 3426 5629 secunda:
3447 5573 3771 5627 substantias

2170 5680 2233 5735 de
2257 5678 2507 5747 subjectis
2531 5674 2808 5745 speciebus
2836 5671 3056 5724 univoca
3081 5666 3459 5737 praedicatione
3480 5665 3764 5719 dicuntur.

2168 5772 2421 5829 Convenit
2456 5782 2680 5838 namque
2714 5763 3001 5835 primarum
3032 5769 3085 5815 et
3112 5757 3467 5814 secundarum
3500 5756 3762 5811 subslatr-
