4030 6336
268 333 369 385 185

1211 340 1275 394 tv
1313 339 1747 398 CATEGORI‘AS
1787 340 2233 400 ARISTOTELIS
2272 346 2400 399 un.
2444 346 2482 402 t.
2532 388 2541 391 -
2600 312 2607 323 ’

3420 350 3517 406 186

259 450 453 502 uiarum
509 449 553 503 si
589 450 659 503 sit
698 467 802 504 una
849 453 1002 527 facta,
1046 453 1309 510 dil‘ﬁnitio.
1358 456 1595 526 Namque
1641 458 1836 511 animal
1865 462 1909 515 Α
1940 460 2169 525 ειτιιιιίιιι,
2197 460 2295 514 nisi
2322 462 2389 516 de
2415 463 2597 531 primis
2625 462 3395 532 substantiis.pt'tedicarentur,
3429 466 3515 518 illa

255 552 315 595 et
343 542 503 595 homo
532 543 852 599 etSocrates
878 562 980 599 una
1010 548 1329 602 dililnitiOne
1354 540 1669 617 junguntur,
1698 550 1837 617 quod

257 633 574 687 substantiae
628 634 877 689 animata:
930 648 1089 705 atque
1137 638 1419 693 sensibiles
1474 650 1615 691 sunt.
1678 639 1840 708 igitur

257 728 512 781 secunda:
536 727 845 782 substantia:
867 729 937 781 ita
962 729 1029 783 de
1056 730 1309 798 subjectis
1340 732 1693 799 prtedicantur
1718 747 1838 800 pro-

258 820 413 885 priis,
442 818 492 872 id
532 831 613 873 est
642 822 709 872 de
733 820 918 888 primis
945 821 1278 886 snbstantiis,
1308 835 1367 877 ut
1394 822 1837 891 uuiwtcepraetti-

257 918 468 964 cantur.
500 911 712 964 Illorum
743 928 870 965 vero
891 928 1009 981 quae
1040 924 1161 968 sunt
1190 915 1241 968 in
1276 917 1519 983 subjecto
1555 916 1837 984 aliquoties

259 1002 473 1069 quidem
504 1020 677 1073 neque
704 1002 898 1059 nomen
932 1007 1100 1073 ipsum
1124 1008 1191 1061 de
1211 1009 1450 1077 subjecto
1472 1009 1682 1063 dicitur.
1704 1010 1834 1064 Nam

258 1093 426 1147 virtus
453 1094 506 1148 in
537 1097 711 1148 anima
733 1108 838 1162 εει,
863 1097 954 1150 sed
979 1100 1144 1153 virtus
1166 1099 1234 1153 de
1256 1101 1428 1152 anima
1458 1101 1675 1155 minime
1705 1118 1838 1169 pra:-

256 1184 498 1249 dieatur;
530 1185 812 1254 aliquoties
859 1196 1035 1242 autem
1084 1188 1479 1245 deuominative
1524 1191 1749 1257 dicitur,
1783 1202 1838 1246 ut

255 1279 620 1346 grammatica,
651 1281 900 1347 quoniam
939 1289 1024 1334 est
1068 1280 1122 1334 in
1174 1282 1407 1348 homine,
1442 1283 1836 1339 denominative

254 1370 633 1435 grammaticus
681 1384 709 1421 a
760 1372 1102 1435 grammatica
1167 1373 1383 1428 dicitur.
1442 1373 1597 1440 Stepe
1656 1382 1835 1428 autem

254 1458 429 1524 ipsum
480 1476 671 1515 nomen
711 1460 779 1514 de
824 1462 1065 1530 subjecto
1111 1462 1446 1528 praedicatur,
1482 1475 1539 1518 ut
1587 1465 1834 1533 quoniam

252 1551 430 1604 album
463 1560 544 1605 est
572 1554 620 1605 iu
647 1566 890 1619 corpore,
924 1568 1119 1618 corpus
1146 1554 1325 1608 album
1353 1555 1570 1619 dicitur,
1603 1556 1695 1609 sed
1724 1558 1837 1611 sive

254 1658 449 1695 nomen
497 1658 603 1696 non
645 1643 983 1711 prmdicetur,
1019 1646 1133 1700 sive
1176 1645 1573 1701 denominative
1603 1648 1832 1712 dicatur,
1876 1690 1881 1695 .

254 1734 375 1787 sive
417 1736 630 1802 preprio
678 1734 891 1788 nomine
937 1737 1243 1803 praedicatio
1290 1740 1380 1801 sit,
1423 1739 1671 1793 diltinitio
1718 1741 1835 1809 ejus

1944 564 2071 604 vero
2114 567 2233 620 qua:
2272 552 2325 604 in
2371 553 2610 620 subjecto
2653 562 2777 607 sunt
2824 554 3035 622 penitus
3072 557 3364 609 consistere
3407 570 3515 607 non

1942 644 2197 705 valerent,
2223 644 2321 696 nisi
2369 643 2696 699 fundamenti
2737 647 3131 716 quodammodo
3160 648 3277 701 loco
3334 647 3518 715 primis

1941 734 2252 788 substantiis
2288 735 2602 789 niterentur.
2631 735 2771 805 Ergo
2814 739 2995 790 omnia
3022 752 3349 805 quacunque
3393 744 3517 788 sunt

1944 833 2135 890 prmter
2167 823 2366 885 primas
2391 824 2718 877 substantias
2738 868 2753 891 ,
2782 838 2871 878 aut
2917 826 3165 879 secundae
3207 826 3517 879 substantia:

1939 921 2094 965 erunt
2133 922 2222 965 aut
2266 913 2580 966 accidentia.
2628 915 2731 967 Sed
2788 915 3038 969 secunda:
3086 916 3398 968 substantia:
3448 915 3517 968 de

1940 1005 2124 1073 primis
2144 1006 2458 1059 substantiis
2488 1006 2857 1073 prmdicantur,
2890 1009 3180 1062 accidentia
3230 1008 3281 1061 in
3328 1007 3517 1077 primis

1939 1094 2248 1151 substantiis
2279 1104 2422 1151 sunt.
2456 1098 2714 1163 Quocirca
2754 1099 2932 1151 omnia
2961 1110 3045 1150 aut
3079 1098 3146 1152 de
3177 1100 3361 1166 primis
3391 1099 3518 1151 sub-

1938 1187 2147 1239 stantiis
2192 1188 2564 1255 prtedicantur,
2593 1200 2649 1241 ιιι
2692 1189 2941 1243 secunda:
2982 1190 3313 1255 substantiat,
3342 1198 3433 1243 aut
3461 1189 3513 1243 in

1940 1281 2123 1348 primis
2149 1281 2461 1334 substantiis
2505 1291 2649 1346 sunt,
2683 1291 2737 1334 ut
2763 1282 3081 1348 accidentia,
3111 1282 3250 1349 quod
3306 1285 3519 1336 Aristo-

1941 1371 2073 1425 teles
2117 1376 2394 1439 proposuit
2421 1371 2521 1424 hoc
2552 1372 2751 1426 modo:
2779 1373 2891 1426 Alia
2921 1380 3107 1425 autem
3124 1374 3301 1425 omnia
3336 1376 3427 1424 aut
3451 1374 3518 1426 de

1940 1464 2191 1531 subjectis
2235 1464 2484 1517 dicuntur
2532 1464 2912 1533 principalibus
2961 1463 3290 1529 substantiis,
3324 1473 3415 1517 aut
3463 1466 3517 1517 in

1937 1557 2190 1626 subjectis
2232 1557 2434 1611 eisdem
2475 1566 2620 1623 sunt,
2650 1556 2735 1610 hic
2781 1572 2992 1626 quoque
3035 1554 3313 1610 verissima
3359 1555 3518 1608 sumit

1938 1647 2199 1715 exempla.
2232 1647 2317 1700 Ait
2361 1645 2504 1701 enim
2532 1646 2622 1700 :Si
2667 1647 2927 1700 accidens.
2969 1646 3029 1699 in
3078 1645 3225 1699 nullo
3275 1643 3519 1712 subjecto

1939 1753 2164 1805 corpore
2209 1747 2371 1803 esset,
2405 1753 2503 1790 nec
2530 1737 2580 1791 iu
2611 1752 2839 1805 corpore
2868 1749 3010 1791 esset
3040 1737 3279 1791 omnino.
3308 1735 3441 1791 Nam
3472 1736 3519 1791 si

249 1829 393 1898 quod
429 1840 509 1883 cst
553 1830 604 1882 in
647 1830 885 1897 subjecto
934 1832 1001 1884 de
1031 1832 1247 1899 proprio
1293 1832 1532 1901 subjecto
1563 1850 1832 1904 nunquam
1870 1828 1910 1885 Β
1941 1834 1993 1883 itt
2025 1828 2170 1882 nullo
2197 1829 2549 1896 singulorum,
2578 1829 2630 1881 in
2664 1828 2809 1881 nullo
2851 1827 3172 1897 generaliter
3211 1843 3333 1882 esse
3375 1828 3545 1881 dicem

253 1920 945 1986 tirmdicabiturzutalbuttt,
981 1922 1227 1989 quoniam
1255 1932 1338 1976 est
1368 1924 1419 1976 in
1448 1923 1689 1992 subjecto
1714 1940 1833 1979 ροι-

250 2024 412 2077 pore,
446 2009 765 2077 praedicatur
812 2010 1026 2080 quidem
1072 2012 1175 2066 albi
1219 2026 1413 2067 nomen
1461 2015 1529 2069 de
1570 2030 1827 2084 corpore,

248 2100 497 2154 diflinitio
540 2117 667 2155 vero
709 2103 814 2155 albi
859 2102 925 2157 ad
974 2118 1169 2171 corpus
1218 2105 1365 2159 nullo
1411 2106 1571 2160 modo
1615 2108 1829 2169 dicitur,

248 2192 427 2244 album
458 2205 685 2261 namque
707 2193 788 2247 vel
809 2207 1001 2262 corpus
1021 2210 1120 2247 una
1146 2195 1352 2249 ratione
1374 2207 1595 2266 utraque
1616 2197 1830 2252 diltiniri

249 2299 355 2337 non
387 2297 624 2352 possunt.
672 2285 940 2355 Amplius,
968 2286 1011 2339 si
1043 2302 1201 2341 omne
1228 2288 1478 2342 accidens
1508 2289 1559 2343 in
1592 2290 1833 2359 subjecto

249 2386 353 2439 est,
379 2387 431 2429 et
456 2376 751 2430 substantia
794 2377 1089 2446 subjectum
1118 2390 1220 2441 est,
1250 2379 1429 2433 dill'ert
1462 2381 1528 2432 ab
1558 2382 1833 2436 accidente

248 2469 780 2537 subst:tntia,dit1ert
824 2472 983 2522 etiam
1028 2469 1274 2524 dillinitio
1316 2471 1628 2525 substantia:
1671 2481 1834 2542 atque

248 2558 569 2624 accidentis,
604 2559 743 2626 quod
806 2560 991 2614 eadem
1048 2559 1296 2614 difliuitio
1343 2562 1567 2628 subjecti
1616 2573 1669 2617 et
1713 2564 1831 2630 ejus

248 2651 389 2719 quod
418 2660 501 2705 est
530 2654 579 2705 in
610 2650 852 2719 subjecto
879 2666 997 2706 esse
1026 2666 1131 2705 non
1161 2661 1354 2720 potest.
1394 2656 1568 2722 Atque
1611 2653 1712 2708 hoc
1750 2663 1835 2709 est

247 2742 391 2810 quod
421 2744 535 2797 ait:
562 2745 761 2797 Eurum
790 2759 914 2797 vero
941 2760 1061 2813 qum
1090 2754 1213 2797 sunt
1241 2745 1293 2799 in
1324 2744 1596 2814 subjt-cto,
1630 2748 1679 2799 itt
1711 2748 1831 2815 plu-

248 2832 398 2887 ribus
424 2834 639 2902 quidem
672 2850 845 2903 neque
874 2850 1072 2890 nomen
1113 2836 1179 2891 de
1208 2836 1451 2905 subjecto
1481 2852 1655 2907 neque
1697 2839 1834 2893 ratio

248 2925 601 2991 praedicatur,
631 2936 686 2980 ttt
729 2927 897 2981 virtus
926 2929 976 2982 in
1020 2928 1216 2981 anima.
1248 2928 1467 2983 Addidit
1494 2945 1743 2998 quoque:
1776 2931 1833 2985 In

247 3018 519 3085 aliquibus
561 3026 738 3073 autem
768 3034 961 3073 nomen
989 3020 1203 3088 quidem
1233 3021 1364 3076 nihil
1394 3025 1640 3093 prohibet
1663 3023 1830 3079 inter-

247 3111 375 3161 dum
418 3106 715 3176 przcdicari,
740 3119 794 3164 et
838 3110 890 3164 in
938 3112 1062 3165 aliis
1085 3112 1303 3181 quidem
1332 3114 1746 3181 denominative,
1776 3118 1829 3171 in

1941 1932 2104 1977 retur.
2141 1920 2207 1975 Et
2235 1921 2359 1974 item
2390 1919 2585 1972 animal
2615 1920 2714 1973 nisi
2746 1919 2814 1973 de
2853 1919 3212 1987 singularibus
3251 1926 3408 1985 atque
3436 1917 3520 1971 in-

1937 2014 2166 2069 tlividuis
2218 2012 2524 2066 hominibus
2579 2012 2989 2079 praedicaretur,
3043 2025 3143 2064 nec
3189 2010 3256 2063 de
3304 2009 3520 2062 homine
3570 2086 3577 2089 ἤ

1939 2107 2322 2176 praedicaretur
2350 2104 2589 2158 omnino.
2623 2103 2799 2168 Quare
2828 2104 3078 2172 quoniatn
3112 2102 3310 2156 idcirco
3332 2103 3520 2171 praedi.

1937 2208 2126 2251 cantur
2152 2196 2401 2251 secunda:
2432 2196 2770 2261 substantiae,
2800 2196 3048 2264 quoniam
3078 2202 3204 2248 sunt
3233 2194 3438 2261 primm,
3466 2201 3520 2248 et

1936 2292 2137 2346 idcirco
2189 2302 2313 2345 sunt
2369 2291 2568 2359 aliquid
2627 2289 2964 2354 accidentia,
3011 2290 3263 2356 quoniam
3316 2286 3520 2340 eisdem

1940 2386 2124 2449 prima:
2146 2383 2453 2436 substantia:
2476 2382 2730 2451 subjeCIa:
2757 2391 2900 2447 sunt,
2924 2382 2966 2432 si
2997 2383 3187 2446 primae
3211 2374 3522 2432 sttbstantiat

1938 2489 2041 2526 nou
2075 2476 2199 2537 sint,
2236 2490 2409 2541 neque
2452 2490 2571 2540 qua:
2619 2474 2684 2526 de
2732 2474 2814 2526 his
2864 2472 3224 2540 praedicantur
3271 2474 3521 2524 mansura

1938 2575 2080 2623 sunt.
2109 2580 2280 2633 neque
2307 2580 2424 2633 qua:
2456 2566 2505 2617 in
2536 2565 2617 2617 his
2648 2563 2902 2632 subjectis
2929 2573 3052 2617 Sttttl
3080 2563 3481 2631 permanebunt.

2009 2657 2365 2709 Secundurum
2409 2671 2530 2709 vero
2577 2656 2977 2708 substantiarum
3029 2656 3188 2721 magis
3242 2654 3523 2707 substantia

1936 2756 2008 2801 est
2037 2750 2225 2817 specie;
2261 2762 2416 2817 quam
2456 2763 2631 2813 genus,
2667 2746 3000 2815 propinquior
3047 2746 3179 2796 enim
3225 2752 3295 2795 est
3342 2744 3523 2813 prima:

1937 2842 2253 2894 substantiae.
2287 2840 2347 2894 Si
2375 2840 2489 2909 quis
2522 2841 2653 2891 enim
2682 2840 2903 2906 assignat
2935 2838 3153 2905 primam
3184 2837 3521 2888 substantiam

1937 2933 2057 3003 quid
2095 2945 2197 2994 est,
2229 2932 2511 2987 evidentius
2529 2939 2575 2983 et
2604 2931 2973 2982 conuenientius
3004 2929 3276 2995 assignabit
3305 2927 3521 2981 speciem

1938 3026 2198 3097 proferens
2219 3041 2369 3093 quant
2393 3040 2569 3092 genus,
2588 3032 2641 3075 ut
2663 3023 2931 3092 quemdam
2953 3021 3205 3074 hominem
3228 3019 3520 3087 assignans,

1940 3119 2259 3187 manifestius
2310 3116 2588 3184 asa'Jnabit
2647 3116 2896 3167 hominem
2953 3130 3106 3184 quam
3153 3113 3347 3166 an'mal
3391 3112 3523 3165 assis

245 3201 366 3253 aliis
412 3215 535 3254 vero
573 3212 719 3256 recto
754 3204 969 3258 nomine
996 3204 1055 3256 ιιι
1085 3206 1413 3273 ρι’ωάὶοίιιίυ.
1463 3207 1536 3261 De
1578 3209 1827 3264 secundis
1856 3199 1902 3262 C
1937 3218 2159 3282 gnando.
2182 3207 2324 3261 Illud
2355 3210 2487 3260 enim
2518 3207 2781 3277 proprium
2807 3216 2879 3259 est
2909 3208 3071 3275 magis
3101 3206 3255 3274 alicuj
3264 3220 3321 3256 us
3350 3202 3519 3255 hami-

246 3306 373 3347 vero
412 3293 724 3350 substantiis
761 3309 974 3362 semper
997 3298 1063 3350 ad
1097 3300 1293 3365 primas
1321 3299 1649 3356 substantias
1681 3318 1822 3371 prte-

246 3385 442 3438 dicatio
488 3389 744 3450 pervenit.
776 3386 907 3440 Nam
931 3387 974 3441 si
1002 3389 1219 3457 quidam
1256 3389 1437 3456 homo,
1467 3403 1518 3446 et
1551 3394 1710 3447 homo
1741 3406 1821 3448 t‘Sl

247 3488 299 3531 et
340 3476 555 3541 animal,
597 3487 651 3533 et
694 3487 911 3550 cmtera,
953 3494 1056 3534 una
1084 3480 1329 3535 difliuitio
1370 3483 1617 3539 animalis
1656 3494 1710 3540 et
1757 3476 1820 3538 ad

247 3569 520 3623 hominem
572 3581 624 3623 et
673 3570 738 3624 ad
790 3572 1072 3639 quemdam
1124 3572 1396 3628 hominem
1443 3577 1823 3631 convenienter

247 3663 534 3728 aptabitur.
566 3663 730 3732 Magis
766 3674 939 3718 tamen
976 3679 1097 3720 esse
1137 3665 1463 3721 substantias
1526 3668 1824 3723 individuas

247 3765 300 3807 et
327 3754 673 3821 particulares
705 3756 816 3824 ipse
838 3757 1221 3825 s’gnilicantius
1246 3768 1525 3813 monstrat.
1547 3760 1677 3813 Nam
1701 3777 1821 3815 cum

246 3846 423 3901 omnis
468 3860 554 3899 res
596 3848 705 3899 aut'
731 3847 1025 3901 substantia
1073 3850 1143 3902 sit
1184 3858 1275 3903 aut
1321 3850 1586 3915 accidens,
1615 3863 1667 3906 et
1695 3853 1823 3907 sub-

247 3936 561 3990 stantiarum
602 3938 722 3992 alia:
752 3939 858 3992 sint
887 3939 1091 4007 primm,
1125 3942 1243 3995 alia:
1291 3942 1561 4007 secundm,
1596 3944 1655 3997 ιιι
1690 3947 1823 3999 trina

248 4028 489 4094 partitio,
522 4030 589 4081 ita
623 4039 679 4081 ut
707 4029 881 4085 omnis
934 4046 1041 4093 res,
1080 4041 1173 4084 aut
1215 4034 1466 4088 accidens
1495 4039 1585 4103 sit,
1615 4046 1705 4089 aut
1735 4052 1825 4091 se-

248 4120 424 4173 cunda
472 4121 783 4187 substantia,
814 4130 906 4175 aut
953 4124 1140 4186 prima.
1195 4124 1391 4177 llorum
1424 4137 1597 4180 atttem
1632 4138 1685 4179 ut
1729 4130 1828 4182 sub

249 4211 611 4279 descriptione
629 4212 821 4265 divisio
845 4212 955 4276 ﬁat,
972 4213 1072 4267 hoc
1090 4213 1492 4268 mododiciutus
1510 4232 1524 4269 :
1542 4218 1727 4271 Omnis
1744 4234 1829 4272 res

249 4308 414 4360 autin
433 4306 891 4373 subjectoest,ant
911 4308 961 4360 in
979 4308 1218 4374 subjecto
1235 4324 1338 4361 non
1366 4320 1469 4375 est;
1497 4325 1679 4364 eorum
1711 4326 1830 4377 qua:

251 4401 303 4450 in
334 4396 573 4465 subjecto
619 4399 885 4461 sunt,alia
930 4401 1285 4467 prmdicantur
1327 4401 1393 4453 de
1436 4401 1696 4470 subjecto,
1727 4404 1829 4455 alia

250 4489 500 4552 minimc;
526 4503 711 4543 eorum
735 4505 853 4557 qua:
878 4492 926 4542 in
950 4489 1191 4558 subjecto
1210 4505 1313 4543 non
1343 4493 1592 4553 sunt,alia
1610 4492 1676 4546 de
1690 4494 1833 4546 nullo

1930 3304 2031 3367 nis,
2055 3302 2153 3355 hoc
2199 3312 2365 3355 autem
2407 3303 2748 3353 communius.
2796 3298 2861 3351 Et
2890 3314 3007 3350 cum
3038 3298 3264 3366 aliquam
3291 3296 3522 3349 arborem

1931 3394 2234 3452 reddideris.
2265 3393 2585 3457 manifestius
2613 3390 2921 3460 assignabis,
2949 3407 3063 3442 tum
3096 3392 3323 3442 arborem
3350 3387 3541 3441 reddi-.

1933 3488 2097 3550 deris,
2124 3502 2276 3555 quant
2306 3484 2556 3555 plantam.

1998 3578 2221 3633 Constat
2266 3576 2562 3630 individuus
2599 3573 2925 3626 substantias
2964 3573 3161 3640 primas
3190 3580 3247 3625 et
3290 3570 3527 3621 maxime

1928 3681 1980 3723 et
2012 3668 2223 3737 preprie
2252 3682 2371 3721 esse
2400 3665 2746 3718 substantias.
2794 3663 3053 3718 Secunda:
3093 3677 3220 3715 vero
3260 3660 3523 3713 substano

1888 3806 1891 3807 ν
1931 3763 2037 3828 the,
2082 3760 2131 3814 id
2169 3769 2252 3814 est
2286 3774 2476 3823 genera
2510 3768 2561 3811 ct
2591 3758 2817 3824 species,
2851 3755 2992 3810 sicut
3033 3770 3137 3807 non
3183 3753 3459 3823 arqualiter
3487 3766 3526 3803 tr

1929 3854 2097 3924 prima
2125 3851 2423 3906 substantia
2446 3850 2667 3914 distant,
2686 3849 2754 3927 ita
2781 3863 2883 3901 non
2907 3846 3183 3915 aequaliter
3212 3843 3522 3899 substantiae

1930 3954 2083 4008 sunt;
2119 3959 2240 3996 nam
2282 3942 2532 4011 quoniam
2576 3940 2922 4008 prepinquior
2966 3947 3049 3993 est
3089 3937 3293 4005 species
3340 3936 3527 4003 prima:

1934 4035 2244 4090 substantia:
2274 4047 2430 4100 quam
2464 4045 2655 4099 genus,
2685 4031 2888 4100 idcirco
2920 4032 3084 4098 magis
3113 4037 3197 4083 e~t
3225 4025 3522 4080 substantia

1936 4128 2145 4196 species
2175 4140 2330 4193 quam
2366 4124 2634 4191 proprium
2664 4138 2863 4190 genus,
2899 4131 2954 4174 ιιι
2985 4122 3145 4173 homo
3175 4118 3526 4186 propinquior

1934 4227 2019 4273 est
2049 4218 2255 4274 Socrati
2288 4232 2444 4283 quam
2477 4216 2694 4275 animal,
2718 4226 2877 4282 atque
2909 4214 3027 4266 ideo
3059 4214 3225 4280 magis
3256 4220 3337 4265 est
3365 4212 3526 4262 homo

1936 4308 2256 4363 substantia.
2285 4306 2492 4360 Animal
2525 4320 2651 4357 vero
2677 4320 2981 4373 quanquam
3004 4311 3059 4355 et
3089 4306 3257 4371 ipsum
3281 4301 3527 4355 substan-

1938 4392 2304 4462 tiasit,miuus
2336 4408 2511 4452 tamen
2547 4398 2794 4462 homine;
2831 4399 2929 4449 hoc
2961 4406 3137 4448 autem
3172 4396 3372 4447 idcirco
3399 4409 3528 4446 eve-

1942 4493 2048 4556 nit,
2079 4490 2217 4558 quod
2247 4490 2298 4543 itt
2330 4490 2472 4541 otnui
2505 4489 2827 4542 dilﬁuitiune
2871 4489 3275 4541 rouvcn‘eutius
3317 4489 3527 4553 species

251 4581 493 4649 subjecto
523 4583 911 4651 praedicantur,
943 4584 1046 4635 alia
1078 4598 1206 4637 vero
1264 4583 1639 4649 praedicantur.
1700 4586 1839 4653 Ergo
1874 4575 1917 4632 ι)
1944 4584 2009 4637 ad
2040 4585 2266 4652 primam
2302 4582 2650 4636 substantiam
2675 4580 2893 4645 dicitur,
2923 4596 3078 4644 quam
3107 4596 3294 4647 gentis.
3326 4582 3452 4633 Nam
3482 4592 3527 4648 si

251 4675 429 4727 omnis
460 4688 545 4727 res
566 4685 655 4727 aut
686 4675 736 4727 in
767 4675 1005 4742 subjecto
1027 4684 1231 4737 est,aut
1259 4678 1308 4727 in
1339 4676 1579 4743 subjecto
1603 4692 1705 4729 non
1736 4689 1835 4730 est.

253 4766 362 4817 Aut
387 4765 438 4817 in
465 4765 707 4831 subjecto
747 4774 829 4817 est
875 4776 927 4819 et
989 4767 1055 4819 de
1095 4766 1334 4832 subjecto
1380 4767 1714 4834 praedicatur,
1748 4779 1839 4821 aut

254 4859 309 4909 in
340 4856 581 4922 subjecto
620 4866 702 4909 est
750 4865 806 4909 et
834 4859 899 4910 de
933 4858 1349 4925 nullo‘subjecto
1381 4858 1720 4925 praedicatur,
1749 4870 1839 4913 aut

254 4950 307 4997 in
336 4945 577 5012 subjecto
608 4961 711 4998 non
733 4956 814 4997 est
862 4956 915 4998 et
945 4946 1009 4998 de
1036 4947 1276 5014 subjecto
1304 4948 1642 5012 prtetlicatur,
1670 4959 1762 5001 aut
1787 4952 1837 5003 iu

251 5036 500 5101 subjecto
530 5050 632 5090 ιιοιι
663 5048 766 5099 ρει,
799 5046 851 5087 et
899 5036 965 5090 de
1015 5037 1160 5089 nullo
1210 5037 1451 5103 subjecto
1498 5039 1834 5106 prmdicatnr.

255 5126 353 5179 iiiis
385 5126 542 5194 igitur
574 5127 820 5193 sumptis,
852 5127 895 5180 si
929 5128 1125 5195 primas
1155 5130 1477 5182 substantias
1506 5146 1839 5195 separemus,

254 5226 541 5271 remanent
568 5220 815 5273 secunda:
846 5223 1156 5274 substantia:
1198 5232 1356 5290 atque
1387 5224 1698 5278 accidentia.
1734 5226 1839 5280 Sed

252 5310 508 5362 secunda:
545 5311 859 5365 substantia:
894 5321 1019 5365 sunt
1057 5330 1174 5381 qua:
1207 5314 1257 5366 in
1286 5315 1526 5382 subjecto
1560 5332 1661 5368 non
1719 5330 1841 5369 sunt

251 5409 312 5452 et
340 5401 406 5453 de
436 5402 677 5469 subjecm
711 5403 1080 5469 praédicaotur.
1120 5404 1257 5473 Ergo
1287 5420 1405 5459 esse
1445 5422 1628 5468 suum,
1661 5408 1759 5460 nisi
1791 5408 1849 5460 in

257 5494 361 5545 hoc
388 5494 529 5561 quod
559 5494 625 5546 de
652 5495 831 5563 aliquo
863 5495 1244 5559 przcdicantur,
1274 5514 1376 5550 non
1412 5500 1662 5554 retinent.
1700 5501 1842 5552 Prte-

254 5584 506 5637 dicantur
534 5594 711 5639 autem
744 5586 992 5638 secunda:
1034 5588 1341 5640 substantia:
1372 5589 1439 5641 de
1469 5589 1651 5656 primis
1671 5631 1685 5653 ,
1715 5606 1843 5657 ergo

256 5683 317 5727 ut
367 5676 615 5727 secundm
661 5678 972 5729 substantia:
1018 5676 1155 5741 sint,
1201 5677 1504 5745 prtetlicatio
1546 5680 1613 5734 tle
1658 5681 1845 5749 primis

257 5766 572 5823 swstantiis
594 5782 749 5823 causa
783 5780 881 5824 est.
919 5770 1040 5825 Non.
1062 5771 1214 5826 enim
1235 5780 1409 5826 essent
1443 5773 1693 5826 secunda:
1718 5773 1841 5827 sub:

1946 4678 2069 4745 quid
2094 4679 2162 4729 sit
2188 4678 2439 4730 Socrates
2476 4676 2665 4743 aliquis
2692 4675 2817 4728 velit
2842 4674 3145 4735 ostendere,
3182 4674 3528 4742 propinquius

1946 4768 2293 4820 substantiam
2328 4767 2566 4820 Suct'alis
2598 4767 3082 4833 proprietatemque
3111 4766 3458 4830 monstrabit,
3486 4766 3528 4819 si

1946 4858 2140 4911 dixerit
2189 4874 2308 4910 eum
2365 4872 2485 4910 esse
2531 4857 2824 4920 hominem,
2855 4873 3012 4924 quam
3044 4859 3085 4909 si
3119 4858 3336 4909 animal.
3379 4857 3528 4923 Quod

1945 4952 2087 5005 enim
2118 4950 2312 5002 animal
2344 4958 2426 5004 est
2452 4948 2719 5011 Socrates,
2753 4965 3035 5003 Commune
3062 4958 3146 5001 est
3172 4965 3290 5001 cum
3321 4950 3528 5003 ceteris

1947 5041 2034 5101 qui
2066 5038 2309 5090 homines
2350 5054 2452 5092 non
2485 5048 2627 5099 sunt,
2662 5038 2713 5091 id
2759 5049 2843 5092 est
2869 5054 2988 5091 cum
3018 5055 3156 5105 equo
3187 5049 3343 5106 atque
3376 5040 3527 5089 hove.

1948 5131 2100 5195 Quod
2132 5146 2260 5183 vero
2294 5132 2455 5183 homo
2486 5142 2587 5195 est,
2625 5146 2745 5184 euut
2782 5130 2925 5181 nullo
2967 5130 3073 5181 alio
3110 5142 3188 5181 cst
3226 5144 3527 5191 commune,

1950 5223 2048 5275 nisi
2073 5237 2193 5274 cum
2224 5222 2306 5273 Itis
2332 5224 2419 5286 qui
2446 5222 2546 5275 sub
2572 5223 2757 5275 eadem
2784 5222 2963 5287 specie
2995 5220 3224 5273 hominis
3253 5219 3527 5279 coutineu~

1952 5323 2057 5366 tur.
2113 5314 2374 5377 Quocirca
2428 5316 2776 5380 propinqttinr
2823 5312 2925 5365 erit
2967 5312 3030 5363 ad
3089 5310 3527 5378 signiﬁcationem

1950 5403 2287 5471 designatio,
2319 5418 2438 5455 cum
2471 5404 2751 5456 individuo
2779 5404 2983 5469 species
3011 5402 3266 5462 redditur,
3299 5413 3455 5465 quam
3484 5400 3527 5452 si

1948 5496 2160 5564 generis
2190 5496 2505 5557 vocabulum
2549 5497 2887 5564 prtedicetur.
2938 5496 3135 5546 llursus
3165 5494 3206 5545 si
3237 5493 3528 5569 quamlibet

1951 5590 2273 5643 individuam
2306 5591 2549 5644 arborem
2592 5593 2873 5657 designare
2900 5590 3091 5656 aliquis
3134 5591 3339 5651 Voleus,
3370 5588 3531 5639 ιιι-ιιι)-

1952 5697 2059 5733 retu
2105 5681 2266 5745 dicat,
2300 5682 2649 5751 propinquius
2698 5680 2990 5746 designabit
3032 5680 3157 5748 quid
3200 5681 3266 5732 sit
3298 5680 3345 5731 id
3389 5683 3538 5746 quod

1950 5772 2219 5839 dillinivit,
2248 5789 2404 5843 quam
2453 5776 2495 5827 si
2547 5775 2778 5842 plantam
2830 5769 3095 5825 nomiuct:
3133 5772 3306 5841 planta
3355 5781 3544 5825 autem
