4030 6336
531 320 632 375 187

1757 316 1865 371 AN.
1908 315 2112 370 MANL.
2155 315 2310 370 SEV.
2351 316 2570 373 ΒΟΕἸΊΙ

3706 324 3801 383 188

534 447 702 508 genus
754 440 838 488 est
878 432 1109 497 arboris;
1140 430 1455 500 praedicatur
1479 429 1621 485 enim
1650 430 1826 500 planta
1862 440 1918 486 et
1952 431 2022 485 de
2050 430 2114 483 iis
2144 432 2192 488 Α
2218 429 2447 496 species,
2471 445 2591 499 qua:
2618 430 2672 483 in
2702 429 2833 485 alias
2858 433 3065 500 species
3092 431 3255 493 dividi
3284 449 3387 489 non
3413 436 3680 492 valerent.
3708 441 3800 497 lla

534 544 652 600 qua:
668 527 885 582 arbores
916 541 1021 580 non
1049 533 1191 591 sunt,
1224 533 1282 579 ut
1302 524 1370 579 de
1394 525 1634 579 caulibus
1663 532 1824 592 atque
1850 523 2071 577 lactucis
2095 540 2109 588 ;

534 634 699 689 quare
740 626 949 671 constat
1003 618 1212 684 species
1260 615 1428 684 magis
1475 630 1599 671 esse
1647 615 2003 678 substantias,
2046 627 2113 668 eo

535 710 673 781 quod
702 708 812 762 sint
841 706 1022 775 primis
1051 715 1105 760 et
1134 707 1367 761 maxime
1405 706 1717 760 substantiis
1765 704 2108 774 propinquio-

533 815 641 855 res.
672 800 736 852 Et
773 796 912 865 quod
950 798 1002 849 in
1039 811 1103 850 eo
1142 798 1282 864 quod
1323 798 1448 866 quid
1486 798 1580 861 sit,
1608 800 1876 866 assignata
1907 798 2112 865 species

532 888 934 945 convenientius
958 896 1012 941 et
1036 887 1335 942 evidentius
1360 887 1615 957 assignet.
1645 902 1814 958 genus
1842 902 1970 941 vero
1998 888 2115 943 lon.

531 978 782 1047 giuquius
809 987 967 1046 atque
997 979 1357 1036 communius.

601 1066 842 1137 Amplius
885 1069 1188 1138 principales
1232 1068 1529 1122 substantia:
1553 1084 1612 1123 eo
1639 1070 1778 1136 quod
1805 1070 1923 1123 aliis
1953 1071 2115 1122 omni-

531 1160 621 1211 bus
649 1159 888 1225 subjecta?
908 1170 1046 1225 sunt,
1077 1170 1123 1213 et
1153 1160 1256 1213 alia
1296 1161 1470 1213 omnia
1499 1170 1586 1213 aut
1618 1163 1681 1214 de
1712 1161 1794 1214 his
1820 1164 2112 1229 praedican-

532 1263 636 1315 tur,
664 1260 751 1303 aut
782 1252 836 1304 in
860 1252 932 1305 eis
960 1253 1083 1318 sint,
1112 1252 1228 1305 ideo
1257 1254 1493 1306 maxima:
1520 1255 1759 1306 dicuntur
1796 1254 2109 1307 substantiae.

533 1343 681 1399 Sicut
727 1354 895 1398 autem
938 1344 1246 1414 principales
1285 1347 1582 1422 substantia:
1608 1347 1677 1399 ad
1716 1346 1821 1399 alia
1860 1348 2032 1399 omnia
2061 1364 2114 1400 se

533 1435 736 1499 habent,
765 1438 838 1490 sic
864 1444 911 1489 et
940 1438 1129 1503 species
1153 1438 1222 1489 ad
1257 1453 1414 1503 genus
1447 1453 1500 1490 se
1535 1436 1702 1500 habet,
1726 1439 1952 1507 subjacet
1981 1440 2113 1491 enim

534 1528 722 1597 species
750 1529 944 1599 generi,
975 1544 1162 1599 genera
1202 1530 1335 1582 enim
1358 1530 1422 1583 de
1440 1530 1698 1597 speciebus
1745 1530 2109 1598 prredicamur,

535 1621 728 1686 species
773 1632 941 1674 autent
984 1622 1047 1675 de
1086 1623 1348 1689 generibus
1378 1638 1478 1675 non
1506 1632 1889 1677 convertuntur.
1940 1627 2116 1690 Quare

534 1721 582 1763 et
603 1728 665 1764 ea:
692 1712 771 1764 his
801 1714 1125 1783 manifestum
1147 1723 1219 1768 est
1241 1716 1457 1784 speciem
1484 1719 1646 1787 magis
1672 1734 1851 1787 genere
1877 1719 2116 1773 substan-

513 1803 663 1856 .tiam
688 1820 817 1857 esse.
1881 1878 1886 1883 ι

607 1894 774 1963 Magis
820 1909 940 1949 esse
984 1895 1310 1951 substantias
1367 1898 1578 1963 species
1632 1899 1879 1953 validiori
1929 1916 2117 1956 rursus

537 1989 995 2054 argumentatione
1006 1989 1311 2057 conlirmat,
1332 2006 1429 2058 per
1450 1994 1851 2048 similitudinem
1888 2011 2116 2065 namque

539 2076 641 2131 hoc
676 2078 748 2131 ita
787 2093 907 2133 esse
931 2078 1187 2134 declarat.
1230 2081 1364 2136 Nam
1394 2098 1514 2137 cum
1564 2099 1751 2139 omnes
1802 2085 2116 2140 substantim

535 2180 627 2224 aut
652 2172 838 2239 prima:
866 2173 974 2227 sint
1001 2184 1093 2227 aut
1122 2174 1392 2239 secundae,
1425 2177 1779 2231 secundarum
1817 2189 1995 2233 autem
2026 2190 2116 2233 aut

535 2277 731 2330 genera
762 2274 854 2317 aut
890 2264 1118 2333 species.
1149 2267 1450 2334 specierum
1481 2280 1642 2334 atque
1671 2285 1927 2340 generum
1959 2271 2116 2341 quid-

536 2354 662 2423 quid
687 2355 916 2410 similius
946 2357 1132 2424 primis
1160 2359 1478 2415 substantiis
1501 2362 1788 2429 invenitur,
1819 2364 1920 2418 ltoc
1949 2368 2119 2434 magis

537 2446 833 2501 substantia
863 2449 1055 2503 merito
1094 2450 1381 2518 putabitur.
1428 2452 1534 2507 Sed
1573 2455 1762 2522 prima:
1806 2456 2119 2511 substantia:

539 2536 740 2592 idcirco
770 2542 1013 2594 maxima:
1054 2542 1367 2596 substantia:
1394 2544 1662 2611 dicuntur,
1691 2548 1831 2616 quod
1872 2548 2119 2603 omnibus

539 2630 609 2684 ita
638 2630 893 2700 subjecta:
914 2645 1056 2699 sunt,
1090 2647 1145 2687 ut
1167 2644 1258 2689 aut
1289 2638 1339 2690 itt
1373 2638 1501 2705 ipsis
1529 2639 1635 2692 sint
1662 2649 1859 2695 caatera
1892 2650 1952 2695 ttt
1978 2643 2124 2696 acci-

538 2723 746 2787 dcntia,
777 2735 868 2778 aut
910 2725 977 2780 de
1022 2727 1152 2794 ipsis
1181 2729 1285 2784 alia
1332 2731 1694 2797 prmdicentur
1720 2743 1779 2787 ut
1807 2736 2120 2789 substantia:

536 2816 807 2870 secundae.
836 2816 986 2883 Quod
1013 2832 1143 2887 ergo
1170 2820 1221 2873 in
1253 2823 1450 2887 primas
1477 2824 1824 2887 substantias,
1854 2824 1955 2878 ltoc
1978 2826 2117 2879 idem

538 2907 593 2960 in
624 2909 832 2974 species
856 2909 1020 2962 venit.
1044 2909 1284 2980 Namque
1308 2915 1518 2981 species
1538 2925 1589 2968 et
1613 2916 1818 2968 cunctis
1843 2916 2123 2984 subjaceut

539 2998 935 3064 accidentibus,
968 3013 1021 3054 et
1068 3001 1137 3055 de
1172 3004 1452 3069 speciebus
1500 3022 1695 3073 genera
1741 3008 2120 3074 prmdicautur,

540 3088 610 3141 de
655 3090 936 3156 generibus
967 3106 1095 3145 vero
1123 3095 1331 3162 species
1372 3111 1476 3149 non
1518 3097 1897 3165 praedicantur.
1946 3100 2124 3167 Quare

544 3195 648 3232 non
688 3182 935 3236 similiter
962 3198 1157 3251 genera
1189 3185 1497 3254 subjacent.
1525 3189 1972 3257 quemadmodum
2003 3206 2127 3261 spe-

540 3274 677 3326 cies.
715 3272 832 3327 Non
879 3275 1021 3327 enim
1067 3275 1135 3330 de
1181 3279 1465 3345 generibus
1505 3283 1715 3348 species
1746 3283 2125 3351 prmdicantur.

530 3364 687 3433 ,Ergo
711 3364 848 3419 sicut
874 3365 1060 3435 prima:
1086 3370 1400 3425 substantiae
1436 3372 1698 3442 subjecta:
1723 3384 1848 3429 sunt
1874 3378 2127 3432 secundis

545 3455 860 3511 substantiis
887 3465 943 3512 et
965 3459 1352 3525 accidentibus,
1381 3463 1453 3516 ita
1484 3466 1691 3532 species
1719 3468 1977 3535 subjectae
2002 3480 2128 3525 sunt

541 3554 598 3601 et
623 3548 985 3604 accidentibus
1032 3560 1086 3605 et
1108 3554 1415 3621 generibus.
1440 3554 1647 3610 Genera
1671 3573 1800 3611 vero
1821 3575 2124 3630 quanquam

541 3638 783 3707 subjecta
811 3641 921 3695 sint
942 3642 1326 3709 accidentibus,
1354 3645 1635 3714 speciebus
1662 3656 1842 3703 tamen
1877 3652 1989 3718 ipsa
2019 3666 2122 3705 non

542 3730 841 3796 sttbjacent.
884 3732 1142 3798 Quocirca
1182 3734 1353 3802 major
1384 3746 1466 3790 est
1506 3739 1802 3794 similitudo
1829 3742 2025 3809 speciei
2057 3743 2123 3797 ad

543 3819 744 3884 primas
774 3816 1123 3884 substantias,
1150 3838 1309 3891 quam
1338 3826 1573 3891 generis,
1605 3829 1745 3896 quod
1774 3831 1817 3883 si
1849 3830 2024 3898 major
2044 3843 2127 3886 est

542 3908 840 3962 similitudo
883 3910 1179 3979 specierum
1213 3914 1277 3967 ad
1312 3916 1577 3972 maximas
1618 3921 1963 3989 substantias,
1995 3924 2127 3993 ipsa:

542 4013 699 4057 erunt
728 4004 895 4073 magis
922 4003 1255 4061 substantite.
1291 4010 1395 4064 Sed
1439 4027 1504 4064 ne
1531 4013 1650 4081 quis
1696 4030 1794 4069 nos
1837 4017 2126 4072 arbitrctttr

543 4095 722 4150 dicere
748 4097 885 4165 quod
927 4114 988 4151 ea
1028 4114 1148 4168 qua:
1188 4109 1311 4153 sunt
1336 4116 1532 4169 genera
1583 4106 1790 4172 species
1841 4122 1960 4162 esse
2017 4125 2122 4162 non

546 4196 769 4253 pussunt
792 4229 807 4252 ,
834 4188 927 4242 sed
965 4191 1016 4242 in
1052 4205 1119 4243 eo
1164 4190 1305 4259 quod
1336 4201 1462 4246 sunt
1499 4208 1718 4262 genera,
1747 4198 1953 4265 species
2000 4214 2124 4254 esse

544 4292 648 4331 non
681 4288 920 4343 possunt.
942 4278 1070 4333 Nam
1096 4281 1147 4334 in
1175 4297 1241 4335 eo
1269 4282 1410 4352 quod
1438 4284 1643 4352 species
1662 4294 1767 4349 est,
1789 4288 1855 4341 de
1876 4290 2124 4358 superio-

543 4372 688 4424 ribus
730 4385 834 4424 nou
880 4372 1228 4438 praedicatur,
1259 4376 1355 4429 sed
1388 4377 1438 4429 iu
1469 4391 1535 4428 eo
1564 4378 1702 4446 quod
1733 4394 1923 4447 genus,
1953 4380 2019 4434 de
2058 4397 2124 4437 eo

542 4461 922 4529 praedicabatur
949 4463 1102 4529 cujus
1130 4474 1211 4518 est
1238 4481 1425 4533 genus.
1460 4467 1723 4531 Quocirca
1778 4486 1973 4539 genera
2006 4471 2120 4540 ipsa

2214 529 2391 574 autem
2421 530 2548 574 sunt
2574 538 2694 588 quae
2721 522 2790 577 de
2820 524 3060 591 pluribus
3090 541 3317 581 numero
3343 527 3718 585 differentibus
3750 535 3798 586 iu

2216 627 2281 667 eo
2308 613 2450 683 quod
2495 614 2623 682 quid
2653 616 3131 684 sitprtcdicantur,
3158 629 3219 672 ut
3263 618 3422 673 homo
3466 621 3535 675 de
3572 622 3804 691 singulis

2218 702 2522 756 hominibus
2546 703 2761 769 dicitur,
2792 715 2846 759 et
2874 720 3043 773 equus
3068 707 3134 760 de
3163 707 3387 777 singulis
3417 710 3592 778 cquis,
3616 722 3669 765 et
3697 712 3801 766 bos

2214 792 2283 847 de
2328 794 2553 863 singulis
2604 795 2796 860 bobus,
2827 797 2916 864 qui
2964 798 3066 851 sub
3110 801 3320 867 pr0pria
3361 801 3539 870 specie
3582 804 3745 872 positi
3774 824 3802 859 a

2215 886 2406 954 seipsis
2436 888 2664 955 propriae
2695 898 2899 942 naturae
2930 888 3093 958 ﬁgunt
3138 907 3243 944 non
3284 892 3609 962 discrepant.
3661 896 3805 966 Ergo

2218 975 2521 1043 bujusmodi
2568 978 2797 1045 species,
2826 989 2885 1032 ut
2927 989 3010 1033 cst
3050 979 3211 1034 homo
3257 990 3416 1051 atque
3454 999 3651 1053 equus,
3682 1004 3804 1055 qua-

2216 1068 2345 1123 solis
2386 1068 2669 1123 individuis
2717 1081 2974 1138 praesunt,
3002 1072 3255 1141 quoniam
3294 1090 3489 1143 genera
3532 1091 3654 1131 esse
3691 1094 3802 1132 non

2218 1169 2460 1230 possunt,
2483 1161 2762 1228 mqualiter
2785 1176 3002 1229 semper
3024 1162 3335 1218 substantia:
3358 1175 3499 1219 sunt.
3530 1166 3661 1221 Nam
3689 1179 3803 1223 tam

2219 1252 2512 1319 propinque
2542 1252 2784 1305 redditur
2826 1252 2894 1305 dc
2923 1254 3162 1322 quo‘ibet
3201 1254 3474 1310 individuo
3503 1273 3663 1327 equo,
3699 1276 3805 1315 uo-

2217 1355 2340 1395 mcn
2368 1342 2514 1409 equi,
2543 1357 2702 1410 quam
2743 1343 2811 1396 de
2853 1344 3095 1412 quolibet
3134 1345 3406 1401 individuo
3436 1348 3669 1417 homine,
3704 1354 3808 1407 lto-

2218 1432 2374 1486 minii
2404 1448 2621 1487 nomen.
2647 1433 2911 1501 Quocirca
2941 1435 2986 1489 si
3015 1438 3292 1506 azqualiter
3318 1440 3526 1507 species
3555 1442 3659 1509 lue,
3682 1460 3807 1514 qua:

2215 1540 2411 1593 genera
2446 1541 2552 1579 non
2581 1536 2727 1588 sunt,
2755 1527 2820 1580 ad
2851 1529 3052 1597 primas
3087 1531 3417 1595 substantias
3448 1546 3595 1593 sunt.
3624 1553 3808 1605 aequa-

2220 1616 2343 1669 liter
2368 1632 2489 1670 esse
2518 1617 2829 1672 substantia:
2879 1620 3069 1674 merito
3097 1623 3424 1687 putabuntur
3451 1642 3464 1677 :
3494 1628 3594 1681 hoc
3624 1638 3805 1683 autem

2217 1708 2346 1760 dicit
2390 1724 2495 1761 non
2538 1709 2680 1777 quod
2719 1725 2908 1764 omnes
2935 1711 3145 1779 Species
3174 1714 3453 1782 :equalitrr
3491 1719 3808 1774 substantia:

2150 1803 2192 1860 Β
2222 1799 2347 1862 sint,
2379 1800 2474 1853 sed
2505 1815 2622 1868 qua;
2652 1801 2927 1869 :ctjttaliter
2951 1817 2979 1853 a
3011 1802 3196 1869 primis
3227 1805 3538 1860 substantiis
3580 1808 3806 1866 distant.

2223 1890 2402 1945 Potest
2427 1893 2570 1945 enim
2600 1893 2713 1945 ﬁeri
2742 1901 2801 1946 ut
2829 1893 3116 1961 cujuslibet
3143 1897 3435 1965 superioris
3464 1900 3676 1964 generis
3702 1916 3808 1955 una

2220 1982 2474 2050 quaslibet
2521 1983 2865 2057 species_sit,
2911 2000 3029 2052 qua:
3071 1998 3376 2056 comparata
3421 1990 3488 2043 ad
3534 1994 3809 2060 propriam

2220 2073 2453 2141 speciem
2480 2074 2659 2127 minus
2682 2074 2767 2128 illa
2794 2077 3039 2143 superior
3066 2077 3313 2133 videatur
3340 2095 3462 2135 esse
3481 2083 3810 2138 substantia:

2217 2176 2279 2221 ut
2305 2167 2550 2221 animalis
2574 2168 2619 2220 si
2647 2168 2766 2237 quis
2792 2167 2937 2223 dicat
2961 2172 3192 2237 speciem
3220 2187 3340 2227 esse
3367 2188 3541 2239 avem,
3564 2176 3808 2244 ejusdem

2221 2273 2433 2327 quoque
2462 2254 2698 2326 Specien‘t
2729 2258 3033 2325 hominem,
3064 2262 3177 2315 avis
3211 2272 3264 2316 et
3295 2262 3453 2317 homo
3484 2283 3589 2319 non
3626 2282 3809 2336 taqua-

2223 2348 2345 2402 Iiter
2385 2349 2699 2403 substantia:
2725 2359 2870 2414 sunt,
2900 2351 3099 2406 idcirco
3124 2353 3263 2421 quod
3309 2356 3420 2410 avis
3466 2356 3684 2413 [nomine
3710 2374 3809 2414 su-

2224 2440 2402 2509 perior
2420 2449 2522 2494 est.
2556 2441 2727 2495 Homo
2758 2458 2986 2511 namque
3015 2444 3065 2497 in
3093 2445 3224 2499 alias
3249 2447 3452 2515 species
3478 2464 3584 2503 non
3612 2452 3812 2505 dividi-

2225 2541 2331 2595 tur,
2354 2543 2436 2586 est
2474 2533 2616 2586 cuim
2660 2534 2832 2602 magis
2876 2535 3103 2604 species.
3152 2538 3280 2591 Avis
3326 2550 3502 2593 autem
3535 2549 3711 2608 potest
3753 2545 3806 2597 itt

2223 2624 2354 2677 alias
2375 2623 2537 2677 dividi
2560 2624 2789 2693 species,
2814 2634 2872 2678 ut
2895 2626 2946 2679 in
2969 2628 3275 2697 accipitrem
3303 2639 3357 2683 et
3378 2632 3663 2697 vulturem,
3687 2649 3809 2702 qua

2223 2731 2524 2785 quanquam
2555 2731 2681 2771 aves
2710 2726 2835 2770 sunt
2862 2719 3060 2786 specie,
3096 2730 3271 2776 tamen
3303 2724 3432 2790 ipsa:
3457 2724 3807 2784 dissentiunt.

2227 2808 2445 2877 Proprie
2464 2818 2640 2863 autem
2667 2811 2873 2878 species
2894 2811 3152 2879 accipiter
3171 2828 3234 2867 ac
3261 2815 3436 2868 vultur
3455 2827 3557 2882 e~t,
3588 2818 3641 2871 bi
3662 2819 3806 2873 enim

2224 2899 2353 2953 solis
2382 2900 2669 2955 individuis
2697 2910 2951 2969 pracSunt.
2979 2904 3154 2967 Quare
3185 2912 3345 2960 homo
3375 2917 3535 2977 atque
3554 2910 3812 2978 accipiter

2225 2994 2504 3062 aequaliter
2523 3009 2552 3046 a
2585 2994 2773 3064 primis
2800 2996 3114 3051 substantiis
3143 2997 3363 3066 distant,
3393 3011 3447 3055 et
3471 3012 3599 3056 sunt
3625 3018 3809 3073 requa-

2228 3085 2350 3139 liter
2375 3087 2709 3141 substantizc.
2735 3089 2905 3142 llomo
2931 3105 3055 3144 vero
3083 3100 3241 3161 atque
3267 3096 3399 3157 avis,
3431 3097 3685 3164 quoniam
3721 3112 3815 3151 su~

2152 3174 2200 3236 C
2229 3177 2409 3245 perior
2450 3185 2536 3232 est
2580 3179 2694 3232 avis
2740 3180 2975 3243 homine,
3018 3196 3124 3234 non
3174 3183 3451 3251 arqualiter
3497 3186 3813 3239 substantia:

2226 3276 2373 3333 sunt,
2404 3269 2573 3338 magis
2616 3271 2757 3325 enim
2801 3271 3096 3325 substantia
3150 3274 3309 3326 homo
3351 3283 3451 3327 est.
3500 3274 3641 3343 Ergo
3665 3291 3814 3344 qna:-

2192 3390 2195 3393 -
2226 3374 2437 3428 cunque
2480 3363 2689 3427 spe-cies
2735 3362 3013 3431 atqualiter
3038 3377 3068 3415 a
3094 3364 3206 3419 Suis
3250 3366 3536 3419 individuis
3573 3367 3807 3435 distant,

2226 3454 2500 3522 :equaliter
2525 3454 2837 3510 substantia:
2866 3465 3010 3511 sunt.
3044 3458 3195 3525 Quod
3227 3460 3474 3527 quoniam
3499 3461 3708 3526 species
3732 3462 3813 3515 ha:

2226 3561 2343 3615 quae
2367 3561 2562 3614 genera
2608 3562 2713 3600 non
2745 3559 2864 3601 sunt
2912 3550 3190 3618 :cqualiter
3216 3565 3245 3603 a
3272 3551 3458 3620 primis
3489 3552 3805 3605 substantiis

2227 3638 2442 3706 absunt,
2469 3640 2748 3709 arqttalitcr
2792 3640 3106 3695 substantia:
3152 3642 3424 3698 dicuntur.
3456 3642 3675 3697 Planum
3714 3658 3812 3698 au-

2184 3778 2189 3779 ,
2230 3741 2334 3785 tetu
2380 3741 2480 3796 est,
2509 3740 2568 3785 ttt
2600 3734 2936 3801 expositione
2985 3748 3090 3786 non
3142 3742 3315 3803 egeat,
3352 3733 3553 3803 primas
3601 3734 3813 3804 quoque

2227 3824 2554 3880 substantias
2579 3826 2854 3893 aequaliter
2882 3840 3002 3879 esse
3031 3826 3389 3893 substantias,
3424 3827 3617 3893 aliquis
3654 3827 3815 3881 homo

2228 3915 2367 3967 cnim
2399 3924 2559 3983 atque
2589 3916 2780 3984 aliquis
2819 3928 2987 3983 equus
3010 3956 3024 3981 ,
3057 3919 3305 3986 quoniam
3345 3928 3471 3970 sunt
3518 3919 3811 3982 individua,

2227 4006 2590 4073 principaliter
2620 4008 2932 4061 substantiae
2961 4017 3106 4072 sunt,
3131 4019 3183 4061 ct
3204 4009 3433 4077 proprizc
3459 4019 3512 4062 et
3540 4009 3807 4064 maxima.

2227 4097 2486 4160 Quocirca
2510 4097 2559 4149 in
2586 4098 2833 4151 maximis
2853 4098 3189 4162 substantiis,
3216 4114 3387 4168 neque
3409 4100 3608 4164 minus,
3640 4114 3812 4168 neque

2229 4189 2395 4256 magis
2441 4188 2737 4242 substantia
2788 4189 2987 4257 poterit
3032 4188 3279 4244 inveniri.
3337 4190 3609 4244 lndividua
3657 4191 3813 4261 igitur

2228 4278 2505 4345 :nqualiter
2526 4279 2838 4334 sttbstantia:
2865 4288 3009 4332 sunt.

2301 4369 2484 4423 Merito
2514 4372 2671 4440 igitur
2705 4378 2817 4438 post
2854 4370 3161 4440 principales
3191 4370 3520 4434 substantias,
3547 4368 3662 4423 sola
3686 4370 3813 4423 alio-

2228 4478 2343 4514 rum
2366 4462 2556 4529 species
2576 4473 2623 4513 et
2644 4478 2829 4531 genera
2851 4463 3093 4514 dicuntur
3115 4477 3221 4515 esse
3240 4460 3476 4513 secunda:
3494 4461 3811 4518 subslantitt.

542 4572 765 4623 quorum
797 4566 923 4610 sunt
948 4572 1144 4626 genera
1181 4560 1262 4612 liis
1292 4560 1571 4629 subjacere
1595 4578 1700 4615 non
1731 4575 1973 4631 possant,
1997 4580 2119 4635 spe-

2233 4552 2427 4605 Eorum
2448 4555 2578 4605 enim
2599 4567 2714 4621 qua:
2738 4554 3099 4620 prwdicantur,
3125 4554 3457 4623 principalem
3479 4553 3813 4606 substantiam

542 4647 650 4699 cies
677 4662 809 4702 vero
839 4663 1066 4717 quorum
1095 4660 1219 4703 sunt
1250 4652 1483 4719 species,
1511 4654 1580 4707 de
1607 4653 1688 4707 Itis
1713 4655 1987 4724 prardicari
2018 4672 2121 4711 non

543 4746 784 4805 possunt.
1193 4748 1197 4756 λ

616 4826 857 4893 Ipsarum
884 4846 1001 4882 vero
1026 4832 1304 4898 specierum
1326 4850 1638 4904 quiscunque
1661 4853 1760 4889 ηοη
1779 4846 1894 4888 sunt
1916 4853 2121 4904 ρεηετα,

542 4920 673 4973 nihil
707 4922 870 4989 magis
907 4922 1124 4975 alterum
1161 4923 1321 4977 altera
1368 4925 1651 4980 substantia
1692 4936 1784 4993 est,
1818 4927 1952 4980 nihil
1994 4930 2125 4981 enim

541 5012 852 5077 familiarius
880 5014 1162 5081 assignabis
1193 5016 1257 5069 de
1286 5017 1458 5086 aliqua
1498 5019 1717 5083 homine,
1751 5019 2003 5070 hominem
2039 5035 2124 5070 as-

539 5105 811 5173 signando.
830 5121 982 5173 quant
1003 5106 1065 5158 de
1084 5104 1259 5175 aliqua
1280 5124 1429 5178 equo,
1454 5126 1655 5175 equum.
1683 5110 1932 5163 Similiter
1952 5121 2123 5162 autem

540 5204 585 5246 et
640 5196 1006 5263 principalium
1052 5198 1454 5252 substantiarum
1515 5202 1640 5253 nihil
1694 5202 1857 5269 magis
1906 5203 2125 5253 a’tcrum

541 5289 699 5340 altera
741 5288 1026 5342 substanta
1058 5299 1153 5352 est,
1183 5290 1311 5344 nihil
1362 5293 1493 5343 enint
1530 5293 1695 5361 magis
1740 5292 1926 5359 aliquis
1973 5293 2125 5345 homo

539 5377 823 5431 substantia
849 5388 942 5440 est,
972 5396 1125 5449 quam
1151 5380 1337 5451 aliquis
1366 5381 1473 5433 bos.

612 5469 930 5523 Praedictum
963 5482 1045 5524 est
1081 5486 1312 5540 quoque,
1338 5479 1398 5523 ut
1436 5468 1762 5541 Porpﬁyrius
1794 5473 1845 5525 in
1877 5472 2013 5526 libro
2056 5472 2122 5527 de

539 5561 853 5625 generibus,
894 5561 1209 5630 speciebus,
1255 5561 1600 5627 differentiis,
1653 5567 1912 5632 propriis,
1959 5574 2121 5630 alme

540 5653 905 5708 accidentibus
955 5655 1267 5724 planissime
1293 5654 1492 5719 docuit,
1526 5656 1626 5709 alia
1657 5672 1778 5712 esse
1821 5657 1990 5712 solum
2031 5672 2122 5726 ge-

543 5758 693 5814 ucta,
716 5761 941 5817 quorum
981 5762 1148 5817 genus
1181 5746 1406 5802 inveniri
1440 5762 1543 5803 non
1588 5759 1787 5819 posset,
1818 5749 1918 5803 ala
1946 5748 2117 5803 solum

2231 4645 2342 4697 sola
2372 4645 2479 4697 huic
2514 4645 2765 4699 indicant.
2808 4645 3045 4715 Aliquem
3080 4646 3215 4697 enim
3244 4645 3497 4698 hominem
3525 4647 3569 4697 si
3592 4646 3707 4714 quis
3734 4663 3815 4699 as-

2231 4738 2503 4805 signaverit
2528 4738 2651 4807 quid
2676 4737 2759 4799 sit,
2781 4738 2993 4807 speciem
3016 4738 3219 4806 quidem
3248 4739 3323 4790 vel
3342 4755 3499 4807 genus
3524 4738 3812 4807 assignans,

2233 4826 2556 4893 familiariter
2618 4828 2900 4899 assignabit
2935 4834 2985 4879 et
3022 4828 3339 4891 manifestius
3379 4831 3529 4899 faciet
3563 4831 3814 4883 hominem

2232 4921 2307 4975 vel
2333 4922 2527 4975 animal
2560 4922 2846 4993 assignans.
2890 4923 3121 4976 Aliorum
3160 4940 3278 4976 vero
3310 4924 3558 4993 quidquid
3584 4927 3815 4994 assigna-

2228 5013 2356 5066 cerit
2399 5014 2607 5080 quifibet
2651 5013 2930 5085 assignabit
2972 5023 3261 5077 ertranew,
3296 5013 3429 5066 velut
3477 5014 3684 5099 album,
3724 5025 3812 5066 aut

2228 5107 2407 5168 currit,
2439 5115 2527 5158 aut
2556 5122 2866 5174 quacunque
2894 5107 3072 5159 talium
3111 5106 3349 5171 reddens,
3378 5124 3499 5178 ergo
3527 5108 3707 5161 merito
3737 5106 3816 5160 ha:

2228 5199 2352 5251 sola:
2383 5197 2619 5261 aliorum,
2648 5198 2885 5249 secunda:
2904 5196 3201 5249 substantia:
3228 5196 3491 5249 dicuntur.
3678 5258 3683 5261 _

2298 5290 2500 5342 Ordine
2527 5298 2579 5341 ct
2605 5288 2990 5342 convenienter
3012 5296 3133 5356 post
3163 5289 3359 5357 primas
3389 5287 3738 5347 substantias,
3762 5285 3811 5338 id

2229 5390 2313 5434 est
2344 5378 2631 5443 individua,
2664 5394 2855 5447 genera
2898 5387 2953 5433 et
2987 5379 3194 5448 species
3240 5380 3505 5433 secundas
3535 5393 3655 5432 esse
3692 5380 3817 5431 sub—

2226 5472 2450 5525 stantias
2495 5471 2813 5526 constitutas
2852 5479 3115 5524 monstrat
3164 5471 3514 5535 Aristoteles,
3562 5484 3683 5540 quae
3730 5480 3813 5522 est

2227 5561 2375 5616 ﬁrma
2408 5570 2568 5631 atque
2596 5562 2839 5630 expedita
2870 5562 3133 5629 probatio;
3162 5564 3234 5614 ait
3256 5561 3397 5616 cnim
3424 5579 3436 5614 :
3460 5561 3586 5614 Post
3617 5561 3816 5629 primas

2227 5660 2551 5712 substantias
2573 5667 2718 5713 recte
2741 5674 2932 5726 genera
2960 5665 3012 5711 ct
3032 5658 3238 5726 species
3269 5652 3536 5712 Secundas
3566 5657 3814 5711 substan-

2228 5752 2331 5803 tias
2359 5763 2477 5804 essc
2509 5748 2829 5803 nominatas.
2864 5748 2917 5803 In
2958 5730 3363 5807 diiﬁnitionibus
3395 5748 3534 5805 cnim
3569 5749 3654 5804 ubi
3687 5747 3815 5804 sub-
