4030 6336
181 351 335 433 ,ικθ

1240 345 1303 398 ΙΝ
1341 342 1772 399 CATILGORIAS
1807 340 2249 396 ARISTOTELIS
2288 342 2412 396 LIB.
2456 341 2494 395 l‘.

3406 349 3505 403 190

228 463 428 517 stantia
456 459 743 530 cujuslibet
769 458 1091 523 ostenditur,
1122 455 1251 510 nihil
1291 456 1432 511 aliud
1463 457 1665 525 primas
1692 454 1816 509 sub-
1850 456 1897 513 A
1927 453 2175 525 quoniam
2224 455 2541 510 substantia:
2586 454 2833 510 difllnitio
2875 454 3015 509 nulla
3045 466 3127 510 est
3156 457 3392 522 reddita,
3422 460 3505 514 id-

228 553 454 608 stantias
498 558 788 616 monstrat,
836 549 936 603 nisi
984 562 1152 618 genus
1195 556 1251 602 et
1288 549 1517 618 species.
1567 548 1817 604 Socrates

232 660 488 713 namque,
506 644 551 698 si
576 643 694 712 quis
717 640 841 711 quid
876 641 944 695 sit
970 642 1281 707 interroget,
1310 640 1504 694 dicitur
1525 640 1706 707 homo,
1732 640 1816 695 vel

228 735 448 799 animal,
477 745 531 788 et
569 734 619 787 in
646 748 712 787 eo
740 733 879 803 quod
908 732 1031 800 quid
1060 732 1131 785 sit
1160 732 1409 786 Socrates
1435 733 1813 801 interrogatus,

228 838 379 882 recte
426 825 695 879 hominem
743 823 835 877 vel.
874 823 1071 876 animal
1115 839 1236 878 esse
1286 825 1593 892 respondet.
1637 826 1815 892 Quare

228 920 357 989 quid
385 920 493 974 sint
517 919 701 987 prima:
722 917 1035 972 substantia:
1060 917 1309 971 secunda:
1338 927 1652 981 monStrant,
1673 919 1814 985 quod

228 1011 276 1064 si
300 1009 419 1079 quis
446 1018 642 1078 praeter
670 1008 933 1063 secundas
958 1008 1284 1063 substantias
1314 1012 1365 1064 in
1399 1009 1815 1078 interrogatione

229 1102 358 1170 quid
386 1103 454 1156 sit
487 1102 655 1170 prima
685 1102 980 1155 substantia
1028 1102 1204 1167 dicat,
1240 1102 1291 1156 id
1336 1103 1663 1157 alienissitne
1692 1119 1814 1172 pro-

232 1194 365 1260 fert,
396 1202 456 1247 ut
483 1193 524 1247 si
556 1193 683 1263 quid
727 1196 796 1248 sit
836 1197 1087 1249 Socrates
1116 1198 1458 1266 interroganti
1494 1197 1684 1265 aliquis
1730 1212 1814 1251 re-

229 1286 487 1354 spondeat
530 1285 731 1349 album,
760 1285 841 1339 vel
887 1287 1079 1351 currit,
1109 1287 1191 1341 vel
1237 1288 1435 1356 aliquid
1483 1287 1810 1357 hujusmodi,

228 1376 372 1445 quod
393 1376 626 1431 secunda
673 1377 967 1430 substantia
995 1392 1100 1431 non
1131 1377 1221 1447 sit,
1254 1379 1386 1433 niltil
1433 1383 1813 1436 convenienter

230 1485 462 1537 unquam
494 1469 715 1539 profert,
746 1469 791 1523 si
821 1468 947 1538 quid
979 1468 1047 1523 de
1087 1471 1257 1539 prima
1289 1474 1583 1528 substantia
1615 1487 1813 1545 prteter

227 1561 494 1615 secundas
542 1560 865 1616 substantias
913 1560 1081 1616 dicat.
1148 1561 1323 1629 Quare
1375 1568 1623 1632 quoniam
1678 1568 1809 1622 nihil

226 1668 419 1707 corum
462 1669 583 1723 qua:
628 1669 731 1709 non
780 1663 904 1709 sunt
950 1654 1202 1709 secunda:
1231 1648 1559 1720 substantiae,
1592 1659 1715 1725 quid
1744 1660 1812 1711 sit

230 1745 402 1809 prima
428 1744 719 1800 substantia
742 1746 998 1812 declarat,
1029 1747 1274 1801 secunda:
1295 1760 1469 1803 autem
1498 1749 1813 1803 substantia:

226 1848 426 1901 genera
451 1842 506 1889 et
528 1836 734 1903 Species
758 1848 905 1901 sunt,
941 1847 1088 1893 recte
1114 1848 1234 1908 post
1262 1839 1461 1907 primas
1490 1840 1813 1894 substantias

226 1928 441 2000 species
479 1938 537 1988 et
576 1946 771 1999 genera
816 1934 1074 1989 secunda:
1113 1932 1360 1989 dicuntur
1406 1945 1525 1985 esse
1566 1932 1815 1985 substan-

228 2025 338 2078 tiae.

296 2113 533 2182 Amplius
556 2114 862 2184 principales
881 2114 1179 2171 substantia:
1199 2130 1257 2167 eo
1276 2114 1416 2184 quod
1438 2114 1557 2167 aliis
1582 2115 1814 2167 omnibus

225 2202 546 2273 subjaceant.
577 2212 624 2256 et
654 2205 760 2256 alia
787 2205 960 2257 omnia
998 2204 1061 2257 de
1100 2204 1225 2272 ipsis
1260 2205 1604 2272 prwdicantur
1639 2215 1727 2258 aut
1761 2206 1814 2258 in

228 2292 355 2358 ipsis
382 2300 523 2361 sunt,
556 2292 747 2346 idcirco
776 2296 1000 2362 prapria:
1036 2296 1330 2348 substantia:
1370 2296 1631 2349 dicuntur.
1665 2296 1812 2350 Sicut

226 2393 397 2437 autem
425 2384 606 2451 prima:
634 2386 931 2439 substantia:
959 2386 1026 2439 ad
1058 2387 1228 2440 omnia
1252 2388 1358 2440 alia
1382 2404 1489 2441 sese
1512 2388 1716 2453 habent,
1742 2390 1815 2442 ita

228 2471 591 2541 principalium
618 2475 1015 2539 substantiarum
1044 2460 1231 2545 genera
1260 2488 1306 2530 et
1326 2480 1521 2544 species
1545 2481 1613 2531 ad
1641 2480 1810 2533 omnia

224 2563 423 2645 reliqua
456 2579 563 2617 sese
592 2564 794 2618 habent.
822 2563 901 2617 De
926 2564 1005 2618 his
1035 2568 1168 2619 enim
1198 2568 1369 2620 omnia
1397 2570 1592 2638 reliqua
1627 2570 1815 2636 ιιι-α’άί-

226 2668 445 2724 cantur,
486 2661 705 2729 aliquem
764 2663 898 2715 enim
941 2662 1197 2715 hominem
1247 2663 1374 2715 dicis
1422 2665 1814 2734 grammaticum

228 2765 355 2813 esse,
404 2766 524 2819 ergo
552 2758 599 2803 et
648 2750 903 2803 hominem
935 2762 984 2803 rt
1011 2752 1208 2805 animal
1237 2754 1629 2822 grammaticum
1660 2754 1810 2820 dicis,

225 2837 463 2893 similiter
480 2849 649 2893 autem
674 2847 720 2892 rt
740 2839 793 2892 in
816 2838 953 2893 aliis.

302 2928 427 2983 time
466 2944 683 2999 quoque
716 2940 799 2982 est
827 2930 895 2983 de.
923 2929 1108 2985 eadem
1140 2947 1200 2985 re
1231 2931 1505 3000 probatio,
1537 2951 1639 3004 qua
1672 2947 1815 2991 recte

229 3030 352 3090 post
377 3022 576 3091 primas
604 3022 931 3077 submantias
966 3039 1161 3092 genera
1193 3037 1246 3079 et
1270 3028 1478 3091 species
1516 3044 1636 3083 esse
1670 3030 1813 3096 posi-

228 3130 315 3172 tas
359 3118 634 3172 verissima
679 3119 888 3173 ratione
927 3120 1229 3173 conﬁrmat.
1268 3120 1508 3191 Namque
1546 3124 1812 3178 individua

1921 549 2103 610 circo,
2137 548 2257 616 quia
2282 546 2746 617 generalissimum
2769 561 2933 616 genus
2964 546 3369 605 dilﬁnitionibus
3400 561 3505 607 n’on

1923 646 2155 701 tenetur,
2204 639 2583 713 proprietatem
2632 637 2919 705 quamdam
2984 640 3133 705 cupit
3183 642 3503 710 exquirere,

1920 730 2071 797 quasi
2132 731 2342 795 signum
2407 730 2623 799 aliquod
2672 746 2778 798 quo
2832 732 3188 786 substantiam
3246 749 3505 802 queamus

1919 835 2233 889 agnoscere.
2267 822 2518 889 priusque
2546 821 2671 889 quid
2701 821 2829 889 ipsis
2867 823 3176 876 substantiis
3206 826 3504 877 communi-

1922 926 2002 969 ter
2030 917 2199 983 possit
2223 914 2439 998 eve‘nire
2474 915 2721 983 proponit
2745 930 2761 979 ',
2798 926 2919 984 post
2940 930 3067 969 vero
3095 916 3221 985 quid
3248 916 3355 971 illis
3385 933 3505 987 pro-

1920 1007 2090 1076 prium
2135 1008 2205 1061 sit
2247 1008 2468 1078 quzerit,
2498 1008 2591 1063 sed
2638 1008 2839 1062 idcirco
2877 1008 2975 1062 ista
3031 1009 3318 1076 prmmittit,
3350 1019 3408 1062 ut
3438 1009 3504 1063 ad

1919 1100 2046 1153 illud
2079 1115 2263 1154 verum
2313 1101 2587 1170 proprium
2620 1100 2734 1154 sine
2764 1099 2876 1153 ullo
2914 1114 3097 1154 errore
3127 1101 3422 1167 perveniat,
3451 1110 3505 1153 et

1917 1190 2057 1260 quod
2104 1206 2228 1245 vere
2258 1202 2342 1246 est
2370 1191 2786 1244 substantiarum
2839 1192 3114 1259 proprium
3148 1191 3390 1244 ultimum
3422 1191 3505 1243 di-

1916 1292 2023 1338 cat.
2055 1282 2246 1337 Tribus
2288 1293 2465 1336 antem
2511 1283 2683 1336 modis
2724 1283 2998 1351 proprium
3028 1282 3372 1350 significatur.
3409 1281 3505 1335 Est

1917 1377 2061 1432 enim
2110 1376 2381 1444 proprium
2429 1374 2568 1442 quod
2615 1374 2774 1429 alicui
2823 1374 3022 1443 speciei
3067 1374 3214 1428 omni
3245 1375 3420 1429 evenit
3446 1383 3503 1428 et

1917 1486 2021 1522 non
2049 1469 2170 1536 soli,
2194 1478 2254 1522 ut
2278 1468 2480 1521 homini
2506 1467 2750 1535 bipedem
2782 1482 2923 1521 esse.
2954 1466 3139 1523 Omnis
3166 1468 3306 1520 enim
3337 1466 3500 1520 homo

1918 1561 2066 1628 bipes
2091 1570 2194 1624 est,
2226 1558 2320 1613 sed
2362 1574 2469 1611 non
2499 1559 2668 1621 solus,
2701 1573 2828 1612 aves
2872 1571 3101 1625 namque
3130 1564 3184 1609 et
3212 1557 3340 1623 ipsa:
3378 1545 3504 1608 sunt

1917 1652 2156 1720 bipedes.
2183 1655 2289 1705 Aut
2309 1650 2408 1705 soli
2438 1659 2492 1705 et
2523 1666 2633 1704 non
2662 1650 2829 1715 utnni,
2860 1657 2917 1702 ut
2944 1648 3118 1703 eidem
3145 1647 3349 1701 homini
3376 1661 3502 1702 eve-

1917 1749 1993 1799 nit
2022 1754 2080 1799 ut
2108 1746 2175 1801 sit
2203 1747 2604 1810 grammaticus,
2635 1744 2728 1797 sed
2760 1758 2865 1797 non
2896 1742 3044 1795 omni
3074 1741 3297 1804 homini,
3330 1754 3503 1809 neque

1853 1837 1885 1889 ll
1916 1840 2061 1893 enim
2090 1839 2265 1893 omnis
2295 1838 2455 1891 homo
2482 1836 2861 1905 grammaticus
2900 1845 3009 1891 est.
3043 1836 3149 1888 Aut
3189 1848 3316 1888 vero
3345 1834 3502 1886 tertia

1918 1930 2118 2000 proprii
2147 1929 2462 2003 signiﬁcatio
2491 1938 2593 1989 est,
2626 1943 2752 1997 qua:
2775 1928 2918 1980 omni
2946 1938 3000 1981 et
3036 1926 3136 1980 soli
3164 1934 3224 1981 et
3263 1936 3500 1993 semper.

1919 2033 1974 2075 ut
2010 2022 2231 2076 risibile.
2264 2020 2450 2074 Omnis
2478 2018 2621 2074 enim
2669 2019 2829 2073 homo
2856 2017 3075 2072 visibilis
3114 2025 3215 2081 est,
3246 2028 3297 2070 et
3325 2018 3501 2069 solum

1918 2124 2001 2168 est
2025 2112 2229 2167 animal
2261 2112 2422 2165 homo
2448 2111 2590 2177 quod
2631 2111 2821 2165 rideat.
2858 2110 2933 2163 Ex
2978 2110 3251 2179 hisigitur
3276 2109 3363 2161 illa
3393 2108 3500 2162 duo
3557 2132 3571 2151 ιι

1917 2207 2191 2276 superiora
2237 2220 2356 2273 quae
2400 2204 2668 2268 diximus,
2697 2204 2785 2257 ubi
2828 2202 2978 2256 omni
3010 2212 3063 2256 et
3111 2219 3213 2255 non
3254 2202 3377 2263 soli,
3410 2210 3504 2254 aut

1917 2302 2016 2355 soli
2051 2309 2105 2355 et
2130 2315 2237 2354 non
2277 2300 2446 2362 omni,
2472 2313 2593 2353 esse
2622 2298 2864 2364 quaedam
2912 2296 3125 2366 propria
3169 2296 3498 2357 dicebamus,

1918 2408 2039 2463 qua:
2069 2408 2096 2445 a
2127 2393 2465 2461 propriorum
2487 2392 2710 2446 veritate
2736 2407 2854 2445 esse
2884 2392 3132 2445 videntur
3161 2392 3354 2445 aliena.
3391 2390 3502 2443 lloc

1917 2500 2046 2537 vero
2078 2486 2289 2537 tertium
2318 2482 2459 2552 quod
2504 2483 2648 2535 omni
2680 2482 2820 2536 inest
2860 2491 2915 2536 et
2960 2482 3081 2547 soli,
3113 2484 3213 2536 hoc
3253 2497 3376 2535 vere
3416 2489 3511 2534 est

1919 2576 2210 2645 proprium,
2242 2576 2326 2628 illa
2357 2586 2536 2629 autem
2566 2576 2839 2639 superiora
2874 2577 3255 2645 consequentia
3282 2574 3498 2644 quidem

1917 2668 2183 2723 dicuntur.
2206 2682 2312 2719 non
2353 2675 2533 2719 tamen
2572 2681 2701 2719 vere
2749 2666 2984 2733 propria,
3014 2667 3115 2719 hoc
3155 2676 3331 2718 autem
3379 2666 3503 2717 ulti-

1919 2776 2062 2813 munt
2116 2775 2242 2813 vere
2268 2769 2349 2813 est
2379 2759 2671 2827 proprium.
2706 2758 3047 2827 Quaecunque
3071 2772 3200 2826 ergo
3231 2757 3351 2809 talia
3380 2771 3503 2823 pro‘

1920 2851 2028 2919 prin
2044 2850 2359 2905 Aristoteles
2377 2850 2425 2901 in
2437 2849 2664 2913 venerit,
2680 2864 2796 2917 qua:
2812 2858 2901 2901 aut
2917 2849 3048 2900 solis
3062 2856 3112 2900 et
3128 2863 3232 2899 non
3247 2847 3499 2899 omnibus

1918 2942 2251 3003 substantiis,
2283 2953 2375 2994 aut
2403 2941 2650 2994 omnibus
2681 2952 2731 2993 et
2762 2955 2866 2992 non
2896 2939 3024 2992 solis
3058 2940 3328 3000 eveniant,
3357 2939 3502 2991 velut

1920 3050 2025 3087 non
2066 3048 2193 3088 vere
2234 3033 2286 3086 in
2336 3042 2524 3086 natura
2570 3031 2857 3099 cujuslibet
2899 3032 3186 3084 constituta
3237 3029 3500 3097 repudiat.

1923 3125 2051 3179 lllttd
2074 3140 2202 3180 vero
2230 3124 2473 3177 ultimum
2501 3125 2648 3192 ponit
2668 3122 2808 3191 quod
2835 3134 2887 3176 et
2917 3122 3059 3175 omni
3090 3123 3400 3175 sub~tantize
3451 3128 3507 3174 et

230 3211 434 3265 idcirco
460 3213 643 3280 prima:
668 3211 919 3266 dicuntur
945 3227 1065 3267 esse
1093 3212 1429 3277 substantize,
1453 3224 1507 3268 et
1531 3217 1669 3282 quod
1697 3217 1812 3271 aliis
1843 3210 1888 3271 C
1920 3216 2017 3269 soli
2048 3216 2225 3268 valeat
2263 3215 2502 3267 evenire.
2535 3213 2626 3266 Illa
2657 3218 2797 3267 enim
2829 3221 2956 3267 sunt
2985 3211 3195 3282 propria
3227 3227 3347 3277 qua:
3375 3226 3505 3262 con-

228 3304 438 3359 cnnctis
475 3303 804 3371 subjaceant.
832 3304 964 3356 Nam
993 3304 1245 3372 quoniam
1276 3304 1524 3359 secundis
1560 3307 1811 3359 substan-

228 3399 319 3452 tiis
354 3398 419 3451 ad
461 3396 893 3466 prtedicationem
944 3397 1237 3464 supposita:
1266 3406 1411 3461 sunt,
1444 3393 1588 3451 etde
1620 3399 1700 3449 his
1730 3412 1815 3452 se-

228 3492 419 3547 cundae
440 3488 752 3544 substantia:
786 3487 1057 3551 dicuntur,
1086 3497 1141 3541 et
1168 3489 1421 3555 quoniam
1448 3489 1814 3559 accidentibus

230 3593 287 3637 nt
317 3580 521 3651 possint
546 3595 666 3635 esse
693 3580 991 3634 accidentia
1033 3578 1365 3641 subduntur,
1395 3562 1599 3634 idcirco
1627 3583 1814 3649 prima:

230 3672 543 3727 substantia:
571 3678 713 3723 sunt.
757 3670 825 3723 Et
868 3670 1005 3723 sicut
1035 3671 1220 3738 prima:
1265 3670 1577 3724 substantia:
1606 3672 1814 3726 cunctis

231 3762 508 3829 subiacent
568 3760 971 3824 accidentibus,
1018 3760 1095 3814 sic
1142 3760 1304 3814 etiam
1354 3760 1625 3816 secundm.
1681 3762 1811 3816 Nam

231 3855 483 3923 quoniam
506 3853 697 3923 aliquis
724 3853 882 3907 homo
902 3852 1267 3907 accidentibus
1288 3850 1550 3921 subjacet,
1574 3861 1631 3908 et
1653 3856 1816 3908 homo

230 3955 284 3999 et
324 3945 520 3999 animal
549 3944 810 3998 accidenti
850 3945 1184 4012 supponitur,
1214 3955 1266 3999 et
1294 3945 1543 4014 quoniam
1580 3953 1664 3999 est
1699 3946 1815 4013 qui-

231 4036 356 4090 dam
382 4036 541 4091 homo
563 4036 962 4105 grammaticus,
988 4035 1037 4089 id
1062 4044 1144 4106 est
1164 4036 1525 4101 Aristarchus,
1545 4045 1627 4091 est
1657 4036 1816 4092 homo

231 4129 633 4195 grammaticus,
663 4137 748 4183 est
776 4128 936 4182 etiam
968 4128 1167 4182 animal
1194 4128 1622 4198 grammaticum.
1669 4130 1817 4196 Quo-

232 4228 380 4277 circa
431 4221 793 4276 accidentibus
840 4222 1027 4289 prima:
1087 4221 1402 4275 substantia:
1456 4222 1820 4291 principaliter

232 4314 553 4378 subduntur,
586 4313 838 4368 secunda:
881 4328 1014 4367 vero
1043 4313 1282 4368 secundo
1312 4314 1451 4377 loco,
1481 4324 1534 4367 et
1564 4314 1821 4381 quemad-

235 4406 455 4460 modum
481 4407 666 4474 prima:
686 4406 997 4460 substantia:
1023 4415 1078 4461 et
1103 4405 1467 4460 accidentibus
1490 4417 1543 4459 et
1572 4404 1824 4459 secundis

233 4498 549 4552 substantiis
578 4496 876 4561 subiacent,
905 4498 983 4551 sic
1030 4497 1277 4551 secunda:
1328 4499 1637 4552 substantia:
1681 4497 1821 4550 acci-

1919 3316 2216 3369 vertttntnr,
2259 3314 2319 3359 ut
2361 3306 2402 3357 si
2453 3304 2577 3369 quid
2625 3302 2784 3358 fuerit
2826 3303 3020 3367 homo,
3074 3303 3277 3355 risibile
3325 3310 3426 3365 νει,
3460 3301 3505 3353 si

1917 3399 2041 3468 quid
2071 3409 2155 3453 e~t
2185 3397 2404 3460 risibile,
2442 3399 2600 3449 homo
2623 3408 2702 3448 est
2733 3414 2746 3446 ε
2779 3395 2892 3448 lucc
2938 3403 3115 3446 autem
3166 3394 3337 3446 solum
3377 3407 3507 3444 con-

1918 3489 2053 3544 verti
2103 3497 2357 3557 possunt,
2390 3502 2511 3555 qua:
2556 3486 2700 3537 omni
2748 3484 2955 3551 solique
3001 3484 3348 3551 Contingunt,
3381 3496 3501 3531 nam

1919 3580 2092 3651 neque
2140 3582 2231 3634 ulli
2275 3582 2364 3632 alii
2406 3581 2594 3645 magis,
2642 3592 2812 3644 neque
2858 3577 2948 3627 ulli
2997 3574 3173 3627 minus
3205 3574 3499 3636 evenient;

1920 3690 2085 3741 quare
2116 3673 2197 3726 his
2235 3672 2501 3739 prmdictis
2529 3669 2592 3720 ad
2626 3669 2725 3719 loci
2761 3669 2927 3733 ipsius
2954 3666 3253 3719 oraionem
3284 3664 3504 3732 exposi-

1923 3768 2224 3832 tionemque
2253 3764 2549 3816 veniamus.
2583 3757 2731 3825 Quod
2774 3773 2904 3825 ergo
2949 3757 3075 3810 dicit
3120 3756 3220 3809 hoc
3258 3766 3361 3818 est,
3393 3768 3509 3806 om-

1921 3860 2078 3914 nibus
2120 3856 2457 3911 substantiis'
2482 3870 2768 3907 contmtttte
2797 3861 2898 3916 est,
2931 3860 2987 3902 ιιι
3022 3852 3084 3902 in
3130 3848 3371 3915 subjecto
3399 3859 3525 3899 non;

1920 3957 2046 4014 sint,
2080 3965 2308 4017 Namque
2355 3953 2542 4015 prima:
2590 3948 2923 4006 substantite,
2952 3942 3002 3997 id
3034 3951 3115 3994 est
3158 3939 3424 3993 individua
3456 3938 3509 3991 in
3568 3954 3609 3971 ιλ

1921 4043 2163 4111 subjextu
2207 4056 2308 4094 non
2342 4050 2484 4100 sunt,
2519 4039 2656 4105 quod
2695 4029 3003 4103 planissime
3044 4034 3126 4085 Itis
3170 4032 3508 4085 demonstra—

1924 4144 2027 4187 tur.
2082 4133 2360 4202 Nunquam
2416 4133 2558 4182 enitn
2620 4126 2955 4197 particularis
3006 4122 3299 4176 Substantia
3351 4120 3507 4173 alicui

1924 4227 2175 4279 accidens
2217 4240 2337 4278 esse
2386 4230 2591 4290 potest,
2621 4220 2868 4273 secunda:
2904 4231 3033 4269 vero
3071 4214 3384 4269 substantia:
3416 4211 3511 4264 ha-

1928 4320 2052 4373 bent
2081 4319 2360 4385 quamdam
2394 4315 2678 4378 imaginem
2725 4312 2866 4381 quod
2907 4311 3015 4363 sint
3046 4310 3096 4362 in
3135 4306 3399 4374 subjecto,
3430 4307 3509 4356 vi-

1925 4410 2120 4462 dentur
2144 4409 2286 4461 enim
2324 4407 2572 4460 secunda:
2616 4403 2927 4457 substantia:
2959 4402 3010 4454 in
3040 4400 3317 4468 subjectis,
3347 4398 3396 4450 id
3427 4405 3512 4449 est

1928 4488 2473 4570 primissuhstantiis
2519 4513 2677 4561 esse,
2723 4496 2817 4549 sed
2867 4494 3040 4558 falso,
3091 4509 3213 4546 nam
3261 4489 3514 4545 secunda:

234 4588 489 4644 dentibus
516 4598 919 4657 supponuntur,
948 4588 1042 4643 sed
1082 4590 1330 4642 secunda:
1362 4590 1674 4643 substantia:
1702 4603 1799 4655 spe
1852 4589 1906 4647 1)
1931 4595 2239 4648 substantia:
2262 4594 2328 4645 de
2360 4590 2545 4658 primis
2572 4586 2887 4642 substantiis
2927 4584 3515 4665 solumprtedicantur,

235 4680 349 4732 cies
386 4688 441 4732 et
468 4694 666 4747 genera
707 4689 851 4733 Sttttl.
895 4680 1059 4733 Reate
1098 4680 1258 4748 igitur
1295 4690 1416 4749 post.
1458 4683 1654 4749 primas
1701 4683 1827 4736 sub-

237 4771 466 4824 stantias
505 4769 713 4840 species
743 4781 796 4824 et
834 4785 1030 4840 genera
1061 4771 1321 4825 secundas
1350 4773 1677 4826 substantias
1707 4788 1826 4827 esse

238 4861 538 4932 proposuit.

312 4952 591 5006 Commune
613 4963 688 5005 est
706 4962 876 5006 autem
906 4954 1044 5006 omni
1072 4952 1369 5007 substantia:
1393 4954 1445 5007 in
1471 4955 1698 5025 subjecto
1727 4971 1829 5008 non

236 5062 371 5107 esse,
390 5046 687 5112 principalis
706 5047 839 5100 enim
861 5048 1142 5100 substantia
1165 5064 1322 5117 neque
1337 5050 1399 5101 de
1414 5048 1638 5117 subjecto
1655 5051 1829 5117 aliquo

238 5137 457 5201 dicitur,
473 5153 631 5206 neque
657 5139 711 5191 in
736 5138 967 5208 subjecto
988 5149 1084 5192 est.
1110 5140 1364 5194 Secundis
1393 5157 1509 5194 vero
1534 5142 1831 5195 substantia:

236 5247 265 5284 ε
289 5246 319 5282 c
349 5230 502 5283 etiam
540 5239 801 5296 constant,
828 5232 947 5299 quia
980 5230 1129 5285 nulla
1162 5242 1235 5285 est
1262 5233 1313 5286 in
1340 5233 1588 5302 subjecto.
1627 5231 1830 5289 Etenim

239 5322 401 5378 homo
445 5320 509 5375 de
550 5324 775 5393 subjecto
817 5324 986 5393 aliqua
1032 5325 1234 5378 homine
1272 5328 1475 5394 dicitur,
1506 5327 1559 5378 in
1607 5326 1833 5396 subjecto

237 5422 416 5465 autem
465 5414 608 5466 nullo
647 5424 741 5480 est,
774 5432 933 5481 neque
970 5418 1104 5469 enim
1143 5418 1196 5470 in
1227 5416 1403 5486 aliqua
1441 5418 1642 5469 homine
1680 5418 1831 5472 homo

240 5512 338 5556 est.
366 5503 619 5559 Similiter
646 5507 843 5559 animal
872 5509 935 5561 de
962 5508 1188 5573 subjecto
1213 5511 1413 5577 quidem
1449 5511 1635 5562 dicitur
1658 5511 1830 5580 aliqua

239 5595 472 5663 homine,
500 5613 601 5650 non
627 5607 700 5657 est
730 5611 901 5653 autem
927 5601 1121 5652 animal
1144 5602 1196 5652 in
1225 5602 1398 5667 aliqua
1431 5600 1652 5654 homine.

325 5683 455 5739 Post
479 5690 939 5745 enumerationem
980 5690 1400 5749 substantiarutn
1441 5701 1494 5746 et
1522 5691 1835 5747 divisionem

243 5774 309 5840 ign
336 5793 437 5857 qua
469 5778 601 5834 alias
634 5780 855 5853 primas,
885 5781 1019 5838 alias
1067 5782 1329 5840 secundas
1378 5798 1497 5839 esse
1542 5784 1843 5862 proposuit,

1931 4705 2034 4740 non
2069 4688 2118 4739 in
2161 4686 2291 4755 ipsis
2321 4694 2465 4737 sunt.
2495 4682 2704 4736 Animal
2748 4680 2888 4734 enim
2926 4680 2992 4732 de
3027 4678 3254 4745 quodam
3300 4675 3520 4728 homine

1932 4792 2133 4834 tantum
2164 4780 2377 4843 dicitur,
2398 4792 2504 4830 non
2533 4776 2691 4829 etiam
2716 4776 2766 4826 in
2793 4772 2977 4843 aliq’uo
3000 4772 3217 4825 homine
3243 4769 3514 4829 Consistit,

1930 4886 1984 4927 ιιι
2015 4876 2064 4926 in
2096 4873 2355 4940 subjecto.
2390 4872 2499 4924 Hoc
2531 4880 2705 4923 autem
2746 4870 2835 4921 illa
2878 4882 2964 4921 res
2996 4866 3202 4932 nubat,
3228 4862 3366 4933 quod
3396 4878 3513 4913 om-

1933 4967 2021 5019 nia
2053 4980 2382 5032 dumcunque
2419 4964 2471 5015 in
2511 4961 2752 5030 subjecto
2795 4969 2939 5020 sunt,
2971 4974 3159 5012 eorum
3189 4970 3400 5025 quoque
3432 4956 3516 5005 in-

1933 5058 2152 5109 dividua
2183 5056 2235 5109 in
2268 5055 2511 5123 sobjecto
2542 5062 2698 5115 sunt,
2734 5053 2884 5105 enlor
2911 5052 3162 5119 quoniam
3194 5049 3245 5102 in
3276 5046 3521 5114 subjecto

1932 5164 2155 5216 corpore
2179 5157 2283 5211 est,
2303 5158 2359 5201 et
2382 5145 2597 5215 quidam
2622 5145 2773 5197 color
2799 5142 3041 5210 subjecto
3063 5155 3289 5206 corpore
3312 5142 3517 5197 nititur,

1934 5239 1986 5289 in
2019 5238 2118 5291 hoc
2150 5253 2275 5289 vero
2307 5224 2557 5303 quoniam
2601 5233 2784 5299 prima:
2814 5234 3147 5296 substantim,
3176 5231 3225 5284 id
3269 5239 3351 5285 est
3381 5229 3520 5281 indi-

1935 5330 2089 5381 vidua
2117 5329 2168 5381 in
2196 5327 2438 5394 subjecto
2469 5342 2573 5379 non
2610 5334 2766 5390 sunt,
2799 5339 2897 5377 nec
2941 5340 3127 5377 eorum
3177 5321 3519 5384 universalia,

1940 5420 1992 5473 id
2034 5430 2117 5475 est
2162 5418 2414 5473 secunda:
2458 5419 2795 5479 snlistantizn,
2824 5432 2942 5485 qua:
2987 5431 3182 5484 genera
3215 5414 3529 5482 speciesque

1941 5520 2083 5572 sunt,
2113 5521 2332 5579 possunt
2380 5512 2558 5579 aliquo
2599 5510 2692 5563 niti
2735 5508 3000 5575 subjecto.
3051 5506 3226 5570 Quart:
3276 5504 3526 5557 secundat

1942 5603 2255 5656 substantia:
2282 5603 2477 5669 primas
2500 5602 2828 5655 substantias
2857 5601 2920 5648 ad
2958 5595 3391 5663 ιιτιυιιίιτιιὶοηθιη
3425 5604 3526 5645 Iano

1948 5704 2055 5746 tum
2106 5694 2374 5760 subjectus
2431 5693 2647 5757 habent,
2678 5706 2780 5743 non
2837 5689 2995 5740 etiam
3054 5694 3111 5735 ut
3162 5684 3291 5748 ipsa:
3348 5683 3537 5751 ιιιίιιιίςι.

1948 5787 2259 5845 substantiis
2300 5784 2563 5839 accidant.
2610 5782 2739 5837 Illud
2790 5792 3005 5846 quoque
3052 5773 3347 5829 maximum
3376 5789 3514 5841 argu
