4022 6328
494 348 581 402 191
1734 347 1845 401 AN.
1886 345 2069 402 MAN].

2176 345 2280 399 EV.
2326 344 2545 400 BOETII

3648 344 3750 401 1&2

493 466 730 513 mentutn
771 468 853 512 est
887 457 1146 512 secunda;
1186 457 1510 511 substantias
1550 474 1654 512 non
1683 475 1803 514 esse
1837 461 1887 513 in
1930 462 2058 513 sub-
2097 467 2135 518 Α
2169 466 2249 510 εει
2277 458 2434 510 unius
2464 465 2685 524 possunt
2716 465 2770 509 et
2810 456 3039 509 nominis
3065 458 3458 526 nuncupatione
3479 500 3493 522 ,
3525 469 3579 512 et
3607 460 3750 513 difli-

494 551 654 619 jecto,
714 548 957 619 quoniam
997 563 1153 602 omne
1200 549 1340 617 quod
1382 549 1433 603 in
1479 550 1722 619 subjecto
1770 562 1851 605 est
1888 562 2068 619 potest

496 640 711 700 mutari,
739 638 824 691 illa
868 653 984 705 qua:
1015 638 1249 705 subjecta
1290 649 1374 693 est
1414 656 1518 693 non
1551 648 1804 707 mutatur,
1833 654 1887 694 ιιι
1918 643 2068 697 color

494 729 585 797 qui
628 739 707 782 est
754 729 807 781 in
856 742 1099 795 corpore,
1128 730 1315 782 eodem
1345 746 1570 799 corpore
1612 743 1859 786 manente
1896 744 2069 802 potest

497 823 712 885 mutari,
742 830 797 874 ut
824 822 974 889 niger
999 822 1087 875 liat
1108 840 1172 878 ex
1194 824 1337 877 albo.
1371 824 1705 878 Manentibus
1736 835 1910 879 autem
1942 830 2068 878 sult-

458 914 703 966 ‘stantiis
746 913 952 981 primis,
979 916 1228 967 secunda:
1272 918 1583 971 substantia:
1628 934 1732 971 nun
1774 929 2062 973 mutantur.

494 1002 663 1069 Quam
706 1019 835 1057 vero
870 1004 985 1071 ipse
1013 1004 1327 1059 Aristoteles
1357 1008 1532 1075 posuit
1562 1002 1948 1076 probationem,
1985 1025 2070 1062 se-

492 1093 692 1146 cundas
732 1095 1054 1148 substantias
1096 1111 1199 1148 non
1231 1113 1352 1151 esse
1385 1099 1436 1151 in
1484 1100 1741 1166 subjecto.
1769 1099 2078 1169 lmjusmodi

494 1192 593 1247 est,
620 1183 909 1251 pra-docuit
937 1186 1077 1238 enim
1101 1188 1446 1253 quorumdam
1473 1202 1590 1255 qua:
1611 1202 1728 1239 sunt
1756 1190 1805 1241 in
1830 1190 2069 1258 subjecto

438 1342 444 1350 ι
496 1288 685 1326 nomen
718 1274 784 1327 dc
812 1274 1065 1343 subjectis
1108 1291 1264 1343 posse
1312 1279 1609 1345 praidicari,
1640 1280 1897 1333 rationem
1944 1297 2069 1335 vero

436 1353 443 1367 ’
496 1381 782 1433 nunquam.
817 1368 1006 1420 Album
1044 1369 1183 1423 enim
1230 1385 1348 1423 cum
1399 1372 1468 1424 sit
1507 1376 1557 1424 in
1600 1389 1844 1440 corpore,
1877 1375 2069 1429 dicitur

493 1471 687 1525 corpus
719 1458 921 1523 album,
950 1469 1003 1512 et
1032 1461 1348 1526 praedicatur
1388 1463 1581 1515 albedo
1609 1463 1676 1516 de
1703 1478 1949 1531 corpore,
1976 1467 2067 1520 sed

493 1548 595 1600 alia
641 1560 720 1602 est
768 1551 1014 1603 ιΙὶΗίηἱιίυ
1055 1554 1337 1621 albedinis,
1370 1556 1471 1607 alia
1512 1558 1774 1623 corporis.
1812 1558 2070 1611 Secunda:

494 1655 619 1705 vero
641 1642 946 1696 substantia:
970 1643 1035 1697 de
1058 1644 1240 1712 primis
1264 1646 1570 1702 substantiis
1615 1657 1669 1702 et
1696 1650 1911 1705 nomine
1937 1666 2071 1718 pra:-

494 1731 771 1795 tlicantur,
824 1746 875 1787 et
920 1736 1240 1790 diliinitione
1288 1737 1602 1807 junguntur.
1661 1741 1790 1793 Nam
1852 1743 2066 1810 quidam

2172 550 2392 602 nitionis
2420 548 2871 603 detetminatione
2899 549 3170 619 conjungi.
3195 550 3342 615 Quod
3370 553 3412 604 si
3436 552 3489 605 in
3508 551 3751 619 subjecto

2171 652 2317 694 esset
2347 641 2669 704 diﬂerentia,
2692 655 3022 709 nequaquam
3043 639 3111 695 de
3132 642 3374 710 subjecto
3398 642 3497 696 sibi
3526 641 3753 697 univoce

2173 732 2582 799 praidicaretur.
2614 732 2790 797 Quare
2828 749 2933 785 non
2986 735 3257 801 proprium
3302 744 3383 787 est
3434 733 3750 788 substantia:

2170 826 2308 893 quod
2362 826 2555 877 retinet
2602 824 2760 877 etiam
2813 824 3141 885 diii‘erentia,
3183 824 3480 877 tlili‘crentia
3521 840 3749 893 namque.

2170 913 2460 966 substantia
2495 927 2600 965 non
2626 922 2729 966 est.
2782 913 2939 967 Esset
2968 914 3107 967 enim
3134 914 3403 981 proprium
3434 913 3750 967 substantia:

2173 1003 2223 1053 in
2255 1000 2495 1068 subjecto
2524 1015 2625 1054 non
2650 1015 2790 1054 esse.
2820 1000 2932 1053 Non
2962 1011 3050 1055 est
3070 1012 3244 1055 autem
3279 1002 3579 1056 dill‘erentia
3608 1005 3750 1055 acci-

2172 1096 2327 1159 dens,
2380 1105 2524 1150 esset
2553 1096 2696 1149 enim
2730 1096 2779 1148 in
2806 1094 3067 1163 subjecto.
3123 1096 3309 1150 Omnis
3336 1105 3513 1149 autem
3546 1110 3633 1150 res
3658 1107 3751 1147 aut

2171 1187 2420 1240 accidens
2455 1196 2570 1249 est,
2605 1195 2697 1240 aut
2735 1185 3051 1253 substantia,
3105 1186 3155 1240 id
3201 1196 3284 1240 est
3311 1196 3399 1239 aut
3428 1187 3482 1239 in
3507 1188 3751 1255 subjecto

2172 1287 2273 1340 est,
2299 1289 2388 1330 aut
2416 1277 2466 1330 in
2493 1277 2734 1343 subjecto
2756 1292 2860 1330 non
2902 1285 2986 1330 est
3004 1319 3019 1343 ,
3052 1286 3105 1331 et
3130 1287 3254 1331 sunt
3284 1278 3576 1332 accidentia
3600 1294 3749 1347 qua:-

2172 1384 2387 1437 cunque
2426 1370 2479 1421 in
2511 1369 2864 1422 substantiam
2921 1368 3146 1437 subjecti
3192 1384 3295 1421 non
3328 1369 3570 1435 veniunt,
3600 1385 3750 1438 qua--

2171 1477 2273 1530 que
2291 1472 2584 1530 permutata
2608 1473 2849 1515 naturam
2877 1463 3188 1516 substantia:
3218 1477 3321 1516 non
3350 1464 3636 1531 perimunt.
3688 1463 3745 1517 Si

2172 1551 2362 1615 quibus
2393 1565 2519 1604 vero
2558 1552 2848 1619 peremptis
2895 1552 3135 1620 subjecta
3190 1553 3598 1617 interimuntur,
3658 1554 3745 1607 illa

2176 1641 2386 1709 preprie
2410 1632 2632 1697 accideu
2665 1643 2711 1695 ia
2740 1658 2844 1703 non
2871 1659 3154 1707 vocamus,
3173 1644 3469 1699 differentia
3494 1661 3621 1699 vero
3662 1658 3750 1699 est

2176 1748 2293 1801 qua:
2315 1735 2381 1787 de
2413 1735 2652 1801 pluribus
2675 1736 2853 1802 specie
2870 1735 3231 1790 din‘erentibus
3258 1738 3311 1791 in
3341 1752 3406 1791 eo
3436 1738 3571 1807 quod
3589 1739 3749 1807 quale

495 1822 654 1875 ltonto
680 1824 872 1877 animal
901 1835 983 1878 est
1011 1837 1063 1881 et
1095 1826 1273 1891 homo,
1308 1829 1401 1882 sed
1432 1829 1646 1897 qttidam
1680 1829 1859 1896 linum,
1894 1842 1947 1884 et
1976 1833 2071 1884 lto-
2107 1820 2148 1875 Β
2176 1824 2243 1877 sil
2275 1826 2617 1890 Prmdicalur-
2668 1827 2771 1880 Set}
2822 1826 3121 1881 άίίΐθτεηῐὶθ
3172 1823 3470 1882 ευῧεωηιῖει
3502 1843 3605 1882 non
3639 1840 3745 1892 εει.

494 1914 670 1978 minis,
691 1925 741 1968 et
763 1918 1005 1970 animalis
1030 1920 1234 1973 ratione
1255 1920 1531 1976 diilinitur.
1564 1922 1629 1974 Et
1650 1923 2071 1995 ut‘veracissime

494 2008 750 2060 sententia
798 2010 1164 2073 conrludatur,
1194 2028 1354 2066 omne
1390 2015 1532 2081 quod
1578 2023 1659 2067 est
1705 2015 1754 2066 in
1804 2014 2069 2079 subjecto,

493 2098 761 2164 thttivoce
785 2099 852 2153 de
883 2101 1121 2169 subjecto
1142 2102 1355 2157 dicTtur.
1386 2104 1646 2158 Secunda:
1676 2120 1803 2158 vero
1827 2106 2069 2157 substan-

494 2191 580 2243 tia:
606 2190 673 2243 de
701 2192 884 2259 primis
929 2210 1031 2246 non
1063 2195 1354 2263 arquivoce,
1389 2197 1481 2249 sed
1512 2197 1733 2249 univoce
1762 2213 2071 2264 nuncupan-

495 2291 597 2343 tur,
623 2280 827 2353 idcirco,
847 2283 987 2351 quod
1027 2292 1108 2350 (ut
1138 2285 1337 2338 dictum
1367 2288 1472 2352 est)
1500 2297 1552 2339 et
1600 2289 1816 2341 nomine
1842 2298 1897 2342 et
1924 2290 2067 2342 difii-

494 2369 694 2423 nitione
749 2372 1108 2425 consentiunt.
1160 2374 1337 2439 Qu‘ure
1386 2376 1832 2441 quemadmodum
1887 2378 2070 2445 prima:

494 2460 800 2516 substantia:
821 2463 873 2517 in
897 2463 1136 2532 subjecto
1162 2481 1265 2518 non
1291 2475 1434 2532 sunt,
1456 2470 1531 2521 sic
1552 2470 1803 2521 secunda:
1828 2470 2074 2538 subjecto

494 2554 769 2635 carebunt.
798 2555 1094 2610 Commune
1140 2571 1218 2612 est
1252 2560 1408 2626 igitur
1448 2559 1693 2613 omnibus
1736 2545 2066 2624 substantiis,

495 2654 550 2697 et
578 2646 825 2699 secundis
851 2658 904 2700 et
936 2648 1121 2716 primis
1151 2648 1202 2702 in
1234 2650 1477 2718 subjetto
1507 2666 1608 2704 non
1640 2666 1779 2716 esse,
1804 2661 1857 2706 et
1895 2652 2068 2719 quod-

493 2750 703 2803 cunque
729 2738 1024 2792 substantia
1072 2740 1251 2801 fuerit.
1286 2756 1618 2812 consequens
1648 2753 1730 2796 est
1758 2752 1813 2796 ιιι
1844 2745 1895 2797 in
1925 2745 2069 2798 nullo

493 2826 734 2896 subjecto
763 2829 847 2882 sit.
878 2829 983 2884 Sed
1015 2833 1270 2899 qureritur
1296 2843 1468 2886 utrunt
1503 2835 1600 2887 hoc
1626 2834 1724 2887 soli
1757 2835 2069 2889 substantia:

493 2918 621 2971 insit
642 2936 705 2970 an
736 2920 893 2973 etiam
917 2921 1055 2983 abis,
1078 2937 1197 2975 nam
1225 2923 1269 2976 si
1299 2925 1396 2977 soli
1420 2926 1732 2979 substantia:
1755 2925 1913 2992 inest,
1937 2942 2069 2993 quo-

496 3011 634 3062 niam
658 3013 799 3063 onmi
824 3011 1129 3065 substantiae
1153 3013 1249 3066 hoc
1273 3014 1448 3070 inesse
1468 3017 1901 3081 monstravimus,
1926 3017 2067 3086 quod

494 3098 547 3153 in
593 3101 831 3167 subjecto
880 3117 981 3153 non
1028 3104 1124 3169 sit,
1162 3119 1342 3158 verum
1394 3108 1661 3175 proprium
1710 3107 1903 3160 dicitur
1947 3122 2067 3163 esse

2176 1915 2377 1968 idcirco
2395 1916 2536 1984 quod
2560 1916 2602 1968 si
2633 1926 2775 1969 esset
2801 1917 3096 1970 substantia
3132 1932 3236 1970 non
3270 1917 3321 1971 in
3345 1932 3410 1971 eo
3430 1918 3567 1986 quod
3589 1921 3749 1987 quale

2173 2006 2239 2057 sit
2269 2005 2335 2058 de
2357 2005 2619 2073 subjecto,
2651 2006 2743 2058 sed
2776 2007 2827 2059 in
2853 2022 2916 2059 eo
2932 2006 3072 2072 quod
3097 2008 3220 2075 quid
3243 2008 3312 2060 sit
3343 2009 3745 2076 praedicaretur.

2174 2095 2412 2160 Qualitas
2436 2111 2565 2150 vero
2597 2096 2766 2149 solum
2795 2110 2897 2149 non
2924 2106 3027 2161 est,
3070 2105 3212 2151 εεεει
3239 2098 3380 2151 enim
3424 2098 3668 2151 accidens
3691 2108 3748 2151 et

2175 2190 2225 2242 iu
2247 2191 2507 2257 subjecto.
2545 2193 2625 2243 An
2658 2191 2826 2258 magis
2854 2206 2917 2243 cx
2961 2190 3255 2244 substantia
3282 2200 3336 2246 et
3364 2192 3615 2259 qualitate
3644 2191 3749 2243 dil-

2174 2282 2400 2335 it-rentia
2431 2283 2543 2349 ipsa
2575 2283 2892 2348 coniicitur,
2924 2283 2993 2334 ita
3025 2292 3076 2333 ut
3107 2281 3233 2334 illud
3260 2282 3327 2335 de
3356 2298 3460 2348 quo
3493 2282 3748 2351 pradica-

2174 2381 2278 2437 tur,
2309 2383 2578 2440 perempta
2616 2373 2911 2427 differentia
2938 2373 3094 2427 simul
3123 2374 3489 2437 interimatur,
3544 2383 3602 2426 ut
3649 2389 3745 2428 ca-

2174 2464 2399 2531 lor,cum
2425 2475 2506 2518 est
2534 2465 2584 2518 in
2609 2480 2765 2535 aqua,
2795 2475 3068 2534 perempto
3095 2466 3294 2531 calore,
3328 2474 3501 2535 potest
3522 2481 3654 2535 aqua
3683 2468 3737 2520 in

2174 2570 2266 2608 sua
2312 2556 2605 2609 substantia
2642 2570 2988 2624 permanere,
3046 2567 3099 2611 et
3129 2565 3212 2610 est
3243 2558 3389 2611 calor
3413 2558 3462 2609 in
3507 2557 3747 2624 subjecta

2172 2664 2332 2713 aqua,
2355 2665 2460 2716 quo
2492 2650 2830 2717 interempto,
2853 2663 2986 2717 aqua
3030 2664 3133 2702 non
3161 2648 3368 2715 peribit.
3397 2649 3536 2702 Idem
3563 2662 3742 2703 tamen

2172 2741 2322 2791 calor
2347 2749 2429 2792 est
2450 2730 2502 2791 iit
2531 2740 2669 2807 igne,
2695 2739 2786 2791 sed
2816 2726 3090 2807 perempto
3105 2738 3303 2806 calore,
3321 2740 3496 2808 ignem
3526 2739 3749 2794 interire

2175 2844 2400 2885 necesse
2420 2839 2523 2883 est.
2547 2830 2720 2896 Quare
2740 2829 2852 2882 bace
2874 2830 3103 2897 qualitas
3123 2829 3315 2882 caloris
3330 2828 3750 2883 substantialiter

2173 2923 2312 2975 inest
2340 2922 2468 2990 igni,
2499 2930 2657 2976 etest
2700 2922 2912 2989 propria
2941 2912 3240 2975 dilierentia
3260 2961 3275 2985 ,
3308 2920 3359 2973 id
3389 2930 3471 2974 est
3496 2921 3749 2974 substan-

2176 3012 2337 3065 tialis.
2363 3011 2801 3067 Concludendutn
2844 3022 2926 3065 est
2961 3013 3119 3081 igitur
3145 3010 3498 3065 dilierentiam
3520 3054 3535 3075 ,
3573 3026 3751 3081 neque

2176 3107 2348 3159 Solum
2383 3106 2733 3160 substantiam
2778 3120 2931 3169 esse,
2992 3119 3165 3173 neque
3204 3104 3376 3156 solum
3408 3104 3745 3171 qualitatem,

495 3189 835 3253 SlibSlﬂlliiD,
866 3208 968 3245 non
999 3209 1117 3248 csse
1157 3196 1206 3247 in
1249 3195 1509 3263 subjecto.
1560 3199 1669 3250 iloc
1698 3198 1837 3251 enim
1870 3198 2066 3252 dictum
2100 3188 2145 3249 C
2179 3196 2273 3251 sed
2306 3198 2446 3267 quod
2473 3213 2535 3253 ex
2571 3199 2808 3265 utrisque
2840 3196 3117 3250 coniicitur
3139 3195 3537 3249 substantialem
3570 3197 3749 3265 quali-

494 3290 575 3334 εει
603 3297 719 3336 esse
750 3285 1002 3352 maxime
1025 3289 1324 3354 proprium,
1353 3290 1493 3358 quod
1522 3290 1765 3344 omnibus
1794 3290 1990 3345 inesset
2018 3301 2072 3345 et

497 3371 644 3434 solis,
674 3374 765 3426 scd
811 3374 910 3429 hoc
951 3392 1054 3431 non
1100 3392 1220 3439 esse
1262 3380 1572 3433 subsmntia'
1604 3381 1874 3448 proprium
1904 3382 2071 3435 veris-

496 3463 629 3516 sima
658 3464 971 3521 Aristoteles
1002 3470 1311 3537 probatione
1339 3470 1622 3526 conﬁrmat
1650 3472 1834 3527 dicens
1860 3490 1872 3526 :

564 3553 795 3621 Amplius
822 3574 994 3611 eorum
1015 3576 1130 3629 qua:
1148 3570 1265 3615 sunt
1303 3564 1356 3615 in
1391 3566 1616 3635 subjecto
1653 3580 1837 3617 nomen
1866 3564 2069 3634 quidem

404 3650 407 3653 ’
498 3644 559 3698 de
582 3646 805 3717 subjecto
851 3648 1129 3720 aliquando
1160 3654 1287 3707 nihil
1316 3654 1543 3723 prohibet
1575 3656 1878 3725 praedicari,
1910 3658 2071 3709 ratio~

494 3755 607 3793 nem
630 3755 744 3793 vero
772 3744 1081 3799 impossibile
1111 3757 1201 3799 est.
1227 3747 1585 3801 Secundarum
1614 3765 1726 3801 vero
1757 3748 2070 3802 substantia-

493 3843 607 3879 rum
634 3841 679 3881 et
709 3847 890 3883 nomen
940 3835 1003 3885 de
1049 3837 1285 3903 subjectis
1312 3847 1359 3890 et
1390 3839 1523 3890 ratio
1552 3838 1945 3907 pradicabilur,
1978 3856 2068 3891 ra-

494 3917 679 3969 tionem
725 3922 857 3971 enim
905 3920 1126 3975 hominis
1171 3933 1216 3976 et
1260 3926 1502 3978 animalis
1550 3929 1613 3979 de
1652 3927 1822 3993 aliquo
1871 3926 2071 3983 homine

496 4007 819 4073 prtedicabis.
868 4010 1037 4072 Quare
1062 4028 1161 4065 non
1192 4014 1285 4065 erit
1314 4015 1591 4067 substantia
1618 4030 1788 4068 eorum
1818 4034 1933 4087 qua:
1952 4031 2069 4075 sunt

495 4100 549 4152 in
578 4099 705 4168 subj.
725 4111 823 4155 cto.
877 4102 995 4156 Non
1023 4114 1097 4156 est
1133 4116 1303 4158 autem
1334 4106 1428 4160 hoc
1456 4114 1725 4179 proprium
1755 4114 2064 4183 substantite,

495 4207 714 4259 namque
743 4203 787 4245 et
819 4192 1106 4260 (Ii/ferentia
1135 4213 1308 4249 eorum
1348 4208 1442 4261 est,
1484 4216 1597 4269 qua:
1624 4203 1674 4255 in
1700 4202 1926 4275 subjecto
1968 4222 2070 4259 non

497 4292 638 4348 sunt,
670 4284 807 4353 bipes
838 4286 969 4337 enim
995 4296 1042 4339 et
1081 4289 1342 4357 gressibile
1388 4291 1451 4343 de
1475 4293 1705 4363 subjecto
1749 4296 1952 4364 quidem
1978 4295 2071 4349 Ito-

495 4378 629 4428 mine
655 4379 862 4441 dicitur,
898 4380 948 4430 in
971 4379 1199 4450 subjecta
1225 4392 1389 4434 autem
1418 4383 1558 4437 nullo
1582 4396 1653 4439 est
1671 4426 1684 4450 ,
1736 4405 1837 4441 non
1860 4390 1992 4443 enim
2017 4390 2068 4443 in

495 4469 698 4521 homine
724 4458 803 4522 est
819 4471 985 4537 bipes,
1010 4488 1170 4541 neque
1192 4474 1469 4542 gressibile.
1506 4477 1655 4530 Ratio
1692 4496 1891 4547 quoque
1920 4481 2072 4544 (ii/fe-

2180 3301 2371 3350 tatem,
2399 3304 2517 3358 qua:
2547 3296 2822 3356 permanet
2854 3288 2906 3341 in
2944 3298 3129 3340 natura
3157 3287 3417 3353 subjecti,
3444 3296 3605 3355 atque
3628 3286 3751 3339 ideo

2174 3379 2423 3450 quoniam
2470 3377 2766 3432 substantia
2812 3377 3128 3445 participat,
3195 3376 3441 3429 accidens
3485 3390 3591 3428 non
3642 3384 3749 3441 est,

2173 3472 2421 3543 quoniam
2456 3469 2681 3538 qualitas
2704 3478 2807 3533 est,
2852 3468 3202 3521 asubstantia
3250 3467 3588 3535 relinquitur.
3638 3468 3748 3521 Sed

2176 3562 2443 3632 quoddam
2459 3560 2689 3614 medium
2718 3569 2799 3614 est
2820 3559 2956 3613 inter
2975 3560 3322 3612 subSIantiam
3340 3568 3392 3612 et
3417 3558 3747 3627 qualitatem,

2172 3672 2288 3726 qua:
2316 3654 2563 3725 quoniam
2594 3654 2644 3707 in
2676 3653 2917 3720 subjecto
2952 3667 3056 3705 non
3089 3661 3172 3705 est
3227 3660 3282 3706 et
3311 3653 3606 3705 substantia
3640 3667 3750 3704 non

2173 3758 2277 3812 est,
2310 3745 2583 3816 proprium
2625 3744 2936 3798 substantia:
2964 3759 3069 3797 non
3118 3751 3201 3797 est
3238 3758 3341 3797 non
3386 3757 3507 3796 esse
3537 3744 3589 3795 in
3622 3744 3752 3795 sub-

2171 3841 2333 3908 jecto.
2385 3840 2510 3894 Post
2553 3838 2655 3892 hoc
2705 3836 2828 3888 illuc
2870 3848 3081 3902 quoque
3108 3832 3238 3886 dicit
3264 3847 3368 3886 non
3409 3831 3610 3885 debere
3651 3846 3753 3885 nos

2173 3931 2480 3984 conturbari
2503 3971 2517 3993 ,
2561 3943 2627 3982 ne
2660 3927 2795 3979 [orte
2822 3924 3241 3978 substantiarum
3292 3932 3501 3991 partes,
3523 3937 3646 3989 qua:
3678 3922 3749 3974 ita

2173 4023 2369 4077 suntin
2402 4030 2511 4074 toto
2529 4020 2677 4088 quasi
2711 4019 2763 4072 in
2792 4018 2971 4085 aliquo
3016 4015 3287 4079 subjecto,
3329 4014 3615 4081 aliquando
3660 4027 3751 4066 co:-

2173 4128 2359 4181 gamur
2392 4126 2498 4163 non
2536 4108 2861 4163 substantias
2884 4105 3590 4159 confiteri.Substantiarum
3622 4119 3746 4171 par-

2175 4214 2254 4256 tes
2280 4203 2333 4257 in
2365 4201 2609 4268 subjecto
2633 4206 2779 4263 sunt,
2811 4196 2904 4251 sed
2930 4210 3034 4249 non
3063 4206 3117 4248 ut
3152 4195 3470 4260 accidentia,
3504 4194 3749 4247 videmus

2173 4294 2311 4346 enim
2345 4292 2602 4361 quasdam
2637 4297 2812 4358 partes
2848 4287 3265 4341 substantiarum
3308 4285 3379 4339 ita
3412 4300 3533 4340 esse
3561 4287 3612 4339 in
3635 4295 3748 4340 toto

2172 4386 2323 4455 quasi
2347 4385 2455 4439 sint
2491 4385 2541 4437 in
2570 4381 2834 4451 subjecm,
2883 4391 2940 4433 ut
2979 4389 3137 4447 caput
3163 4380 3212 4432 in
3242 4389 3351 4432 toto
3391 4394 3616 4447 corpore
3641 4388 3746 4443 est,

2173 4488 2225 4529 et
2255 4489 2443 4529 manus
2478 4474 2529 4527 in
2559 4483 2668 4527 toto
2689 4486 2914 4539 corpore
2938 4479 3040 4531 est,
3079 4471 3247 4522 forma
3276 4484 3487 4537 quoque
3507 4474 3567 4522 et
3582 4479 3753 4523 mate-

496 4560 677 4611 rcntite
701 4562 761 4612 de
808 4562 901 4613 illo
934 4563 1121 4615 dicitur
1154 4564 1216 4615 de
1241 4581 1340 4632 quo
1369 4566 1480 4633 ipsa
1511 4568 1796 4636 iii/ferentia
1820 4573 2070 4641 prwdica-
2100 4566 2152 4624 D
2179 4570 2254 4621 ria
2279 4584 2395 4635 qua:
2445 4574 2571 4619 sunt
2614 4573 2794 4633 partes
2838 4561 3151 4630 composita:
3196 4560 3506 4613 substantiae
3550 4559 3604 4612 in
3636 4561 3750 4627 ipsa

498 4661 606 4713 tur,
635 4662 687 4702 ut
709 4652 753 4703 si
774 4654 1035 4719 gressibile
1061 4655 1124 4707 de
1147 4656 1349 4709 homine
1378 4657 1595 4716 dicitur.
1644 4670 1690 4714 et
1726 4666 1858 4715 ratio
1880 4666 2068 4734 gressi-

496 4738 611 4790 bilis
634 4741 696 4791 de
717 4742 919 4794 homine
942 4745 1328 4812 prwdicabilur,
1353 4758 1425 4800 est
1448 4751 1579 4801 enim
1601 4752 1749 4803 homo
1771 4753 2067 4821 grcssibilis.

570 4830 687 4883 Non
717 4847 839 4885 esse
881 4835 1154 4903 proprium
1200 4836 1299 4891 huc
1330 4841 1643 4895 substantia:
1690 4844 1840 4907 dicit,
1874 4845 2070 4901 idcirco

496 4922 637 4987 quod
672 4924 719 4973 in
751 4924 1069 4979 diiierentiis
1094 4927 1232 4980 idem
1278 4930 1369 4996 sit,
1398 4930 1451 4983 in
1477 4934 1622 4985 nullo
1651 4934 1789 4986 enim
1822 4935 2067 4989 diiian-

500 5014 569 5065 tia
601 5014 843 5082 Subjecto
863 5025 963 5079 est,
1000 5021 1061 5069 ad
1091 5018 1482 5090 illudnamque
1514 5025 1825 5079 recurritur.
1884 5026 1937 5080 Si
1971 5026 2070 5080 diii-

500 5103 721 5158 ierentia
757 5109 806 5158 in
837 5107 1081 5176 subjecto
1103 5120 1281 5175 esset,
1322 5113 1534 5167 nomine
1566 5125 1765 5168 tantum
1799 5117 1865 5170 de
1894 5119 2073 5187 subje-

498 5205 584 5248 cto
610 5198 1005 5265 prmdicaretur,
1033 5217 1136 5254 non
1162 5202 1320 5256 etiam
1347 5206 1574 5258 ratione.
1608 5205 1913 5260 Ddicrentia
1944 5224 2073 5263 vero

499 5289 565 5339 de
590 5305 653 5341 eo
685 5291 749 5344 de
778 5307 881 5360 quo
930 5292 1123 5347 dicitur
1162 5296 1385 5349 univoce
1418 5298 1763 5364 praedicatur,
1810 5300 1926 5352 utsi
1955 5301 2073 5368 quis

498 5378 640 5431 tl’cat
663 5384 993 5449 gressibilem
1022 5386 1374 5439 dili'ervtttiatn
1408 5390 1472 5441 de
1510 5390 1722 5443 ltomittc
1742 5430 1756 5453 ,
1786 5392 1949 5459 ipsius
1975 5394 2077 5446 dif-

502 5467 738 5524 ferentia:
771 5474 1019 5527 dtllinitio
1043 5492 1251 5544 qunque
1278 5478 1476 5529 homini
1506 5480 1892 5533 convenienter
1920 5491 2073 5550 apta-

504 5560 662 5615 bitnr.
699 5564 986 5620 Grchiliile
1015 5584 1242 5637 namque
1272 5580 1350 5623 cst
1378 5570 1517 5638 quod
1573 5587 1667 5637 per
1700 5582 1896 5626 terram
1927 5575 2075 5641 pedi-

505 5656 600 5705 bus
628 5658 880 5721 ambulat,
912 5668 964 5712 et
999 5660 1155 5712 Ιιιιηι»
1198 5670 1280 5713 est
1309 5663 1446 5736 quod
1500 5678 1591 5730 per
1618 5671 1813 5717 terram
1853 5667 2074 5733 pedibus

500 5746 759 5811 ambulat,
794 5750 861 5801 ita
895 5751 1209 5805 tliﬂ'ercntize
1257 5765 1309 5804 et
1356 5752 1475 5821 ejus
1518 5754 1717 5824 dequo
1761 5756 1874 5824 ipsa
1924 5756 2073 5811 dilic-

501 5842 668 5891 rcntia
708 5839 898 5893 dit-itur
949 5856 1045 5893 una
1085 5842 1274 5909 poterit
1330 5858 1448 5899 es<c
1485 5845 1619 5899 ratio
1650 5846 1980 5916 substantiai,
2015 5848 2067 5904 id

2179 4657 2477 4725 composita
2503 4655 2796 4708 sub-tantis
2841 4663 2982 4706 sunt.
3039 4652 3115 4704 Ne
3158 4650 3296 4704 forte
3334 4665 3461 4716 ergo
3492 4665 3753 4717 cogantur

2179 4748 2466 4819 aliquando
2507 4756 2682 4816 partes
2721 4746 3172 4807 substantiarum,
3218 4744 3468 4811 quoniam
3529 4753 3658 4795 sunt
3697 4744 3752 4795 in

2176 4843 2441 4910 subjecto,
2464 4840 2723 4908 suspicari
2754 4854 2856 4892 non
2881 4852 3002 4893 esse
3025 4836 3365 4896 substantias,
3385 4836 3477 4890 sed
3499 4836 3753 4891 acciden-

2180 4936 2272 4999 tia,
2308 4925 2601 5000 pra:monet
2628 4931 2811 4985 dicens
2835 4947 2850 4983 :

2168 5051 2177 5061 ρ
2258 5024 2376 5077 Non
2397 5026 2694 5077 conturbent
2717 5032 2886 5075 auttm
2930 5038 3021 5073 nos
3050 5022 3443 5075 substantiarum
3475 5031 3668 5089 partes,
3701 5030 3756 5073 ut

2182 5134 2293 5187 qute
2313 5118 2383 5169 ita
2411 5118 2513 5169 sint
2543 5117 2593 5168 in
2617 5127 2740 5180 toto,
2768 5116 2913 5183 quasi
2933 5116 2984 5166 in
3009 5114 3251 5185 subjecto,
3277 5131 3338 5167 ne
3358 5115 3488 5183 forte
3509 5129 3751 5182 cogamur

2179 5208 2412 5276 conﬁteri
2436 5224 2519 5260 eas
2552 5224 2651 5259 non
2678 5224 2783 5259 esse
2801 5206 3126 5268 substantias,
3153 5221 3254 5257 non
3284 5208 3420 5257 enim
3446 5205 3519 5256 sic
3552 5204 3757 5255 diceba-

2180 5315 2293 5352 mus
2323 5316 2381 5351 ea
2408 5316 2514 5351 esse
2541 5314 2654 5368 qua!
2691 5308 2806 5351 sunt
2848 5299 2897 5350 in
2925 5299 3151 5368 subjecto
3172 5335 3188 5362 ,
3218 5304 3272 5349 ut
3299 5297 3445 5365 quasi
3474 5306 3644 5365 partes
3676 5313 3752 5347 ts-

2181 5399 2289 5441 sent
2316 5389 2366 5440 in
2390 5388 2586 5455 aliqua.

2252 5478 2362 5529 Hoc
2389 5477 2528 5529 enim
2559 5476 2781 5529 ratiunis
2836 5475 2991 5530 ail‘ert
3039 5491 3133 5529 cur
3174 5477 3274 5529 ista
3306 5475 3602 5529 accidentia
3629 5492 3755 5528 esse

2181 5568 2655 5636 aliquissuspicari
2701 5586 2806 5635 non
2848 5569 3063 5622 debeat.
3115 5569 3209 5621 Illa
3261 5570 3401 5622 enim
3457 5570 3760 5623 accidentia

2178 5676 2300 5714 esse
2329 5662 2554 5714 diftinita
2583 5670 2709 5715 sunt
2745 5662 2794 5714 in
2827 5660 3091 5729 subjecto,
3139 5677 3257 5729 qua:
3306 5678 3410 5714 non
3462 5672 3645 5714 essent
3703 5673 3760 5714 ut

2177 5754 2420 5823 qumdam
2452 5769 2599 5821 pars,
2629 5753 2728 5808 hoc
2760 5754 2901 5806 enim
2934 5753 3175 5820 superius
3203 5753 3295 5805 ait.
3316 5753 3370 5805 In
3397 5752 3643 5819 sulijeCto
3665 5769 3762 5806 au-

2179 5857 2282 5902 tem
2308 5847 2576 5915 essedici»,
2603 5845 2740 5915 quod
2765 5860 2881 5900 cum
2912 5844 2963 5898 in
2993 5845 3169 5915 aliquo
3200 5845 3408 5913 sit,non
3440 5847 3577 5901 s’cnt
3609 5861 3757 5913 quc-
