4030 6336
202 311 311 365 193

1201 312 1261 366 IN
1294 310 1727 365 (ΞΛΤΕΟΟΒἉΑΞ
1765 310 2211 367 ΔΙῊΒῘΟΤΕΙΛΞ
2251 315 2375 367 Ui}.
2423 319 2457 367 l.

3379 312 3480 369 194

201 429 328 479 dam
361 439 485 496 pars
521 432 575 480 et
604 422 936 491 impossibile
967 436 1045 477 est
1074 439 1195 477 esse
1241 426 1355 477 sine
1387 440 1451 476 eo
1482 426 1530 478 in
1560 441 1666 492 quo
1689 433 1789 477 est.
1824 432 1868 488 Α
1903 426 2089 491 possit.
2124 424 2186 475 Et
2220 423 2321 478 hoc
2354 426 2492 478 idem
2536 424 2712 478 evenit
2750 422 2815 476 de
2854 422 3032 486 specie
3063 422 3339 490 cujusdam
3379 426 3481 476 bo-

212 518 477 584 Quocivca
524 517 775 586 quoniatn
814 515 1113 568 accidentia
1155 516 1224 568 ita
1271 524 1396 569 sunt
1429 518 1477 567 in
1529 516 1792 583 subjecto,

204 620 267 662 ut
293 609 519 676 subjecti
550 619 726 676 partes
758 610 1001 674 ttonsint,
1024 608 1448 661 substantiarum
1466 623 1593 659 vero
1617 615 1796 675 partes

206 699 262 752 in
298 710 414 779 totq
439 700 507 752 ita
539 708 684 759 sunt,
707 708 761 751 ut
792 698 843 751 in
877 700 1120 765 subjecto
1152 714 1256 752 non
1285 699 1428 761 sint,
1464 707 1642 765 partes
1668 696 1798 749 sub-

206 793 556 853 stantiarum,
589 800 768 858 partes
796 791 1149 846 accidentium
1173 806 1293 846 csse
1337 792 1514 845 nullus
1532 802 1675 845 recte
1702 806 1797 843 su-

204 885 406 953 spicari
437 894 632 950 potest.
1338 865 1342 873 ’
1446 946 1449 950 Α

287 972 424 1026 Inest
455 982 622 1025 autem
652 974 943 1026 substantiis
986 984 1031 1025 et
1062 974 1372 1037 di/ferentiis
1417 990 1479 1027 ea:
1512 974 1590 1025 his
1631 973 1801 1025 omnia

210 1066 424 1117 unitvoce
456 1066 747 1127 praedicari.
799 1066 985 1117 Omnia
1015 1068 1149 1117 enim
1179 1081 1292 1133 quo:
1322 1065 1382 1117 ab
1412 1068 1490 1116 his
1524 1065 1801 1131 praedicata

213 1165 353 1219 sunt,
384 1167 471 1209 aut
501 1158 561 1209 de
592 1156 873 1213 individuis
904 1156 1289 1227 pra’dicantur,
1313 1167 1400 1210 aut
1427 1158 1492 1213 de
1509 1158 1801 1226 speciebus;

217 1264 248 1299 a
272 1249 439 1317 prima
457 1265 671 1316 namque
687 1249 970 1300 substantia
992 1248 1137 1300 nulla
1152 1259 1222 1301 est
1242 1250 1560 1319 prazdicatio,
1580 1250 1641 1300 de
1661 1249 1804 1300 nullo

216 1340 353 1392 enim
383 1340 611 1410 subjecto
633 1341 841 1392 dicitur.
867 1338 1225 1392 Secundarum
1254 1356 1368 1391 vero
1396 1339 1802 1391 substantiarutn

214 1435 411 1501 species
432 1434 638 1499 quidem
662 1435 723 1485 de
746 1433 1006 1485 indiuiduo
1034 1433 1362 1502 praedicatur,
1389 1447 1546 1501 genus
1566 1439 1738 1482 autem
1759 1440 1804 1481 et

215 1526 281 1579 de
305 1526 473 1591 specie
503 1534 547 1578 et
570 1525 633 1577 de
661 1524 943 1577 individuo.
974 1522 1221 1577 Similiter
1245 1531 1414 1575 autem
1442 1531 1488 1574 et
1505 1520 1807 1585 di/I'erentia:

216 1623 281 1673 de
305 1620 586 1687 speciebus,
617 1631 661 1671 ct
694 1619 756 1671 de
800 1618 1079 1671 individuis
1132 1617 1495 1684 prwdicautur.
1537 1612 1803 1666 Rationem

223 1712 386 1763 etiam
421 1711 702 1776 suscipiunt
742 1711 918 1778 prima:
946 1708 1243 1763 substantiae
1272 1709 1553 1775 specierum
1585 1715 1629 1759 et
1659 1721 1808 1777 gene-

1903 516 2082 579 minis,
2120 515 2170 568 id
2202 526 2283 569 est
2313 516 2378 569 de
2410 517 2623 588 homine
2647 522 2673 570 :‘
2694 515 2854 605 homp
2888 531 3136 584 namque,
3180 516 3230 568 id
3258 526 3339 569 est
3369 516 3481 583 ipsa

1903 607 2134 676 species,
2166 623 2286 661 cum
2318 608 2387 660 sit
2415 609 2921 676 gressibiliapoueu
2944 608 3183 671 dilﬁniri,
3208 608 3379 660 llomo
3400 619 3485 662 est

1903 698 2042 766 quod
2077 713 2173 765 per
2216 707 2411 751 terram
2449 698 2670 765 pedibus
2701 699 2975 751 ambulare
3017 699 3203 766 possit.
3267 702 3403 767 lirgo
3431 712 3487 753 et

1905 788 2221 842 differentia:
2245 790 2310 841 de
2336 788 2421 842 his
2454 790 2521 842 de
2546 792 2738 858 quibus
2754 790 3129 857 prmdicantur,
3157 789 3380 844 univoce
3405 790 3488 843 di-

1910 891 2123 935 cuntur.
2149 880 2407 945 QnoCirca
2432 882 2682 949 quoniam
2712 893 2765 934 et
2800 884 3048 935 secundze
3071 884 3390 936 substantizn
3417 883 3487 937 de

1915 971 1998 1024 bis
2023 972 2087 1024 de
2105 974 2298 1039 quibus
2330 972 2689 1038 prtcdicatttur
2720 972 2947 1026 univoce
2974 973 3247 1035 dicuntur,
3288 983 3341 1026 et
3388 974 3490 1026 dif-

1913 1064 2152 1118 ferentia:
2182 1065 2371 1118 eodem
2418 1064 2601 1129 modo,
2641 1079 2973 1134 quzecunque
2999 1081 3028 1118 a
3065 1068 3378 1120 substantiis
3406 1068 3488 1120 vel

1911 1155 2227 1210 differentiis
2260 1158 2664 1224 prmdicationes
2696 1156 2928 1222 fuerint,
2957 1157 3038 1212 lue
3062 1170 3113 1213 et
3140 1159 3207 1213 de
3236 1160 3492 1228 subjectis

1913 1247 2137 1300 univoce
2171 1247 2616 1323 praedicabantur.
2650 1249 2778 1312 Qum
2810 1257 2986 1300 autem
3015 1261 3170 1300 causa
3200 1250 3267 1301 sit
3327 1262 3381 1301 ut
3409 1260 3493 1302 se-

1913 1338 2104 1392 cunda:
2127 1338 2446 1391 substantia
2474 1338 2540 1391 de
2569 1339 2756 1406 primis
2787 1338 3337 1392 substantiisnnivoce
3360 1354 3495 1408 prtu.

1913 1426 2181 1492 dicentur,
2215 1428 2302 1480 illa
2333 1443 2490 1495 quam
2520 1442 2677 1495 supra
2706 1429 2887 1482 docuit
2922 1430 3237 1483 Aristoteles
3276 1444 3374 1483 nos
3400 1431 3496 1483 ad-

1916 1533 2138 1573 monens
2167 1520 2334 1585 dixit,
2365 1522 2541 1572 omnia
2575 1520 2717 1573 enim
2750 1536 3082 1589 quaecunque
3114 1522 3180 1575 de
3207 1522 3497 1589 praedicata

1914 1611 2184 1671 dicuntur,
2213 1613 2397 1665 eadem
2420 1613 2581 1667 etiam
2610 1613 2858 1667 dicentur
2887 1614 2955 1667 de
2980 1615 3244 1683 subjecto.
3295 1616 3497 1669 Omnes

1916 1705 2060 1756 enim
2090 1704 2406 1758 differentia:
2435 1721 2553 1774 qua:
2588 1714 2714 1759 sunt
2750 1706 3018 1773 specilica:
3058 1708 3271 1775 generis
3305 1707 3498 1775 praadi~

217 1818 361 1864 rum,
388 1813 433 1854 et
456 1803 647 1871 species
679 1802 870 1867 generis
894 1844 907 1864 ,
936 1817 1251 1870 qurecunque
1288 1802 1421 1853 enim
1442 1800 1505 1851 de
1532 1798 1807 1867 prtvdicato
1847 1799 1887 1855 Β
1918 1804 2107 1847 cantur
2133 1804 2187 1848 ει
2210 1796 2275 1850 de
2303 1798 2483 1861 specie
2505 1803 2561 1850 et
2586 1795 2655 1850 de
2685 1796 2980 1861 individuo,
3017 1807 3073 1850 ut
3102 1797 3353 1865 quoniam
3385 1797 3500 1850 ani-

217 1896 479 1955 dicuntur,
502 1895 679 1947 eadem
710 1903 757 1945 et
785 1894 846 1946 de
876 1895 1105 1964 subjecto
1128 1894 1387 1945 dicuntur.
1433 1889 1687 1945 Similiter
1710 1906 1806 1941 au-

219 1995 322 2036 tent
351 1993 396 2037 ct
423 1985 823 2051 diﬂ'rrentiarum
864 1987 1111 2038 rationem
1142 1985 1426 2051 suscipiunt
1457 1994 1501 2035 et
1528 1983 1738 2052 species,
1763 1990 1809 2033 et

219 2076 519 2140 individua,
550 2078 767 2129 univoca
824 2086 992 2129 autent
1037 2085 1214 2141 erant,
1262 2091 1498 2145 quorum,
1542 2082 1588 2127 et
1626 2086 1808 2125 nomen

220 2183 490 2220 commune
517 2176 561 2220 et
590 2172 724 2220 ratio
753 2167 929 2220 eadem
956 2177 1051 2222 est.
1108 2168 1281 2233 Quare
1311 2166 1483 2218 omnia
1504 2180 1620 2234 qua!
1639 2181 1669 2216 a
1690 2163 1809 2216 sub-

222 2260 426 2313 stantiis
454 2270 503 2313 et
526 2261 829 2328 di/ferentiis
855 2272 996 2325 sunt,
1020 2265 1231 2315 univoce
1260 2262 1521 2313 dicuntur.

300 2353 562 2419 Quoniam
596 2355 646 2407 in
676 2354 920 2421 subjecto
953 2369 1058 2406 non
1097 2368 1219 2407 esse
1253 2352 1573 2405 differentiis
1604 2361 1657 2404 et
1685 2349 1810 2404 sub-

222 2445 440 2516 s'tantiis
462 2458 749 2498 commune
775 2445 1136 2510 monstravit,
1170 2444 1326 2497 aliam
1360 2458 1541 2497 rursus
1569 2458 1809 2495 commu-

223 2534 445 2588 nitatem
474 2534 891 2589 subslantiarum
929 2534 1457 2602 diﬂerentiarumque
1509 2533 1805 2601 proposuit.

223 2626 361 2681 Nam
390 2641 510 2680 cum
539 2626 955 2681 substantias-um
1007 2627 1126 2680 alite
1167 2626 1275 2679 sint
1315 2627 1521 2693 primm,
1569 2625 1687 2678 alite
1725 2640 1811 2679 se-

226 2718 435 2784 cundae,
463 2726 518 2771 et
539 2718 723 2787 primm
744 2717 1052 2772 substantia:
1078 2717 1185 2771 sint
1216 2716 1533 2782 individua,
1559 2716 1808 2785 quoniatn

227 2809 359 2862 nihil
389 2808 661 2863 individua
687 2822 906 2878 possunt
933 2809 1132 2863 habere
1165 2809 1461 2877 suijctum
1483 2850 1497 2873 ,
1524 2808 1592 2863 ab
1614 2807 1807 2862 indivi-

228 2900 350 2953 duis
377 2900 517 2953 nnlla
550 2899 858 2968 praedicatio
889 2909 994 2953 est.
1026 2898 1289 2952 Secundae
1317 2913 1450 2954 vero
1493 2899 1810 2954 substantia:

227 2991 297 3045 de
339 2991 654 3054 individuis,
689 2992 740 3045 id
773 2991 944 3046 estde
989 2991 1178 3058 primis
1231 2990 1575 3058 substantiis,
1611 2989 1811 3059 praedi-

229 3092 445 3146 cantur,
485 3089 549 3136 ‘et
600 3082 666 3137 de
722 3082 803 3136 bis
854 3083 1085 3137 nnivoce
1126 3083 1400 3138 dicuntur.
1444 3083 1811 3137 Secundarum

1917 1886 2018 1937 mal
2043 1885 2285 1939 efﬁciunt
2325 1886 2642 1942 differentia:
2683 1886 2974 1941 animatum
3011 1898 3171 1956 atque
3206 1902 3267 1941 se
3308 1888 3497 1951 sibile,

1914 1978 2100 2031 eadem
2130 1990 2183 2033 et
2209 1979 2277 2034 de
2306 1980 2504 2048 Specie,
2542 1980 2594 2035 id
2623 1989 2707 2035 est
2735 1981 2982 2049 homine,
3017 1990 3072 2035 et
3105 1982 3171 2035 de
3199 1980 3497 2043 individuo,

1917 2070 1966 2121 id
1996 2078 2079 2124 est
2107 2070 2287 2139 aliquo
2317 2072 2553 2133 homine,
2587 2072 3019 2147 prtedicabuntnr
3045 2087 3058 2135 ;
3092 2073 3234 2140 quod
3266 2086 3386 2125 cum
3414 2087 3501 2124 su-

1919 2163 2095 2228 perius
2126 2163 2325 2216 dictum
2365 2174 2468 2228 εει,
2494 2178 2635 2217 nunc
2662 2172 2918 2232 quantum
2972 2163 3324 2232 expositionis
3378 2163 3501 2218 bre-

1918 2254 2053 2307 vitas
2080 2256 2334 2323 postulat,
2360 2254 2562 2309 dixisse
2588 2255 2839 2309 sufﬁciat.
3374 2329 3382 2334 η

1988 2347 2169 2401 Omnis
2198 2359 2367 2401 autent
2399 2349 2685 2402 substantia
2709 2349 2911 2403 videtur
2948 2349 3042 2401 hoc
3071 2349 3269 2418 aliquid
3299 2351 3501 2421 signiﬁ-

1916 2454 2052 2501 care,
2085 2450 2237 2508 atque
2264 2442 2317 2492 in
2346 2440 2523 2508 pnmis
2539 2439 2744 2505 quidem
2769 2442 3067 2495 substantiis
3089 2442 3422 2494 indubitabile
3450 2451 3498 2494 et

1916 2548 2090 2584 verum
2118 2541 2211 2595 est,
2235 2533 2470 2600 quoniam
2500 2531 2593 2585 hoc
2615 2532 2809 2602 aliquid
2831 2534 3139 2603 signiﬁcant.
3164 2533 3499 2588 Individuum

1917 2628 2050 2680 enim
2088 2638 2135 2680 et
2158 2645 2317 2680 unum
2342 2638 2553 2681 numero
2582 2638 2654 2681 est
2679 2631 2817 2698 quod
2844 2630 3188 2700 signiﬁcatur.
3222 2628 3291 2683 In
3320 2647 3500 2683 secun-

1918 2721 1995 2773 dis
2018 2736 2133 2773 vero
2152 2721 2467 2786 substantiis,
2486 2723 2683 2775 videtur
2704 2723 2908 2791 quidem
2936 2723 3170 2776 similiter
3195 2722 3500 2792 appellatio-

1916 2813 1993 2862 nis
2024 2811 2192 2879 ﬁgura
2231 2812 2325 2863 hoc
2355 2811 2553 2880 aliquid
2588 2813 2912 2883 signiﬁcare,
2944 2814 3154 2882 quando
3179 2814 3290 2882 quis
3312 2814 3500 2866 dixerit

1912 2901 1998 2975 vel.
2031 2901 2314 2965 hominem,
2368 2902 2445 2955 vel
2473 2903 2669 2956 animal
2686 2945 2700 2967 ,
2756 2920 2856 2956 non
2890 2904 3052 2957 tamen
3084 2920 3255 2957 rerum
3284 2913 3374 2967 est,
3409 2906 3499 2957 sed

1914 2993 2077 3064 magis
2101 2994 2251 3061 quale
2278 2992 2473 3062 aliquid
2522 2994 2775 3063 signiﬁca!
2803 3009 2823 3059 ;
2868 3009 3029 3063 neque
3058 2994 3191 3047 enim
3226 3005 3300 3047 est
3340 3010 3500 3046 unum

1921 3085 2055 3154 quod
2084 3085 2370 3155 subjectum
2402 3095 2498 3149 est,
2525 3086 2958 3155 quemadmodum
2995 3086 3160 3154 prima
3189 3085 3498 3150 substantia,

228 3172 374 3227 enim
404 3173 821 3227 substantiarum
849 3163 1042 3228 nomen
1076 3173 1142 3227 de
1170 3172 1458 3227 individuis
1488 3172 1811 3242 prmdicatur
1843 3163 1886 3223 C
1921 3178 2010 3229 sed
2053 3177 2115 3228 de
2140 3177 2369 3244 pluribus
2411 3177 2563 3229 homo
2609 3178 2799 3230 dicitur
2819 3187 2866 3230 et
2911 3177 3123 3231 animal.
3168 3176 3293 3230 Non
3336 3187 3536 3229 autem.

231 3274 285 3319 et
310 3266 470 3327 ratio.
518 3267 594 3321 Ac
621 3265 689 3319 de
728 3265 1003 3319 individuo
1035 3265 1248 3335 quidem
1296 3276 1350 3319 et
1395 3267 1603 3333 species
1622 3267 1811 3335 prauli-

233 3368 383 3411 catur
410 3366 464 3411 et
491 3372 690 3426 genus,
722 3368 780 3411 ut
809 3358 876 3412 de
903 3358 1124 3413 Platone
1149 3403 1162 3426 ,
1209 3358 1260 3413 id
1291 3369 1374 3414 est
1399 3359 1465 3413 de
1496 3361 1680 3427 aliqdo
1704 3360 1815 3412 ho-

235 3451 399 3507 mine.
430 3460 484 3504 et
505 3451 664 3505 homo
694 3452 909 3514 dicitur,
943 3460 997 3505 et
1019 3451 1239 3514 animal,
1267 3452 1459 3520 aliquis
1486 3453 1625 3505 enim
1654 3453 1816 3508 homo

235 3551 340 3605 est,
365 3555 417 3595 et
442 3541 661 3607 ammal,
687 3551 739 3595 t-t
766 3543 1043 3609 utriuSque
1072 3542 1139 3596 de
1170 3541 1448 3595 individuo
1494 3543 1817 3610 prmdicntur

238 3639 397 3693 ratio.
432 3638 669 3692 Dicimus
700 3639 839 3692 enim
879 3638 1108 3706 aliquem
1143 3638 1416 3691 hominem
1464 3637 1659 3691 animd
1700 3653 1820 3693 esse

239 3732 500 3785 rationale
551 3734 791 3795 mortale,
825 3747 944 3799 qua:
970 3740 1053 3785 est
1084 3732 1278 3799 speciei
1318 3730 1567 3784 diffinitio
1589 3772 1605 3795 ,
1634 3730 1684 3784 id
1740 3740 1823 3785 est

243 3824 498 3878 hominis.
536 3824 598 3876 Et
641 3838 825 3876 rursus
864 3823 1092 3891 aliquem
1126 3822 1397 3875 hominem
1439 3821 1667 3875 dicimus
1705 3836 1826 3876 esse

242 3915 597 3968 substantiam
621 3915 907 3968 animatam
937 3923 1095 3981 atque
1121 3913 1451 3978 sensibilem,
1476 3929 1593 3983 quae
1615 3916 1828 3982 generis

244 4016 329 4060 est
371 4006 637 4068 dLllinilio,
696 4006 745 4059 id
770 4016 852 4059 est
877 4007 1142 4059 animalis.
1206 4004 1428 4072 Species
1455 4020 1584 4059 vero
1613 4007 1828 4075 generis

245 4098 327 4152 sui
352 4106 407 4149 et
431 4096 799 4151 diffinitionem
830 4097 1054 4166 suscipit
1082 4104 1137 4151 et
1159 4097 1496 4161 vocabulum,
1544 4097 1611 4150 de
1645 4097 1820 4150 homi-

248 4205 319 4241 ne
353 4188 491 4241 enim
514 4188 705 4243 animal
739 4189 1075 4256 praedicatur,
1119 4187 1317 4241 dicitur
1350 4189 1491 4242 enim
1523 4192 1683 4244 homo
1711 4196 1829 4242 an-

248 4279 355 4333 mal
388 4288 488 4341 est,
511 4289 565 4332 et
590 4280 727 4333 idem
761 4280 874 4346 ipse
905 4294 1087 4333 rursus
1115 4279 1274 4332 homo
1302 4279 1565 4333 rationem
1606 4282 1830 4348 suscipit

260 4371 531 4423 animalis.
570 4371 800 4424 Dicimus
832 4372 973 4425 enim
998 4386 1117 4425 e~se
1162 4371 1427 4425 hominem
1477 4371 1826 4425 substantiam

248 4460 543 4513 animatam
580 4471 740 4529 atque
778 4462 1105 4515 sensibilem.
1138 4461 1361 4515 Constat
1410 4477 1541 4531 ergo
1578 4463 1831 4530 quoniam

1915 3268 2216 3338 simpliciter
2230 3268 2381 3337 quale
2402 3267 2526 3337 quid
2547 3268 2827 3337 signiﬁcat,
2856 3269 3287 3339 quemadmodum
3310 3268 3505 3332 album,

1918 3360 2048 3412 nihil
2074 3361 2207 3415 enim
2231 3361 2401 3412 album
2436 3360 2581 3412 aliud
2609 3361 2864 3430 signiﬁcat
2888 3376 3042 3428 quant
3066 3359 3395 3427 qualitatem,
3422 3378 3510 3429 ge—
3582 3394 3599 3409 ι

1920 3467 2014 3503 nus
2029 3461 2195 3502 autent
2218 3460 2266 3503 et
2290 3450 2481 3518 species
2502 3452 2639 3503 circa
2658 3452 2994 3505 substantiam
3014 3452 3311 3518 qualitatem
3337 3452 3511 3504 deter-

1926 3543 2359 3611 minant,qualem
2388 3543 2521 3595 enim
2543 3543 2815 3611 quamdam
2846 3541 3177 3595 substantiam
3195 3544 3509 3612 signiﬁcant.

1926 3641 2042 3706 plus
2087 3647 2257 3688 autem
2284 3638 2335 3689 in
2384 3652 2566 3706 genere
2590 3652 2746 3705 quam
2767 3636 2818 3687 in
2846 3636 3013 3702 specie
3043 3636 3404 3689 determinatio
3431 3638 3511 3704 ﬁt,

1932 3727 2103 3779 dicens
2132 3729 2263 3779 enim
2291 3728 2482 3780 animal
2499 3728 2611 3795 plus
2629 3728 2976 3797 complectitur
3002 3742 3157 3791 quam
3198 3728 3474 3781 hominem.

2007 3817 2296 3885 Postquam
2322 3822 2569 3887 superius
2601 3818 2842 3901 geminas
2867 3818 3005 3873 dixit
3039 3820 3354 3874 substantia:
3383 3835 3513 3875 con-

1932 3911 2238 3975 sequendas
2263 3951 2279 3977 ,
2306 3909 2357 3964 id
2393 3910 2546 3964 estin
2575 3910 2814 3979 subjecto
2840 3926 2946 3964 non
2973 3926 3114 3977 esse,
3141 3920 3196 3965 et
3235 3921 3423 3965 cuncta
3454 3913 3521 3965 ab

1937 4003 2019 4056 bis
2042 4002 2271 4056 univoce
2302 4002 2601 4071 prtedicari,
2643 4010 2696 4057 et
2720 4017 2811 4057 eas
2832 4016 2859 4055 a
2881 4004 3126 4057 maxima:
3153 4003 3367 4072 prOprio
3397 4004 3521 4057 sub-

1936 4094 2145 4148 stamina
2175 4097 2465 4163 separavit,
2500 4095 2700 4149 idcirco
2739 4095 2879 4164 quod
2913 4097 3228 4151 differentiis
3253 4097 3414 4151 etiam
3447 4099 3524 4150 vi-

1939 4186 2133 4239 dentur
2162 4201 2285 4241 esse
2330 4201 2681 4251 communes,
2731 4187 2875 4240 aliud
2913 4188 3094 4255 adjicit
3134 4189 3274 4257 quod
3324 4188 3525 4243 idcirco

1939 4276 2251 4329 substantia:
2281 4278 2557 4345 proprium
2593 4293 2695 4330 non
2725 4277 2790 4331 sit
2816 4318 2830 4341 ,
2863 4278 3003 4347 quod
3040 4293 3142 4332 non
3178 4280 3245 4333 sit
3299 4279 3351 4333 in
3380 4287 3525 4336 omni

1940 4375 2239 4429 substantia
2259 4416 2272 4429 .
2306 4377 2436 4429 Nam
2465 4377 2918 4445 quemadmodum
2943 4381 3209 4447 quantitas
3230 4420 3243 4441 ,
3270 4392 3525 4449 quantmu

1947 4467 2235 4537 significat,
2268 4477 2320 4522 et
2345 4469 2576 4538 qualitas
2596 4470 2783 4537 quale,
2810 4469 2887 4523 sic
2926 4472 3086 4524 etiam
3130 4472 3423 4526 substantia
3453 4475 3528 4527 vi-

248 4561 308 4605 ει
335 4566 529 4620 seuera
561 4562 614 4605 et
643 4553 850 4620 species
882 4553 948 4606 de
984 4552 1300 4616 individuis.
1325 4564 1372 4607 et
1404 4568 1599 4621 seuera
1623 4554 1689 4607 de
1715 4569 1834 4619 st'e-
1864 4555 1910 4613 D
1943 4571 2098 4625 detur
2128 4572 2229 4624 hoc
2258 4572 2458 4641 aliquid
2498 4571 2828 4639 significare.
2869 4573 2999 4625 Nam
3034 4590 3151 4627 cum
3184 4575 3305 4628 dico
3337 4576 3529 4630 Socra-

251 4642 437 4696 ciebns
464 4646 684 4697 univoce
716 4644 1103 4711 praedicantur,
1154 4644 1203 4697 id
1248 4655 1329 4698 est
1360 4644 1412 4698 in
1439 4646 1584 4699 omni
1637 4645 1829 4713 pra'di~

251 4736 465 4787 catione
496 4736 742 4788 secunda:
772 4736 1084 4790 substantia:
1115 4738 1337 4791 univoca
1373 4738 1735 4805 appellatione
1765 4738 1833 4792 de

253 4826 511 4894 subjectis
532 4828 799 4891 dicuntur,
828 4828 968 4895 quod
1001 4828 1082 4880 his
1108 4843 1226 4881 cum
1259 4828 1559 4883 differentia
1586 4844 1831 4882 commu-

257 4938 329 4977 ne
352 4933 454 4976 est.
494 4923 795 4977 DifTerentia
829 4940 1055 4993 namque
1086 4926 1150 4978 de
1183 4926 1362 4994 specie
1390 4928 1455 4980 de
1495 4942 1596 4994 qua
1621 4929 1835 4992 dicitur,

258 5024 317 5067 et
339 5016 404 5067 de
430 5015 546 5082 ejus
573 5015 842 5068 indviduo
872 5015 979 5083 ipsa
1007 5033 1217 5085 quoque
1252 5019 1476 5072 univoca
1497 5018 1836 5085 praedicatur.

261 5104 395 5157 Nam
426 5122 544 5158 cum
577 5107 645 5159 sit
668 5107 964 5175 gressibilis
991 5107 1295 5162 difl‘erentia
1320 5109 1386 5163 de
1411 5110 1591 5178 aliqua
1625 5110 1839 5164 homine

258 5204 602 5273 prmdicatur,
640 5198 834 5259 dicitur
860 5208 1000 5260 enim
1052 5208 1264 5275 quidam
1310 5210 1471 5261 homo
1521 5208 1837 5277 gressibilis,

259 5305 320 5350 ut
367 5296 514 5350 Plato
535 5306 589 5351 et
616 5295 834 5362 Cicero,
876 5300 968 5351 sed
1009 5309 1063 5352 et
1101 5298 1474 5354 dilliuitionem
1518 5299 1839 5354 diflerentia:

255 5389 558 5458 suscipiunt
587 5391 891 5455 individua,
937 5392 1002 5444 de
1040 5392 1232 5460 quibus
1264 5394 1351 5446 illa
1377 5392 1675 5447 differentia
1704 5409 1840 5462 prato

257 5480 490 5535 dicatur.
524 5481 814 5535 Cressibile
858 5498 1089 5551 namque
1128 5493 1211 5537 est
1237 5484 1374 5551 quod
1406 5500 1498 5548 per
1527 5497 1719 5538 terram
1746 5500 1841 5554 pe-

258 5570 417 5624 dibus
440 5572 718 5626 ambulare
753 5582 944 5639 ιιοιεςι.
980 5573 1341 5639 thuemdam
1373 5574 1642 5629 hominem
1669 5577 1840 5644 possis

259 5663 330 5712 ita
360 5662 653 5715 secundum
686 5679 880 5717 nomen
937 5663 1254 5722 diﬂeremiae
1291 5665 1546 5730 dilfioire,
1608 5675 1665 5719 ut
1696 5666 1841 5720 dicas

261 5754 538 5807 Platonem
570 5769 688 5809 esse
721 5754 861 5823 quod
918 5771 1010 5825 per
1042 5764 1235 5814 terram
1294 5756 1517 5825 pedibus
1550 5757 1839 5821 ,ambulare

1945 4673 2022 4715 tes
2049 4665 2132 4716 vel
2166 4664 2314 4716 Plato
2347 4664 2425 4716 vel
2450 4663 2685 4733 aliquam
2711 4663 3035 4717 individuam
3061 4666 3413 4720 substantiam
3437 4686 3530 4720 lm-

1942 4755 2088 4807 mino
2111 4795 2126 4818 ,
2157 4753 2257 4807 hoc
2286 4753 2494 4822 aliquid
2536 4746 2810 4823 signilico,
2861 4757 2952 4808 sed
2982 4757 3235 4811 omnibus
3278 4757 3377 4811 hoc
3402 4760 3530 4812 sub-

1943 4845 2153 4898 stantiis
2186 4861 2289 4898 non
2338 4848 2493 4899 inest.
2529 4846 2820 4899 lndividuis
2862 4861 3088 4916 namque
3120 4849 3371 4916 quoniam
3404 4864 3529 4918 par-

1950 4935 2188 4989 ticularia
2218 4947 2341 4989 sunt
2372 4948 2425 4990 et
2477 4952 2701 4991 numero
2734 4939 3021 5007 singularia
3043 4979 3058 5003 ,
3099 4954 3284 4993 verum
3317 4950 3399 4994 est
3432 4941 3530 4993 hoc

1945 5025 2143 5094 aliquid
2189 5027 2566 5080 asabstantiis
2626 5028 2916 5096 significari
2997 5028 3051 5082 ln
3105 5032 3358 5085 secundis
3403 5038 3530 5083 νειυ
3590 5074 3595 5081 .

1946 5116 2257 5170 substantiis
2284 5133 2388 5171 non
2423 5118 2561 5171 idem
2593 5127 2694 5173 est.
2724 5117 2964 5188 Namque
2993 5123 3241 5175 secunda:
3280 5122 3530 5174 substan-

1948 5210 2034 5263 tite
2057 5225 2159 5262 non
2201 5220 2324 5263 sunt
2356 5226 2474 5263 unm
2495 5251 2509 5275 ,
2544 5225 2641 5265 nec
2671 5226 2898 5266 numero
2924 5214 3251 5282 singu'ares,
3282 5214 3373 5267 sed
3408 5228 3529 5282 spe-

1946 5301 2057 5355 cies
2083 5305 2218 5354 intra
2265 5316 2322 5355 se
2348 5302 2570 5368 plurima
2612 5303 2751 5355 iudiv
2775 5303 2877 5356 dua
2920 5305 3216 5367 continent,
3252 5314 3303 5358 et
3334 5305 3527 5357 multas

1949 5391 2083 5445 intra
2117 5407 2174 5445 se
2201 5393 2409 5460 species
2454 5408 2620 5460 genus
2673 5393 2929 5461 includit,
2960 5396 3211 5461 quocirca
3255 5411 3373 5448 cum
3406 5395 3528 5449 dico

1950 5486 2127 5549 homo,
2179 5501 2282 5539 non
2312 5485 2413 5539 hoc
2443 5486 2638 5554 aliquid
2693 5472 3012 5557 significavi,
3042 5502 3213 5555 neque
3242 5487 3384 5541 enim
3418 5504 3444 5541 ε
3470 5506 3527 5541 n-

1946 5578 2131 5646 gulare
2161 5586 2243 5630 est
2273 5576 2504 5631 hominis
2536 5593 2753 5643 nomen,
2783 5577 2981 5631 idcirco
3009 5577 3149 5646 quod
3178 5578 3245 5632 de
3283 5581 3519 5646 pluribus

1947 5668 2231 5723 individuis
2280 5669 2617 5737 praedicatur,
2664 5669 2755 5724 sed
2806 5669 2980 5737 potius
3017 5667 3171 5736 quale
3225 5671 3523 5738 quiddam;

1944 5760 2115 5829 qualis
2145 5761 2286 5815 enim
2309 5760 2600 5817 substantia
2629 5762 2697 5816 sit
2726 5760 3149 5829 demonstratur,
3185 5775 3307 5834 cum
3331 5762 3526 5818 dicitur
