4030 6336
515 302 610 359 195

1742 298 1848 351 ΑΝ.
1890 298 2095 353 nam-
2141 302 2291 374 sev.
2334 301 2557 356 noram

3684 305 3781 359 1943

512 419 692 468 Ιιυιιιο.
718 409 952 479 Qualitas
981 416 1157 462 autem
1189 408 1301 461 hac
1336 407 1477 461 circa
1507 409 1858 461 substantiam
1894 421 2078 463 termt-
2112 425 2156 480 Α
2186 413 2507 466 contrarius.
2537 413 2641 467 Sed
2666 413 2848 481 siquis
2873 413 3097 469 forsitan
3111 415 3272 481 dicat,
3303 430 3425 469 eum
3453 415 3592 483 ignis
3620 426 3781 485 atque

515 518 692 568 natur,
726 517 847 557 nam
871 503 1008 556 sicut
1029 498 1293 553 individua
1323 500 1549 568 qualitas
1572 502 1779 568 species
1805 514 1856 555 et
1890 518 2084 571 genera

517 596 787 669 qualitatis
839 595 1016 655 habet,
1045 601 1099 646 et
1128 590 1269 646 sicut
1311 592 1547 659 singulas
1574 594 1895 662 quantitates
1921 611 2091 663 quan-

515 692 639 744 titus
663 688 941 756 speciebus
964 694 1019 737 et
1042 683 1329 751 generibus
1352 684 1579 750 claudit,
1612 686 1684 740 ita
1713 702 1926 755 quoque
1950 689 2088 741 indi-

517 782 786 836 viduarum
833 776 1254 831 substantiarum
1281 760 1490 843 species
1520 787 1575 832 et
1611 795 1804 847 genera
1839 780 2090 833 secunda:

516 870 828 927 substantia:
858 876 1004 921 sunt.
1053 866 1194 935 Ergo
1213 882 1336 920 cum
1368 867 1489 921 dico
1524 869 1685 923 homo
1708 911 1723 936 ,
1780 850 1943 924 talem
1968 871 2092 924 sub-

518 964 765 1017 stantiam
799 958 1081 1027 signitico,
1130 974 1250 1026 qua:
1298 958 1365 1012 de
1393 960 1635 1027 pluribus
1690 977 1915 1016 numero
1942 962 2094 1016 ditl'e-

516 1054 753 1109 rentibus
782 1053 915 1105 ineo
936 1050 1079 1120 quod
1103 1050 1226 1119 quid
1256 1052 1324 1105 sit
1353 1052 1694 1120 prtedicatur,
1725 1054 1935 1123 qualem
1960 1069 2092 1122 ergo

515 1145 792 1215 quamdam
822 1142 1178 1196 substantiam
1212 1142 1476 1209 signiﬁco,
1509 1158 1628 1198 cum
1655 1144 1923 1198 hominem
1956 1145 2088 1209 dixi,

515 1237 672 1290 talem
702 1235 908 1288 scilicet
961 1250 1082 1303 qua:
1112 1234 1400 1288 individuis
1428 1237 1752 1299 nominetur,
1787 1237 1928 1291 idem
1952 1253 2090 1307 quo-

514 1345 617 1399 que
640 1328 708 1382 de
724 1342 919 1397 genere
948 1336 1051 1381 est.
1076 1326 1207 1379 Nunt
1236 1342 1357 1379 cum
1393 1327 1513 1381 dico
1539 1329 1755 1393 animal,
1781 1331 1939 1385 talem
1967 1331 2093 1385 sub-

516 1427 762 1480 stantiam
823 1422 1067 1489 signilico
1118 1437 1235 1478 una:
1264 1421 1330 1475 de
1358 1423 1594 1489 pluribus
1619 1424 1896 1491 speciebus
1948 1425 2093 1478 dica-

516 1529 619 1574 tur.
650 1519 743 1572 Est
774 1518 934 1584 igitur
964 1516 1215 1583 qualitas,
1242 1525 1299 1569 ut
1322 1516 1522 1579 allmm,
1548 1532 1667 1585 qua:
1704 1533 1916 1586 semper
1938 1520 2008 1572 sit
2039 1521 2089 1572 in

516 1609 840 1669 substantia,
868 1607 959 1660 sed
988 1622 1093 1659 non
1126 1615 1184 1658 ut
1211 1607 1378 1672 ipsam
1418 1606 1767 1660 substantiam
1796 1608 2090 1670 interimat,

518 1701 717 1755 idcirco
765 1698 907 1767 quod
963 1699 1342 1767 proprietatem
1390 1698 1706 1752 substantia:
1753 1698 1946 1753 albedo
1985 1716 2089 1753 non

2203 515 2338 568 aqua
2370 501 2685 554 substantia:
2718 502 2856 565 sint,
2891 504 3062 572 ignem
3094 518 3245 573 aqua:
3274 519 3393 559 esse
3422 508 3777 568 contrarium,

2192 591 2502 644 mentietur.
2534 592 2647 645 Non
2681 593 2821 646 enim
2857 594 2991 662 ignis
3016 610 3169 662 aqua:
3209 598 3512 650 contrarius
3535 607 3651 659 est,
3682 600 3779 652 sed

2195 681 2478 749 qualitates
2499 682 2635 749 ignis
2664 682 3013 749 qualitatibus
3038 699 3190 753 aqua:
3221 686 3783 753 opponuntur..Calor

2194 772 2421 826 enimet
2450 771 2617 840 frigus
2654 774 2918 825 contraria
2949 784 3103 837 sunt,
3150 785 3203 827 et
3231 775 3422 829 humor
3446 786 3500 829 et
3540 776 3779 838 siccitas,

2195 880 2314 932 qua:
2333 864 2616 932 qualitates
2643 879 2763 917 cum
2802 866 2921 917 alia:
2951 866 3057 918 sint
3089 866 3141 919 in
3173 867 3291 935 igne
3316 910 3329 929 .
3371 867 3491 921 alia:
3520 870 3572 921 in
3619 884 3780 939 aqua,

2192 960 2339 1026 ipsas
2368 957 2691 1011 substantias
2716 946 3015 1011 contrarias
3037 958 3214 1013 facere
3240 960 3508 1022 videntur,
3543 964 3641 1014 sed
3668 976 3778 1014 non

2195 1060 2319 1104 sunt
2346 1066 2360 1113 ;
2394 1051 2493 1103 hoc
2519 1059 2695 1102 autem
2726 1066 2790 1103 ex
2816 1051 3065 1104 omnibus
3094 1053 3210 1106 aliis
3252 1054 3568 1106 substantiis
3603 1065 3787 1121 potest

2197 1140 2443 1209 probari,
2488 1140 2537 1193 in
2566 1139 2759 1207 quibus
2802 1139 2931 1193 nihil
2982 1141 3260 1210 quisquam
3295 1143 3491 1209 poterit
3533 1145 3784 1197 invenire

2194 1235 2545 1288 contrarium.
2570 1232 2674 1287 Sed
2708 1232 2808 1285 hoc
2830 1231 2994 1285 solius
3021 1232 3332 1285 Substantia:
3365 1248 3640 1301 proprium
3664 1251 3773 1285 non

2197 1337 2311 1395 est,
2346 1343 2574 1392 namque
2616 1337 2670 1380 et
2717 1328 2983 1393 quantitas
3023 1326 3238 1379 delinita
3289 1328 3573 1380 contrariis
3604 1337 3777 1379 caret.

2197 1421 2327 1474 Nam
2359 1435 2533 1489 neque
2559 1419 2668 1474 duo
2713 1420 2883 1472 tritius
2925 1419 3191 1471 contraria
3228 1428 3348 1471 sunt
3378 1463 3391 1483 ,
3439 1435 3536 1472 nec
3568 1419 3784 1472 duobus

2197 1526 2446 1584 quatuor,
2498 1529 2594 1567 nec
2641 1514 2838 1583 aliquid
2885 1514 3188 1585 hnjusmodi
3233 1530 3401 1567 :nam
3446 1514 3491 1569 si
3534 1516 3783 1569 dicamus

2198 1618 2306 1661 tres
2335 1607 2541 1660 duobus
2554 1620 2672 1661 esse
2691 1606 3005 1669 contrarios,
3025 1621 3119 1659 cur
3134 1621 3237 1658 non
3266 1608 3351 1659 his
3374 1607 3583 1660 duobus
3612 1607 3781 1659 etiam

2198 1711 2426 1768 quatuor
2457 1706 2535 1753 ve?
2568 1700 2802 1769 quinque
2829 1700 3129 1753 contrarius
3157 1714 3277 1753 esse
3300 1699 3602 1765 ponamus?
3631 1699 3780 1752 nulla

519 1784 696 1848 habet.
730 1793 970 1859 Qualitas
994 1806 1121 1844 vero
1144 1788 1258 1843 hinc
1287 1805 1407 1858 qua:
1433 1790 1501 1844 de
1531 1791 1845 1846 substantiis
1873 1791 2089 1855 dicitur,
2127 1791 2168 1845 Β
2198 1791 2340 1843 enim
2367 1789 2544 1842 all‘erri
2572 1790 2709 1843 ratio
2758 1799 2950 1856 potest,
2978 1804 3099 1843 cum
3147 1800 3256 1843 tres
3286 1788 3492 1843 duobus
3516 1789 3780 1842 contrarii

520 1885 666 1939 circa
692 1882 1046 1939 substantiam
1087 1882 1394 1951 qualitatem
1428 1882 1781 1947 determinat,
1821 1884 1996 1953 qualis
2026 1884 2093 1937 sit
2130 1948 2131 1951 η

520 1978 664 2031 enint
714 1975 803 2028 illa
831 1973 1125 2026 substantia
1156 1972 1508 2027 demonstrat.
1570 1974 1699 2029 Nam
1730 1976 1773 2028 si
1812 1976 1971 2029 homo
2015 1987 2095 2029 est

520 2067 822 2129 rationalis,
846 2076 900 2119 et
930 2065 1225 2118 substantia
1247 2066 1348 2120 erit
1379 2066 1678 2131 rationalis,
1703 2068 1795 2121 sed
1824 2068 2096 2120 rationalis

521 2157 747 2228 qualitas
775 2166 875 2210 est.
900 2156 1120 2221 Qualem
1142 2169 1271 2225 ergo
1300 2157 1649 2211 substantiam
1692 2169 1990 2211 monstrant
2020 2174 2099 2212 sc-

521 2248 706 2305 cunda:
741 2247 1076 2301 substantias.
1117 2246 1375 2312 Quocirca
1425 2263 1530 2301 non
1570 2259 1654 2302 est
1696 2248 1796 2303 hoc
1824 2251 2094 2319 proprium

524 2340 854 2408 substantia;
910 2337 1013 2391 hoc
1053 2338 1249 2407 aliquid
1296 2339 1619 2407 signiﬁcare.
1667 2341 1930 2393 Secunda:
1955 2340 2095 2393 enim

526 2429 841 2485 substantia:
890 2444 994 2481 non
1022 2428 1122 2482 hoc
1161 2428 1359 2498 aliquid
1385 2469 1401 2493 ,
1456 2428 1549 2482 sed
1593 2429 1748 2497 quale
1785 2429 1980 2498 aliquid
2011 2430 2101 2500 (ut

529 2526 728 2579 dictum
755 2536 830 2577 εει
859 2516 1227 2591 )ἰιιοιιειι·ιιιιι,
1263 2524 1332 2575 ita
1354 2531 1529 2576 tamen
1552 2523 1710 2591 quale
1731 2523 1928 2591 aliquid
1953 2537 2101 2575 mon-

527 2626 716 2676 strant.
751 2624 809 2668 ut
848 2615 1014 2684 ipsam
1061 2614 1371 2679 qualitatem
1400 2617 1542 2668 circa
1570 2613 1896 2668 substantias
1927 2614 2104 2667 deter-

528 2712 752 2765 miuent.
780 2707 1017 2773 Qualitas
1041 2706 1184 2760 enim
1214 2704 1574 2760 secundarum
1604 2704 2025 2758 substantiarum
2052 2709 2101 2756 in

527 2800 814 2857 individuis
838 2808 950 2865 est,
985 2798 1054 2852 de
1085 2798 1214 2866 ipsis
1246 2798 1390 2852 enim
1419 2798 1732 2850 naturaliter
1786 2797 2105 2865 [medicatur

528 2910 646 2963 qua:
674 2894 784 2960 ipsa
824 2890 1111 2947 individua:
1145 2891 1460 2944 substantia:
1490 2900 1637 2943 sunt.
1684 2889 1923 2956 Qualitas
1948 2890 2104 2958 igitur

529 2985 884 3040 secundarum
944 2982 1365 3035 substantiarum
1404 2980 1543 3034 circa
1582 2980 1893 3043 indiuidua,
1946 2980 1997 3032 id
2023 2991 2103 3033 est

528 3093 649 3145 qua:
680 3074 848 3143 prima
878 3082 1003 3126 sunt
1034 3073 1374 3127 terminatur.
1408 3071 1794 3125 Determinatio
1820 3088 1948 3126 vero
1975 3088 2107 3139 quu-

2197 1880 2325 1943 sint,
2355 1896 2451 1934 cur
2478 1892 2705 1949 quatuor
2748 1881 2829 1935 vel
2863 1883 3100 1950 quinque
3145 1881 3353 1934 duobus
3379 1882 3637 1935 contrarii
3669 1896 3780 1935 non

2194 1974 2325 2026 sint.
2350 1973 2501 2038 Quod
2532 1975 2575 2026 si
2597 1973 2695 2026 hoc
2724 1983 2825 2039 est,
2851 1973 2933 2026 vel
2963 1982 3209 2049 quatuor,
3245 1973 3328 2027 vel
3361 1982 3491 2039 tre-,
3516 1973 3596 2027 vel
3622 1974 3784 2042 quin-

2199 2083 2325 2136 que,
2351 2068 2437 2120 νει
2460 2066 2761 2135 quicunque
2790 2082 2817 2118 a
2850 2065 3056 2118 duobus
3081 2065 3277 2118 distant
3308 2068 3537 2125 numeri.
3565 2074 3783 2117 contra-

2198 2157 2266 2210 rii
2299 2157 2424 2208 liaut
2472 2154 2714 2217 duobus,
2746 2164 2804 2207 et
2841 2163 2998 2207 erunt
3025 2154 3114 2207 nni
3161 2155 3237 2207 rei
3283 2153 3445 2207 multa
3484 2156 3779 2221 contraria,

2196 2245 2343 2316 quod
2374 2244 2486 2299 ﬁeri
2520 2260 2625 2298 non
2660 2254 2853 2312 potest.
2900 2244 3013 2297 Non
3038 2256 3120 2298 est
3146 2244 3304 2313 igitur
3330 2247 3655 2298 contrarium
3681 2246 3784 2298 ali-

2208 2338 2332 2406 quid
2364 2338 2666 2407 quantitati.
2690 2336 2791 2390 Sed
2825 2338 2866 2390 si
2898 2338 3017 2403 quis
3047 2338 3186 2390 dicat
3229 2352 3476 2405 magnum
3506 2352 3669 2405 parvo
3695 2339 3784 2390 vel

2205 2433 2383 2484 multa:
2428 2430 2611 2499 paucis
2640 2446 2759 2483 esse
2785 2432 3049 2484 comraria
3081 2469 3098 2493 ,
3152 2429 3264 2483 haec
3306 2430 3517 2498 quidem
3568 2430 3786 2483 etiamsi

2207 2522 2327 2590 quis
2349 2522 2671 2590 quantitates
2691 2536 2809 2573 esse
2832 2520 3133 2582 conﬁrmat,
3156 2530 3333 2575 tamen
3361 2519 3599 2572 diiliuita:
3620 2534 3786 2588 quan-

2211 2615 2387 2666 titates
2414 2629 2517 2666 non
2547 2621 2959 2677 sunt,quautum
2981 2613 3121 2666 enim
3151 2612 3220 2665 sit
3242 2626 3486 2681 tuaguum
3503 2611 3586 2665 vel
3612 2626 3787 2679 quan-

2212 2714 2319 2757 ttnn
2344 2718 2585 2773 parvum,
2616 2718 2723 2755 non
2753 2702 2941 2755 deﬁnit
2965 2702 3053 2770 qui
3090 2701 3342 2771 loquitur,
3374 2700 3563 2755 eodem
3598 2702 3781 2763 modo,

2206 2797 2367 2849 etiam
2400 2795 2468 2847 de
2515 2794 2697 2848 multis
2739 2803 2898 2863 atque
2949 2794 3149 2861 paucis.
3196 2793 3370 2859 Quare
3416 2794 3458 2847 si
3501 2793 3618 2861 quis
3667 2793 3787 2847 btet:

2208 2888 2531 2957 quantitates
2561 2901 2681 2939 esse
2709 2886 2872 2952 dicat,
2906 2885 3341 2941 indeterminatas
3373 2887 3789 2955 iudetinitasque

2210 2993 2330 3032 esse
2358 2978 2719 3032 conﬁtebitur.
2765 2978 2898 3032 Dicit
2924 2986 3098 3033 autem
3132 2978 3447 3033 Aristoteles
3485 2979 3786 3032 terminata:

2210 3069 2489 3137 quantitati
2525 3069 2652 3123 nihil
2675 3084 2794 3123 esse
2820 3070 3169 3131 contrarium,
3194 3080 3246 3124 ut
3266 3070 3473 3123 duobus
3493 3072 3573 3124 vel
3593 3072 3787 3133 tribus,

529 3169 633 3219 tias
671 3164 783 3232 ipse
814 3164 1076 3216 terminus
1127 3163 1293 3215 multa
1341 3162 1652 3227 concludit,
1699 3163 1871 3231 major
1898 3173 1999 3229 est,
2052 3173 2105 3217 et
2134 3159 2178 3220 C
2211 3161 2289 3215 vel
2312 3161 2467 3215 linea:
2484 3162 2563 3215 vel
2581 3161 2904 3229 superliciei.
2925 3161 3076 3228 Quod
3095 3162 3310 3215 sietiam
3325 3163 3441 3216 alia:
3464 3163 3788 3232 quantitates

529 3256 706 3310 minor
736 3253 943 3322 qnmies
971 3255 1241 3320 pauciora,
1272 3251 1520 3321 quocirca
1550 3267 1719 3321 genus
1754 3253 1975 3321 plurima
1998 3255 2107 3309 col-

450 3400 468 3416 ,
529 3349 670 3416 ligit,
699 3347 906 3417 species
937 3362 1063 3400 vero
1106 3360 1211 3399 non
1249 3356 1352 3398 tam
1386 3346 1632 3414 plurima.
1674 3346 1803 3400 Nam
1834 3362 1955 3401 cum
1986 3348 2107 3401 dico

529 3439 761 3509 animal,
788 3438 945 3491 etiam
975 3436 1245 3491 hominem
1284 3438 1615 3509 bovemque,
1679 3449 1734 3493 et
1769 3440 1870 3492 alia
1916 3449 2106 3493 cuncta

530 3531 773 3585 animalia
800 3528 899 3599 hoc
928 3543 1036 3583 uno
1062 3528 1278 3583 nomine
1304 3529 1489 3583 clausi.
1553 3529 1687 3584 Cum
1716 3545 1844 3584 vero
1867 3529 1988 3584 dico
2012 3531 2108 3584 ho~

528 3639 637 3687 mo,
662 3622 808 3677 solos
838 3622 1087 3676 homines
1114 3621 1416 3676 ἱιιιΙινίιΙιιυε
1447 3624 1543 3676 hac
1570 3622 1804 3678 nOtninis
1835 3623 2103 3693 signiﬁca-

529 3716 671 3769 tione
690 3714 953 3777 conclusi,
974 3714 1219 3781 quocirca
1243 3714 1413 3782 major
1438 3714 1494 3767 lit
1513 3713 1891 3768 determinatio
1916 3730 2009 3783 per
2023 3731 2106 3784 ge-

529 3819 636 3857 nus
656 3821 811 3873 quam
845 3820 937 3872 per
974 3807 1235 3873 speciem,
1266 3816 1318 3859 et
1338 3806 1400 3858 iit
1419 3806 1788 3859 determinatio
1817 3808 1956 3861 circa
1977 3808 2106 3860 sub-

534 3893 782 3947 s'autiam
810 3894 1082 3962 qualitatis
1105 3932 1118 3956 ,
1172 3895 1256 3948 vel
1307 3896 1445 3963 quod
1478 3897 1851 3950 substantialis
1879 3897 2107 3967 qualitas

527 3985 583 4037 in
608 3998 805 4049 genere
844 3993 897 4037 ct
932 3983 1111 4050 specie
1150 3997 1253 4045 εει,
1288 3986 1371 4038 vel
1402 3986 1545 4053 quod
1592 3988 1885 4040 secundum
1916 4004 2105 4057 quam-

529 4075 652 4129 dam
680 4076 1109 4128 communionem
1141 4076 1505 4142 suhjectorum
1536 4077 1751 4131 dicitur.
1795 4079 1899 4133 Sed
1930 4094 2024 4147 per
2045 4094 2104 4135 se

528 4166 777 4236 qualitas,
796 4177 847 4218 ut
868 4166 1069 4229 album,
1083 4182 1256 4239 neque
1278 4168 1436 4222 ullius
1452 4168 2101 4242 substantiamlsignilicat,

525 4272 705 4326 neque
729 4258 888 4309 ullam
925 4259 1387 4325 communionem,
1421 4260 1559 4316 sicut
1588 4278 1759 4330 genus
1803 4266 2102 4330 specierum

519 4362 766 4411 suarum,
796 4359 847 4401 et
870 4347 1263 4404 individuorum
1290 4353 1518 4420 species,
1547 4354 1804 4410 ostendit.
1844 4346 2102 4421 Quocirca

522 4439 668 4493 aliud
696 4441 1010 4495 substantia:
1041 4445 1310 4511 proprium
1355 4446 1733 4513 requirendum
1764 4455 1867 4501 est.

2214 3252 2415 3306 habent
2442 3254 2727 3317 contraria,
2755 3254 2873 3307 alia:
2904 3268 3032 3307 vero
3062 3270 3166 3308 non
3196 3255 3415 3319 habent,
3448 3256 3578 3309 nihil
3612 3255 3786 3309 omni.

2210 3359 2279 3396 no
2307 3344 2527 3413 imp‘edit
2555 3346 2621 3398 ad
2664 3349 2763 3399 hoc
2792 3346 2932 3414 quod
2965 3346 3179 3410 dicitur,
3215 3349 3489 3417 proprium
3519 3364 3625 3403 non
3668 3364 3791 3404 esse

2210 3436 2544 3503 subSIantiac,
2569 3436 2713 3490 idcirt
2734 3451 2766 3488 o
2786 3436 2924 3505 quod
2949 3438 3431 3507 constatquasdam
3458 3440 3788 3507 quantitates

2206 3542 2316 3582 non
2350 3529 2546 3583 habere
2568 3529 2854 3583 contraria.
2886 3529 3038 3596 Quod
3087 3532 3132 3583 si
3165 3530 3264 3585 hoc
3294 3541 3347 3585 et
3379 3532 3429 3585 in
3477 3533 3789 3601 quantitati-

2208 3619 2311 3673 bus
2333 3621 2520 3675 evenit
2546 3636 2651 3673 non
2676 3636 2798 3675 esse
2826 3622 3185 3687 contrarium,
3207 3623 3627 3677 substantiarum
3660 3640 3785 3692 pro-

2217 3712 2386 3780 prium
2417 3728 2523 3766 non
2570 3723 2672 3766 est.
2710 3717 2882 3781 Atque
2914 3713 3026 3768 lucc
3051 3716 3265 3783 quidem
3298 3716 3343 3769 si
3373 3718 3493 3783 quis
3537 3732 3787 3786 magnum

2213 3803 2297 3856 vel
2316 3819 2537 3870 parvum
2562 3804 2613 3857 in
2636 3805 3016 3871 quantitatibus
3035 3815 3213 3875 ponat,
3238 3806 3573 3860 manifestum
3606 3818 3689 3861 est
3712 3810 3789 3876 (ιιι

2212 3896 2327 3964 ipse
2349 3901 2434 3954 est
2457 3898 2721 3962 posterius
2743 3898 3167 3967 monstraturus)
3191 3899 3305 3953 hazc
3343 3916 3445 3951 non
3478 3914 3600 3954 esse
3622 3916 3789 3970 quan-

2213 3989 2412 4053 titates,
2445 3988 2537 4042 sed
2566 3988 2631 4041 ad
2654 3989 2873 4057 aliquid,
2908 4006 3157 4060 magnum
3182 3993 3327 4045 enim
3359 3992 3422 4045 ad
3458 4006 3676 4060 parvum
3702 3992 3786 4046 di-

2207 4080 2368 4142 citur;
2399 4078 2492 4133 sed
2522 4094 2641 4132 cum
2673 4078 2738 4132 ad
2768 4095 2828 4133 ea
2857 4081 2969 4134 loca
2994 4083 3319 4148 venerimus,
3356 4083 3615 4151 propositi
3636 4084 3773 4136 ordi‘

2212 4193 2332 4230 nem
2357 4177 2457 4231 loci
2486 4177 2795 4247 diligentius
2832 4195 3206 4250 exsequemur.
3249 4182 3399 4237 Nune
3420 4185 3671 4252 quoniam
3695 4183 3789 4239 de-

2210 4271 2467 4325 claratum
2490 4280 2579 4327 est
2604 4281 2656 4325 ct
2684 4276 2995 4327 substantia:
3026 4275 3155 4328 nihil
3199 4289 3320 4328 esse
3348 4278 3703 4339 contrarium,
3736 4290 3788 4331 et

2212 4363 2314 4416 hoc
2356 4362 2405 4417 ei
2440 4365 2711 4431 proprium
2769 4379 2873 4416 nou
2902 4379 3054 4429 esse,
3095 4366 3343 4435 quoniam
3375 4366 3514 4421 idem
3542 4368 3704 4422 etiam
3737 4369 3787 4421 in

2217 4455 2601 4525 quantitatibus
2625 4455 3019 4521 consideratur,
3048 4457 3112 4511 ad
3143 4473 3372 4530 sequens
3398 4461 3670 4529 prOprium
3695 4476 3790 4525 ex-

597 4528 741 4583 Inest
767 4541 935 4584 autent
962 4534 1254 4586 substantiis
1280 4536 1432 4587 etiam
1455 4535 1585 4587 nihil
1616 4537 1742 4604 ipsis
1769 4554 1876 4592 esse
1897 4547 2105 4591 contra-
2140 4525 2191 4582 Ῑ)
2221 4547 2498 4614 positionis
2527 4548 2772 4601 semitam
2795 4557 3193 4604 convenamus,

530 4621 689 4686 rium,
746 4622 924 4690 prima:
971 4624 1103 4675 enim
1151 4627 1445 4677 substantia:
1476 4626 1601 4695 quid
1642 4628 1739 4678 erit
1769 4630 2099 4695 contrarium,

526 4721 581 4764 ut
612 4713 767 4765 alicui
799 4714 990 4766 homini
1012 4716 1086 4766 vel
1107 4717 1262 4768 alicui
1286 4718 1530 4782 animali,
1561 4716 1692 4771 nihil
1720 4720 1854 4770 enim
1884 4729 1956 4771 est
1984 4737 2100 4773 con-

530 4803 747 4855 trarium
769 4843 787 4869 ,
842 4814 893 4856 at
938 4820 1052 4857 vero
1094 4820 1183 4857 uec
1219 4808 1412 4860 homini
1440 4824 1533 4860 nec
1561 4808 1775 4861 animali
1800 4810 1995 4878 aliquid
2035 4822 2106 4864 est

520 4896 870 4959 contrarium;
903 4913 1004 4949 nou
1040 4906 1111 4949 est
1161 4909 1330 4951 autem
1353 4902 1446 4951 hoc
1480 4901 1783 4953 substantia:
1813 4903 2100 4971 praprium,

523 4988 611 5041 scd
638 4988 790 5039 etiam
813 4989 1089 5040 multorum
1129 4991 1348 5041 aliorum
1373 5029 1386 5050 ,
1436 5001 1489 5042 ut
1517 4993 1825 5057 quantitatis
1847 5009 1865 5045 :
1892 4994 2107 5048 bit'ubito

468 5078 477 5091 '
525 5079 661 5131 enim
684 5078 761 5131 vel
782 5080 1016 5133 tricubito
1047 5079 1174 5133 nihil
1202 5091 1277 5135 est
1303 5085 1640 5145 contrarium,
1684 5095 1735 5137 at
1762 5100 1875 5137 vero
1902 5102 1992 5138 nec
2017 5089 2104 5139 de-

528 5187 635 5223 cem
660 5187 751 5225 nec
770 5171 929 5224 alicui
960 5172 1157 5229 talium,
1190 5173 1307 5227 Nisi
1337 5176 1450 5244 quis
1479 5177 1607 5243 [orte
1637 5181 1798 5231 multa
1828 5181 2007 5248 paucis
2028 5181 2107 5232 di-

527 5275 608 5317 cat
644 5282 751 5317 esse
770 5267 1054 5329 contraria,
1077 5267 1154 5318 υει
1185 5284 1425 5336 magnum
1452 5286 1627 5338 paruo,
1654 5272 2105 5328 dcterntinatarum

526 5371 643 5410 vero
660 5360 1001 5425 quantitatum
1034 5358 1235 5412 nullum
1261 5360 1355 5413 ulli
1386 5372 1455 5414 est
1483 5366 1822 5423 conrrarium.

600 5449 811 5518 Adjcclt
840 5454 1067 5520 quoque
1092 5452 1233 5505 aliud
1273 5454 1582 5508 substantia:
1613 5460 1887 5525 pmprium
1919 5459 2106 5514 dicens

521 5542 846 5596 substantitn
890 5542 1018 5596 nihil
1051 5559 1171 5596 esse
1213 5546 1561 5609 contrarium,
1584 5595 1591 5603 .
1615 5548 1715 5602 hoc
1746 5561 1921 5603 autem
1951 5567 2013 5604 ex
2045 5566 2105 5605 ea

519 5647 649 5700 quzc
690 5633 955 5703 sigillatim
989 5635 1043 5686 lit
1074 5635 1376 5689 inductione
1413 5638 1712 5692 confirmat.
1768 5640 1936 5694 llomo
1966 5641 2104 5694 enim

522 5723 730 5777 lumini
766 5724 846 5779 vel
871 5740 1009 5794 cquu
1032 5766 1046 5792 ,
1099 5727 1182 5781 vel
1212 5727 1369 5783 alicui
1412 5730 1503 5784 alii
1549 5730 1858 5787 animaliqu
1892 5748 1997 5788 non
2027 5744 2107 5788 cs1

2291 4640 2505 4695 Videtur
2525 4651 2691 4694 autem
2715 4640 2999 4694 substantia
3021 4659 3122 4695 non
3150 4646 3403 4713 suscipere
3424 4646 3587 4713 magis
3613 4655 3663 4699 et
3701 4647 3791 4697 mi-

2210 4751 2305 4788 nus
2325 4776 2337 4797 ,
2362 4735 2477 4788 dico
2501 4744 2674 4787 autem
2700 4739 2793 4786 hoc
2833 4751 2933 4787 non
2955 4737 3096 4805 quod
3123 4738 3406 4791 substantia
3439 4756 3469 4790 a
3504 4740 3789 4793 substantia

2213 4843 2313 4879 non
2334 4828 2397 4879 sit
2420 4827 2579 4896 magis
2600 4835 2647 4879 et
2670 4828 2837 4881 minus
2864 4828 3167 4891 substantia,
3193 4828 3287 4881 hoc
3310 4832 3443 4883 enim
3474 4831 3670 4884 dictum
3694 4846 3790 4893 est.

2211 4922 2330 4981 quia
2350 4928 2443 4981 est,
2471 4918 2805 4981 sedquoniam
2828 4937 3138 4989 unaquthue
3180 4922 3481 4989 substantia,
3505 4922 3600 4974 hoc
3623 4926 3793 4993 ipsum

2214 5009 2349 5076 quod
2381 5019 2453 5062 est
2475 5050 2489 5068 ,
2515 5025 2614 5061 non
2636 5010 2823 5062 dicitur
2845 5014 3004 5080 magis
3027 5023 3071 5064 et
3094 5013 3279 5076 ntintts,
3306 5023 3359 5065 ut
3384 5014 3427 5065 si
3449 5024 3522 5066 cst
3548 5015 3655 5068 haec
3676 5018 3797 5067 sub-

2214 5101 2420 5162 stantia,
2448 5099 2616 5165 homo,
2642 5117 2741 5154 non
2765 5111 2837 5154 εει
2864 5104 3022 5171 magis
3044 5102 3132 5154 aut
3158 5104 3326 5155 minus
3348 5104 3501 5157 homo
3518 5147 3532 5167 ,
3576 5122 3668 5159 nec
3689 5107 3795 5176 ipse

2216 5191 2402 5257 scipio,
2427 5208 2517 5243 nec
2540 5192 2671 5245 alter
2693 5195 2853 5247 altera
2872 5234 2886 5255 ,
2916 5210 3017 5247 non
3042 5203 3114 5246 est
3133 5196 3267 5247 enim
3292 5197 3420 5249 alter
3439 5198 3603 5250 altero
3630 5201 3795 5269 magis

2218 5280 2370 5333 homo
2388 5324 2400 5343 ,
2425 5284 2554 5335 sicut
2589 5294 2663 5336 est
2693 5282 2870 5336 album
2900 5285 3113 5337 alterum
3136 5285 3297 5339 altera
3319 5288 3482 5355 magis
3513 5289 3685 5341 album
3707 5329 3721 5350 ,
3748 5300 3795 5340 ct

2214 5373 2405 5425 bonum
2447 5376 2667 5427 alterum
2711 5374 2874 5427 altera
2902 5377 3064 5445 magis
3093 5376 3299 5432 bonum.
3344 5379 3447 5432 Sed
3469 5390 3514 5432 ct
3555 5381 3722 5450 ipsum
3746 5398 3797 5431 se

2218 5466 2381 5529 magis
2401 5474 2448 5517 et
2473 5467 2635 5518 minus
2656 5466 2844 5519 diciiur
2874 5481 2891 5519 :
2910 5479 2964 5520 ut
2985 5482 3169 5538 corpus
3191 5485 3305 5520 cum
3330 5471 3392 5521 sit
3413 5456 3609 5535 album,
3633 5476 3797 5540 inagis

2219 5554 2392 5607 album
2429 5572 2534 5609 esse
2567 5556 2756 5609 dicitur
2797 5573 2927 5610 nunc
2954 5574 3105 5627 quam
3148 5561 3333 5626 prius;
3364 5569 3544 5612 etcum
3568 5565 3795 5615 calidum
3832 5563 3837 5572 '

2218 5645 2312 5705 sit,
2338 5646 2497 5713 magis
2524 5657 2570 5698 ct
2601 5647 2769 5699 minus
2815 5649 3039 5701 calidum
3083 5650 3288 5703 dicitur.
3337 5651 3634 5705 Substautia
3678 5671 3793 5708 rero

2219 5752 2316 5790 non
2336 5736 2522 5791 dicitur
2544 5740 2701 5809 magis
2723 5751 2811 5794 aut
2841 5743 3004 5797 minus
3019 5742 3331 5811 substantia,
3353 5760 3453 5797 non
3476 5747 3615 5799 enim
3635 5746 3790 5801 homo

3988 563 3991 705 φ
