4030 6336
178 296 280 348 197

1188 288 1252 341 ΙΝ
1289 287 1725 342 CATEGORIAS
1765 285 2201 345 ARISTOTELiS
2240 292 2365 346 ΜΒ.
2411 293 2446 349 l.

3349 303 3450 357 198

172 406 346 477 magis
366 419 500 457 nunc
522 404 671 456 homo
691 417 840 469 quam
862 399 1005 470 prius
1025 399 1232 459 dicitur,
1257 414 1347 451 nec
1368 399 1591 450 aliorum
1607 398 1759 466 quid-
1791 408 1839 460 Α
1873 401 1925 451 in
1954 400 2270 453 substantiis
2312 402 2594 463 omnibus,
2645 404 2861 470 proiiria
2914 412 3090 458 tamen
3128 407 3449 465 substantiai

175 515 334 566 quam
373 513 491 564 quae
519 494 823 550 substantia:
860 500 1016 555 sunt,
1063 507 1165 561 qua
1213 496 1419 560 propter
1450 505 1542 543 nec
1581 490 1758 559 recipit

176 590 460 643 substantia
486 587 647 655 magis
680 596 725 637 et
752 584 942 636 minus.

250 680 366 736 Hoc
414 679 689 748 praprium
722 692 827 730 non
882 673 1200 740 simpliciter
1248 671 1465 735 dicitur,
1511 670 1606 725 sed
1638 685 1758 724 cum

173 773 357 841 aliqua
380 769 732 824 distinctione
758 766 868 820 :ait
890 767 1033 819 enim
1066 763 1416 817 substantiam
1448 777 1619 830 neque
1646 777 1758 813 ma-

173 862 260 931 gis
287 861 549 926 recipere,
583 872 755 927 neque
792 857 990 918 minus,
1020 870 1124 908 non
1149 853 1249 907 hoc
1274 854 1479 921 dicens,
1509 854 1759 921 quoniam

177 952 476 1005 substantia
496 965 601 1002 non
632 958 716 1003 est
740 946 909 1015 magis
936 946 1004 999 ab
1029 946 1132 998 alia
1163 945 1483 998 substantia.
1516 943 1760 1012 Namque

177 1042 401 1111 quidam
431 1039 591 1093 homo
620 1053 740 1092 cum
763 1037 833 1089 sit
860 1035 1180 1098 substantia,
1214 1036 1378 1102 magis
1400 1042 1481 1086 est
1501 1034 1761 1086 substan-

182 1134 252 1185 tia
282 1132 350 1191 ab
374 1131 614 1194 homine,
650 1130 701 1182 id
728 1138 810 1183 est
833 1128 902 1182 ab
923 1128 1103 1196 specie
1121 1167 1135 1190 ,
1168 1137 1221 1180 et
1250 1126 1408 1179 homo
1434 1125 1502 1178 ab
1522 1126 1758 1187 animali,

182 1224 236 1276 id
260 1232 395 1276 esta
443 1235 663 1289 genere.
694 1222 832 1288 Ergo
862 1233 967 1272 non
1018 1220 1118 1272 hoc
1163 1217 1325 1283 dicit,
1370 1219 1622 1286 quoniam
1655 1232 1760 1269 non

184 1314 529 1367 inveniuntur
559 1312 867 1365 substantia:
895 1323 1015 1377 qua:
1040 1324 1068 1359 a
1098 1307 1413 1361 substantiis
1442 1308 1612 1376 magis
1635 1306 1760 1361 sub-

180 1402 395 1457 stantia:
416 1402 559 1466 siut,
597 1400 698 1453 hoc
722 1399 864 1453 enim
891 1399 1092 1452 dictum
1120 1408 1221 1462 est,
1254 1397 1505 1467 quoniam
1552 1408 1636 1453 est
1663 1439 1678 1462 ,
1709 1399 1759 1451 id

179 1505 262 1548 est
291 1492 543 1562 quoniam
577 1490 939 1543 inveniuntur.
968 1489 1056 1542 Ait
1102 1489 1245 1542 enim
1271 1487 1515 1555 superius
1560 1488 1760 1556 primas

179 1584 534 1648 substantias,
559 1582 610 1635 id
633 1590 715 1635 est
736 1579 1064 1643 individuas,
1096 1580 1326 1634 maxime
1357 1595 1474 1635 esse
1508 1580 1759 1633 substan-

181 1680 293 1731 tias
315 1716 332 1739 ,
373 1677 425 1730 in
471 1673 720 1728 secundis
745 1688 872 1726 vero
898 1672 1235 1735 substantiis,
1267 1673 1434 1741 magis
1462 1686 1579 1727 esse
1625 1672 1754 1726 sub-

1865 504 1972 543 non
2002 501 2147 558 sunt,
2181 508 2246 545 eo
2290 494 2431 561 quod
2460 494 2620 546 etiam
2648 494 2700 547 in
2724 494 2843 548 aliis
2868 498 2976 549 sint
3003 537 3018 562 ,
3065 503 3447 569 consequentia

1864 582 2176 634 substantia:
2200 585 2568 649 appellantur.
2596 584 2719 638 Haec
2750 587 2890 639 enim
2915 588 3091 640 omnia
3118 591 3447 645 substantias

1868 679 2306 738 censequunlur,
2339 682 2396 723 ut
2443 674 2745 743 ubicunque
2796 676 2957 730 fuerit
2998 678 3332 742 substantia,
3377 697 3440 735 ea

1864 774 1983 827 qua:
2006 760 2156 813 dicta
2184 771 2309 814 sunt
2336 762 2672 816 inveniantur
2696 811 2712 834 ,
2770 766 2820 819 id
2863 776 2944 820 est
2989 767 3041 821 in
3065 768 3304 837 subjecto
3333 786 3439 825 ιιοιι

1866 864 2009 915 esse,
2049 861 2104 905 ct
2131 852 2540 917 praedicationes
2578 855 2646 908 ab
2675 858 2755 908 his
2786 858 3012 912 univoce
3045 859 3187 925 lieri,
3217 870 3271 914 et
3294 864 3435 930 quod

1869 940 1970 993 hoc
1992 942 2190 1011 aliquid
2224 944 2523 1012 signiticet,
2563 954 2616 997 et
2646 946 2785 1011 quod
2818 947 2949 999 nihil
2979 948 3047 1001 sit
3100 950 3206 1002 illis
3233 965 3447 1004 contra-

1867 1030 2029 1099 rium,
2064 1043 2119 1086 et
2154 1035 2295 1102 quod
2350 1050 2456 1088 non
2502 1036 2794 1104 suscipiant
2824 1041 2989 1108 magis
3020 1049 3073 1094 et
3100 1044 3273 1095 minus
3307 1059 3323 1096 :
3359 1044 3447 1099 illa

1867 1109 1994 1175 vero
2024 1140 2144 1191 qua:
2176 1142 2280 1178 non
2308 1126 2560 1180 onuiibus
2586 1129 2898 1183 substantiis
2929 1132 3107 1186 insunt
3146 1135 3443 1189 accidentia

1865 1220 1994 1265 sunt
2019 1215 2357 1280 substantiis,
2389 1221 2636 1285 quocirca
2665 1221 2880 1288 propria
2910 1236 3013 1276 non
3045 1233 3188 1277 sunt.
3218 1224 3369 1290 Quod
3399 1228 3445 1278 si

1867 1306 2081 1373 propria
2112 1321 2215 1359 non
2258 1316 2418 1372 sunt,
2471 1310 2705 1362 nomium
2730 1312 2887 1379 quale
2918 1312 2986 1366 sit
3026 1314 3326 1370 substantia
3354 1316 3447 1370 de-

1867 1406 2189 1450 monstrant.
2239 1397 2415 1462 Quare
2450 1409 2505 1451 ut
2542 1400 2857 1455 substantia:
2887 1403 3195 1471 qualitatem
3237 1406 3445 1473 proprie

1868 1501 2284 1555 cegiioscamus,
2334 1490 2452 1543 talis
2485 1501 2568 1544 est
2597 1492 2715 1546 huic
2768 1494 3088 1564 requirenda
3120 1498 3459 1566 proprietas,.

1865 1590 1983 1645 quae
2002 1586 2056 1630 et
2077 1578 2208 1630 solis
2238 1578 2555 1634 substantiis
2580 1582 2707 1636 insit
2738 1593 2792 1636 et
2816 1586 3064 1638 omnibus
3083 1626 3098 1650 ,
3134 1587 3246 1639 lucc
3268 1599 3444 1644 autem

1866 1666 2162 1733 liujusmodi
2187 1676 2290 1731 est,
2321 1684 2483 1736 quam
2520 1671 2634 1738 ipse
2663 1673 2959 1740 proposuit.

180 1766 411 1822 stantias
434 1764 639 1833 species
663 1779 819 1830 quam
848 1777 1066 1831 genera.
1116 1763 1255 1830 Ergo
1281 1777 1385 1815 non
1414 1761 1571 1825 dicit,
1624 1776 1756 1830 quo-
1794 1768 1836 1825 Β
1934 1763 2162 1817 Maxime
2192 1780 2307 1817 vero
2334 1766 2631 1821 substantia:
2659 1771 2922 1840 praprium
2946 1789 3051 1825 esse
3080 1775 3298 1862 videtur,
3321 1791 3437 1826 cum

183 1860 329 1912 niam
357 1857 499 1911 nulla
530 1855 825 1909 substantia
863 1855 932 1909 ab
977 1854 1077 1907 alia
1118 1854 1411 1907 substantia
1442 1853 1606 1922 magis
1634 1852 1758 1907 sub-

183 1952 381 2004 stantia
405 1958 522 2012 est,
574 1948 669 2001 sed
704 1947 807 2000 hoc
844 1946 1016 2016 ipsum
1055 1945 1197 2012 quod
1227 1953 1332 2008 est,
1382 1945 1632 2013 quaelibet
1671 1944 1759 1997 illa

183 2042 479 2096 substantia
502 2054 607 2093 non
635 2038 829 2093 dicitur
853 2036 1021 2105 magis
1050 2046 1105 2089 et
1138 2036 1314 2089 minus
1344 2034 1637 2087 substantia
1658 2074 1673 2099 ,
1702 2044 1762 2086 ut

185 2133 226 2186 si
256 2140 339 2186 est
365 2131 659 2184 substantia
682 2131 861 2194 homo,
888 2144 994 2182 non
1026 2127 1156 2182 dicit
1182 2128 1436 2196 quoniam
1476 2128 1637 2180 homo
1658 2141 1760 2179 non

188 2231 268 2276 est
298 2222 464 2290 magis
490 2229 543 2274 et
568 2221 741 2273 minus
755 2220 1049 2273 substantia
1071 2261 1085 2283 ,
1114 2220 1418 2273 individuus
1444 2220 1584 2272 enim
1606 2218 1765 2270 homo

196 2312 366 2381 magis
388 2311 841 2372 est.substantia,
878 2311 1085 2378 species
1108 2325 1239 2364 vero
1268 2311 1444 2363 minus
1486 2309 1529 2363 si
1563 2308 1629 2361 ad
1658 2309 1766 2376 pri-

189 2421 354 2469 mam,
382 2405 432 2458 id
461 2413 543 2458 est
569 2402 917 2465 individuam,
949 2401 1301 2455 substantiam
1332 2402 1619 2453 referatur.
1661 2398 1765 2453 Sed

192 2494 297 2548 hoc
315 2494 465 2557 dicit,
499 2494 598 2546 hoc
627 2494 797 2560 ipsum
825 2492 965 2562 quod
988 2500 1090 2554 est,
1119 2491 1169 2545 id
1197 2500 1313 2554 cst,
1346 2491 1505 2543 homo
1530 2506 1633 2543 non
1664 2490 1768 2543 erit

189 2597 358 2662 magis
399 2591 561 2645 homo
599 2591 680 2644 vel
712 2590 887 2644 minus
932 2591 1123 2654 homo;
1166 2595 1417 2657 quocirca
1478 2605 1582 2642 non
1631 2588 1762 2643 dicit

189 2687 441 2755 quoniam
476 2685 636 2736 homo
664 2699 767 2736 non
794 2691 881 2737 est
908 2684 1074 2753 magis
1108 2682 1405 2736 substantia
1449 2681 1533 2735 vel
1566 2680 1764 2743 minus,

189 2788 283 2842 sed
314 2789 563 2853 quoniam
589 2786 773 2852 homo,
799 2786 900 2840 hoc
931 2787 1100 2853 ipsum
1124 2784 1265 2855 quod
1289 2793 1390 2848 est,
1424 2800 1529 2837 non
1551 2792 1634 2837 est
1656 2797 1769 2836 ma-

190 2876 270 2948 gis
299 2879 380 2932 vel
412 2878 585 2932 minus
604 2877 789 2944 homo,
816 2891 923 2928 non
950 2884 1034 2928 est
1062 2876 1203 2928 enim
1237 2873 1430 2943 aliquis
1462 2875 1621 2928 homo
1651 2888 1765 2927 ma-

190 2982 277 3037 gis
300 2978 355 3020 et
381 2967 556 3021 minus
586 2967 772 3030 homo;
805 2965 987 3019 ethoc
1020 2963 1159 3019 idem
1192 2964 1243 3016 in
1282 2964 1522 3032 ejusdem
1550 2979 1768 3032 compa-

191 3057 404 3112 ratione
429 3057 673 3111 convcnit
696 3053 982 3124 speculari.
1031 3053 1158 3106 Nam
1192 3053 1306 3120 ipse
1346 3052 1507 3106 homo
1528 3069 1557 3105 a
1590 3054 1768 3120 seipso

1864 1872 2021 1909 unum
2046 1866 2092 1908 et
2119 1857 2252 1909 idem
2291 1874 2499 1915 numero
2540 1860 2630 1924 sit,
2672 1864 3048 1915 contrariorum
3077 1857 3444 1933 susceptibilem

1864 1964 1993 2011 esse,
2019 1959 2061 2000 et
2085 1950 2137 2001 in
2168 1950 2285 2002 aliis
2306 1952 2509 2019 quidem
2536 1967 2640 2003 non
2665 1950 2866 2006 habebit
2891 1954 3152 2024 quisquam
3174 1957 3297 2024 quid
3326 1972 3447 2025 pro-

1866 2044 1993 2107 ferat
2022 2056 2337 2108 qua'cunque
2377 2058 2475 2093 non
2514 2051 2631 2094 sunt
2674 2043 3001 2108 substantia},
3047 2047 3181 2112 quod
3223 2063 3338 2100 cum
3380 2048 3446 2100 sit

1867 2146 2022 2182 unum
2046 2147 2279 2194 numero,
2328 2133 2652 2200 susceptibile
2677 2136 3053 2189 contrariorum
3074 2138 3161 2203 sit,
3206 2140 3335 2190 velut
3356 2153 3441 2190 co-

1866 2219 1944 2270 lor
1966 2221 2104 2288 quod
2126 2231 2196 2273 est
2234 2238 2392 2273 unum
2432 2232 2478 2274 et
2509 2222 2645 2276 idem
2682 2241 2924 2290 numero,
2958 2243 3059 2279 non
3092 2228 3183 2280 erit
3204 2229 3374 2281 album
3396 2239 3444 2280 et

1869 2310 2090 2378 nigrum,
2116 2327 2275 2378 neque
2309 2311 2489 2364 eadem
2518 2315 2652 2366 actio
2681 2324 2729 2368 et
2766 2332 2865 2368 una
2889 2332 3101 2371 numero
3147 2321 3242 2370 erit
3296 2335 3447 2387 praua

1866 2410 1915 2455 et
1934 2402 2185 2456 studiosa.
2210 2401 2459 2457 Similiter
2487 2416 2657 2457 autem
2704 2418 2749 2465 υ
2777 2408 2828 2459 in
2860 2410 2976 2462 aliis
3009 2425 3121 2476 qua:
3158 2410 3447 2463 substantia

1869 2508 1970 2544 non
1983 2504 2120 2546 sunt.
2142 2492 2438 2548 Substantia
2461 2498 2591 2548 enim
2610 2514 2725 2549 cum
2750 2515 2901 2552 unum
2924 2502 3337 2554 etidemnumero
3362 2504 3449 2570 sit,

1869 2581 2032 2647 rapaa':
2052 2585 2425 2637 contrariorum
2452 2598 2522 2638 est
2543 2625 2557 2649 ,
2584 2596 2635 2638 ut
2659 2587 2845 2657 aliquis
2896 2589 3048 2642 homo
3075 2606 3189 2643 eum
3236 2608 3367 2643 unus
3404 2602 3449 2643 et

1870 2672 2005 2724 idem
2043 2689 2253 2725 numero
2277 2675 2340 2726 sit
2368 2715 2383 2737 ,
2415 2677 2693 2742 aliquando
2730 2679 2934 2744 quidem
2960 2680 3103 2748 niger
3122 2720 3137 2743 ,
3168 2678 3449 2748 aliquavida

1869 2770 2042 2814 autem
2064 2763 2121 2831 [it
2142 2763 2367 2826 albus,et
2388 2764 2584 2817 calidus
2611 2775 2657 2818 et
2672 2767 2913 2836 frigidus,
2932 2778 2975 2821 et
2994 2785 3175 2835 pravus
3197 2770 3449 2822 etstudic-

1871 2852 2078 2909 sus.'ln
2106 2856 2263 2908 nullis
2285 2867 2453 2909 autem
2481 2858 2597 2910 aliis
2628 2859 2823 2928 aliquid
2847 2862 2945 2912 tale
2967 2860 3184 2922 videtur,
3216 2862 3313 2913 nisi
3339 2863 3450 2929 quis

1875 2946 2091 3013 (orsituu
2123 2948 2295 3011 instet,
2312 2948 2483 3000 dicens
2502 2950 2784 3002 arationem
2798 2960 2845 3002 et
2866 2952 3153 3018 opinionem
3175 2953 3449 3004 contrario-

1874 3051 1987 3087 rum
2017 3052 2122 3088 esse
2148 3037 2494 3107 suscaptibilia
2514 3080 2528 3101 ,
2554 3042 2728 3092 eadem
2756 3044 2889 3094 enim
2915 3044 3077 3095 oratio
3104 3060 3218 3095 vera
3245 3054 3292 3095 et
3320 3045 3451 3112 falsa

192 3162 302 3202 non
334 3156 415 3201 est
439 3147 556 3215 plus
584 3148 767 3209 homo,
792 3153 848 3198 at
869 3132 996 3198 vero
1036 3158 1133 3197 nec
1168 3142 1296 3198 siad
1323 3145 1551 3198 alterum
1582 3143 1767 3196 conie-

1876 3144 1982 3181 esse
1998 3127 2191 3181 videtur
2209 3169 2224 3193 ,
2257 3129 2409 3183 veluti
2435 3131 2479 3183 si
2500 3148 2615 3185 vera
2644 3135 2707 3185 sit
2733 3135 2899 3186 oratio
2956 3134 3131 3187 sedere
3159 3136 3451 3204 quemdam,

192 3255 365 3313 ratur,
382 3245 449 3299 ad
478 3245 703 3299 alterum
725 3259 854 3297 vero
877 3242 1044 3305 ita,ut
1072 3243 1172 3295 sub
1184 3242 1370 3296 eadem
1393 3242 1774 3308 conjunctione

194 3344 323 3409 sint,
354 3355 411 3398 ut
439 3343 653 3411 quidam
680 3343 840 3395 homo
872 3339 1177 3394 individuus
1203 3339 1270 3393 ad
1305 3339 1532 3409 aliquem
1567 3340 1764 3394 indivi-

196 3436 359 3491 duum
379 3436 649 3490 hominem
663 3443 1022 3502 comparatus,
1050 3446 1154 3485 non
1183 3432 1285 3484 erit
1315 3432 1483 3500 magis
1507 3440 1561 3484 et
1593 3432 1770 3485 minus

198 3530 380 3591 homo,
413 3537 469 3582 et
493 3512 606 3596 ipsa
633 3528 839 3596 species
867 3524 1041 3593 seipsa
1070 3539 1174 3578 non
1194 3523 1297 3577 erit
1322 3524 1488 3592 magis
1514 3533 1566 3577 et
1598 3525 1775 3577 minus

200 3624 389 3687 homo;
421 3623 513 3677 sed
540 3622 642 3676 hoc
666 3622 837 3690 palam
859 3627 945 3673 est
974 3620 1024 3671 iu
1055 3617 1402 3680 substantiis,
1430 3618 1480 3669 in
1505 3617 1777 3685 qualitati.

203 3724 304 3777 bus
329 3738 456 3776 vero
486 3730 660 3789 potest
701 3734 825 3774 esse
873 3718 1041 3786 magis
1070 3726 1124 3770 et
1149 3715 1360 3780 minus,
1418 3716 1593 3768 album
1630 3716 1773 3769 enim

202 3831 377 3892 potest
407 3820 517 3873 lieri
553 3817 722 3887 magis
749 3818 927 3871 album
956 3815 1167 3883 seipso,
1215 3822 1269 3868 et
1307 3813 1581 3880 suscipere
1609 3813 1776 3883 magis

206 3922 265 3967 et
285 3912 480 3973 minus,
509 3919 566 3962 ut
586 3910 656 3963 sit
683 3906 848 3975 magis
878 3905 1057 3959 album
1082 3915 1136 3959 et
1158 3905 1333 3958 minus
1360 3905 1568 3968 album;
1602 3914 1775 3969 potest

202 4011 256 4057 et
280 4002 383 4055 alio
411 4001 532 4054 albo
560 4000 677 4069 plus
701 4013 819 4052 esse
851 3997 1052 4057 album,
1085 4005 1144 4047 ut
1189 3995 1356 4047 l.lium
1398 3995 1545 4058 lana;
1571 4003 1624 4048 et
1652 3995 1758 4048 alio

202 4094 325 4147 albo
355 4093 528 4144 minus
553 4089 889 4150 esse’album,
922 4097 980 4139 ut
1012 4087 1129 4140 lana
1157 4086 1292 4148 lilio,
1318 4094 1375 4139 et
1401 4100 1607 4155 cygnus
1627 4087 1767 4149 nive,

203 4194 367 4252 atque
397 4183 532 4235 idem
562 4181 614 4235 in
642 4180 763 4233 aliis
784 4177 1130 4248 qualitatibus
1150 4217 1165 4239 ,
1218 4185 1279 4239 ut
1315 4176 1452 4229 bono
1496 4190 1550 4230 et
1579 4177 1773 4231 calido.

204 4276 446 4345 Namque
490 4275 604 4327 haec
656 4281 881 4339 possunt
913 4269 1241 4337 temporibus
1271 4269 1589 4336 permutari,
1642 4270 1773 4322 etin

204 4365 325 4434 plus
346 4366 589 4418 minusve
619 4361 908 4425 trausduci,
937 4359 995 4411 lit
1022 4359 1164 4411 enim
1188 4357 1470 4427 aliquoties
1497 4358 1638 4411 bono
1668 4375 1779 4413 me-

206 4455 307 4510 lius
335 4462 392 4509 et
418 4454 678 4515 deterius,
700 4461 755 4505 et
782 4450 956 4506 calido
986 4448 1281 4501 ferventius
1309 4458 1362 4502 et
1400 4449 1658 4514 tepidius;
1685 4450 1773 4503 bo-

204 4562 294 4601 mo
322 4562 454 4600 vero
478 4545 619 4614 quod
648 4553 734 4599 est
775 4542 1103 4606 substantia,
1156 4556 1328 4609 neque
1357 4557 1499 4595 nunc
1530 4543 1646 4608 plus
1676 4545 1780 4596 erit

205 4645 367 4697 homo
390 4656 549 4711 quam
578 4639 674 4693 luit
701 4649 876 4700 antea,
916 4654 1086 4705 neque
1117 4646 1239 4705 post
1283 4638 1450 4705 magis
1476 4646 1570 4690 aut
1602 4637 1778 4695 minus

203 4736 308 4790 erit
328 4735 487 4787 homo
513 4747 670 4801 quam
719 4745 861 4784 nunc
890 4742 989 4784 est.
1027 4730 1287 4796 Quocirca
1321 4744 1441 4783 cum
1482 4730 1777 4784 substantia

202 4843 307 4881 non
337 4825 589 4891 suscipiat
618 4824 784 4891 magis
820 4832 874 4877 et
896 4823 1069 4875 minus
1095 4862 1111 4886 ,
1150 4828 1326 4874 unum
1355 4823 1627 4889 proprium
1659 4822 1775 4890 ejus

201 4918 303 4972 hoc
334 4932 435 4971 non
467 4919 587 4971 erit.
622 4915 726 4970 Sed
752 4930 847 4969 cur
875 4928 981 4967 non
1018 4914 1088 4966 sit
1121 4915 1397 4981 proprium
1434 4915 1547 4980 ipse
1572 4912 1778 4967 Aristo-

200 5011 338 5064 tcles
378 5010 523 5063 velut
574 5016 756 5063 notum
797 5006 1087 5069 conticuit;
1146 5021 1243 5059 nos
1283 5017 1457 5059 autem
1506 5006 1772 5070 addimus,

199 5100 449 5169 quoniam
484 5114 587 5151 non
626 5098 797 5151 solum
826 5098 1137 5151 substantia:
1176 5112 1280 5150 non
1324 5098 1625 5165 suscipiunt
1663 5115 1776 5151 ma-

199 5190 284 5260 gis
314 5199 366 5241 et
391 5189 584 5253 minus,
637 5189 732 5243 sed
763 5197 815 5243 et
848 5189 947 5241 alia
974 5190 1174 5253 multa;
1227 5190 1457 5243 circulus
1485 5191 1626 5244 enim
1670 5192 1775 5244 alio

199 5280 400 5335 circulo
441 5295 544 5333 non
576 5280 678 5333 erit
727 5280 896 5347 magis
924 5280 1157 5333 circulus
1185 5288 1277 5332 aut
1304 5281 1505 5339 minus.
1547 5295 1645 5334 nec
1678 5281 1777 5334 du-

203 5374 348 5444 plum
393 5373 561 5437 magis
584 5371 801 5439 diﬂilum
828 5372 910 5426 vel
939 5373 1113 5425 minus
1139 5388 1154 5435 ;
1186 5372 1459 5439 :cqualiter
1488 5372 1629 5425 enim
1671 5372 1772 5425 du-

200 5465 322 5534 plns
347 5473 430 5517 est
458 5463 830 5533 quaternarius
857 5481 868 5515 :
895 5462 959 5516 ad
1001 5462 1289 5525 binarium,
1317 5472 1366 5515 et
1416 5462 1665 5515 denarius
1710 5463 1773 5515 ad

198 5553 501 5619 quinariuin
528 5562 890 5619 comparatus,
940 5553 1187 5619 quocirca
1219 5553 1473 5620 quoniam
1506 5552 1667 5605 etiam
1721 5553 1772 5604 lll

195 5645 320 5697 aliis
354 5644 490 5697 idem
515 5654 622 5707 est,
652 5644 751 5699 hoc
775 5643 1087 5698 substantia:
1109 5643 1377 5712 proprium
1409 5658 1512 5696 non
1537 5658 1655 5699 esse
1678 5660 1774 5712 pu-

196 5735 420 5789 tandum
443 5744 542 5791 est.
568 5737 673 5791 Sed
700 5738 810 5792 haec
837 5736 1049 5807 quidem
1079 5737 1254 5791 omu'a
1285 5751 1616 5806 quzecunque
1646 5747 1777 5792 sunt

1877 3229 2113 3291 surgente
2133 3236 2191 3273 eo
2211 3261 2226 3286 ,
2280 3223 2370 3274 illa
2393 3225 2568 3276 eadem
2597 3226 2760 3278 oratio
2791 3226 2922 3294 falsa
2948 3228 3065 3291 erit,
3096 3229 3327 3281 simi.'iter
3356 3246 3452 3279 au—

1880 3325 1972 3364 tem
2006 3320 2053 3365 et
2104 3314 2167 3365 de
2207 3314 2522 3382 Opinatione.
2566 3316 2626 3370 Si
2653 3318 2767 3385 quis
2798 3319 2932 3371 enim
2960 3335 3072 3371 vere
3111 3329 3255 3387 putat
3285 3320 3453 3372 sedere

1876 3403 2117 3467 aliquem,
2146 3412 2381 3473 surgente
2409 3422 2487 3470 eo,
2523 3407 2611 3458 ille
2642 3408 2775 3460 idem
2817 3408 2949 3478 falso
2975 3412 3191 3476 putabit,
3225 3412 3454 3463 eamdem

1879 3502 2065 3555 habens
2092 3506 2155 3557 de
2169 3507 2343 3557 eodem
2374 3507 2692 3573 opinionem.
2737 3509 2843 3563 Sed
2865 3521 2911 3562 et
2938 3513 2981 3562 si
3007 3512 3120 3580 quis
3159 3511 3255 3565 hoc
3295 3514 3454 3566 susci-

1878 3596 2008 3661 piat,
2037 3606 2200 3649 taiuen
2243 3600 2393 3650 modo
2432 3599 2602 3667 (li/fert
2634 3642 2647 3657 .
2686 3618 2804 3654 nam
2849 3620 2908 3655 ea
2938 3621 3051 3673 quis
3081 3607 3131 3657 iu
3161 3607 3453 3659 substantiis

1876 3698 2027 3753 sunt,
2054 3690 2168 3755 ipsa
2195 3701 2389 3742 mutata
2411 3694 2756 3760 sitsceptibilia
2781 3706 2898 3748 sunt
2924 3699 3296 3751 contrariarum
3317 3715 3334 3761 ;
3360 3702 3453 3766 [ri-

1878 3779 2056 3847 gidum
2081 3782 2213 3832 enim
2245 3783 2305 3833 ile
2328 3780 2497 3834 calido
2544 3784 2739 3851 factum
2766 3797 3019 3839 mutatum
3056 3797 3158 3851 est,
3188 3790 3455 3842 ulteratum

1877 3870 2010 3922 enim
2027 3879 2117 3935 est,
2148 3880 2195 3923 et
2221 3872 2419 3943 nigrum
2439 3890 2501 3927 ea:
2524 3874 2660 3939 albo,
2691 3887 2738 3927 et
2761 3879 3050 3931 studiosum
3078 3895 3141 3931 ca;
3169 3896 3344 3947 prora.
3373 3880 3454 3934 Si-

1879 3961 2060 4013 miLter
2081 3974 2248 4015 autem
2287 3975 2335 4016 et
2378 3965 2431 4017 iu
2457 3967 2576 4017 aliis
2597 4007 2612 4030 ,
2647 3970 3040 4037 unumquodque
3071 3971 3300 4039 ipsorum
3341 3988 3455 4022 mu-

1880 4062 2118 4114 tationem
2139 4064 2439 4130 suscipiens,
2466 4079 2537 4118 est
2565 4067 2883 4134 susceptibile
2907 4071 3300 4124 contrariorum.
3331 4072 3456 4122 Ura-

1881 4160 1950 4211 tio
1974 4168 2143 4213 autem
2174 4171 2221 4212 et
2251 4163 2423 4229 opinio
2454 4164 2567 4229 ipsa
2586 4165 2791 4230 quidem
2822 4168 3100 4221 immobilia
3118 4172 3323 4221 omnino
3346 4186 3457 4238 per-

1880 4271 2127 4321 severant,
2143 4276 2260 4312 cum
2285 4276 2400 4312 vero
2430 4277 2509 4312 res
2530 4272 2776 4325 movetur,
2800 4272 3116 4319 contrarium
3135 4269 3271 4321 circa
3298 4287 3358 4323 ea
3381 4272 3459 4335 lit,

1881 4349 2049 4401 oratio
2074 4365 2289 4417 namque
2315 4363 2572 4418 permanet
2598 4355 2794 4417 eadem,
2826 4358 2999 4409 sedere
3037 4359 3291 4426 aliquem,
3345 4376 3457 4412 cum

1884 4455 1999 4492 vero
2027 4456 2107 4492 res
2138 4449 2276 4492 mota
2323 4444 2409 4505 sit,
2454 4443 2736 4513 aliquando
2767 4450 2967 4513 quidem
3006 4465 3156 4512 rem,
3185 4453 3471 4520 aliquando

1887 4540 2054 4582 autent
2081 4530 2215 4599 falsa
2243 4533 2300 4599 ﬁt
2323 4573 2334 4591 ,
2365 4533 2598 4585 similiter
2628 4546 2799 4587 autem
2841 4549 2885 4589 et
2926 4540 2978 4590 in
3022 4540 3276 4608 Opinione.
3314 4540 3459 4606 Qua-

1888 4632 2093 4692 propter
2116 4640 2217 4692 quo
2238 4625 2517 4677 admodum
2545 4628 2721 4679 saltem
2747 4629 3043 4683 substantia:
3080 4632 3347 4699 proprium
3365 4643 3458 4695 est,

1884 4730 1943 4766 eo
1970 4720 2104 4780 quod
2133 4717 2409 4767 secundum
2432 4718 2765 4771 mutationem
2783 4737 2927 4773 suam
2950 4722 3215 4786 (optabilis
3242 4732 3317 4775 est
3333 4739 3458 4776 con-

1886 4807 2179 4867 trariorum,
2208 4806 2251 4858 si
2278 4808 2389 4871 quis
2415 4809 2627 4874 recipiat
2652 4811 2897 4877 placitum
2914 4823 2959 4865 et
2981 4815 3259 4867 orationem
3287 4831 3460 4867 susce-

1883 4898 2083 4968 ptibilia
2114 4915 2218 4951 esse
2247 4901 2639 4952 contrariorum.

1953 5006 2040 5059 Ait
2071 5003 2300 5058 maxime
2327 5007 2596 5073 proprium
2619 5023 2737 5061 esse
2762 5009 3246 5079 substantitc,quod
3272 5011 3459 5064 eadem

1880 5106 1934 5151 et
1984 5112 2083 5149 una
2132 5110 2352 5151 numero
2399 5101 2787 5152 contrariorum
2826 5096 3134 5171 ~suscepliva
3190 5104 3279 5167 sit,
3333 5103 3461 5156 nihil

1880 5190 2203 5243 contrarium
2248 5191 2616 5257 superioribus
2658 5193 2859 5247 dicens.
2919 5176 3029 5249 lllie
3068 5197 3212 5249 enim
3257 5197 3458 5248 dixerat

1880 5283 2206 5335 substantias
2235 5283 2542 5337 substantiis
2569 5300 2672 5337 non
2714 5300 2833 5339 esse.
2859 5289 3155 5340 contrarias
3175 5327 3189 5348 ,
3223 5287 3309 5339 hic
3337 5302 3460 5339 vero

1882 5372 2012 5426 dicit
2042 5389 2145 5426 non
2170 5372 2496 5427 substantias
2525 5374 2837 5430 subsmntiis
2863 5393 2984 5431 esse
3023 5377 3337 5438 contrarius,
3371 5379 3461 5429 sed

1884 5478 1969 5518 res
2006 5465 2058 5517 iu
2099 5478 2158 5517 se
2200 5465 2495 5535 contrarias
2525 5480 2683 5532 posse
2720 5468 3011 5534 suscipere,
3048 5477 3103 5519 ut
3143 5483 3276 5520 unus
3308 5478 3461 5533 atque

1887 5555 2024 5610 idem
2050 5554 2229 5617 homo,
2258 5570 2395 5607 nunc
2420 5557 2632 5623 quidem
2657 5557 2726 5609 sit
2746 5572 2925 5617 sanus,
2945 5560 3049 5610 alio
3077 5572 3202 5610 vero
3226 5568 3461 5624 tempore

1884 5646 1951 5699 sit
1981 5660 2142 5714 :rgcr,
2174 5645 2433 5713 :cgritudo
2475 5657 2652 5700 autem
2695 5658 2747 5699 ct
2787 5647 2986 5698 sanitas
3026 5649 3289 5702 contraria
3319 5665 3460 5704 sunt.

1887 5737 2026 5807 Ergo
2087 5736 2336 5806 quoniam
2382 5737 2708 5793 declaratum
2762 5746 2843 5790 cst
2894 5737 3247 5794 substantiam
3310 5758 3463 5812 posse
