4022 6328
496 247 509 321 Ῐ
567 288 669 343 tsa

1791 280 1898 335 ΛΝ.
1943 280 2148 337 MANL.
2189 278 2337 335 SEV'
2378 278 2604 333 BOETII

3731 280 3839 332 200

562 397 827 453 contraria
859 396 1151 466 susripere,
1178 394 1651 450 demonstrandum
1673 402 1755 447 est
1795 394 2143 461 queutadmo-
2177 401 2219 455 Α
2254 394 2365 462 ipsa
2396 395 2456 446 sit
2489 393 2824 462 susmptibitis
2854 392 3245 445 contrariorum.
3293 390 3604 461 Simpliciter
3641 394 3773 446 enim
3802 412 3837 446 α

562 492 687 544 dum
739 490 841 543 hoc
879 489 1007 542 solis
1037 487 1347 541 substantiis
1391 487 1516 541 insit
1545 501 1559 550 ;
1586 486 1685 539 hoc
1712 485 1851 537 enim
1882 485 1936 537 in
1978 485 2065 538 nul
2091 485 2135 538 is

558 580 678 635 aliis
711 581 994 642 invenitur,
1026 593 1249 647 namque
1281 578 1331 631 in
1360 578 1609 645 qualitate
1648 576 1872 642 qualitas
1902 590 2004 628 non
2036 577 2130 628 erit

558 673 769 734 eadem,
800 686 863 723 ne
888 687 969 736 ,ue
997 686 1097 722 una
1128 686 1349 723 numero
1391 668 1777 722 contrariorum
1806 668 2128 735 susceptiva,

558 764 700 816 idem
739 764 878 816 enim
920 773 973 815 et
1020 778 1181 815 unum
1215 775 1436 814 numero
1472 776 1575 812 non
1620 770 1720 812 ent
1758 758 1937 811 album
1976 770 2135 826 atque

556 854 788 921 nigrum,
817 868 935 904 cum
961 853 1137 904 album
1169 851 1329 904 fuerit
1359 858 1411 903 et
1433 859 1550 916 pu-l
1575 849 1628 902 in
1657 850 1863 917 nigrum
1889 847 2129 909 vertitur,

556 956 665 997 tota
700 946 971 1013 qualitatis
999 958 1106 1011 spei
1126 942 1203 995 ies
1234 951 1579 1009 permutatur.
1610 950 1662 993 et
1694 956 1798 994 non
1829 941 1930 994 erit
1970 957 2131 993 unum

552 1048 712 1107 atque
738 1038 874 1091 idem
904 1052 1124 1089 numero
1150 1033 1288 1103 quod
1315 1034 1642 1087 contrarium
1668 1044 1775 1097 est,
1818 1034 1909 1088 sed
1950 1035 2131 1088 diver-

552 1142 694 1181 sum.
718 1128 786 1179 At
808 1143 934 1178 vero
958 1136 1013 1180 et
1039 1125 1176 1177 actio
1201 1124 1386 1176 eadem
1419 1132 1472 1176 et
1501 1139 1600 1175 una
1633 1138 1857 1177 numero
1895 1140 1998 1177 non
2027 1126 2128 1178 erit

551 1218 689 1272 bona
721 1227 881 1285 atque
922 1217 1087 1279 mala,
1123 1215 1215 1268 sed
1248 1214 1475 1269 fortasse
1504 1230 1603 1266 una
1635 1216 1793 1277 bona,
1834 1215 1933 1269 alit
1966 1216 2125 1278 mala,

550 1311 623 1363 ita
655 1319 710 1363 ut
737 1311 959 1363 diversa:
989 1308 1114 1371 sint,
1156 1322 1261 1359 non
1302 1306 1502 1359 easdem
1545 1321 1793 1367 numero,
1827 1307 1926 1357 boc
1966 1306 2126 1361 etiam

552 1402 605 1456 in
634 1403 748 1455 aliis
775 1399 1060 1469 reperitur.
1087 1399 1201 1466 Ipsa
1231 1413 1360 1450 vero
1387 1397 1682 1451 subStan'ia
1712 1412 1833 1451 cum
1862 1413 1965 1451 una
1987 1400 2056 1450 sit
2078 1407 2131 1450 ct

551 1506 774 1544 numero
814 1489 1127 1558 singularis,
1156 1489 1419 1543 contraria
1451 1489 1691 1557 suscipit,
1723 1499 1779 1543 ut
1806 1489 1945 1544 idem
1976 1500 2134 1559 atque

549 1596 687 1634 unus
729 1580 889 1632 homo
928 1595 1047 1633 cum
1089 1579 1247 1632 fuerit
1279 1578 1541 1634 candidus
1567 1588 1728 1648 atque
1758 1580 1909 1634 albus
1952 1595 1978 1633 a
2018 1581 2133 1633 snle

548 1680 719 1725 tactus
746 1670 1021 1739 nigrescit,
1069 1680 1124 1725 et
1153 1672 1330 1724 album
1361 1671 1413 1723 in
1446 1672 1655 1739 nigrum
1687 1673 2038 1733 convertitur,
2081 1680 2131 1725 et

546 1762 598 1815 in
629 1762 953 1839 contra‘riutn
982 1771 1331 1831 permutatur,
1363 1772 1616 1829 utraSque
1642 1779 1725 1816 res
1752 1762 1803 1815 in
1833 1777 1892 1817 se
1914 1774 2130 1817 contra-

546 1854 656 1907 rias
686 1854 1005 1922 suscipiens.
1045 1854 1189 1907 Nulli
1231 1853 1392 1923 igitur
1416 1855 1503 1909 alii
1537 1856 1713 1910 inesse
1743 1856 1844 1909 boc
1875 1856 1976 1909 nisi
2007 1856 2133 1907 solis

545 1945 877 2009 substantiis,
892 1946 1023 2000 satis
1041 1947 1318 2014 superiora
1336 1948 1724 2001 demonstrant.
1743 1948 1800 2002 Si
1817 1950 1937 2017 quis
1955 1957 2131 2001 autem

544 2045 782 2104 opponat
811 2038 1108 2090 orationem
1146 2047 1207 2091 et
1246 2037 1550 2105 opinionem
1582 2054 1738 2089 unam
1783 2049 1942 2108 atque
1988 2055 2134 2092 eaut-

546 2130 667 2182 dcm
697 2131 1087 2181 contrariorum
1116 2143 1235 2182 esse
1261 2128 1681 2197 susceptibtlem,
1706 2129 1825 2183 ideo
1847 2131 1985 2198 quod
2010 2146 2129 2185 eum

544 2223 665 2274 dico
688 2221 875 2275 Cicero
899 2221 1082 2283 sedet,
1117 2221 1196 2274 vel
1230 2236 1351 2275 eum
1380 2220 1568 2275 sedete
1596 2222 1807 2288 npinor,
1854 2237 1975 2274 ettm
2008 2238 2133 2276 vere

545 2314 719 2375 sedet,
753 2328 873 2364 vrra
908 2322 988 2365 cst
1032 2322 1085 2364 ct
1123 2312 1292 2364 oratio
1329 2311 1401 2364 de
1439 2312 1624 2365 eodem
1664 2321 1719 2365 et
1756 2312 1938 2381 opinio
1984 2314 2127 2380 quod

545 2407 717 2466 sedt-t;
748 2421 865 2458 cum
891 2420 1018 2457 vero
1040 2404 1413 2468 surresiuille,
1438 2405 1623 2459 eadem
1649 2420 1919 2474 permanet
1951 2407 2131 2473 opinio

545 2502 625 2552 vel
648 2498 819 2551 oratio
850 2513 968 2567 qua:
989 2498 1118 2569 dicit
1151 2497 1236 2551 vel
1267 2497 1556 2550 arbitratur
1601 2497 1790 2552 Cicero
1822 2497 1999 2561 sedet,
2034 2499 2126 2552 Sed

545 2592 677 2645 falsa
707 2599 809 2657 est,
834 2591 973 2660 quod
1006 2605 1109 2644 non
1137 2590 1547 2645 sedetzvidetur
1572 2590 1753 2659 opinio
1775 2600 1935 2658 atque
1957 2600 2129 2643 oratio

545 2685 731 2737 eadem
760 2693 814 2737 et
841 2699 941 2736 una
968 2698 1191 2737 numero
1219 2698 1359 2736 nunc
1387 2682 1601 2752 quidem
1630 2698 1750 2737 esse
1790 2699 1915 2737 vera
1938 2724 1952 2747 ,
1988 2700 2129 2737 nunc

473 2779 501 2816 -’
543 2784 719 2827 autem
747 2773 898 2836 falsa,
928 2781 981 2827 et
1011 2773 1279 2827 contraria
1313 2773 1427 2843 ipsa
1456 2774 1749 2842 suscipere,
1779 2773 1872 2826 sed
1904 2774 2005 2826 hoc
2034 2773 2131 2825 fat-

544 2880 661 2919 sum
678 2876 779 2930 est,
796 2866 935 2935 quod
961 2866 1132 2919 oratio
1145 2878 1195 2920 et
1215 2867 1396 2935 opinio
1412 2866 1678 2919 contraria
1701 2882 1803 2918 non
1829 2855 2123 2934 recipiunt:

543 2973 664 3010 nam
693 2957 739 3010 si
766 2958 884 3025 quis
907 2958 1007 3010 hoc
1038 2957 1260 3025 recipiat
1281 2956 1420 3025 quod
1448 2958 1608 3010 etiam
1634 2960 1806 3011 oratio
1830 2967 1989 3026 atque
2014 2958 2131 3023 οιιὶ-

544 3049 633 3102 nio
662 3048 1054 3101 contrariorum
1093 3049 1397 3116 susceptiva
1423 3049 1551 3113 sint,
1586 3065 1691 3102 non
1723 3059 1900 3103 tamen
1931 3051 2119 3103 eodem

545 3138 706 3191 modo
739 3154 844 3205 quo
873 3138 1189 3192 substantia.
1222 3138 1352 3192 Nam
1384 3139 1675 3194 substantia
1717 3142 1828 3207 ipsa
1858 3142 2125 3195 contraria

543 3229 840 3297 suscipiens
887 3238 1249 3297 permutatttr,
1300 3230 1488 3285 Cicero
1537 3248 1765 3302 namque
1811 3234 1923 3302 ipse
1966 3235 2018 3288 in
2068 3252 2126 3290 se

544 3323 908 3390 aegritudinem
951 3322 1249 3390 suscipiens
1286 3339 1352 3377 ex
1396 3338 1528 3378 sano
1568 3324 1738 3379 facttts
1768 3337 1851 3379 est
1876 3341 2041 3395 ager,
2074 3338 2128 3381 et

542 3421 775 3467 mutatus
798 3414 910 3481 ipse
934 3414 1198 3467 contratia
1222 3414 1465 3483 suscipit;
1485 3429 1661 3468 sermo
1686 3432 1810 3469 vero
1839 3418 1919 3470 vel
1945 3418 2124 3485 opinio

541 3504 654 3573 ips.t
686 3504 898 3573 quidem
930 3505 1201 3558 itutnutata
1236 3515 1570 3573 permanent,
1601 3505 1692 3559 sed
1721 3522 1839 3560 eum
1872 3509 2032 3562 rebus
2055 3511 2122 3563 de

540 3595 735 3665 quibus
775 3597 1022 3649 dicuntur
1064 3597 1375 3665 permutatis
1426 3598 1555 3665 ipsae
1596 3595 1939 3651 inveniuntur
1970 3598 2121 3653 falsa:

539 3702 661 3742 esse
689 3688 772 3741 vel
804 3703 964 3742 verm.
993 3688 1057 3740 Et
1083 3688 1375 3741 subsmntia
1400 3688 1611 3757 quidem
1637 3690 1745 3755 ipsa
1773 3704 1890 3743 cum
1917 3690 1982 3743 iis
2002 3704 2121 3757 qua:

539 3794 602 3833 su
616 3778 761 3846 eripit
790 3760 1072 3831 contrariis
1102 3789 1458 3846 permutatur;
1488 3779 1661 3833 oratio
1692 3796 1817 3833 vero
1841 3792 1893 3834 et
1916 3781 2118 3849 opinio,

538 3886 603 3925 eo
631 3871 771 3938 quod
799 3885 884 3923 res
912 3872 979 3923 de
1007 3871 1199 3938 quibus
1228 3871 1477 3923 dicuntttr
1508 3873 1587 3924 vel
1616 3873 1945 3927 arbitrantur
2003 3890 2123 3943 per-

539 3971 829 4024 mutentur,
860 3963 989 4029 ipsa:
1016 3962 1263 4015 videntur
1300 3963 1447 4015 falsa:
1486 3978 1606 4016 esse
1652 3965 1734 4017 vel
1780 3980 1940 4019 verae.
1987 3966 2118 4020 Nam

539 4067 656 4106 cum
688 4052 807 4105 dico
830 4052 1017 4106 Cicero
1044 4053 1213 4117 sedet,
1239 4054 1282 4106 si
1308 4054 1395 4106 ille
1420 4054 1679 4121 surrexit,
1708 4058 1877 4110 oratio
1907 4058 2119 4127 quidem

539 4144 650 4212 ipsa
694 4145 821 4199 nihil
856 4159 1010 4211 passa
1039 4155 1142 4208 εει,
1168 4146 1260 4198 sed
1292 4160 1379 4199 res
1420 4145 1486 4198 de
1512 4162 1614 4211 qua
1651 4147 1747 4201 fuit
1778 4149 1889 4217 ipsa
1945 4153 2117 4205 oratio

538 4248 679 4290 mota
706 4248 807 4292 est.
838 4238 938 4303 Qui
963 4239 1105 4292 enim
1133 4239 1355 4293 sedebat
1381 4241 1638 4308 surrexit,
1667 4242 1867 4297 idtirco
1899 4261 1964 4298 ex
1994 4261 2116 4299 vera

536 4330 776 4385 oratione
804 4329 939 4383 facta
966 4340 1050 4384 est
1076 4330 1225 4384 falsa.
1252 4332 1512 4396 Quocirca
1537 4333 1830 4387 substantia
1857 4336 1977 4402 ipsa
1999 4351 2119 4389 sus.

2245 484 2388 537 nullo
2428 500 2517 536 nec
2549 484 2715 536 oratio
2756 493 3002 547 moretur,
3029 498 3118 535 nec
3148 483 3344 553 opinio.
3376 484 3702 551 Quapropter
3730 500 3835 536 non

2243 585 2390 627 erunt
2419 575 2761 642 sttsceptibilia
2786 574 3176 636 contrariorum,
3208 580 3324 626 cu'm
3356 574 3499 624 nulla
3530 574 3580 625 in
3610 574 3682 625 eis
3710 590 3834 625 ron—

2244 667 2515 719 trariorum
2552 666 2720 734 passio
2753 670 2893 736 facta
2931 668 3016 718 sit.
3061 666 3123 718 At
3161 666 3446 718 substantia
3474 681 3530 716 eo
3557 666 3691 732 quod
3718 669 3831 734 ipsa

2243 759 2502 812 contraria
2528 758 2756 825 recipiat,
2772 758 2867 810 Itoc
2882 756 3221 824 susceptibiiis
3243 757 3428 807 dicitur
3449 756 3829 808 contrariorum

2241 866 2366 903 esse.
2399 850 2720 918 Languorrm
2760 850 2891 901 enim
2922 860 2967 903 et
2996 852 3262 902 sanitatem
3288 849 3521 916 suscipit,
3550 847 3827 907 candorem

2239 954 2283 997 et
2304 944 2636 1013 nigredinem,
2662 953 2707 996 et
2732 943 3125 1011 unumquodque
3146 942 3323 995 talium
3348 942 3459 1008 ipsa
3479 940 3821 1009 suscipiendo.

2238 1034 2611 1087 contrariorum
2634 1049 2738 1085 esse
2759 1032 3099 1101 susceptibilis
3126 1032 3333 1085 dicitur.
3364 1032 3532 1096 Quart:
3559 1033 3825 1099 praprium

2235 1125 2331 1178 erit
2356 1124 2667 1190 substantim,
2699 1140 2812 1175 cum
2840 1125 2974 1175 idem
3005 1133 3050 1175 et
3080 1140 3234 1174 unum
3264 1124 3329 1176 sit
3356 1139 3587 1188 numero,
3611 1132 3824 1173 contra.

2235 1215 2427 1268 riorum
2450 1231 2560 1267 esse
2586 1214 2953 1279 susceptibilem
2977 1231 3092 1266 cum
3124 1216 3498 1282 permutatione
3526 1230 3606 1266 sui
3638 1214 3800 1280 ipsius

2237 1304 2309 1356 Ac
2335 1305 2397 1357 de
2421 1306 2701 1358 substantia
2726 1306 2934 1374 quidem
2963 1307 3097 1358 dicta
3120 1305 3391 1374 sufﬁt-iant.

2296 1382 2396 1451 iAit
2423 1399 2565 1451 enim
2607 1398 2902 1451 orationem
2935 1408 3093 1466 atque
3126 1398 3431 1465 opinionem
3463 1396 3574 1462 ipsa
3604 1396 3822 1465 quidem

2236 1490 2489 1542 contrarii
2519 1488 2717 1542 nullius
2738 1503 2857 1542 esse
2878 1488 3274 1556 susceptibilia,
3300 1504 3472 1557 neque
3500 1488 3642 1540 enim
3672 1487 3822 1540 falsi-

2240 1590 2319 1633 tas
2352 1580 2659 1648 veritasque
2682 1579 2735 1633 in
2763 1581 3005 1634 oratione
3025 1580 3111 1633 vel
3139 1580 3389 1649 opinione
3412 1579 3567 1633 insita
3596 1580 3698 1644 est,
3727 1581 3823 1633 sed

2239 1672 2442 1726 idcirco
2464 1672 2710 1725 videntur
2726 1674 3117 1726 contrariorum
3140 1687 3261 1726 esse
3280 1673 3663 1741 susceptibi'ia,
3680 1674 3823 1741 quod

2241 1764 2320 1831 (ut
2350 1764 2464 1831 ipse
2492 1765 2592 1831 ait)
2623 1766 2763 1819 circa
2793 1766 3015 1819 alteram
3047 1766 3329 1833 quamdam
3364 1766 3664 1833 passionem
3691 1766 3823 1828 sint,

2241 1856 2341 1909 hoc
2366 1864 2447 1909 est
2474 1855 2613 1908 circa
2642 1856 2741 1909 hoc
2768 1871 2887 1909 esse
2912 1857 3217 1924 opinionem
3244 1856 3323 1910 vel
3354 1856 3824 1910 orationetn.Nam

2236 1948 2373 2000 circa
2414 1948 2605 2001 sedere
2643 1956 2696 2001 et
2724 1961 2827 2000 non
2869 1948 3079 2011 sedere,
3103 1964 3220 2015 qua:
3260 1956 3384 2001 sunt
3415 1947 3701 2007 contraria,
3740 1957 3828 2001 est

2238 2036 2458 2090 sedendi
2498 2037 2726 2104 aliquem
2772 2048 2826 2091 et
2868 2053 2971 2090 non
3016 2037 3238 2091 sedendi
3282 2038 3464 2107 opinio
3491 2039 3578 2091 'vel
3625 2041 3825 2099 oratio,

2238 2140 2397 2201 atque
2435 2132 2557 2185 ideo
2597 2131 2847 2199 quoniam
2888 2132 3030 2186 circa
3070 2132 3201 2184 alias
3243 2147 3327 2186 res
3391 2141 3515 2186 sunt
3561 2146 3679 2199 qua:
3719 2132 3826 2184 sibi

2238 2233 2362 2275 sunt
2392 2205 2697 2288 conuariat,
2737 2222 2843 2276 illis
2884 2223 3217 2291 permutatis,
3265 2225 3367 2276 ista
3414 2223 3657 2277 videntur
3703 2238 3828 2277 esse

2237 2322 2528 2377 t-otttrarla,
2577 2330 2682 2366 non
2726 2314 2863 2381 quod
2911 2315 3024 2382 ipsa
3071 2314 3364 2383 suscipiant
3407 2316 3694 2379 contraria,
3727 2316 3825 2368 sed

2234 2404 2376 2472 quod
2426 2405 2568 2458 circa
2612 2405 2908 2459 contrarias
2960 2408 3237 2474 passiones
3282 2422 3460 2461 rerum
3511 2408 3637 2460 sint.
3688 2408 3823 2461 Nam

2237 2512 2406 2566 neque
2435 2497 2605 2551 oratio
2629 2511 2799 2565 neque
2823 2498 3006 2561 opinio
3039 2507 3389 2566 permittatur,
3422 2499 3517 2553 sed
3549 2500 3660 2553 sola
3695 2510 3815 2552 tan-

2236 2598 2346 2641 tum
2367 2585 2435 2641 de
2456 2588 2648 2656 quibus
2678 2599 2761 2642 est
2787 2588 2956 2642 ora'io
2982 2598 3141 2658 atque
3184 2589 3385 2658 opinio.
3417 2590 3469 2643 id
3510 2599 3593 2644 est
3631 2591 3826 2644 sedere

2234 2689 2289 2734 et
2321 2696 2423 2734 non
2455 2681 2665 2736 sedere.
2696 2682 2959 2748 Quocirca
2986 2684 3237 2752 quoniam
3270 2685 3467 2738 nullam
3499 2687 3612 2753 ipsa
3643 2687 3825 2740 oratio

2237 2777 2320 2830 vel
2347 2776 2530 2844 opinio
2554 2777 2850 2844 suscipiunt
2878 2778 3204 2846 passionem,
3229 2795 3326 2834 nec
3347 2780 3634 2851 quidquam
3658 2782 3711 2835 in
3743 2786 3825 2837 eis

2236 2867 2314 2931 lit,
2365 2877 2524 2935 atque
2556 2868 2737 2921 evenit
2761 2872 3114 2934 contrarium,
3135 2875 3532 2928 contrariorum
3562 2891 3685 2931 esse
3724 2892 3819 2930 sn-

2234 2957 2533 3025 sceptibilia
2567 2974 2672 3011 non
2703 2959 2971 3016 videntur.
3021 2965 3090 3016 At
3119 2965 3412 3019 substantia
3442 2981 3505 3020 eo
3535 2973 3677 3036 quod
3705 2970 3823 3037 ipsa

2231 3049 2485 3118 suscipiat
2504 3054 2854 3118 contrarium,
2869 3055 3259 3110 contrariorum
3282 3058 3477 3113 dicitur
3491 3075 3612 3116 esse
3636 3077 3822 3117 susce-

2239 3144 2456 3211 ptibilis.
2497 3145 2685 3201 Cicero
2716 3148 2857 3202 enim
2888 3150 3184 3218 suscipiens
3213 3153 3497 3207 sanitatem
3540 3168 3704 3209 sanus
3739 3159 3772 3210 li
3803 3196 3820 3217 .

2237 3248 2289 3291 et
2312 3240 2611 3308 suscipiens
2632 3242 2998 3311 tegtitudinem
3026 3245 3085 3298 tit
3108 3261 3272 3314 :cger.
3298 3248 3483 3302 Uratio
3511 3264 3640 3303 vero
3661 3263 3822 3319 atque

2234 3330 2417 3397 opinio
2438 3336 2523 3398 (ut
2548 3332 2750 3387 dictum
2773 3334 2877 3407 est)
2897 3341 3163 3391 contraria
3191 3354 3293 3392 non
3318 3340 3822 3409 suscipiuntQuare

2232 3424 2335 3475 erit
2365 3424 2465 3477 boc
2505 3416 2773 3494 proprium
2802 3428 3111 3482 substantia:
3139 3433 3533 3486 contrariorum
3577 3449 3701 3489 esse
3730 3451 3820 3488 su-

2231 3516 2590 3583 sct-ptibilem.
2626 3517 2729 3571 Sed
2759 3519 2803 3571 si
2833 3520 2953 3586 quis
2985 3519 3204 3574 forsitan
3229 3522 3373 3578 dicat
3399 3502 3496 3578 cur
3523 3541 3643 3578 cum
3678 3528 3816 3595 ignis

2227 3607 2429 3661 calidus
2479 3608 2548 3661 sit
2576 3625 2843 3679 nunquam
2872 3612 3034 3680 frigus
3055 3615 3394 3681 suscipiat,et
3414 3633 3508 3670 cur
3528 3634 3646 3670 t-um
3670 3634 3809 3688 aqua

2226 3699 2296 3752 sit
2345 3700 2561 3753 butnida
2604 3718 2871 3771 nunquam
2898 3704 3149 3774 suscipiat
3181 3707 3497 3761 siccitatem.
3546 3709 3639 3762 llus
3668 3711 3811 3764 enim

2227 3791 2506 3858 oppositis,
2537 3792 2745 3846 videtur
2767 3809 2869 3847 nou
2894 3796 3067 3850 ontuis
3094 3798 3387 3852 substantia
3415 3801 3809 3854 contrariorum

2231 3902 2351 3941 esse
2375 3888 2766 3956 susceptibilts,
2806 3899 2860 3945 et
2885 3891 3196 3946 Substantize
3228 3895 3328 3948 llOC
3358 3896 3629 3961 proprium
3664 3896 3811 3950 inﬁr-

2232 3978 2482 4043 tnabitur,
2511 3994 2630 4032 cum
2663 3995 2767 4033 non
2799 3983 2869 4035 sit
2896 3982 2947 4035 in
2979 3985 3226 4039 omnibus
3249 3986 3701 4041 substantiis.Sed
3726 3990 3809 4041 di-

2230 4070 2455 4124 eendunt
2493 4083 2574 4124 est
2601 4077 2850 4138 quoniam
2891 4092 2949 4129 ea
2990 4080 3255 4131 contraria
3295 4081 3574 4147 suscipere
3619 4082 3807 4137 \ideu-

2229 4168 2316 4210 lntr
2368 4162 2680 4216 substantite
2723 4179 2841 4232 quin
2886 4176 3010 4219 sunt
3040 4168 3091 4220 itt
3123 4169 3244 4235 ejus
3273 4182 3455 4223 natura
3486 4189 3591 4225 non
3623 4173 3804 4240 insita,

2227 4251 2274 4302 al
2299 4254 2420 4319 oqtti
2442 4268 2546 4306 non
2570 4256 2791 4321 suscipit
2816 4257 3067 4326 quidquid
3095 4260 3164 4313 illi
3187 4262 3613 4317 substantialiter
3631 4266 3805 4320 adest.

2224 4342 2508 4411 Suscipere
2537 4347 2675 4400 enim
2701 4348 2927 4403 dicimus
2953 4350 3153 4416 aliquid
3181 4352 3247 4406 de
3279 4353 3438 4408 rebus
3465 4357 3807 4413 estrinsccus

535 4421 640 4489 cipi
664 4438 739 4476 ns
794 4422 874 4493 (ut
896 4420 1097 4475 dictum
1129 4425 1234 4491 est)
1266 4425 1535 4477 contraria
1564 4435 1916 4492 permutatur,
1943 4428 2117 4480 oratio

2232 4436 2413 4502 positis
2434 4447 2484 4490 et
2503 4453 2695 4505 prayer
2716 4440 3066 4495 substantiam
3087 4447 3388 4500 constitutis
3408 4466 3419 4499 :
3438 4451 3690 4517 quoniam
3712 4452 3808 4521 igi-

535 4531 661 4568 vt-ro
693 4515 771 4569 vel
799 4514 980 4582 opinio
1020 4528 1123 4567 non
1169 4524 1422 4577 mutatur.
1461 4516 1553 4569 sed
1581 4532 1641 4570 re
1679 4520 1819 4571 circa
1853 4533 1946 4571 eas
1976 4533 2115 4571 ιιιοή

534 4607 662 4674 ipsa:
692 4623 830 4661 vera:
861 4608 940 4660 vel
968 4607 1116 4659 falsa:
1141 4618 1282 4661 sunt.
1307 4613 1481 4673 Quare
1510 4613 1780 4677 proprium
1806 4612 2117 4665 substantia:

533 4707 601 4751 tta
629 4712 750 4752 esse
783 4698 1052 4764 potabitur
1080 4699 1469 4752 contrariorum
1499 4702 1881 4767 susceptiltile,
1912 4709 1971 4753 ut
2002 4702 2116 4768 ipsa

532 4797 827 4855 permutata
875 4789 1141 4841 contraria
1183 4790 1472 4857 SttSt-ipiat,
1509 4807 1611 4844 nou
1658 4802 1739 4855 ut,
1782 4807 1840 4845 re
1874 4803 2109 4855 tnutata,

527 4880 644 4947 ipsa
685 4879 1056 4944 itnpernuttata
1094 4882 1545 4951 imtuutabilisque
1576 4893 1901 4951 permaneat.
1936 4884 2111 4951 Atque

530 4973 629 5023 but:
670 4971 868 5024 dictum
902 4976 1004 5035 est,
1048 4973 1089 5024 si
1130 4974 1248 5042 quis
1279 4976 1576 5028 orationem
1612 4984 1771 5043 atque
1800 4976 2107 5039 opinionem

450 5118 457 5129 ,
526 5062 917 5115 contrariorum
966 5065 1340 5130 susceptibiles
1389 5077 1558 5134 putet,
1609 5084 1712 5119 non
1763 5078 1940 5121 autem
1991 5083 2110 5122 esse

524 5154 828 5208 t‘ralinttetn
873 5167 1030 5223 :ttqltc
1068 5158 1374 5223 Opinionem
1416 5166 1809 5215 contrar'orum
1852 5164 2109 5231 susceptb

526 5240 681 5297 bii-rs.
718 5245 835 5317 Ipse
863 5263 953 5299 rttr
988 5267 1045 5299 ns
1073 5249 1287 5317 adjecit.

599 5343 719 5397 Non
743 5356 812 5399 est
838 5348 1013 5398 autent
1049 5350 1141 5400 hoc
1172 5366 1364 5413 verum,
1400 5352 1562 5402 oratio
1593 5368 1809 5421 namque
1841 5363 1884 5406 et
1941 5355 2113 5421 opinio

526 5450 626 5487 non
672 5437 725 5487 in
766 5454 821 5489 eo
859 5440 993 5503 quod
1036 5440 1143 5506 ipsa
1180 5442 1377 5505 aliquid
1422 5442 1669 5520 recipiant
1730 5446 2108 5499 contrariorum

524 5530 866 5596 susceptiltilitt
896 5547 1001 5583 esse
1022 5533 1282 5595 dicuntur,
1306 5534 1394 5586 sed
1418 5534 1469 5585 in
1498 5552 1558 5586 ro
1577 5540 1712 5604 quod
1738 5538 1871 5589 circa
1894 5540 2109 5593 alterunt

525 5616 695 5684 aliqua
721 5620 891 5688 passio
923 5625 1059 5688 facta
1086 5622 1182 5685 sit;
1215 5639 1331 5674 nam
1364 5641 1461 5692 quo
1489 5641 1568 5678 res
1597 5634 1671 5677 est
1704 5627 1777 5678 vel
1801 5644 1899 5679 non
1932 5638 2025 5691 est,
2049 5647 2106 5684 eo

524 5708 676 5760 ctiam
716 5710 875 5763 oratio
914 5725 1029 5763 vcra
1069 5720 1156 5763 aut
1196 5714 1328 5782 [uisa
1367 5730 1472 5768 esse
1509 5698 1715 5785 dicitur,
1752 5735 1849 5771 non
1878 5734 1937 5773 eo
1967 5737 2033 5790 qu
2058 5724 2106 5774 ,ιι

2226 4533 2309 4578 tur
2336 4526 2386 4579 itt
2417 4527 2711 4581 substantia
2742 4530 2878 4598 ignis
2903 4531 3040 4586 inest
3061 4535 3295 4590 calidum
3327 4554 3470 4599 esse.
3496 4540 3634 4609 ignis
3665 4546 3809 4595 calo-

2225 4629 2350 4683 rem.
2386 4632 2492 4670 non
2535 4620 2794 4687 suscipit;
2829 4624 3077 4691 quocirca
3110 4642 3281 4689 neque
3324 4639 3407 4683 est
3434 4631 3570 4699 ignis
3609 4634 3806 4688 caloris

2222 4710 2599 4777 susceplibilis,
2647 4728 2821 4783 neque
2868 4714 3103 4784 frigoris.
3146 4717 3390 4773 Calorem
3433 4724 3648 4790 quidem
3699 4741 3806 4779 non

2220 4801 2462 4867 suscipit.
2494 4801 2691 4856 ideirco
2717 4804 2857 4873 quod
2887 4807 3004 4871 ejus
3026 4819 3226 4862 natura:
3257 4811 3678 4883 substantiarque
3701 4816 3806 4870 im-

2223 4892 2545 4945 uttttabiliter
2565 4894 2809 4952 adlttcsit.
2842 4897 3025 4967 Frigus
3066 4905 3209 4955 enim
3246 4918 3349 4957 non
3379 4906 3627 4973 suscipit,
3664 4924 3805 4977 quo-

2221 4982 2361 5035 niam
2402 4984 2598 5038 caloris
2634 4996 2821 5041 natura
2869 4990 3034 5056 ipsius
3077 4994 3212 5061 ignis
3254 4997 3581 5052 contrarium
3612 5012 3809 5067 sponte

2222 5074 2482 5139 repudiat.
2525 5078 2783 5142 Quocirca
2813 5082 2857 5135 si
2890 5085 3014 5148 quid
3046 5097 3130 5140 est
3166 5089 3308 5158 quod
3350 5092 3604 5159 suscipiat
3647 5095 3805 5161 ignis,

2218 5165 2268 5217 id
2295 5177 2373 5217 est
2403 5169 2743 5223 extrinsecus
2776 5175 3027 5240 positum,
3069 5180 3298 5246 accipiat
3323 5196 3545 5236 necesse
3574 5195 3661 5238 est
3689 5187 3808 5252 ejus

2218 5275 2429 5330 quoque
2472 5264 2822 5328 Contrarium,
2868 5268 2983 5338 ipse
3015 5286 3151 5325 unus
3184 5288 3501 5339 permanens
3524 5292 3587 5329 ac
3616 5279 3808 5346 singu-

2223 5355 2369 5409 laris.
2404 5353 2542 5407 ldem
2576 5372 2786 5425 quoque
2811 5358 2878 5413 de
2904 5375 3038 5430 aqua
3062 5362 3360 5417 dicentlun?
3378 5376 3458 5417 est
3492 5383 3504 5418 :
3538 5368 3628 5419 illa
3659 5384 3726 5421 en
3755 5386 3808 5421 tn

2217 5446 2355 5499 sicut
2398 5445 2534 5513 ignis
2582 5449 2837 5511 calorem,
2869 5452 2947 5504 sic
2994 5468 3098 5506 non
3150 5455 3373 5523 suscipit
3408 5455 3805 5519 humiditatem,

2218 5537 2309 5589 sed
2347 5546 2428 5591 est
2467 5539 2867 5606 quodammodo
2912 5553 2967 5597 et
3011 5545 3107 5611 ipsi
3154 5546 3439 5601 butnitlitas
3489 5552 3808 5605 naturalitrr

2215 5632 2411 5694 insita;
2455 5645 2612 5702 atque
2660 5634 2780 5689 ideo
2821 5638 2968 5691 Calor
3000 5641 3154 5708 ignis,
3188 5644 3270 5697 vel
3316 5643 3607 5701 humiditas
3649 5664 3806 5718 aqua

2218 5741 2320 5779 non
2362 5727 2533 5781 solum
2574 5728 2857 5797 qualitates
2899 5730 3171 5804 dicun'ur,
3204 5738 3295 5792 sed
3339 5740 3500 5794 etiam
3545 5743 3803 5799 SztbSiIll-
