4030 6336
277 375 368 431 201
1267 382 1331 436 ΙΝ
1369 381 1801 440 CATEGORIAS

1939 383 2287 442 ISTOTELIS
2325 386 2450 442 LIB.
2500 375 2560 441 ΙΙ.

3447 397 3551 451 202

276 489 430 585 tiales
459 487 568 559 igni
597 497 652 545 et
677 503 832 585 aqua
855 489 1165 561 qualitates;
1197 507 1426 564 namque
1449 512 1583 566 aqua
1611 499 1943 570 quoniamA
1966 499 2034 556 de
2057 499 2299 569 pluribus
2327 503 2704 572 pradicentur,
2719 502 2892 560 altero
2915 505 3057 575 quod
3078 507 3544 585 substantiasiut,

276 578 328 633 in
377 594 437 634 se
481 596 656 651 neque
700 581 868 652 frigus
928 599 1104 655 neque
1151 587 1386 643 calorem
1444 589 1860 650 substantialiter

276 670 459 740 habet,
485 673 848 745 susceptibilis
876 685 930 731 et
957 676 1172 748 frigoris
1198 688 1254 736 et
1272 680 1467 736 caloris
1498 697 1618 739 esse
1639 684 1856 742 dicitur.

274 765 537 831 Quocirca
560 783 666 823 non
688 768 756 824 de
785 768 869 824 his
887 772 1176 827 contrariis
1200 772 1434 844 loquitur
1463 791 1579 846 qua
1613 779 1863 836 substan-

274 855 474 912 tialiter
503 857 706 926 insunt,
733 868 828 916 sed
854 860 921 917 de
955 862 1039 918 his
1065 879 1187 934 qua
1215 875 1391 936 potest
1414 871 1691 939 suscipere
1719 888 1855 928 una-

274 965 500 1022 quaque
544 952 861 1020 substantia,
893 953 945 1007 id
986 967 1068 1010 eSt
1111 957 1253 1027 quod
1304 969 1478 1028 potest
1519 963 1858 1020 extrinsecus

275 1040 518 1098 adhiberi
542 1061 555 1096 :
581 1043 685 1099 hoc
711 1055 888 1100 autem
919 1047 972 1100 in
997 1048 1246 1104 omnibus
1266 1065 1384 1106 esse
1409 1052 1723 1110 substantiis
1746 1072 1858 1112 ma-

275 1134 528 1190 nifestum
571 1145 654 1192 est
686 1154 698 1189 :
733 1152 855 1191 nam
896 1138 1380 1207 quoniatnCicero
1420 1158 1580 1200 sanus
1621 1158 1676 1201 et
1710 1162 1854 1216 ager

270 1236 378 1292 est,
397 1225 557 1282 homo
573 1243 735 1284 sanus
757 1237 810 1283 et
831 1245 974 1299 ager
996 1240 1109 1295 est;
1129 1239 1184 1285 ct
1203 1232 1247 1286 si
1272 1234 1430 1291 homo
1452 1251 1615 1293 sanus
1635 1248 1686 1294 et
1711 1254 1853 1310 ager

270 1328 376 1387 est,
399 1319 595 1388 anjmal
626 1337 813 1377 sanum
839 1330 998 1391 atque
1024 1331 1281 1393 aegrotum
1309 1336 1411 1381 est.
1444 1327 1550 1383 Sed
1574 1345 1694 1384 cum
1723 1330 1854 1386 duo-

270 1410 372 1466 bus
398 1411 574 1467 modis
603 1412 800 1468 animal
826 1419 988 1483 atque
1022 1413 1184 1470 homo
1214 1427 1544 1488 spectentur,
1575 1437 1682 1477 uno
1713 1424 1850 1493 quod

1963 593 2018 648 in
2058 607 2124 649 eo
2161 594 2300 666 quod
2365 595 2434 650 de
2473 595 2712 664 pluribus
2756 596 3117 666 pradicantur
3152 603 3549 658 contrariorum

1961 675 2268 755 susceptiva
2304 701 2411 740 non
2448 696 2574 741 sunt
2606 706 2618 740 :
2649 697 2707 742 ut
2734 689 2935 746 animal
2964 690 3019 747 in
3049 707 3115 748 eo
3139 693 3283 764 quod
3320 694 3389 751 de
3419 712 3546 766 spe-

1964 775 2148 830 ciebus
2175 775 2394 843 dicitur,
2424 792 2599 847 neque
2618 780 2835 849 sapiens
2857 791 2960 849 est,
2990 798 3163 854 neque
3186 784 3468 856 insipiens,
3492 797 3550 844 et

1964 864 2124 922 homo
2163 867 2216 922 in
2249 883 2315 924 eo
2344 870 2484 938 quod
2514 868 2582 924 de
2610 869 2898 930 individuis
2925 874 3139 944 dicitur,
3174 893 3350 949 neque
3379 894 3546 935 sanus

1943 967 2063 1026 est,
2097 976 2276 1032 neque,
2298 977 2478 1032 ager;
2507 962 2558 1018 in
2581 979 2647 1019 eo
2675 981 2809 1022 vero
2831 968 2974 1038 quod
2993 970 3309 1028 substantia
3330 983 3548 1040 suntm;

1959 1053 2102 1125 quod
2153 1053 2440 1109 individuis
2481 1055 2795 1114 substantiis
2841 1071 3099 1129 prasunt,
3149 1065 3545 1121 contrariorum
3634 1076 3638 1081 ‘

1959 1144 2334 1215 susceptibiles
2363 1157 2506 1201 sunt.
2540 1148 2800 1214 Quocirca
2827 1151 2931 1206 erit
2955 1151 3056 1224 hpc
3081 1154 3250 1210 solius
3271 1158 3544 1227 proprium

1956 1237 2306 1304 substantia,
2357 1243 2754 1296 contrariorum
2800 1258 2920 1300 esse
2957 1248 3380 1317 susceptihilem.
3418 1249 3546 1305 Hac

1955 1331 2024 1386 de
2043 1331 2338 1388 substantia
2359 1332 2504 1388 dicta
2533 1334 2820 1392 sufﬁciant.
2844 1338 3077 1396 Secundi
3105 1357 3230 1398 vero
3258 1344 3543 1401 voluminis

1955 1427 2123 1482 series
2153 1427 2219 1483 ab
2247 1429 2584 1497 expositione
2614 1431 2954 1489 inchoabitur
2982 1438 3326 1508 quantitatis.[

1326 1688 1703 1793 LIBER
1785 1694 2495 1805 SECUNDUS.

340 2023 405 2081 Et
446 2023 491 2082 si
539 2035 636 2079 nos
677 2022 816 2078 cura
854 2021 1018 2078 ofﬁcii
1040 2018 1362 2095 Iconsularis
1397 2025 1695 2101 impediunt
1737 2038 1846 2097 quo
1874 2023 1922 2084 Β
1951 2025 2291 2110 qualitatem,
2318 2028 2432 2100 ipsa
2457 2033 2597 2090 enim
2626 2038 2846 2096 materia
2868 2041 2970 2097 sub
2992 2045 3302 2109 quantitatis
3325 2049 3536 2118 quidem

261 2117 437 2174 minus
462 2116 515 2172 in
540 2116 623 2171 his
653 2115 844 2171 studiis
874 2130 1033 2170 omne
1079 2116 1245 2171 otium
1277 2118 1598 2192 plenamque
1627 2136 1848 2193 operam

261 2208 650 2273 consumimus,
677 2208 949 2278 pertinere
971 2215 1152 2264 tamen
1175 2209 1383 2266 videtur
1407 2212 1510 2270 hoc
1532 2215 1596 2269 ad
1617 2215 1848 2285 aliquam

259 2301 572 2372 reipublicae
595 2316 804 2367 curam,
837 2300 1167 2358 elucubrata
1204 2303 1282 2358 rei
1313 2305 1559 2361 doctrina
1589 2307 1735 2364 cives
1762 2307 1848 2362 in-

259 2403 490 2449 struere.
527 2392 636 2448 Nec
667 2393 807 2448 male
849 2393 917 2450 de
955 2393 1160 2450 civibus
1197 2395 1334 2452 meis
1369 2413 1600 2468 merear,
1642 2400 1685 2455 si
1726 2417 1847 2456 cum

261 2486 439 2556 prisca
480 2485 756 2552 hominum
799 2485 969 2541 virtus
1008 2485 1225 2542 urbium
1261 2499 1581 2545 caterarum
1612 2490 1678 2545 ad
1709 2491 1848 2546 hanc

257 2593 420 2633 unam
465 2576 892 2648 rempublicam,
936 2576 1396 2647 dominationem,
1453 2583 1846 2654 imperiumque

256 2670 618 2737 transtulerit,
642 2686 743 2741 ego
764 2671 816 2726 id
839 2671 1028 2727 saltem
1054 2672 1197 2743 quod
1227 2673 1492 2744 reliquum
1525 2676 1845 2743 est,Graca

255 2762 535 2833 sapientiae
576 2762 783 2818 artibus
812 2777 992 2819 mores
1021 2773 1221 2820 nostra:
1251 2764 1484 2823 civitatis
1513 2767 1842 2826 instruxero.

254 2855 432 2923 Quare
466 2871 533 2911 ne
573 2855 674 2911 hoc
703 2855 918 2927 quidem
960 2856 1136 2927 ipsum
1174 2859 1410 2914 consulis
1445 2869 1600 2916 vacat
1640 2861 1839 2929 ofﬁcio,

254 2967 379 3007 cum
417 2951 642 3006 Romani
688 2966 900 3021 semper
937 2950 1101 3007 fuerit
1140 2953 1308 3008 moris
1357 2953 1500 3023 quod
1546 2954 1843 3025 ubicunque

254 3043 494 3114 gentium
523 3044 801 3114 pulchrum
831 3052 976 3100 esset
1003 3053 1164 3116 atque
1194 3043 1482 3112 laudabile,
1510 3045 1559 3100 id
1585 3046 1754 3118 magis
1780 3061 1842 3103 ac

253 3137 428 3208 magis
456 3138 749 3194 imitatione
781 3137 1086 3194 honestare.
1111 3135 1409 3208 Aggrediar
1440 3139 1601 3209 igitur
1626 3148 1680 3196 et
1709 3154 1838 3210 pro-

253 3229 418 3300 positi
450 3231 770 3288 sententiam
802 3232 981 3301 operis
1007 3231 1360 3301 ordinemque
1391 3242 1693 3288 contexam.

756 3344 843 3399 DE
882 3343 1343 3411 QUANTITATE.

1957 2116 2275 2187 principium
2307 2122 2471 2189 cadit,
2502 2127 2643 2195 quod
2673 2145 2778 2184 una
2803 2140 2902 2196 est,
2937 2134 3036 2188 sub
3066 2116 3377 2204 qualitatem
3408 2159 3542 2200 vero

1954 2208 2202 2275 minime;
2247 2210 2360 2281 ipsa
2391 2213 2535 2270 enim
2566 2221 2776 2275 cunctis
2816 2232 2899 2276 est
2940 2222 3154 2279 interim
3198 2229 3543 2294 qualitatibus

1951 2300 2216 2368 absoluta,
2263 2308 2605 2376 superaddita
2647 2326 2778 2367 vero
2822 2312 2992 2368 forma
3034 2316 3259 2384 quadam
3304 2320 3542 2378 afﬁcitur

1949 2394 2204 2463 qualitate
2230 2415 2240 2449 :
2273 2413 2370 2467 per
2396 2413 2457 2456 se
2478 2411 2656 2458 autem
2676 2419 2898 2461 numero
2915 2406 3129 2475 quidem
3155 2424 3257 2463 una
3280 2420 3384 2478 est,
3407 2429 3540 2482 qua-

1949 2488 2096 2545 litate
2129 2506 2256 2547 vero
2284 2493 2464 2560 nulla;
2494 2497 2747 2564 quocirca
2776 2496 2823 2552 si
2859 2513 2948 2554 res
2978 2498 3152 2553 omnis
3183 2502 3343 2556 simul
3375 2511 3541 2574 atque

1947 2593 2031 2638 est
2068 2584 2210 2639 cadit
2249 2585 2302 2640 in
2345 2599 2650 2657 numerum,
2691 2604 2800 2644 non
2849 2599 3025 2646 autem
3067 2594 3242 2650 omnis
3283 2611 3371 2650 res
3412 2613 3538 2652 mox

1950 2689 2007 2734 ut
2047 2690 2130 2736 est
2184 2683 2364 2736 statim
2417 2683 2642 2753 suscipit
2692 2685 3029 2754 qualitatem,
3081 2696 3226 2744 recte
3274 2691 3421 2758 prius
3467 2688 3540 2745 da

1946 2771 2244 2842 quantitate
2273 2775 2567 2843 proposuit.
2597 2775 2693 2830 ESt
2713 2791 2925 2847 quoque
2955 2778 3058 2832 alia
3087 2793 3244 2836 causa
3271 2796 3365 2835 cur
3389 2781 3538 2850 prius

1946 2861 2012 2917 de
2043 2862 2355 2932 quantitatis
2386 2864 2596 2921 ratione
2624 2875 2932 2934 pertraclet.
2967 2867 3138 2923 Omne
3164 2869 3307 2924 enim
3337 2886 3536 2942 corpus

1945 2963 2004 3009 ut
2023 2955 2113 3023 sit,
2142 2956 2313 3010 tribus
2333 2955 2760 3013 dimensionibus
2779 2967 3012 3024 constat,
3040 2958 3391 3032 longitudine,
3416 2963 3535 3018 lati-

1946 3044 2149 3113 tudine,
2180 3046 2464 3102 altitttdine
2493 3061 2507 3101 :
2539 3057 2598 3102 ut
2627 3064 2756 3104 vero
2779 3050 2849 3104 sit
2877 3065 3074 3120 corpus
3100 3068 3219 3106 cum
3253 3054 3532 3124 qualitate,

1947 3149 2071 3194 tunc
2097 3139 2199 3195 erit
2226 3148 2320 3194 aut
2341 3142 2542 3208 album,
2565 3153 2656 3197 aut
2683 3144 2915 3212 nigrum,
2940 3154 3030 3199 aut
3059 3147 3331 3216 quodlibet
3355 3149 3533 3213 aliud;

1942 3241 1997 3288 et
2022 3233 2274 3300 quoniam
2303 3233 2451 3303 prius
2481 3244 2560 3289 est
2584 3250 2703 3290 esse
2728 3251 2944 3306 corpus,
2970 3248 3090 3308 post
3119 3255 3247 3295 vero
3269 3256 3389 3297 esse
3414 3257 3532 3296 cor-

1943 3340 2042 3395 pus
2073 3327 2271 3391 album,
2307 3327 2454 3396 prius
2481 3327 2583 3381 erit
2603 3329 2814 3397 corpori
2849 3330 3016 3384 tribus
3038 3342 3287 3387 constare
3315 3332 3531 3390 dimen-

328 3443 636 3511 Quantitatis
658 3453 848 3510 autem,
878 3409 1022 3498 aliud
1041 3445 1244 3513 quidem
1268 3455 1340 3498 est
1366 3445 1665 3514 discretum,
1694 3449 1837 3502 aliud
1873 3409 1924 3471 Β
1949 3419 2189 3474 amnibus
2231 3419 2772 3514 quam_esse_album°
2803 3420 2907 3514 Sed
2947 3431 3059 3476 "es
3089 3424 3450 3480 dimenSiones
3477 3435 3532 3482 et

251 3534 420 3588 intem
447 3537 766 3601 continuum,
797 3543 843 3588 ct
872 3535 1016 3588 aliud
1041 3535 1247 3605 quidem
1269 3551 1334 3588 ea:
1375 3535 1671 3592 habentibus
1703 3539 1840 3606 posi-

252 3627 445 3682 tionem
471 3629 536 3681 ad
557 3644 611 3682 se
635 3630 845 3682 invicem
863 3628 971 3682 suis
992 3627 1220 3697 partibus
1241 3635 1436 3680 constat
1460 3642 1478 3681 :
1499 3628 1644 3681 aliud
1671 3638 1838 3682 autem

249 3732 316 3770 ea:
334 3734 435 3772 non
460 3718 758 3773 habentibus
782 3719 1102 3788 positionem.
1129 3716 1220 3770 Est
1241 3726 1413 3771 autem
1433 3717 1653 3773 discreta
1673 3735 1835 3788 quan-

247 3809 386 3874 titas,
428 3821 483 3864 ut
511 3826 751 3865 numerus
788 3819 837 3864 et
867 3809 1050 3864 oratio.
1101 3807 1354 3863 Continuo
1397 3824 1534 3874 vero,
1576 3816 1644 3878 ut,
1673 3808 1830 3874 linea,

246 3903 561 3972 superﬁcies,
595 3917 800 3974 corpus.
848 3903 1081 3971 Amplius
1111 3911 1280 3956 autem
1323 3909 1368 3954 et
1411 3910 1598 3970 praeter
1627 3903 1735 3955 hac
1759 3910 1835 3956 est
1913 3954 1916 3956 _

245 4004 446 4064 tempus
469 4007 516 4050 et
541 3997 698 4052 locus.
715 3995 951 4049 Portium
972 3995 1151 4048 etenim
1172 3993 1367 4047 numeri
1389 3993 1564 4046 nullus
1591 4001 1662 4046 est
1693 4008 1832 4046 com-

246 4091 418 4144 munis
444 4092 708 4158 terminus,
724 4091 792 4142 ad
814 4105 960 4159 quem
983 4087 1282 4157 copulentur
1306 4085 1570 4155 particulae
1599 4088 1710 4156 ejus
1735 4099 1752 4138 :
1780 4094 1832 4138 ut

242 4182 466 4250 quinque
503 4183 545 4234 si
582 4182 649 4234 ad
691 4181 862 4236 decem
887 4188 1007 4234 sunt
1038 4176 1328 4245 particula,
1359 4176 1427 4228 ad
1465 4174 1664 4228 nullum
1692 4189 1830 4226 com-

243 4286 450 4324 munem
489 4271 752 4324 terminum
786 4269 1088 4340 copulantur
1122 4266 1342 4337 quinque
1382 4274 1426 4318 et
1461 4263 1702 4334 quinque,
1738 4263 1826 4315 sed

239 4377 442 4430 semper
463 4361 681 4415 discreta
708 4369 825 4415 sunt
862 4367 908 4412 et
933 4366 1192 4428 separata.
1226 4356 1316 4410 Sic
1352 4364 1398 4407 et
1435 4354 1532 4406 tria
1561 4362 1607 4406 et
1640 4362 1829 4419 septem

239 4453 312 4506 ad
344 4453 540 4507 nullum
563 4468 878 4507 communem
901 4449 1172 4504 terminum
1194 4447 1594 4516 conjunguntur,
1625 4443 1826 4496 omnino

240 4553 410 4598 autem
433 4560 535 4597 non
565 4544 748 4598 habeas
793 4543 845 4596 in
884 4555 1095 4594 numero
1125 4538 1352 4608 accipere
1377 4549 1695 4588 communem
1726 4540 1825 4587 ter-

241 4634 438 4686 minum
461 4635 700 4704 partium,
730 4633 817 4687 sed
847 4645 1043 4700 semper
1071 4630 1302 4683 discreta:
1328 4635 1374 4680 et
1403 4635 1657 4696 separata:
1684 4633 1820 4678 sunt.

244 4725 566 4793 Quapropter
603 4740 841 4778 numerus
869 4721 1073 4791 quidem
1109 4721 1444 4774 discretorum
1468 4729 1562 4783 est,
1588 4717 1824 4771 similiter

238 4825 410 4870 autem
454 4825 499 4869 et
543 4816 706 4870 oratio
737 4815 1069 4868 discretorum
1102 4821 1195 4866 est.
1253 4811 1407 4878 Quod
1451 4818 1619 4862 autem
1661 4808 1822 4860 oratio
1849 4781 1904 4845 D

237 4910 499 4980 quantitas
525 4911 591 4963 sit
629 4908 955 4977 manifestum
983 4916 1074 4970 est,
1113 4915 1438 4959 mensuratur
1468 4904 1600 4956 enim
1628 4901 1825 4972 syl'aba

238 5003 380 5057 breui
400 5013 444 5056 et
474 5003 644 5074 longa.
677 5001 804 5054 Dico
829 5012 1000 5054 autem
1026 5000 1304 5052 orationem
1335 5012 1448 5049 cum
1475 5011 1588 5051 voce
1611 4995 1822 5063 factam,

237 5095 312 5149 ad
341 5095 536 5148 nullum
575 5095 708 5147 enim
740 5108 1054 5146 communem
1093 5091 1359 5144 terminum
1399 5089 1668 5158 particula:
1711 5089 1822 5156 ejus

235 5187 563 5254 capulantur.
599 5184 721 5240 Non
746 5187 878 5240 enim
904 5192 978 5238 est
1001 5183 1281 5252 communis
1309 5181 1549 5234 terminus
1580 5178 1646 5230 ad
1668 5192 1819 5247 quem

234 5278 448 5349 syllaba:
491 5279 810 5349 copulentur,
857 5277 944 5330 sed
993 5290 1306 5345 unaquaque
1354 5271 1517 5325 divisa
1561 5279 1653 5339 est,
1704 5269 1821 5339 ipsa

234 5370 516 5426 secundum
545 5371 783 5440 seipsam.

221 5506 226 5512 .
309 5461 436 5517 Post
465 5462 779 5518 substantia
803 5467 1082 5515 tractatum
1113 5473 1208 5513 cur
1231 5456 1301 5511 de
1323 5453 1619 5526 quantitate
1641 5450 1817 5523 potius

233 5568 303 5612 ac
328 5568 433 5611 non
459 5554 526 5610 de
548 5554 805 5625 qualitate
837 5551 1177 5623 proposuerit
1215 5549 1328 5603 hac
1358 5561 1519 5602 causa
1547 5555 1648 5612 est,
1677 5545 1818 5616 quod

231 5649 417 5706 omnia
456 5658 790 5718 quacunque
823 5653 971 5712 sunt,
1007 5643 1166 5699 simul
1204 5649 1365 5711 atque
1388 5647 1513 5693 sunt
1542 5640 1593 5692 in
1627 5652 1813 5693 nume-

232 5760 356 5801 rum
386 5743 606 5800 cadunt.
636 5741 824 5799 Omnis
843 5739 986 5796 enim
1011 5752 1098 5793 res
1119 5743 1212 5792 aut
1229 5745 1310 5790 est
1337 5746 1464 5798 una,
1493 5739 1584 5787 aut
1606 5731 1812 5801 plures:

234 5855 401 5895 unum
423 5853 552 5894 vero
582 5836 671 5893 vel
698 5837 875 5907 plures
896 5829 1208 5905 quantitatis
1231 5826 1452 5884 scientia
1474 5823 1814 5894 colliguntur.

233 5932 339 5989 S:d
372 5949 474 5989 non
505 5931 680 5988 omnis
711 5917 806 5982 res
833 5926 988 5980 simul
1019 5933 1180 5995 atque
1210 5931 1293 5979 est
1341 5919 1572 5991 aliquam
1627 5914 1818 5985 accipit

678 6019 947 6082 PLTIOL.
981 6015 1197 6078 LXIV.

1940 3526 2166 3567 numero
2195 3519 2248 3566 et
2273 3511 2676 3567 continuatione
2697 3512 2853 3580 spatii
2876 3515 3200 3582 quantitates
3223 3524 3368 3570 sunt.
3389 3515 3530 3573 Lon-

1938 3603 2123 3673 gitudo
2145 3604 2288 3658 enim
2311 3615 2363 3659 et
2378 3603 2602 3658 latitudo
2621 3603 2915 3657 etaltitudo
2948 3603 3000 3658 in
3025 3606 3410 3673 quantitatibus
3431 3623 3529 3661 nu-

1939 3701 2235 3760 merantur,
2282 3694 2460 3748 album
2502 3708 2629 3748 vero
2681 3693 2954 3763 qualitatis
2999 3705 3081 3750 est
3126 3713 3139 3747 :
3180 3696 3430 3764 quocirca
3479 3699 3528 3752 si

1937 3787 2086 3858 prius
2116 3797 2199 3842 est
2229 3802 2295 3842 ex
2319 3785 2489 3841 tribus
2509 3795 2757 3864 constare
2778 3785 3204 3841 dimensionibus
3224 3803 3385 3855 quam
3406 3803 3526 3845 esse

1935 3879 2136 3941 album,
2171 3877 2317 3947 prior
2343 3879 2447 3933 erit
2475 3880 2744 3947 quantitas
2787 3876 3064 3947 qualitate,
3098 3880 3346 3948 quocirca
3375 3889 3527 3936 recte

1935 3981 2016 4027 est
2071 3980 2327 4026 tractatus
2375 3971 2444 4026 de
2502 3972 2797 4041 quantitate
2849 3976 3177 4041 propositus.
3239 3972 3366 4027 ltcm
3419 3972 3524 4029 alia

1934 4079 2114 4134 causa,
2140 4065 2281 4135 quod
2310 4066 2578 4134 quantitas
2623 4064 2774 4134 plura
2803 4063 2963 4120 habet
2997 4065 3311 4121 substantia
3340 4067 3522 4124 consi-

1933 4158 2078 4212 milia
2109 4176 2119 4209 :
2155 4173 2276 4211 nam
2308 4156 2757 4226 quemadmodum
2787 4156 3099 4211 substantia
3122 4157 3254 4212 nihil
3285 4168 3366 4213 est
3393 4175 3521 4216 cou-

1934 4251 2176 4315 trarium,
2202 4258 2256 4304 et
2280 4248 2580 4304 substantia
2604 4263 2707 4301 non
2739 4247 2926 4316 recipit
2952 4248 3122 4318 magis
3145 4258 3196 4303 et
3217 4249 3415 4317 minus,
3441 4252 3521 4308 sic

1931 4343 2091 4397 etiam
2121 4343 2418 4412 quantitas:
2436 4341 2716 4410 quantitati
2739 4341 2880 4396 enim
2907 4339 3039 4396 nihil
3062 4350 3143 4397 est
3162 4344 3516 4413 contrarium,

1933 4449 2031 4490 nec
2059 4434 2330 4510 quantitas
2373 4434 2562 4503 recipit
2603 4433 2770 4503 magis
2804 4441 2858 4488 et
2886 4434 3080 4499 minus,
3115 4444 3171 4488 ut
3197 4436 3354 4504 paulo
3397 4445 3520 4506 poSt

1930 4525 2280 4589 docebimus;
2314 4525 2538 4593 qualitas
2584 4539 2712 4578 vero
2758 4532 2812 4578 et
2859 4524 3124 4579 contraria
3166 4527 3409 4596 suscipit,
3459 4540 3520 4582 ut

1928 4618 2111 4674 album
2140 4628 2193 4673 et
2224 4616 2452 4686 nigrum,
2487 4625 2541 4670 et
2569 4614 2735 4684 magis
2765 4623 2819 4669 et
2847 4614 3045 4680 minus,
3077 4624 3134 4669 ut
3159 4615 3436 4671 candidius
3462 4626 3519 4672 et

1929 4709 2152 4781 nigrius,
2194 4717 2249 4764 et
2285 4707 2724 4764 candidissimum
2765 4715 2819 4762 et
2860 4706 3205 4776 nigerrimum
3237 4725 3252 4775 ;
3288 4707 3342 4763 id
3369 4710 3515 4766 enim

1929 4803 2092 4859 sumit
2112 4802 2463 4858 intentionem
2489 4799 2627 4870 quod
2651 4808 2825 4869 potest
2843 4814 3057 4854 sumere
3077 4799 3509 4858 diminutionem.

1927 4897 2081 4964 Quod
2107 4897 2150 4951 si
2178 4895 2491 4951 substantia
2519 4893 2745 4948 similior
2784 4893 3052 4962 quantitas
3082 4901 3186 4960 est,
3218 4902 3363 4950 recte
3395 4905 3514 4964 pOSt

1927 4990 2280 5048 substantiam
2314 4988 2382 5045 de
2405 4989 2700 5059 quantitate
2737 4985 3030 5057 proposuit.
3065 4986 3384 5053 Quantitatis
3411 5001 3478 5042 au
3511 5017 3516 5023 -

1929 5095 2036 5140 tem
2083 5082 2212 5139 dicit
2235 5097 2357 5138 esse
2385 5080 2715 5137 differentias
2745 5079 2878 5135 duas
2903 5093 2918 5133 :
2945 5079 3255 5149 quantitatis
3283 5092 3513 5150 namque

1927 5177 2028 5232 alia
2068 5175 2299 5231 discreta
2338 5182 2420 5230 est
2462 5181 2516 5228 et
2555 5171 2873 5241 disgregata,
2918 5170 3020 5225 alia
3065 5186 3194 5227 vero
3234 5171 3507 5227 continua.

1926 5269 2056 5325 Post
2087 5269 2223 5324 hanc
2262 5281 2450 5322 rursus
2488 5264 2806 5320 divisionem
2851 5262 2955 5318 alio
2982 5263 3142 5319 modo
3171 5261 3394 5332 partitus
3423 5273 3508 5319 est

1925 5356 2276 5427 quantitatem
2306 5371 2319 5407 :
2352 5353 2481 5409 dicit
2522 5352 2664 5406 enim
2707 5350 3019 5420 quantitatis
3046 5349 3200 5404 aliam
3229 5363 3346 5418 qua
3376 5362 3505 5402 con-

1925 5458 2034 5505 stat
2073 5463 2139 5503 ex
2182 5445 2502 5502 habentibus
2552 5443 2873 5513 positionem
2914 5441 2978 5496 ad
3023 5456 3083 5496 se
3128 5438 3356 5496 invicem
3396 5441 3509 5494 suis

1921 5539 2200 5612 partibus;
2226 5538 2383 5592 aliam
2410 5550 2538 5590 vero
2569 5550 2638 5590 ex
2669 5549 2776 5589 non
2799 5533 3117 5588 habentibus
3162 5529 3502 5600 positionem.

1927 5638 2093 5695 Unam
2117 5649 2242 5691 vero
2271 5647 2382 5688 rem
2413 5629 2624 5686 diverse
2651 5641 2809 5698 posse
2836 5625 3002 5680 dividi
3030 5621 3369 5677 manifestum
3398 5633 3502 5691 est,

1925 5729 2027 5784 hoc
2050 5726 2230 5792 modo,
2263 5733 2320 5779 ut
2358 5721 2402 5777 si
2433 5721 2550 5792 quis
2577 5719 2784 5775 dividat
2803 5714 2995 5771 animal
3022 5713 3207 5769 dicens
3236 5727 3251 5768 :
3283 5713 3503 5769 Anima-

1928 5821 2054 5876 liutn
2083 5820 2181 5875 alia
2205 5827 2330 5874 sunt
2364 5812 2717 5875 rationabilia,
2742 5809 2844 5863 alia
2875 5808 3258 5866 irrationabilia
3280 5816 3361 5877 ;et
3384 5819 3502 5864 rur-

1927 5928 2017 5969 sus
2039 5911 2281 5969 eamdem
2305 5907 2472 5978 ipsam
2496 5919 2608 5987 rem
2636 5902 2738 5957 alia
2767 5900 2926 5956 modo
2953 5904 3267 5973 partiamur,
3293 5910 3351 5958 ut
3377 5910 3458 5957 est
3480 5912 3503 5963 τ
