4030 6336
34 404 55 533 ἐ

579 383 690 445 205
1848 382 1934 439 ΛΝ
1975 384 2134 440 MAL.

2270 384 2301 435 ν
2315 421 2330 438 .
2372 376 2597 440 11081⁸11
2970 382 2975 387 ’
3754 374 3855 439 Μ

579 498 903 557 Animaliutn
932 498 1033 552 alia
1064 507 1186 551 sunt
1215 496 1530 565 gressibilia,
1563 496 1660 549 alia
1693 508 1796 549 non
1828 494 2154 565 gressihtlia,
2188 495 2243 556 Α
2268 492 2486 562 gniiieet
2518 504 2735 559 nomen,
2760 500 2940 563 partes
2963 493 3082 562 ejus
3110 484 3362 550 tineae
3386 498 3551 564 atque
3564 490 3858 563 disjnnete

580 592 874 660 eorumque
902 586 1210 644 "animalium
1253 601 1461 651 rursus,
1489 587 1589 640 alia
1622 594 1746 641 sunt
1775 587 2030 641 carnibus
2069 598 2162 641 ve-

581 682 804 745 scentis,
853 680 955 734 alia
992 678 1197 746 herbis,
1241 678 1344 733 alia
1390 679 1704 733 seminibus.
1749 678 1845 734 Hic
1887 693 2017 747 ergo
2057 686 2165 733 una

581 772 878 843 cadentque
904 776 991 827 res
1012 772 1225 826 direrso
1251 770 1440 825 ordine
1469 771 1733 839 modoque
1758 770 1929 826 ditisa
1956 778 2069 824 est.
2089 768 2164 825 Ita

580 865 741 937 igitur
778 865 1092 920 Aristoteles
1131 868 1294 918 unum
1337 862 1582 931 idemque
1616 862 1928 931 quantitatis
1968 876 2163 917 nomen

579 957 788 1013 diverse
808 957 1031 1026 partitus
1050 964 1154 1022 est,
1170 956 1221 1010 iu
1243 968 1304 1010 ea
1329 955 1534 1010 scilicet
1555 962 1674 1024 quae
1695 954 1930 1010 discreta
1952 960 2162 1021 essent,

578 1059 634 1107 et
658 1054 780 1120 qua
819 1051 1091 1114 continua,
1124 1052 1179 1102 et
1208 1048 1259 1101 in
1292 1061 1352 1102 ea
1384 1061 1503 1116 qua!
1546 1047 1805 1101 haberent
1843 1044 2162 1114 positionem

578 1141 832 1212 partium,
866 1149 921 1196 et
950 1148 1068 1209 quae
1090 1146 1195 1193 non
1224 1139 1507 1193 haberent.
1532 1138 1636 1193 Sed
1666 1138 1734 1191 de
1759 1136 1993 1192 secunda
2022 1135 2164 1191 divi-

580 1235 734 1289 sione
769 1234 1034 1303 posterius
1070 1230 1353 1285 dicendum
1392 1237 1495 1293 est,
1523 1243 1663 1283 nunc
1686 1228 1856 1297 prima
1886 1234 2161 1283 tractetur.

578 1329 671 1383 Ait
697 1328 842 1383 enim
867 1327 936 1383 de
964 1326 1132 1396 prima
1157 1324 1431 1394 {divisione
1468 1324 1569 1377 hoc
1601 1320 1764 1377 modo
1791 1337 1807 1377 :
1837 1318 2164 1389 Quantitatis

578 1420 725 1475 aliud
747 1426 831 1474 est
857 1418 1191 1483 continuum,
1216 1416 1360 1470 aliud
1385 1416 1770 1485 disgregatum.
1791 1414 2160 1485 Disgregatnm

578 1521 664 1569 est
680 1512 836 1581 cujus
852 1519 1031 1580 partes
1048 1510 1195 1565 nullo
1208 1508 1481 1564 communi
1496 1509 1731 1563 termino
1745 1508 2162 1578 conjuttgttntur.

581 1599 905 1658 Continuum
928 1616 1056 1655 vero
1077 1599 1230 1669 cujus
1250 1607 1426 1668 partes
1450 1597 1647 1652 habent
1670 1598 1902 1667 aliquem
1924 1612 2165 1651 commu-

580 1707 708 1749 nem
738 1693 1021 1748 terminum
1046 1731 1061 1755 ,
1099 1690 1167 1746 ad
1196 1705 1353 1759 quem
1385 1688 1666 1744 videantur
1692 1676 1815 1743 esse
1839 1684 2160 1758 conjunctae.

578 1768 944 1842 Discrctarum
969 1798 1200 1852 namque
1228 1782 1584 1851 quantitatum
1608 1779 1722 1849 ipse
1748 1778 1992 1849 exempla
2016 1779 2167 1848 ponit

2266 596 2410 654 sunt,
2442 598 2495 644 et
2524 588 2673 643 nullo
2700 588 2970 644 cuttimutii
3001 586 3234 644 mtuo
3260 585 3686 658 coniunguntur;
3718 602 3857 657 quo-

2266 680 2409 735 niam
2443 692 2573 737 vero
2613 681 2799 737 Greca
2828 682 3072 738 oratitine
3104 679 3251 755 lii-fer
3272 670 3473 737 dicitur
3494 680 3661 735 etiam
3689 682 3857 735 animi

2264 771 2540 841 cogitatio,
2587 782 2642 827 et
2682 773 2822 827 intra
2861 782 2922 829 se
2958 772 3317 838 ratiocinatio,
3357 772 3504 846 λὸγδς
3542 778 3763 843 quoque
3806 772 3861 828 et

2264 863 2441 920 oratio
2466 863 2684 931 dicitur,
2710 865 2898 935 nequis
2921 864 3265 921 Aristotelem
3290 872 3414 920 eum
3444 863 3654 918 dicaret
3676 863 3852 933 ὶότον.

2264 954 2317 1009 id
2344 963 2428 1010 est
2455 954 2753 1010 orationem
2774 992 2790 1020 ,
2819 955 3174 1025 quantitatem
3198 968 3321 1011 esse
3350 954 3662 1020 discretam,
3694 954 3772 1011 de
3795 968 3861 1011 an

2269 1054 2483 1117 putaret
2508 1047 2691 1101 dicere
2718 1060 2879 1116 quem
2907 1049 3135 1118 quisque
3162 1047 3327 1120 λόγων,
3370 1046 3422 1101 id
3451 1054 3537 1103 est
3563 1047 3859 1117 ratium,

2267 1139 2322 1194 in
2370 1138 2586 1207 propria
2627 1139 2954 1209 cogitatione
2999 1139 3327 1209 disponeret,
3366 1137 3467 1193 hoc
3494 1137 3697 1195 addidi.
3728 1136 3862 1196 Dion

2266 1239 2445 1285 autem
2478 1230 2624 1284 illam
2655 1244 2774 1300 qum
2803 1229 2862 1285 ﬁt
2889 1234 3011 1286 cttm
3040 1242 3172 1286 voce
3200 1229 3518 1285 orationem.
3564 1232 3722 1301 Apud
3754 1232 3861 1286 Ba-

2267 1334 2479 1376 manatn
2500 1334 2734 1393 namque
2764 1321 3001 1392 linguam
3028 1321 3259 1377 discreta
3286 1329 3415 1376 sunt
3439 1322 3701 1378 voeabula
3728 1330 3859 1377 era-

2268 1416 2428 1470 tiouis
2471 1426 2632 1485 atque
2678 1415 2923 1471 rationis.
2968 1415 3152 1471 Greca
3190 1426 3323 1470 vero
3364 1415 3540 1471 oratio
3576 1415 3861 1485 utriusque

2269 1506 2587 1574 vocabulum
2628 1515 2687 1563 et
2724 1506 2949 1562 rationis
2984 1517 3043 1563 et
3084 1507 3349 1562 orationis
3401 1507 3552 1581 is,“
3596 1507 3858 1576 appellat.

2271 1599 2450 1667 Quare
2481 1614 2549 1655 ne
2575 1598 2701 1669 quid
2732 1597 2964 1653 mendax
2992 1597 3269 1653 translatio
3295 1597 3624 1667 culparetur,
3656 1598 3860 1652 idcirco

2266 1691 2373 1746 hoc
2402 1690 2613 1761 quoque
2640 1686 2817 1746 addidi
2840 1689 3000 1745 :Dico
3026 1705 3155 1745 vero
3181 1690 3326 1745 illam
3350 1704 3471 1759 qua:
3495 1688 3558 1743 ﬁt
3575 1703 3701 1743 cum
3726 1703 3859 1746 voce

2270 1785 2588 1848 orationem,
2629 1770 2773 1852 apud
2810 1781 3028 1838 Latinos
3062 1782 3206 1838 enim
3243 1783 3385 1837 nulla
3421 1781 3526 1837 alia
3566 1783 3745 1837 oratio
3780 1797 3858 1836 εει

579 1885 635 1933 ει
659 1877 888 1947 species.
916 1876 1099 1932 Oratio
1125 1875 1268 1929 enim
1290 1874 1516 1928 discreta
1544 1881 1628 1926 est
1651 1872 1936 1941 quantitas,
1950 1873 2166 1925 eodettt-
2194 1876 2244 1936 Β
2270 1880 2464 1946 praeter
2491 1875 2628 1929 hanc
2655 1876 2825 1930 solam
2848 1889 2969 1943 quas
2988 1876 3047 1929 ﬁt
3065 1890 3188 1930 cum
3211 1889 3342 1930 voce
3362 1874 3683 1929 orationem.
3700 1873 3859 1943 Apud

577 1987 684 2044 que
715 1968 874 2025 modo
900 1977 956 2024 et
987 1980 1260 2031 numerus,
1286 1975 1340 2020 et
1361 1978 1641 2018 numerum
1667 1976 1787 2017 esse
1815 1960 2163 2032 quantitatem

580 2075 740 2118 nemo
764 2056 992 2114 dubitat.
1040 2052 1279 2111 Discreta
1308 2070 1436 2110 vero
1469 2064 1571 2120 est,
1618 2054 1871 2124 quoniam
1912 2051 2165 2107 denarius

576 2144 836 2208 numerus
872 2164 993 2204 cum
1038 2152 1247 2202 constet
1281 2161 1348 2200 es
1386 2145 1622 2216 quinque
1664 2153 1719 2199 et
1746 2143 2015 2217 quinque,
2046 2159 2167 2213 quae

575 2259 667 2302 res
705 2242 1005 2315 quinarium
1042 2238 1110 2294 ad
1139 2236 1442 2309 quinarium
1477 2237 1667 2308 jungat
1693 2246 1748 2291 ut
1778 2235 1935 2291 iaciat
1959 2232 2166 2291 denarii

576 2351 791 2405 corpus,
835 2348 942 2388 non
987 2339 1161 2402 potest
1200 2322 1455 2385 inveniri.
1490 2327 1623 2384 Nam
1663 2331 1707 2385 si
1745 2326 1855 2384 tres
1882 2339 1934 2384 et
1962 2337 2165 2397 septem

577 2428 700 2502 quis
737 2428 953 2493 dixerit,
994 2440 1101 2497 quo
1133 2423 1405 2481 communi
1449 2422 1679 2478 termino
1718 2432 1826 2477 tres
1863 2430 1918 2478 et
1956 2430 2164 2491 septem

578 2518 994 2589 coniungantur,
1051 2522 1108 2570 ut
1146 2510 1355 2569 denarii
1400 2506 1655 2568 reddatur
1695 2527 1857 2567 unum
1895 2511 2160 2581 integrum

578 2624 811 2680 corpus,
843 2602 1019 2661 nullus
1054 2604 1323 2669 inveniet,
1364 2608 1526 2672 atque
1558 2601 1659 2657 lt’oc
1687 2600 1900 2671 quidem
1933 2602 1983 2654 in
2016 2599 2162 2656 omni

576 2688 806 2757 numero
852 2696 1118 2767 speculari
1164 2695 1311 2751 licet.
1364 2692 1555 2749 Nullus
1603 2695 1745 2748 enim
1793 2706 2046 2747 numerus
2091 2692 2162 2745 ita

577 2801 757 2865 partes
786 2788 963 2855 habet,
997 2796 1055 2844 ut
1077 2803 1171 2846 eas
1198 2786 1395 2858 aliquis
1426 2785 1727 2841 communis
1758 2783 2015 2840 terminus
2038 2783 2164 2853 jun-

575 2896 688 2956 gat,
714 2884 809 2941 sed
839 2898 1052 2952 semper
1076 2874 1257 2952 partes
1277 2879 1407 2950 ipsa:
1428 2878 1713 2948 disjunctzc
1738 2885 1897 2946 atque
1918 2876 2162 2929 discretae

575 2985 724 3046 sunt,
768 2985 823 3031 et
865 2973 1171 3046 ltujusmodi
1212 2979 1435 3028 vocatur
1472 2971 1742 3041 quantitas
1775 2967 2026 3024 discreta.
2054 2965 2166 3021 Nu-

575 3081 762 3124 merus
802 3079 932 3135 ergo
968 3064 1201 3119 discreta
1242 3060 1515 3134 quantitas
1555 3071 1659 3127 est,
1688 3056 1985 3115 orationem
2036 3072 2165 3113 vero

576 3157 929 3229 quantitatem
958 3169 1080 3211 esse
1107 3154 1258 3220 dicit,
1289 3153 1490 3208 idcirco
1521 3151 1662 3221 quod
1689 3149 1865 3205 omnis
1894 3151 2070 3205 oratio
2095 3164 2163 3204 ex

2273 1966 2490 2022 Grmcos
2518 1981 2646 2021 vero
2684 1976 2766 2021 est
2805 1965 2942 2021 alius
2983 1967 3125 2039 λόγος
3163 1966 3253 2037 qui
3294 1967 3351 2019 ﬁt
3382 1967 3434 2021 in
3463 1966 3632 2021 animi
3654 1967 3860 2037 cogita-

2274 2058 2435 2113 tione.
2471 2057 2731 2127 Quocirca
2775 2052 2966 2129 nequid
2998 2044 3237 2135 deesset,
3265 2056 3427 2114 etiam
3454 2050 3556 2113 hoc
3580 2054 3732 2127 quod
3761 2056 3860 2112 La-

2272 2150 2438 2204 tinam
2468 2149 2764 2203 orationem
2806 2144 2981 2203 minus
3010 2138 3155 2204 esse't
3194 2147 3549 2218 conveniens,
3581 2146 3854 2205 transtuli.

2270 2239 2422 2310 Quod
2464 2257 2627 2310 quare
2663 2239 2734 2294 ita
2773 2239 3023 2301 fecerim,
3069 2228 3171 2296 hac
3215 2240 3550 2310 expositiOne
3594 2242 3859 2312 patefeci,

2270 2334 2431 2403 atque
2460 2330 2578 2387 haec
2607 2331 2820 2401 quidem
2860 2330 2929 2386 de
2965 2322 3195 2388 discreta
3235 2332 3528 2402 quantitate
3564 2332 3859 2389 sufﬁciant.

2269 2422 2530 2478 Continua
2570 2426 2697 2476 vero
2736 2416 3001 2492 quantitas
3043 2426 3126 2479 eisi
3170 2412 3257 2494 (ut
3300 2410 3501 2478 dictum
3543 2424 3665 2495 est)
3708 2426 3859 2497 cujus

2268 2514 2579 2586 quantitatis
2612 2517 2842 2584 partium
2876 2508 3169 2572 Communis
3202 2516 3463 2572 terminus
3493 2514 3858 2584 invenitur,“

2268 2612 2351 2658 est
2380 2603 2538 2669 linea,
2573 2600 2903 2676 superﬁcies,
2925 2612 3138 2677 corpus,
3171 2612 3223 2662 et
3254 2616 3448 2677 praeter
3476 2606 3591 2665 haec
3619 2618 3858 2679 tempus,

2270 2702 2323 2750 et
2348 2695 2519 2765 locus,
2548 2696 2689 2766 quod
2712 2696 2831 2767 ipse
2856 2684 3175 2754 Arist‘oteie’s
3204 2694 3452 2770 designat
3476 2698 3563 2755 his
3588 2698 3776 2758 verbis
3807 2720 3821 2756 :

2341 2786 2501 2841 Linea
2527 2800 2644 2841 vero
2670 2789 2913 2842 continua
2936 2782 3028 2852 est,
3055 2782 3129 2841 est
3158 2784 3293 2841 enim
3320 2796 3516 2844 sumere
3541 2796 3856 2847 communem

2267 2880 2536 2935 terminum
2564 2876 2633 2934 od
2652 2894 2803 2951 quem
2822 2872 3088 2951 perticum
3105 2884 3216 2955 ‘ejut
3236 2882 3451 2951 capsum
3460 2891 3559 2949 tur,
3586 2886 3854 2954 punctim,

2268 2976 2317 3025 ct
2367 2970 2691 3042 superﬁciei,
2748 2969 2954 3035 lineam,
3008 2969 3149 3041 plani
3198 2978 3416 3041 natisque
3462 2968 3531 3027 nd
3582 2976 3855 3040 quemdam

2267 3074 2581 3118 comntunem
2613 3063 2885 3116 terminum
2918 3054 3183 3130 parricidii:
3220 3060 3541 3134 copuiantur.
3600 3062 3851 3121 Similiter

2267 3154 2435 3211 istem
2465 3166 2516 3210 et
2550 3156 2604 3209 in
2635 3170 2847 3226 corpore
2873 3156 3063 3225 poieris
3090 3160 3289 3211 attinere
3320 3164 3635 3212 communem
3676 3154 3854 3214 tet-nti-

575 3250 796 3307 nomine
824 3256 1033 3304 constet
1061 3252 1113 3301 et
1153 3246 1340 3311 verbo,
1381 3243 1475 3299 sed
1510 3243 1624 3299 hac
1652 3240 1867 3314 syllabis
1895 3246 2160 3297 conStaut.

2270 3264 2411 3316 nam,
2444 3242 2633 3302 lineam
2660 3248 2739 3302 uel
2766 3244 3107 3319 superﬁciem,
3136 3246 3206 3302 ad
3232 3258 3379 3319 quem
3402 3251 3714 3321 capulantur
3739 3268 3855 3306 ror-

574 3342 767 3399 Omnis
802 3349 982 3396 autem
1013 3338 1215 3411 syllaba
1247 3336 1336 3393 vel
1364 3337 1521 3407 longa
1559 3334 1644 3392 vel
1674 3335 1854 3391 brevis
1880 3344 1982 3391 εει.
2018 3335 2161 3389 Lon-

575 3450 703 3508 gum
745 3446 874 3489 vero
911 3428 996 3488 vel
1034 3429 1201 3486 breve
1243 3430 1361 3484 sine
1402 3426 1506 3481 ulla
1538 3422 1870 3481 dubitatione
1898 3424 2164 3496 quantitas

577 3535 682 3593 est,
712 3523 960 3596 quocirca
990 3520 1134 3592 quod
1154 3535 1221 3576 ex
1251 3518 1634 3591 quantitatibus
1662 3527 1892 3585 constat,
1914 3517 1968 3572 id
1995 3524 2164 3589 quan-

577 3617 787 3674 titatem
815 3630 937 3672 esse
962 3614 1085 3685 quis
1111 3612 1358 3669 dubitet?
1378 3614 1447 3667 At
1464 3626 1595 3669 vero
1610 3610 1792 3683 oratio.
1807 3608 1921 3681 ipsa
1948 3624 2069 3665 cum
2094 3606 2164 3665 sit

576 3710 867 3784 quantitas,
901 3707 992 3762 illa
1032 3706 1241 3776 quotque
1281 3704 1510 3760 discreta
1550 3714 1656 3760 est.
1700 3694 1835 3760 Cum
1872 3706 2015 3761 enim
2040 3698 2164 3759 dico

520 3864 523 3875 μ
578 3796 947 3870 Cicero,quod
969 3797 1229 3853 orationis
1255 3806 1337 3851 est
1365 3809 1512 3865 pars,
1540 3806 1720 3865 partes
1747 3794 1908 3866 hujus
1931 3788 2161 3851 nominis

512 3962 513 3971 χ
578 3892 629 3948 ci
657 3902 711 3949 et
736 3910 790 3947 ce
814 3896 868 3946 et
905 3904 962 3944 ro
993 3888 1141 3944 nullo
1176 3890 1446 3943 communi
1475 3888 1705 3944 termino
1743 3886 2162 3958 coniunguntur.

579 3982 698 4046 Non
720 3984 863 4043 enim
888 3983 1219 4055 reperiemus
1242 3997 1348 4052 quo
1367 3982 1637 4039 communi
1662 3981 1889 4036 termino
1912 3980 2164 4052 jungatur

514 4100 517 4123 ι
583 4082 632 4135 ei
657 4076 859 4151 syllaba
887 4074 953 4131 ad
977 4091 1034 4130 es
1057 4074 1319 4145 syllabam
1337 4114 1354 4141 ,
1387 4073 1470 4128 vel
1500 4080 1686 4128 rursus
1710 4087 1767 4126 ce
1791 4070 1992 4143 syllaba
2015 4071 2083 4127 ad
2103 4088 2163 4128 ro

580 4172 863 4245 syllabam.
914 4165 1174 4235 Quocirca
1222 4168 1382 4222 etiam
1421 4166 1595 4221 oratio
1639 4166 1910 4236 quantitas
1953 4165 2164 4222 videtur

583 4282 706 4325 esse
732 4264 986 4321 discreta.
1017 4260 1124 4317 Sed
1153 4261 1199 4316 si
1228 4260 1348 4332 quis
1377 4257 1607 4316 fortasse
1632 4259 1777 4315 dicat
1798 4260 1939 4316 hunc
1978 4270 2162 4316 eorum

577 4376 703 4419 esse
727 4370 1066 4414 communem
1088 4354 1394 4419 terminum,
1426 4367 1531 4423 quo
1558 4353 1631 4407 ita
1650 4353 1965 4423 junguntur,
1988 4362 2046 4408 ut
2069 4351 2165 4408 ali-

579 4452 711 4526 quid
738 4449 1056 4520 signiﬁcent,
1093 4456 1151 4502 ut
1177 4448 1230 4500 in
1262 4447 1361 4500 hoc
1391 4445 1508 4515 ipso
1544 4445 1759 4500 nomine
1798 4443 1987 4501 Cicero
2014 4454 2163 4502 com-

2268 3340 2406 3407 pari:
2450 3337 2734 3407 particula.

2334 3429 2624 3500 Postquam
2644 3430 2715 3486 de
2737 3428 2988 3486 discretis
3010 3430 3289 3500 explicuit,
3314 3433 3525 3489 transiit
3546 3434 3616 3489 ad
3637 3438 3854 3505 species

2264 3519 2532 3576 continuas
2576 3520 2909 3590 quantitatis.
2958 3521 3240 3576 Continuat
3298 3532 3477 3580 autem
3531 3528 3855 3595 quantitates

2262 3621 2392 3667 sunt
2436 3610 2528 3683 (ut
2575 3610 2777 3667 dictum
2824 3609 2934 3683 est)
2984 3611 3039 3667 in
3078 3624 3303 3683 quarum
3346 3615 3589 3684 partibus
3634 3617 3852 3687 quidam

2263 3701 2565 3759 communis
2587 3710 2675 3757 at
2701 3702 2985 3771 terminus,
3014 3710 3075 3758 ut
3103 3703 3264 3759 linea.
3315 3703 3371 3760 Si
3398 3706 3522 3774 quis
3545 3706 3694 3763 enim
3716 3709 3854 3765 divi-

2265 3797 2355 3852 dat
2388 3796 2617 3861 liueam,
2642 3810 2765 3866 qua
2791 3800 2878 3850 est
2916 3795 3197 3865 lengitndo
3229 3796 3347 3855 sine
3384 3797 3695 3866 latitudine,
3721 3801 3853 3858 du

2266 3891 2323 3944 in
2362 3898 2588 3959 utraque
2625 3887 2893 3945 divisione
2932 3889 3107 3945 lineas
3148 3888 3309 3955 facit,
3360 3899 3418 3946 et
3460 3893 3744 3964 utriusqu
3780 3908 3852 3950 es

2264 3981 2530 4038 divisione
2584 3979 2738 4035 linea
2788 3979 3001 4051 singula
3060 3980 3118 4036 in
3169 3982 3599 4041 extremitatibus
3654 3994 3853 4054 pane!

2266 4075 2582 4131 redduntur.
2610 4074 2788 4130 Linea:
2808 4075 2950 4130 enim
2971 4075 3183 4130 termini
3205 4086 3397 4146 puncta
3420 4088 3565 4134 sunt.
3586 4078 3853 4146 Quocirca

2266 4174 2387 4221 cum
2414 4166 2502 4222 illa
2526 4165 2667 4220 linea
2693 4164 2870 4220 divisa
2895 4170 3002 4219 non
3040 4175 3205 4233 esset,
3234 4177 3461 4239 utraque
3496 4180 3698 4241 puncta
3732 4186 3852 4243 qua:

2262 4267 2319 4322 in
2343 4266 2587 4337 utrisque
2615 4265 2871 4321 linearum
2900 4262 3164 4335 capitibus
3192 4277 3313 4335 post
3338 4267 3658 4325 divisionem
3688 4285 3851 4342 app-

2263 4372 2407 4431 reht,
2454 4362 2614 4421 simul
2656 4373 2809 4419 antea
2848 4362 3015 4419 fuisse
3052 4364 3440 4436 intelliguntur,
3480 4382 3601 4440 quc
3625 4378 3756 4426 sunt
3798 4372 3851 4428 in

2267 4457 2529 4513 divisione
2569 4466 2837 4527 separata.
2888 4457 3208 4530 intelligitur
3244 4472 3373 4533 ergo
3415 4466 3645 4534 partium
3696 4466 3851 4522 line:

578 4544 762 4603 munis
800 4540 1125 4627 syllabarum
1158 4537 1420 4594 terminus
1457 4536 1574 4608 ipsa
1615 4537 1931 4608 significatio
1968 4539 2056 4594 'sit.
2102 4539 2161 4597 Si
2267 4544 2569 4605 communis
2608 4551 2893 4618 terminus,
2922 4556 3208 4623 punctum,
3244 4552 3298 4607 id
3324 4560 3409 4610 εει
3431 4556 3703 4625 quoddam
3732 4564 3851 4627 με.

575 4640 721 4695 enim
749 4652 805 4720 ce
825 4633 1048 4708 syllaba,
1072 4647 1191 4703 qua:
1214 4630 1389 4686 media
1412 4638 1513 4697 est,
1536 4630 1705 4699 prima
1729 4638 1977 4699 ponatur,
2004 4639 2059 4687 et
2080 4638 2161 4700 ro,
2187 4636 2244 4700 Β
2267 4640 2544 4696 vissimum
2566 4639 2709 4705 quod
2734 4644 2786 4697 in
2813 4652 2991 4713 partes
3016 4640 3185 4700 dividi
3209 4645 3492 4717 socerique
3522 4658 3630 4704 non
3658 4651 3848 4720 possit.

578 4745 702 4803 quae
728 4714 914 4783 ultima
944 4733 1045 4791 est,
1079 4721 1277 4788 media,
1304 4731 1357 4776 et
1383 4722 1448 4790 ci,
1477 4736 1596 4792 qua:
1620 4721 1785 4790 prima
1815 4729 1916 4794 est,
1952 4720 2161 4787 ultima,
2267 4730 2589 4802 superﬁcies
2616 4730 2857 4804 quoque,
2889 4738 3008 4806 Quae
3037 4744 3120 4790 est
3148 4735 3375 4792 latitudo
3400 4714 3518 4794 sine

577 4836 776 4881 nomen
801 4810 943 4890 quod
970 4825 1085 4872 erat
1104 4823 1281 4879 antea,
1307 4812 1360 4867 id
1384 4822 1463 4867 est
1485 4811 1695 4877 Cicero,
1724 4814 2043 4868 transversis
2067 4818 2162 4883 per
2268 4828 2606 4884 communem
2653 4826 2939 4884 terminum
2998 4826 3159 4887 habet
3206 4831 3256 4885 in
3298 4832 3576 4902 partibus,
3631 4834 3849 4900 lineali,

576 4906 698 4980 loca
727 4918 949 4992 syllabis
972 4915 1104 4971 nihil
1137 4911 1477 4985 signiﬁcabit.
1501 4911 1581 4967 Illi
1608 4912 1891 4969 dicendum
1922 4922 2004 4970 est
2027 4924 2161 4985 quo-
2267 4934 2460 4991 corpus
2484 4937 2611 4976 vero
2636 4920 2883 4988 solidum,
2908 4922 3269 4993 superﬁciem.
3297 4923 3498 4981 Eodem
3520 4926 3667 4981 enim
3691 4926 3852 4983 meno

511 4992 525 5089 ί
574 5021 727 5083 niam
769 5029 1102 5089 quaecunque
1145 5012 1199 5068 in
1230 5010 1458 5083 quadam
1503 5012 1745 5067 oratione
1795 5012 2162 5083 proferuntur,

577 5122 700 5180 sive
730 5116 1063 5189 signiﬁcent,
1111 5112 1226 5169 sive
1267 5110 1405 5167 nihil
1448 5110 1779 5181 signiﬁcent,
1832 5102 2160 5184 syllabarum

579 5216 885 5276 communis
926 5214 1188 5271 terminus
1230 5209 1407 5266 nullus
1450 5218 1553 5267 est.
1587 5210 1716 5267 Nam
1757 5211 1803 5265 si
1839 5213 1959 5282 quis
1994 5213 2158 5283 dicat,

579 5310 901 5382 permutatis
922 5305 1159 5377 syllabis,
1189 5304 1331 5373 quod
1360 5312 1441 5359 est
1460 5303 1670 5369 Cicero,
1702 5304 1866 5360 σενοεὶ
1895 5306 2163 5376 signiﬁca-

579 5404 782 5460 tionem
802 5398 1024 5471 quidem
1048 5396 1247 5460 amisit,
1277 5395 1372 5452 sed
1396 5395 1676 5465 aequaliter
1701 5395 1920 5467 syllaba:
1944 5396 2010 5450 ad
2041 5398 2160 5453 uul-

580 5497 694 5550 lum
737 5504 1073 5547 communem
1124 5487 1408 5545 terminum
1446 5487 1866 5558 conjunguntur.
1922 5488 2074 5557 Quod
2119 5489 2165 5544 si

583 5584 706 5654 quis
726 5583 870 5637 hunc
888 5580 1098 5651 quidem
1121 5579 1294 5649 ipsum
1319 5591 1624 5633 sermonem
1646 5576 1841 5647 aliquid
1862 5578 2165 5649 signiﬁcare

583 5673 845 5745 posuerit,
870 5680 927 5726 ut
948 5672 1052 5725 hoc
1072 5671 1243 5739 ipsum
1264 5667 1453 5724 Cicero
1480 5665 1676 5737 aliquid
1700 5666 1984 5737 signiﬁcat,
2008 5670 2168 5739 signi-

584 5766 766 5821 ﬁcatio
793 5765 1003 5834 quidem
1026 5763 1211 5818 addita
1236 5769 1338 5826 est,
1369 5759 1546 5814 nullus
1596 5767 1772 5816 tamen
1810 5761 2027 5832 syllabis
2057 5770 2167 5817 ter-

589 5864 766 5920 minus
799 5858 1092 5929 appositus.
1128 5855 1305 5922 Quare
1330 5844 1448 5909 Sive
1473 5851 1754 5925 signiﬁcet,
1787 5855 1901 5912 sive
1929 5854 2061 5911 nihil
2091 5854 2166 5910 si-

2270 5008 2437 5068 divisa
2490 5012 2800 5083 superﬁcies
2846 5006 2977 5067 duas
3024 5016 3124 5084 per
3176 5014 3411 5086 singulas
3456 5026 3641 5085 partes
3687 5016 3853 5074 lineis

2270 5100 2485 5172 efﬁciet,
2516 5102 2962 5174 quemadmodum
2993 5114 3048 5161 et
3074 5105 3131 5160 in
3160 5104 3303 5162 linea
3332 5108 3499 5163 divisa
3524 5108 3634 5163 duo
3656 5112 3851 5179 puncta

2272 5197 2590 5252 altrinsecus
2638 5194 3019 5251 reddebantur.
3102 5198 3313 5268 Corpus
3359 5212 3572 5272 quoque
3620 5204 3853 5260 solidum

2270 5300 2392 5345 cum
2432 5288 2709 5355 diviseris,
2750 5288 2882 5343 duas
2924 5288 2980 5343 in
3013 5290 3255 5361 utrisque
3296 5290 3577 5350 divisionis
3612 5297 3855 5365 nam

2275 5380 2587 5449 superﬁcies
2616 5378 2800 5447 facies,
2832 5396 2951 5451 qua
2977 5395 3099 5437 cum
3130 5382 3412 5453 conjuncta
3440 5386 3550 5441 sint
3570 5390 3737 5458 atque
3766 5389 3853 5444 iti-

2274 5472 2462 5539 divisa,
2512 5481 2766 5542 punctum
2805 5470 3019 5543 quidem
3064 5474 3291 5543 partium
3334 5472 3490 5533 ἥκω
3534 5477 3856 5551 intelligitur

2275 5566 2573 5623 communis
2602 5562 2883 5620 terlninus.
2914 5563 3081 5621 Linea
3108 5566 3238 5621 vero
3268 5568 3597 5639 sntit-ﬁtnisi,
3624 5572 3853 5643 κυεη-

2273 5661 2383 5716 cics
2410 5660 2588 5714 autem
2624 5650 2782 5712 ‘sulidi
2808 5656 3070 5728 corporis.
3106 5652 3205 5714 Est
3231 5660 3407 5716 autem
3429 5662 3652 5729 mm
3675 5662 3855 5719 ωε.

2272 5752 2361 5809 nui
2397 5748 2668 5824 corpoﬁs,
2714 5750 2759 5806 sl
2798 5754 2901 5806 una
2945 5752 3067 5822 pars
3102 5752 3248 5808 inuis
3286 5753 3393 5821 sit,
3441 5754 3611 5811 mum
3648 5762 3854 5830 corpus

2271 5846 2505 5914 moveri;
2528 5853 2581 5903 et
2604 5844 2649 5902 si
2676 5844 2840 5904 totum
2867 5848 3062 5921 Corpus
3085 5848 3349 5919 movetur,
3371 5850 3521 5908 certe
3543 5849 3709 5909 sitnisi
3732 5848 3854 5909 alb
