4030 6336
0 1810 7 1835 μ

0 1902 13 1933 λ

0 1994 13 2029 Ι

0 2172 13 2214 Ι

0 2366 13 2400 Ξ

0 2456 11 2493 ε

0 2554 11 2589 Ι

0 2830 11 2863 Ι

249 392 363 452 sos
728 342 749 348 ”
790 350 796 355 ”
843 452 849 458 ,
1268 393 1332 450 IN
1364 383 1797 455 CATEGOBIAS
1823 390 2270 467 ARISTOTELIS
2302 401 2433 459 LIB.
2474 380 2540 459 ti.
3414 410 3520 467 sos

246 518 439 583 partes
464 507 654 567 vicinae
679 505 1056 580 movebuntur,
1079 517 1140 567 ut
1164 510 1209 567 si
1226 510 1404 582 jaceat
1427 473 1630 605 virgula
1654 510 1740 566 vel
1764 523 1832 565 es
1858 510 1916 573 Δ
1938 509 2006 599 de
2044 514 2325 605 continuis
2373 517 2721 605 loquebatur,
2756 528 2964 593 tempus
2990 536 3219 605 quoque
3255 533 3313 584 et
3340 526 3519 586 locum

251 614 385 668 me,
412 600 495 657 vel
516 617 581 657 es
603 601 770 671 ligno,
793 602 879 658 vel
902 618 969 658 ex
990 601 1227 674 quolibet
1248 601 1355 659 alio
1376 596 1614 670 metallo,
1642 602 1688 657 si
1710 604 1834 673 quis

182 742 187 745 _
252 706 419 748 unum
449 692 566 762 ejus
590 703 751 766 caput
778 694 864 751 vel
894 694 1187 765 quamlibet
1216 694 1333 764 ejus
1364 702 1569 764 partem
1595 703 1831 766 moveat,

250 790 365 838 tota
394 798 522 839 mox
559 784 766 855 virgula
810 796 1198 843 commovetur.
1242 776 1360 841 Hoc
1402 794 1581 841 autem
1632 784 1834 842 idcirco

252 875 435 933 evenit
476 878 619 948 quod
661 878 779 950 ejus
812 889 995 949 partes
1027 874 1258 952 quodam
1296 880 1565 936 communi
1604 880 1835 936 termino

252 966 671 1040 coniunguntur,
716 978 773 1026 et
804 970 900 1039 ille
929 974 1230 1029 communis
1258 972 1519 1027 terminus
1550 987 1653 1027 una
1684 979 1836 1042 parte

254 1067 402 1115 mota
429 1070 652 1123 caeteras
687 1073 888 1125 movet.
914 1064 1029 1121 Hoc
1056 1080 1185 1123 vero
1224 1065 1276 1119 in
1307 1058 1553 1121 discretis
1581 1079 1689 1120 non
1728 1072 1833 1119 est.

253 1150 313 1209 In
351 1168 573 1213 numero
611 1171 841 1228 namque
877 1173 999 1213 cum
1038 1160 1148 1225 sint
1184 1158 1392 1231 decem,
1432 1158 1477 1213 si
1516 1172 1681 1213 unum
1720 1172 1836 1213 mo-

254 1257 415 1316 vero,
447 1250 631 1309 cateri
662 1265 771 1306 non
795 1261 1100 1322 moventur,
1126 1252 1327 1307 immoti
1356 1251 1498 1326 enim
1524 1262 1836 1320 permanent

254 1352 472 1406 novem;
493 1343 609 1396 etsi
639 1343 830 1413 plenus
854 1343 1035 1400 tritico
1060 1345 1132 1400 sit
1155 1343 1388 1413 modius,
1410 1346 1455 1400 si
1484 1344 1834 1400 unumtritici

252 1445 478 1499 granum
504 1448 748 1503 movero,
777 1450 886 1497 non
915 1438 1094 1493 omnia
1120 1438 1378 1493 continuo
1405 1452 1569 1507 grana
1594 1447 1834 1492 commo-

206 1526 209 1527 '
253 1522 538 1597 vehuntur,
580 1522 779 1581 idcirco
815 1525 959 1596 quod
1000 1526 1229 1582 discreta
1271 1534 1354 1581 est
1391 1520 1693 1587 multitudo,
1734 1540 1833 1580 nec

244 1626 477 1682 granum
502 1629 678 1686 grano
703 1616 815 1672 ullo
840 1610 1112 1674 communi
1153 1610 1384 1672 termino
1404 1617 1627 1673 videtur
1656 1612 1832 1687 impli-

249 1703 441 1761 Cittttn.
472 1704 543 1761 At
564 1723 692 1764 vero
718 1710 760 1779 si
793 1708 959 1778 ipsius
986 1709 1135 1781 grani
1166 1725 1290 1781 pars
1319 1726 1420 1763 una
1452 1708 1523 1793 sit
1552 1714 1715 1775 mota,
1748 1720 1833 1764 to-

250 1799 368 1849 tum
398 1808 590 1865 corpus
614 1796 763 1867 grani
792 1808 1072 1856 moveatur
1097 1808 1317 1857 necesse
1342 1809 1444 1857 est.
1492 1792 1610 1856 Non
1653 1812 1831 1857 autem

1939 593 2205 659 continuis
2234 604 2438 663 addidit
2462 610 2646 666 dicens
2674 628 2689 667 :
2712 604 2845 669 Sunt
2874 593 3052 673 autem
3080 593 3269 677 talium
3298 630 3355 679 et
3379 631 3518 680 tem-

1938 700 2035 763 pus
2064 704 2119 750 et
2147 695 2317 763 locus,
2344 697 2398 753 id
2438 710 2520 757 est
2553 704 2953 775 continuorum,
2983 708 3076 765 sed
3101 720 3225 782 post
3249 716 3518 776 continua

1936 782 2289 877 discretaeque
2309 793 2617 862 quantitatis
2636 796 2959 857 divisionem
2986 801 3145 860 aliam
3198 821 3227 859 a
3252 807 3517 881 principio

1937 888 2127 933 rursus
2151 880 2375 938 orditur.

2012 969 2245 1041 Amplius
2285 983 2458 1028 autem
2486 976 2611 1033 alia
2646 978 2849 1049 quidem
2883 996 3117 1042 constant
3153 1004 3218 1043 ea:
3255 993 3517 1063 particulis

1937 1072 2050 1158 quia
2081 1064 2135 1117 in
2170 1066 2242 1120 eis
2274 1070 2415 1134 sunt,
2440 1064 2743 1142 positionem
2781 1075 2850 1129 ad
2878 1092 2930 1131 se
2958 1074 3168 1135 invicem
3195 1081 3512 1158 habentibus,

1937 1152 2056 1207 alia
2096 1162 2264 1211 autem
2312 1176 2374 1212 ex
2419 1175 2522 1216 non
2561 1160 2862 1220 hdbentibus
2899 1172 3223 1241 positionem,
3270 1184 3329 1231 ut
3370 1152 3519 1235 linea:

1936 1245 2141 1313 quidem
2182 1249 2449 1317 particqu
2496 1254 2800 1322 positionem
2844 1256 3030 1314 habent
3069 1263 3139 1315 ad
3179 1279 3233 1319 se
3275 1266 3513 1323 invicem.

1936 1334 2215 1406 Singulum
2241 1340 2376 1394 enim
2406 1358 2588 1397 eorum
2610 1347 2771 1401 situm
2794 1359 2871 1404 est
2894 1352 3100 1419 alicubi,
3128 1365 3180 1409 et
3202 1357 3352 1414 habes
3382 1363 3517 1417 unde

1928 1444 2109 1485 sumtu
2136 1440 2186 1486 et
2207 1435 2434 1506 assignas
2461 1443 2857 1512 unumquodque
2876 1445 2961 1499 ubi
2987 1447 3138 1501 situm
3162 1461 3233 1504 est
3261 1452 3314 1506 in
3330 1455 3513 1524 plano,

1933 1530 1985 1575 et
2010 1531 2076 1577 ad
2102 1539 2256 1591 quam
2278 1527 2582 1596 particulam
2604 1531 2921 1605 reliquarum
2949 1540 3218 1602 copulatur
3240 1558 3257 1595 :
3283 1544 3517 1600 similiter

1932 1624 2104 1705 autem
2131 1627 2178 1671 et
2215 1619 2482 1685 paniculis
2506 1620 2652 1692 plani
2676 1623 2860 1680 habent
2887 1632 3160 1697 quamdam
3188 1636 3511 1705 positionem,

1926 1702 2166 1759 similiter
2189 1723 2405 1779 namque
2436 1716 2828 1784 unumquodque
2856 1720 3143 1775 ostenditur
3166 1723 3253 1778 ubi
3277 1728 3436 1795 jacet,

1932 1809 2048 1860 quae
2076 1798 2145 1850 ad
2167 1801 2459 1856 seinvicem
2492 1806 2817 1875 copulentur,
2844 1809 2999 1865 solidi
3022 1828 3221 1884 quoque
3249 1826 3296 1870 et
3324 1817 3424 1873 loci
3447 1821 3516 1875 si-

248 1900 396 1941 nunc
418 1886 522 1943 hoc
549 1889 762 1956 dicitur,
794 1891 937 1962 quod
968 1892 1108 1948 linea
1136 1904 1343 1949 constet
1374 1910 1440 1949 ex
1474 1896 1705 1965 punctis,
1737 1906 1830 1952 aut
1858 1887 1909 1955 Β
1934 1886 2145 1942 mmm-

247 1979 561 2047 sweriicies
590 1996 654 2039 ex
684 1982 863 2049 lineis,
894 1994 985 2038 aut
1019 1985 1249 2040 solidum
1284 2001 1478 2057 corpus
1506 2002 1572 2042 ex
1602 1986 1831 2056 superﬁ-

247 2069 455 2135 ciebus,
492 2061 587 2127 sed
629 2074 771 2144 quod
810 2084 866 2131 et
900 2062 1054 2131 lineae
1098 2076 1310 2132 termini
1356 2086 1551 2146 puncta
1594 2086 1739 2145 sunt,
1780 2087 1835 2134 et

247 2161 552 2232 βηματίὶεὶθὶ
578 2163 755 2231 lineas,
778 2175 834 2222 et
859 2167 1018 2222 solidi
1040 2166 1280 2239 corporis
1304 2168 1638 2238 superﬁcies,
1662 2168 1832 2224 nulla-

242 2267 357 2324 que
379 2268 467 2315 res
486 2256 605 2311 suis
636 2258 880 2313 terminis
911 2268 1139 2314 constat.
1193 2260 1453 2326 Quocirca
1483 2270 1733 2331 punctum
1762 2256 1832 2317 li-

250 2361 369 2403 nea:
390 2362 503 2403 non
527 2336 629 2404 erit
656 2365 798 2419 pars,
831 2351 924 2406 sed
950 2352 1250 2409 communis
1292 2354 1553 2409 terminus
1580 2354 1829 2422 partium.

247 2434 566 2508 Superﬁcici
605 2440 765 2508 linea,
808 2449 862 2497 et
901 2443 1212 2513 superficies
1250 2444 1404 2500 solidi
1444 2446 1686 2514 corporis
1725 2459 1831 2500 non

247 2537 408 2584 erunt
437 2540 636 2598 partes,
664 2533 758 2587 sed
789 2534 1014 2603 partium
1055 2535 1266 2591 termini
1305 2551 1635 2592 communes.
1678 2536 1830 2611 Con-

248 2627 360 2675 stat
388 2621 565 2691 igitur,
594 2634 647 2678 et
679 2625 873 2681 lineam
903 2636 957 2682 et
983 2626 1337 2697 superﬁciem,
1371 2636 1426 2684 et
1450 2629 1605 2685 solidi
1636 2640 1830 2698 corpo-

248 2712 329 2766 ris
368 2714 773 2771 crassitudinem
816 2730 935 2774 esse
972 2718 1279 2775 continuam
1308 2714 1678 2791 quantitatem.
1739 2718 1833 2776 [iis

249 2802 358 2857 alia
386 2818 570 2861 rursus
606 2796 844 2877 apponit.

325 2882 529 2951 Talium
563 2908 637 2953 est
662 2910 830 2954 autem
863 2909 914 2958 et
950 2912 1142 2975 temmts
1180 2908 1227 2957 et
1256 2905 1418 2971 locus,
1442 2910 1671 2976 ’prtesens
1692 2904 1831 2958 enim

248 2995 454 3058 tempus
478 3001 525 3046 et
546 2994 855 3059 prwteritum
879 3002 927 3048 et
954 2995 1187 3065 futurum
1213 2990 1437 3067 capulat.
1466 2986 1665 3065 Rursus
1684 2988 1831 3051 ’τοῖαι

178 3091 189 3098 ’
249 3081 613 3135 continuorum
642 3093 733 3149 est,
762 3085 931 3138 locum
958 3087 1091 3139 enim
1119 3087 1387 3157 quemdam
1416 3088 1644 3158 corporis
1672 3087 1833 3157 porti-

249 3171 387 3224 cula:
416 3170 655 3240 obtinent,
683 3192 797 3243 qum
822 3176 891 3229 ad
918 3178 1187 3246 quemdam
1217 3190 1533 3233 cotnmunem
1561 3178 1831 3232 terminum

2008 1976 2210 2034 Rursus
2247 1978 2441 2052 digerit
2469 1988 2779 2056 quantitatis
2818 1991 3166 2052 differentias.
3206 1998 3343 2069 Sunt
3370 2002 3515 2058 enim

1935 2072 2247 2139 quantitatis
2284 2075 2404 2130 aliae
2441 2080 2659 2147 quidem
2688 2097 2809 2151 qua:
2850 2100 2915 2139 ex
2947 2087 3265 2145 habentibus
3292 2094 3515 2161 positio-

1936 2175 2059 2217 nem
2087 2164 2155 2237 ad
2178 2179 2239 2222 se
2271 2166 2498 2224 invicem
2534 2175 2646 2227 suis
2672 2176 2912 2244 partibus
2946 2193 3212 2250 constant,
3244 2186 3364 2242 aliae
3390 2205 3515 2253 vero

1934 2266 2054 2321 quae
2086 2256 2281 2311 nullam
2313 2260 2541 2327 partium
2572 2264 2771 2321 habent
2802 2271 3137 2338 positionem.
3185 2275 3511 2334 Positionem

1938 2357 2063 2399 vero
2096 2348 2324 2415 partium
2370 2353 2601 2411 retinere
2635 2356 2905 2429 dicuntur,
2933 2377 3155 2431 quarum
3189 2367 3379 2433 triplex
3417 2371 3516 2427 ista

1933 2445 2120 2491 natura
2143 2449 2247 2507 est,
2266 2442 2499 2519 primum
2528 2456 2583 2501 ut
2605 2447 2924 2522 ejuspa'rtes
2950 2454 3148 2511 alicubi
3172 2458 3303 2526 sint,
3323 2460 3517 2517 deinde

1934 2543 2005 2583 ne
2028 2543 2266 2599 pereant,
2292 2537 2446 2593 tertio
2470 2554 2596 2595 vero
2618 2551 2677 2596 ut
2696 2557 2818 2601 sese
2843 2555 3021 2616 partes
3044 2542 3169 2620 ipsi».
3188 2555 3517 2625 conjungant

1934 2628 1989 2674 et
2028 2624 2241 2692 propria
2282 2641 2344 2682 se
2383 2629 2721 2688 ordinatione
2756 2640 3093 2709 continuent,
3128 2651 3195 2697 ut
3233 2655 3313 2698 est
3354 2624 3508 2717 linea.

1935 2708 2113 2765 Posita
2153 2715 2297 2771 enim
2328 2717 2468 2773 linea
2499 2720 2552 2774 in
2580 2724 2870 2792 superﬁcie
2892 2708 3085 2798 possis
3105 2746 3398 2802 agnoscere
3426 2714 3516 2794 ubi

1928 2814 2112 2877 partes
2130 2807 2300 2877 ipsius
2324 2813 2452 2877 sint,
2479 2824 2635 2884 caput
2664 2817 2878 2886 quidem
2910 2820 3064 2877 linem
3088 2837 3211 2880 esse
3236 2825 3302 2880 ad
3330 2828 3516 2891 dexte-

1935 2912 2070 2962 ram,
2099 2900 2330 2956 medium
2366 2905 2545 2963 medio
2583 2906 2724 2976 loco,
2754 2914 3145 2970 extremitatem
3174 2923 3301 2973 itero
3334 2920 3402 2991 ad
3443 2921 3518 2979 si-

1934 2990 2177 3059 nistram,
2206 3005 2259 3049 ct
2289 2995 2405 3052 hanc
2431 3002 2770 3057 manentibus
2812 3005 2944 3073 ipsis
2980 3008 3216 3075 partibus
3244 2990 3516 3081 dicuntur,

1930 3090 2114 3148 partes
2150 3086 2297 3140 enim
2338 3086 2494 3144 lineae
2534 3102 2638 3145 non
2679 3104 2933 3161 pereunt,
2964 3098 3058 3152 sed
3098 3103 3148 3154 in
3180 3101 3299 3158 loco
3328 3103 3382 3158 in
3408 3120 3519 3175 quo

1924 3176 2055 3229 ‘sum
2088 3186 2422 3245 permanent.
2446 3180 2631 3239 'Po'ssi‘s
2656 3198 2868 3256 quoque
2896 3198 3198 3248 moutstrsre
3246 3208 3366 3264 qua:
3395 3206 3518 3267 pars

248 3261 584 3332 capulantur,
626 3266 783 3337 igitur
812 3277 856 3341 et
897 3270 996 3323 loci
1029 3271 1294 3339 particula
1331 3282 1446 3341 qum
1474 3271 1691 3325 dbtinent
1733 3271 1838 3325 sin-
1863 3258 1911 3324 (ἶ
1942 3264 2097 3323 lineae
2126 3271 2210 3323 cui
2244 3273 2378 3339 parti
2408 3276 2887 3346 cominuentnrﬁd
2912 3284 3091 3338 estad
3122 3258 3282 3356 quam
3311 3258 3518 3358 partum

249 3355 401 3428 gaias
429 3360 654 3428 corporis
692 3370 890 3430 partes,
921 3363 991 3415 ad
1018 3364 1251 3448 eumdem
1281 3366 1551 3419 terminum
1580 3364 1831 3436 copulan-
1926 3366 2092 3429 caput
2130 3363 2348 3419 alterius
2387 3367 2556 3435 partis
2594 3370 3010 3441 estremitaeque
3046 3355 3408 3448 mtijungitu'r,
3456 3390 3520 3436 ut

250 3454 358 3512 tur,
387 3447 455 3499 ad
474 3464 617 3519 quem
644 3453 870 3521 corporis
895 3455 1179 3523 partiarius.
1211 3446 1534 3527 Quapropter
1559 3456 1833 3512 continuus
1922 3451 2076 3507 ‘dica‘s
2098 3455 2220 3509 haec
2244 3468 2386 3523 pars,
2417 3459 2565 3513 verbi
2586 3462 2761 3529 gratia
2782 3464 3071 3531 medietas,
3097 3446 3366 3526 linem—hic
3386 3472 3518 3528 ﬁni-

249 3537 347 3591 erit
379 3536 537 3593 locus.
581 3538 660 3592 Ad
691 3556 846 3594 unum
872 3543 1004 3596 enim
1033 3546 1306 3599 terminum
1335 3558 1649 3601 communem
1678 3550 1836 3615 copu-

250 3627 427 3683 lantur
462 3634 575 3703 ejus
601 3633 886 3701 particulae.

327 3716 558 3794 Tempus
606 3742 814 3795 quoque
864 3736 918 3781 et
972 3728 1146 3783 locum
1204 3730 1469 3783 continua:
1521 3725 1835 3799 Quantlta‘tis

249 3830 376 3871 esse
416 3818 744 3887 pronuntiat.
785 3819 1020 3890 Tempus
1059 3836 1290 3893 namque
1328 3836 1447 3878 esse
1484 3821 1834 3891 quantitatem

248 3922 344 3963 res
370 3908 459 3962 illa
488 3909 835 3977 demonstrat,
869 3914 1009 3982 quod
1049 3914 1100 3968 in
1132 3916 1327 3985 spatio,
1360 3916 1412 3970 id
1445 3926 1526 3971 est
1562 3917 1614 3970 in
1658 3915 1834 3986 longi-

251 3997 438 4054 tudine
463 4008 517 4054 et
544 4001 595 4054 in
622 4002 898 4073 brevitate,
931 4005 1317 4060 consideratur.
1348 4004 1669 4061 Continuam
1700 4012 1836 4062 ‘vero

250 4094 376 4146 esse
413 4106 498 4146 res
537 4093 622 4147 illa
663 4095 1024 4163 demonstrat,
1073 4099 1213 4168 quod
1243 4108 1419 4169 partes
1446 4099 1705 4169 temporis
1735 4098 1838 4154 Ila-

250 4184 422 4242 beant
445 4186 673 4258 aliquem
704 4206 1043 4247 communem
1076 4194 1356 4248 terminum
1388 4209 1450 4251 ac
1485 4195 1740 4261 medium,
1768 4193 1835 4249 ad

248 4296 413 4354 quem
454 4283 840 4355 conjungantur
878 4295 1142 4341 extrema.
1185 4287 1314 4342 Nam
1354 4300 1473 4342 cum
1515 4289 1839 4367 'sintpa'r'tes

249 4372 512 4443 temporis
544 4375 868 4444 praeteritum
921 4387 976 4433 et
1027 4377 1294 4446 futurum,
1349 4378 1540 4433 horum
1590 4392 1835 4449 prmsens

250 4472 465 4534 tempus
513 4467 807 4523 communis
836 4478 919 4525 est
948 4471 1229 4535 terminus,
1262 4470 1418 4541 hujus
1448 4476 1676 4541 namque
1708 4471 1836 4539 ﬁnis

248 4564 359 4619 est,
394 4554 533 4612 illius
571 4557 803 4614 initium.
845 4558 1020 4614 Locus
1057 4575 1267 4631 quoque
1308 4561 1687 4616 continuomm
1730 4568 1833 4618 est.

1923 3548 2042 3610 itur,
2084 3547 2262 3602 locum
2294 3550 2391 3603 ubi
2423 3550 2631 3606 desinat
2660 3562 2997 3622 monstrans,
3030 3558 3133 3613 alia
3176 3572 3360 3619 rursus
3396 3580 3522 3632 pars

1926 3635 2088 3691 lineae
2104 3638 2275 3691 totius
2299 3638 2385 3693 hic
2409 3640 2611 3707 incipit.
2628 3644 2776 3712 Ergo
2798 3643 2938 3699 linea
2962 3647 3130 3713 posita
3158 3649 3209 3702 in
3232 3642 3520 3717 superﬁcie

1934 3729 2172 3799 qualibet
2206 3739 2262 3785 et
2303 3732 2476 3786 locum
2512 3733 2741 3804 aliquem
2778 3745 2959 3805 partes
3003 3739 3121 3808 ejus
3168 3742 3422 3811 retinent,
3456 3754 3522 3803 et

1910 3813 2114 3896 'pa‘rtes
2132 3828 2267 3898 ipsa:
2292 3845 2397 3885 non
2422 3836 2671 3900 pereunt,
2694 3836 2750 3888 et
2777 3842 2957 3901 posset
2980 3835 3206 3906 quilibet
3228 3853 3521 3908 agnoscere

1928 3921 2027 3976 ubi
2079 3924 2391 3979 extremitas
2432 3925 2660 3993 partium
2702 3927 3087 3999 conjungatur,
3125 3940 3179 3985 et
3213 3944 3319 4001 quo
3354 3933 3421 3987 ad
3461 3948 3522 3991 se

1934 4015 2164 4070 invicem
2200 4016 2320 4071 loco
2350 4016 2749 4080 continuentur.
2786 4018 2903 4075 Hoc
2932 4034 3146 4092 quoque
3173 4023 3314 4079 idem
3345 4025 3398 4080 in
3427 4036 3520 4081 su-

1938 4107 2157 4177 perﬁcie
2183 4110 2378 4175 evenit,
2404 4120 2583 4179 partes
2607 4112 2749 4167 enim
2770 4114 3077 4183 superﬁciei
3109 4116 3162 4171 in
3191 4119 3369 4188 aliquo
3398 4122 3518 4178 loco

1939 4210 2081 4268 sunt,
2113 4210 2167 4255 et
2196 4202 2324 4270 ipsa:
2351 4216 2561 4272 quoque
2605 4216 2714 4260 non
2740 4218 2987 4276 pereunt,
3019 4218 3074 4262 et
3101 4208 3192 4265 ubi
3231 4222 3351 4280 pars
3380 4215 3518 4283 parti

1938 4292 2291 4365 conjungatur
2314 4295 2634 4361 ostenditur,
2659 4295 2796 4352 idem
2816 4306 3038 4369 qunque
3065 4301 3308 4361 soliditas
3335 4305 3518 4373 habet,

1936 4393 1996 4441 et
2037 4386 2137 4440 loci
2180 4398 2392 4456 quoque
2430 4394 2611 4457 partes
2640 4389 3031 4447 continuantur
3067 4395 3133 4449 ad
3182 4408 3273 4451 eas
3308 4398 3516 4457 scilicet

1934 4472 2133 4546 partes
2163 4476 2229 4531 ad
2256 4492 2387 4547 quas
2409 4479 2649 4549 corporis
2675 4489 2850 4549 partes
2874 4482 3095 4538 sibimet
3115 4487 3522 4559 continuantur,

1944 4567 2080 4623 sicut
2145 4568 2254 4637 jam
2312 4582 2473 4640 supra
2512 4569 2721 4625 dictum
2775 4571 2879 4629 est.
2965 4571 3225 4644 Quocirca
3278 4581 3521 4650 ejusdem

246 4642 450 4702 Locum
468 4648 834 4705 verodicimus
857 4630 1207 4721 quodcunque
1234 4652 1359 4707 illud
1382 4654 1450 4707 sit
1479 4653 1618 4722 quod
1654 4630 2162 4724 partesn'natm-ae'
2215 4662 2318 4717 erit
2368 4630 2424 4718 et
2468 4663 2652 4732 locus,
2707 4664 2863 4737 Cujus
2919 4630 3027 4724 tot;
3092 4630 3335 4729 soliditas
3395 4677 3524 4735 erit.

245 4740 493 4809 corporis
529 4751 703 4808 tenet,
741 4743 852 4799 sive
888 4757 1068 4815 supra,
1111 4746 1221 4800 sive
1249 4759 1279 4799 a
1306 4746 1493 4812 latere,
1524 4760 1617 4802 seu
1649 4742 1832 4802 subter

244 4824 339 4883 sit.
382 4820 534 4896 Quod
575 4830 619 4887 si
648 4843 852 4889 cuncta:
882 4847 1059 4905 partes
1096 4837 1337 4905 corporis
1378 4837 1555 4892 locum
1599 4838 1828 4908 aliquem

246 4927 459 4989 tenent,
491 4932 545 4979 et
573 4924 662 4994 qui
690 4929 832 4982 circa
861 4941 1054 4998 corpus
1079 4939 1161 4983 est
1192 4930 1364 4999 locus,
1398 4946 1493 4999 per
1522 4946 1681 4987 omne
1710 4946 1829 4987 cor-

243 5012 398 5083 poris
426 5016 655 5084 spatium
702 5024 986 5087 partesque
1013 5017 1345 5088 dlﬁ'unditur,
1376 5035 1561 5077 omnes
1588 5022 1831 5092 corporis

243 5111 433 5177 partes
460 5119 489 5159 a
517 5105 620 5161 loci
648 5107 886 5176 partibus
915 5110 1335 5183 occupabuntur.
1369 5111 1520 5179 Quod
1547 5113 1590 5167 si
1612 5113 1691 5166 ita
1718 5122 1823 5179 est,

244 5195 338 5269 qui
366 5200 658 5252 communis
688 5201 946 5254 terminus
975 5201 1330 5271 coniungebat
1359 5202 1596 5272 corporis
1621 5213 1821 5273 partes,

242 5278 365 5359 ejus
392 5289 600 5343 termini
630 5290 774 5346 locus
802 5291 889 5345 illa
912 5306 1124 5363 quoque
1145 5293 1260 5347 loca
1287 5309 1406 5363 qua:
1435 5303 1556 5348 sunt
1582 5294 1826 5364 corporis

240 5379 473 5451 partium
499 5379 693 5451 jungit,
718 5391 771 5437 et
800 5392 883 5437 est
910 5384 1097 5439 eodem
1124 5384 1283 5439 modo
1310 5385 1461 5440 locus
1481 5385 1548 5440 de
1569 5386 1823 5441 continua

172 5488 175 5489 ν
241 5472 562 5544 quantitate,
588 5474 1033 5543 quemadmodum
1064 5484 1120 5531 et
1147 5490 1361 5546 corpus.
1392 5476 1468 5531 Ita
1497 5476 1641 5533 enim
1671 5492 1823 5534 com-

242 5564 421 5620 munis
475 5565 737 5621 terminus
785 5566 1055 5625 invenitur
1097 5566 1151 5621 in
1196 5567 1587 5637 lucopartium
1641 5582 1827 5641 quem-

1939 4746 2082 4821 Ergo
2111 4760 2165 4806 et
2192 4752 2340 4806 locus
2368 4760 2443 4808 ea
2477 4752 2666 4811 eadem
2694 4764 2901 4826 genere
2924 4760 3248 4827 quantitatis
3268 4773 3372 4828 est,
3413 4782 3523 4838 quo

1926 4846 2024 4899 tesi
2060 4850 2113 4899 et
2151 4843 2414 4912 soliditas,
2430 4844 2491 4900 id
2517 4852 2624 4913 est,
2661 4861 2729 4904 ex
2752 4848 3075 4906 habentibus
3106 4852 3175 4907 ad
3203 4867 3263 4910 se
3289 4858 3520 4914 invicem

1933 4934 2259 5003 positionem
2300 4938 2413 4990 suis
2452 4936 2691 5005 partibus
2725 4949 2999 4998 constans.
3060 4942 3236 4999 Locus
3272 4945 3433 5017 igftur
3467 4957 3525 5005 et

1934 5023 2057 5094 ipse
2084 5036 2160 5079 ex
2197 5025 2515 5084 habentibus
2561 5030 2672 5084 suis
2712 5030 2949 5098 partibus
2996 5034 3318 5103 positionem
3357 5039 3422 5093 ad
3461 5054 3521 5094 se

1926 5116 2166 5171 invicem
2202 5124 2433 5173 constat.
2472 5119 2619 5189 Ergo
2651 5121 2749 5175 tria
2779 5120 2895 5176 hcc
2932 5122 3095 5195 (sicut
3128 5138 3290 5197 supra
3316 5127 3517 5182 dictqu

1934 5209 2039 5279 est)
2070 5200 2460 5265 consideranda
2486 5220 2630 5275 sunt,
2664 5220 2723 5265 ut
2751 5212 2817 5266 ad
2846 5225 2907 5268 se
2934 5213 3165 5271 invicem
3194 5216 3517 5285 positionem

1928 5305 2109 5366 partes
2134 5298 2338 5355 habere
2358 5298 2668 5366 videantur,
2694 5299 2746 5353 id
2773 5311 2857 5356 est
2881 5302 3059 5357 locum
3111 5304 3162 5356 in
3195 5317 3303 5371 quo
3328 5315 3516 5373 partes

1920 5389 2061 5460 ipsa
2089 5391 2205 5445 sint
2232 5374 2463 5460 posite,
2494 5400 2554 5445 ut
2578 5399 2766 5461 partes
2801 5391 2905 5448 ille
2932 5408 3047 5449 non
3084 5405 3324 5464 pereant,
3357 5404 3417 5450 ut
3445 5396 3518 5452 sit

1922 5482 2159 5553 partium
2187 5481 2518 5539 conﬁrmatis
2546 5490 2708 5551 atque
2726 5483 3091 5539 icontinuatio.
3132 5484 3290 5550 Quod
3317 5485 3365 5540 si
3393 5485 3518 5557 quis

1930 5574 2072 5630 dicat
2101 5577 2371 5631 uenerem
2396 5574 2518 5631 loco
2542 5573 2753 5635 deesse.
2788 5589 2853 5628 eo
2877 5574 3016 5644 quod
3052 5575 3104 5628 in
3136 5575 3256 5630 loco
3283 5590 3390 5631 non
3418 5576 3514 5646 sit,

241 5656 533 5714 admodum
568 5664 621 5713 e't
657 5659 917 5730 corporis,
960 5659 1158 5715 idcirco
1196 5659 1335 5729 quod
1375 5662 1616 5729 corporis
1656 5661 1824 5730 locus,
1920 5672 1983 5726 in
2014 5669 2140 5723 loco
2176 5669 2319 5724 enim
2348 5676 2539 5723 cuneta
2578 5674 2725 5733 sunt,
2762 5666 2913 5721 locus
2939 5673 3118 5723 autem
3161 5669 3213 5722 in
3244 5667 3365 5724 loco
3393 5684 3516 5731 esse

242 5762 341 5817 per
369 5754 562 5817 corpus
581 5760 742 5805 omne
765 5746 1266 5820 didunditur.Quod
1291 5762 1468 5806 autem
1494 5752 1660 5808 dixit:
1690 5754 1829 5811 Sunt
1927 5772 2043 5832 ipse
2088 5776 2192 5817 non
2216 5762 2431 5833 poterit.
2476 5758 2768 5815 Dicendum
2788 5768 2879 5813 est
2901 5756 3152 5827 quoniam
3184 5759 3381 5815 idcirco
3416 5776 3514 5815 ρης

240 5848 424 5899 autem
463 5840 647 5896 talium
677 5851 731 5898 et
765 5843 913 5899 locus
940 5852 995 5899 et
1027 5851 1256 5915 tempus,
1286 5844 1534 5915 quoniam
1574 5845 1825 5915 superius
1926 5854 2175 5920 perﬁcies
2199 5860 2255 5905 et
2281 5850 2520 5905 soliditas
2548 5858 2599 5904 et
2634 5848 2768 5902 linea
2802 5845 3001 5903 habere
3041 5853 3359 5918 positionem
3380 5868 3516 5928 par-
