4022 6328
561 370 659 423 cm
724 434 725 437 γ

1811 370 1913 426 ΔΝ.
1947 369 2151 428 MANL.
2194 370 2345 431 SEV.
2385 370 2607 428 BOETII

3718 360 3825 413 eos

561 487 688 540 tium
729 486 995 551 dicuntur,
1037 484 1178 556 quod
1218 483 1271 539 in
1311 484 1427 541 loco
1466 484 1593 552 sint,
1624 494 1678 542 et
1711 497 1889 556 partes
1919 503 2133 559 perma-
2162 491 2213 551 Α
2241 490 2390 555 dicit,
2425 489 2741 558 positionem
2767 502 2898 545 vero
2930 501 3035 544 non
3065 494 3287 544 mettum
3318 482 3576 553 accipies,
3606 478 3711 535 tale
3738 467 3831 533 es‘

562 584 738 643 ncanl,
757 587 808 632 et
828 578 936 632 sint
954 577 1425 643 continuaeQuare
1444 575 1613 633 multo
1636 577 1805 648 magis
1826 580 1939 649 ipse
1966 579 2134 649 locus,

560 674 709 742 cujus
747 688 919 742 neque
957 681 1135 743 partes
1175 679 1416 742 pereunt,
1450 682 1504 728 et
1540 672 1641 728 sibi
1672 684 1926 743 perpetue
1966 674 2138 730 conti-

561 766 870 835 nuatimqne
909 764 1207 834 conjunctae
1244 773 1401 830 sunt,
1434 763 1631 821 habere
1660 764 1978 835 positionem
2011 750 2135 836 par?

562 861 688 913 tium
729 858 937 914 dicitur.
974 857 1039 913 Et
1074 858 1143 913 de
1182 857 1264 913 his
1303 857 1517 930 quidem
1555 874 1676 930 quae
1700 850 1778 915 ex
1819 858 2138 916 habentibus

561 952 876 1020 positionem
928 951 993 1006 ad
1044 966 1104 1008 se
1151 951 1379 1007 invicem
1444 952 1554 1007 suis
1604 952 1843 1021 partibus
1891 960 2139 1008 constant

559 1045 674 1099 lucc
720 1044 860 1115 dicta
899 1043 1040 1107 sint;
1081 1059 1200 1113 qum
1238 1058 1368 1099 vero
1405 1058 1511 1100 non
1554 1043 1753 1100 habent
1793 1032 2123 1101 positionem

560 1144 672 1209 ipse
702 1152 889 1195 rursus
916 1138 1136 1207 adjecit.

630 1276 695 1331 In
740 1292 948 1332 numero
991 1283 1161 1329 autem
1205 1290 1303 1329 non
1348 1275 1529 1345 poterit
1573 1276 1836 1345 quisquam
1878 1273 2138 1329 ostendere

556 1368 983 1440 quemadmodum
1018 1367 1288 1440 particulis
1324 1371 1433 1436 eius
1469 1367 1768 1436 positionem
1806 1366 2031 1436 aliquam
2070 1364 2138 1418 ad

556 1476 610 1517 se
635 1462 844 1516 invicem
864 1458 1098 1523 habeant,
1121 1467 1210 1512 aut
1229 1456 1313 1510 ubi
1341 1458 1453 1513 sine
1477 1456 1597 1521 sint,
1622 1458 1707 1510 aui
1734 1472 1843 1526 quis
1871 1454 2138 1525 particula:

554 1560 665 1625 ejus
685 1554 751 1607 ad
766 1569 819 1607 se
836 1552 1049 1607 invicem
1071 1560 1353 1606 nectuntur.
1376 1550 1479 1605 Sed
1499 1565 1656 1619 neque
1682 1548 1788 1603 illa:
1807 1563 1922 1618 qua:
1944 1556 2138 1616 tempo-

554 1648 623 1702 ris
649 1654 787 1713 sunt,
811 1657 911 1699 non
938 1645 1074 1700 enim
1102 1651 1394 1713 permanent
1423 1639 1689 1712 particula:
1710 1641 1970 1711 temporis,
1997 1641 2134 1710 quod

554 1750 718 1795 autem
740 1756 842 1794 non
864 1748 936 1794 est
969 1754 1285 1808 permanens,
1307 1737 1563 1807 quomodo
1585 1735 1883 1807 positionem
1906 1735 2135 1805 aliquam

554 1834 783 1899 habebit,
831 1834 920 1885 sed
960 1832 1119 1902 magis
1172 1831 1440 1901 quemdam
1483 1831 1711 1885 ordinem
1758 1830 2133 1902 particularum

552 1934 747 1996 tempus
782 1924 964 1980 habere
999 1924 1158 1990 dices,
1202 1933 1256 1977 ut
1292 1922 1486 1994 aliquid
1510 1924 1708 1991 quidem
1735 1924 1875 1993 prius
1903 1924 1969 1977 sit
2008 1931 2132 1978 tem-

552 2018 711 2090 poris,
741 2018 884 2072 aliud
910 2032 1027 2071 vero
1054 2016 1326 2087 posterius.
1346 2015 1451 2071 Sed
1477 2022 1523 2068 et
1552 2015 1616 2069 de
1642 2030 1848 2068 numero
1877 2014 2126 2084 similiter,

554 2126 611 2163 eo
634 2109 771 2179 quod
795 2107 935 2177 prius
963 2115 1260 2160 numeratur
1286 2121 1441 2161 unum
1461 2121 1615 2176 quam
1638 2106 1761 2171 duo,
1787 2114 1834 2159 et
1854 2106 1956 2161 duo
1978 2124 2133 2178 quam

553 2203 670 2269 tria,
702 2210 750 2256 et
788 2201 860 2255 ita
896 2198 1149 2254 habebunt
1177 2200 1377 2269 quidem
1404 2199 1676 2270 quemdam
1706 2200 1953 2269 ordinent,
1993 2201 2133 2273 posi-

553 2295 736 2348 tionem
760 2307 876 2347 vero
905 2308 1006 2347 non
1029 2292 1245 2345 multum
1274 2292 1510 2359 accipies.
1548 2291 1651 2347 Sed
1674 2282 1721 2345 et
1752 2294 1913 2347 oratio
1942 2292 2130 2347 simili-

553 2398 644 2453 ter,
677 2402 778 2441 non
801 2386 936 2441 enim
968 2394 1259 2455 permanent
1288 2384 1556 2451 particula:
1586 2386 1715 2455 ejus,
1748 2386 1835 2437 sed
1860 2393 1909 2439 et
1940 2384 2132 2439 dictum

551 2487 623 2534 est
650 2487 696 2533 et
724 2492 825 2531 non
849 2477 1071 2546 amplius
1099 2476 1233 2529 sumi
1266 2476 1379 2555 hoc,
1408 2484 1719 2546 quapropter
1748 2492 1849 2530 non
1895 2476 1988 2530 erit
2035 2491 2129 2545 po-

552 2572 667 2628 sitio
688 2570 1058 2641 partieularum
1082 2569 1208 2639 ejus,
1235 2567 1482 2638 siquidem
1514 2567 1644 2622 nihil
1667 2577 1981 2639 permanent.
2014 2568 2133 2621 Alia

553 2667 724 2734 itaque
751 2670 981 2717 constant
1006 2677 1069 2715 ea:
1092 2658 1354 2730 particulis
1381 2674 1494 2729 qua:
1517 2660 1570 2714 in
1597 2660 1666 2714 eis
1691 2669 1810 2714 sunt
1834 2660 2132 2731 positionem

552 2757 622 2810 ad
650 2773 703 2809 se
731 2754 939 2809 invicem
967 2752 1281 2819 habentibus,
1306 2750 1412 2807 alia
1436 2761 1605 2807 autem
1633 2767 1695 2806 ea:
1718 2735 1820 2807 non
1836 2750 2130 2807 habentibus

551 2848 873 2915 positionem.

622 2982 748 3037 llaec
772 2980 977 3036 scilicet
1002 2978 1203 3034 idcirco
1231 2977 1431 3033 nullam
1462 2979 1781 3049 positionem
1812 2980 1877 3035 ad
1907 2994 1967 3035 se
1992 2980 2129 3035 invi-

552 3093 666 3135 cem
689 3077 917 3147 partium
944 3074 1198 3141 retinent,
1225 3072 1367 3144 quod
1389 3074 1475 3129 his
1497 3074 1696 3144 aliquid
1722 3074 1790 3132 de
1813 3074 2131 3150 supradictis

553 3169 712 3225 rebus
748 3168 939 3223 deesse
978 3165 1320 3222 manifestum
1360 3174 1462 3220 est.
1529 3164 1794 3221 Numerus
1832 3165 1975 3222 enim
2018 3166 2131 3237 ipse

2241 597 2304 636 ac
2330 582 2373 636 si
2402 581 2627 649 diceret,
2660 582 2868 653 penitus
2895 595 3002 637 non
3032 579 3282 651 accipias.
3309 576 3527 633 Multum
3558 573 3698 629 enim
3720 584 3825 641 pro

2242 672 2459 728 omnino
2493 673 2705 729 videtur
2747 672 3078 745 adjunctum,
3120 684 3182 725 ac
3203 671 3249 725 si
3277 668 3480 724 diceret
3506 663 3827 736 positionem
3864 700 3867 701 ν

2241 781 2368 822 vero
2403 781 2507 823 non
2536 766 2753 822 omnino
2777 767 3039 839 accipies,
3069 763 3270 819 idcirco
3296 760 3438 834 quod
3465 759 3578 830 ipsa
3607 755 3829 828 quidem

2241 859 2567 915 continuatio
2603 858 2695 931 dat
2725 859 2955 929 aliquam
3001 856 3306 927 imaginem,
3343 851 3485 924 quod
3525 849 3695 921 possit
3726 848 3831 902 ha-

2241 950 2369 1009 bere
2441 952 2669 1022 aliquam
2708 951 2934 1023 partium
2965 948 3306 1022 positionem,
3347 945 3443 1002 sed
3471 943 3571 998 hoc
3607 940 3833 997 minime

2239 1055 2348 1112 est,
2381 1044 2580 1101 idcirco
2608 1044 2749 1115 quod
2779 1032 3026 1115 quamvis
3052 1042 3159 1098 sint
3183 1039 3449 1096 continua:
3474 1035 3831 1107 quantitates,

2241 1138 2287 1193 si
2318 1146 2491 1192 tamen
2538 1124 2644 1192 uno
2672 1145 2889 1192 careant
2915 1150 2980 1190 ex
3003 1133 3087 1189 bis
3110 1145 3231 1204 quae
3249 1128 3495 1201 superius
3515 1126 3832 1190 dicta’sunt.

2242 1230 2559 1301 positionem
2596 1229 2823 1299 partium
2856 1226 3059 1283 habere
3097 1239 3203 1280 non
3237 1230 3479 1294 possunt.
3523 1218 3657 1275 Nam
3685 1222 3829 1287 aqua

2240 1338 2399 1393 quam
2428 1321 2601 1376 ﬁstula
2629 1320 2853 1388 evomit,
2882 1319 3007 1372 dum
3038 1315 3182 1371 cadit
3211 1313 3425 1385 quidem
3453 1312 3651 1367 retinet
3681 1308 3833 1378 posi-

2243 1415 2486 1482 tionem;
2516 1428 2639 1469 cum
2686 1427 2814 1469 vero
2856 1411 2965 1480 jam
3013 1408 3197 1466 en‘usae
3244 1406 3402 1463 undas
3442 1419 3501 1460 se
3529 1399 3833 1466 miscuerit,

2242 1507 2803 1581 positionem'partium
2833 1507 3007 1580 perdit
3033 1526 3044 1561 :
3072 1516 3131 1561 et
3156 1504 3348 1561 ﬂuvius
3374 1516 3588 1574 quoque
3611 1495 3835 1569 quando

2240 1604 2292 1660 in
2317 1603 2535 1674 pelagus
2556 1602 2694 1669 ﬂuit,
2716 1611 2772 1657 et
2793 1600 3111 1672 positionem
3133 1598 3344 1654 videtur
3372 1595 3570 1650 habere
3594 1590 3833 1662 partium

2240 1703 2296 1750 et
2327 1708 2449 1751 esse
2479 1695 2785 1762 continuus,
2825 1706 2946 1747 cum
2990 1688 3224 1746 nondum
3264 1686 3481 1743 marinas
3506 1696 3656 1753 aqum
3685 1678 3834 1736 ﬂuvii

2239 1786 2549 1859 superficies
2588 1786 2705 1857 ipsa
2743 1784 2996 1855 permista
3035 1790 3148 1847 est;
3182 1794 3301 1835 cum
3348 1791 3476 1832 vero
3515 1772 3836 1831 extremitas

2161 1875 2211 1939 Β
2236 1881 2424 1936 amnis'
2440 1879 2645 1936 marina
2665 1877 2934 1933 alluvione
2961 1871 3307 1943 contingitur,
3331 1877 3494 1924 totam
3522 1866 3638 1921 sine
3659 1861 3834 1918 dubio

2235 1971 2556 2042 positionem
2589 1969 2796 2025 videtur
2826 1967 3091 2024 amittere.
3123 1962 3306 2018 Oratio
3336 1972 3547 2032 quoque
3575 1954 3832 2013 similiter

2235 2080 2356 2122 sese
2397 2064 2739 2130 habet;nam
2786 2074 2890 2116 nec
2930 2059 3043 2130 ipsa
3084 2056 3191 2111 ullo
3231 2054 3352 2109 loco
3391 2050 3561 2123 posita
3596 2057 3700 2111 est,
3734 2059 3836 2101 nec

2234 2160 2349 2231 ejus
2382 2165 2560 2228 partes
2587 2156 2658 2210 ad
2692 2154 2923 2225 aliquam
2959 2150 3371 2221 coniunguntur,
3412 2144 3509 2201 sed
3534 2158 3564 2197 a
3593 2157 3655 2198 se
3683 2139 3834 2195 invi-

2234 2267 2348 2308 cem
2380 2250 2485 2305 illze
2517 2249 2765 2304 discretae
2810 2252 2954 2311 sunt,
2987 2257 3087 2299 nec
3127 2255 3249 2297 cum
3287 2239 3403 2309 ejus
3445 2243 3625 2307 partes
3664 2231 3832 2288 dicta:

2233 2352 2380 2410 sunt,
2409 2349 2742 2412 permanent,
2774 2346 2934 2409 atque
2953 2336 3056 2391 hoc
3083 2344 3165 2389 est
3188 2331 3332 2404 quod
3360 2330 3457 2385 ait.
3489 2326 3596 2385 Sed
3624 2325 3833 2381 dictum

2234 2445 2337 2501 est,
2369 2444 2423 2489 et
2466 2448 2573 2488 non
2614 2442 2698 2489 est
2734 2431 2873 2487 ultra
2920 2429 3023 2484 hoc
3065 2426 3225 2483 sumi.
3277 2422 3397 2478 Mos
3438 2419 3584 2477 enim
3630 2417 3838 2473 dicitur

2234 2541 2434 2593 sermo,
2474 2540 2600 2580 mox
2647 2523 2900 2595 praeterit,
2941 2536 3040 2577 nec
3081 2519 3184 2574 ulla
3224 2515 3435 2573 ratione
3474 2512 3676 2584 poterit
3712 2523 3837 2581 per.

2234 2634 2470 2686 manere,
2499 2632 2666 2690 quare
2695 2632 2819 2673 mox
2846 2626 2901 2671 ut
2930 2612 3129 2685 aliquid
3155 2614 3355 2669 dictum
3383 2612 3473 2676 sit,
3503 2609 3621 2678 eius
3652 2615 3839 2678 partes

2234 2712 2445 2769 ostendi
2473 2721 2528 2767 et
2553 2709 3013 2768 demonstratione
3047 2708 3185 2763 sumi
3216 2722 3321 2763 non
3381 2714 3627 2777 possunt.
3689 2701 3831 2758 Con-

2231 2811 2341 2859 stat
2378 2804 2537 2874 igitur
2565 2803 2866 2859 orationem
2893 2814 3105 2871 quoque
3140 2814 3210 2854 ex
3248 2799 3331 2853 his
3368 2812 3489 2854 esse
3525 2813 3648 2868 quae
3684 2795 3837 2866 posi-

2237 2895 2433 2952 tionem
2477 2896 2706 2966 partium
2738 2910 2845 2950 non
2874 2894 3092 2958 habent,
3126 2895 3193 2953 de
3222 2892 3411 2951 ordine
3444 2905 3570 2946 vero
3611 2888 3840 2944 dubium

2234 2997 2336 3043 est.
2378 2987 2508 3043 Nam
2538 2990 2584 3044 si
2622 2990 2743 3060 quis
2783 3004 2962 3045 sermo
2991 2990 3195 3061 aliquid
3230 2987 3514 3058 signiticet,
3546 2991 3607 3037 ut
3638 2990 3727 3038 est
3756 2977 3850 3053 Ci;

2235 3093 2386 3147 cero,
2417 3088 2500 3135 est
2528 3080 2581 3135 in
2607 3095 2673 3135 eo
2702 3082 2917 3153 quidam
2947 3082 3077 3138 ordo
3110 3080 3251 3153 quod
3282 3080 3328 3133 ei
3357 3076 3569 3149 syllaba
3599 3073 3843 3145 primum

2237 3173 2451 3240 dicitur,
2481 3175 2715 3230 secunda
2747 3190 2871 3231 vero
2897 3192 2969 3244 ce,
3004 3176 3162 3231 tertia
3188 3191 3267 3241 ro,
3290 3182 3344 3229 et
3368 3172 3545 3241 potius
3572 3184 3641 3223 ex
3672 3167 3841 3237 signi.

550 3262 815 3318 discretus
843 3270 947 3327 est,
974 3275 1075 3317 nec
1104 3269 1280 3330 partes
1306 3259 1423 3331 ejus
1450 3259 1518 3316 ad
1548 3275 1609 3317 se
1642 3261 1872 3318 invicem
1901 3262 2129 3333 conjun-
2158 3254 2205 3319 C
2235 3264 2485 3322 ﬁcatione
2513 3267 2756 3325 ordinem
2787 3270 2984 3334 sumit;
3018 3268 3064 3323 si
3090 3282 3219 3323 vero
3247 3264 3380 3321 nihil
3410 3261 3703 3334 signiﬁcet,
3738 3272 3847 3314 nec

550 3365 764 3427 guntur,
792 3355 887 3412 sed
913 3355 1131 3413 omnino
1152 3354 1401 3411 discretae
1426 3363 1571 3411 sunt.
1599 3357 1773 3427 Atque
1800 3356 1999 3413 idcirco
2025 3371 2134 3415 non

549 3457 722 3505 estex
755 3448 820 3505 iis
845 3461 963 3519 quae
982 3447 1180 3505 habent
1204 3447 1272 3504 'ad
1299 3462 1360 3504 se
1386 3447 1613 3505 invicem
1642 3448 1871 3519 aliquam
1902 3432 2131 3520 partium

554 3541 896 3610 positionem,
929 3556 1030 3597 nec
1059 3555 1185 3597 vero
1216 3541 1390 3610 possis
1428 3539 1709 3597 ostendere
1748 3540 1839 3610 qui
1880 3555 2134 3597 numerus

548 3648 654 3702 quo
698 3633 817 3690 loco
850 3633 1027 3703 jaceat
1056 3649 1069 3687 :
1096 3631 1299 3688 habere
1343 3641 1522 3689 autem
1563 3631 1878 3701 positionem
1916 3631 2130 3701 dicitur,

548 3719 690 3793 quod
719 3724 800 3794 (ut
822 3724 1025 3778 dictum
1051 3721 1155 3794 est)
1179 3732 1234 3778 et
1259 3724 1313 3778 in
1340 3723 1459 3779 loco
1483 3724 1662 3795 aliquo
1688 3724 1922 3793 positum
1947 3732 2051 3790 est,
2080 3732 2135 3779 et

551 3815 662 3885 ipsa
685 3813 879 3884 positio
902 3814 1241 3870 manentibus
1267 3814 1506 3882 partibus
1531 3822 1765 3879 constat,
1792 3822 1847 3869 et
1874 3814 1941 3869 ad
1967 3828 2026 3869 se
2052 3813 2134 3870 in-

548 3908 717 3965 vicem
758 3906 1057 3976 conjunctis
1104 3904 1569 3975 continuatisque,
1600 3914 1658 3961 ut
1684 3906 1773 3960 ubi
1801 3920 2028 3976 quaeque
2052 3906 2135 3975 ja-

546 4009 685 4066 ceat,
712 4005 766 4054 et
790 4011 910 4068 quas
946 3997 1013 4051 ad
1042 4011 1202 4066 quam
1235 3995 1577 4052 contionetur
1608 3997 1775 4067 possit
1802 3997 2045 4063 ostendi;
2079 3998 2132 4053 in

545 4105 770 4147 numero
798 4103 926 4145 vero
951 4088 1084 4144 nihil
1113 4088 1306 4144 horum
1339 4098 1444 4145 est.
1497 4088 1628 4145 Nam
1657 4104 1832 4161 neque
1872 4089 1926 4144 in
1954 4090 2133 4160 aliquo

545 4186 663 4243 loco
687 4199 808 4240 esse
837 4184 1038 4254 positus
1066 4182 1484 4249 demonstratur,
1510 4198 1612 4239 nec
1639 4183 1757 4253 ejus
1789 4192 1970 4254 partes
1997 4198 2129 4239 con-

544 4278 738 4346 iunctas
766 4280 910 4329 sunt.
942 4273 1201 4341 Quocirca
1233 4288 1461 4329 numero
1491 4288 1558 4329 ex
1586 4275 1754 4330 tribus
1785 4274 1870 4330 his
1899 4289 2020 4345 qua:
2046 4273 2134 4329 di-

546 4368 719 4423 ximus
742 4366 864 4431 duae
894 4379 981 4421 res
1010 4364 1225 4431 desunt,
1255 4364 1359 4420 loci
1390 4364 1583 4434 positio
1611 4373 1666 4422 et
1697 4368 1927 4436 partium
1962 4366 2135 4422 conti-

544 4459 743 4527 nuatio,
800 4466 1007 4527 tempus
1057 4455 1219 4512 etiam
1272 4471 1577 4527 quanquam
1624 4458 1733 4512 sint
1784 4457 1899 4528 ejus
1954 4465 2133 4529 partes

478 4614 479 4621 η
544 4551 827 4614 continuat,
854 4557 1032 4604 tamen
1060 4548 1314 4620 quoniam
1343 4564 1452 4604 non
1484 4560 1821 4618 permanent,
1856 4548 1954 4605 sed
1984 4563 2131 4605 sem-

2241 3354 2483 3413 ordinem
2511 3356 2706 3413 dicitur
2738 3358 2966 3429 habere,
2999 3368 3056 3414 ut
3090 3358 3407 3426 scindapsus
3447 3353 3580 3409 nihil
3617 3351 3849 3422 quidem

2236 3448 2538 3519 signiticet;
2580 3449 2676 3506 sed
2705 3450 2819 3507 sive
2856 3446 3145 3507 secun'dam
3183 3447 3439 3520 syllabam
3472 3446 3708 3516 primam
3743 3458 3840 3513 po-

2228 3532 2358 3602 ‘nas.
2390 3540 2506 3597 sive
2532 3541 2772 3596 ultimam
2812 3543 3061 3613 primam,
3090 3542 3204 3598 sive
3231 3537 3644 3613 quomodolibet
3673 3535 3847 3608 sylla-

2235 3629 2425 3688 barum
2452 3630 2695 3688 ordinem
2723 3633 3025 3705 seriemque
3054 3633 3395 3703 permisceas,
3428 3628 3574 3685 idem
3607 3629 3759 3683 erit:
3794 3628 3853 3682 in

2236 3723 2608 3795 signiﬁcativis
2638 3725 2780 3781 enim
2811 3726 3031 3781 vocibus
3062 3725 3264 3781 idcirco
3293 3738 3416 3780 esse
3440 3721 3664 3788 dicitur,
3695 3718 3855 3791 quod

2228 3814 2332 3870 illo
2372 3815 2559 3872 ordine
2599 3825 2902 3887 permutato
2950 3818 3029 3872 vis
3071 3815 3478 3887 signiﬁcationis
3536 3812 3860 3879 evertitur;

2236 3905 2323 3964 hic
2362 3924 2521 3977 vero,
2573 3911 2661 3965 ubi
2703 3910 2844 3966 nulla
2890 3919 2972 3966 est
3013 3910 3366 3981 signiﬁcatio,
3414 3907 3551 3963 nihil
3604 3908 3858 3963 interest

2235 4002 2633 4074 quomodolibet
2662 4004 2878 4073 iaceant
2906 4014 3106 4074 partes.
3142 4003 3320 4070 Quare
3346 4000 3521 4057 oratio
3547 4001 3607 4055 in
3633 4000 3859 4071 aliqui-

2234 4095 2335 4151 bus
2358 4096 2575 4166 quidem
2600 4095 2760 4151 habet
2790 4095 3032 4151 urdinem
3066 4096 3315 4165 partium,
3350 4096 3399 4150 in
3428 4092 3553 4147 aliis
3578 4106 3718 4148 vero
3746 4102 3862 4147 ne:

2235 4187 2370 4242 ordo
2391 4188 2506 4257 ipse
2537 4188 2732 4255 poterit
2759 4186 3003 4242 inveniri.
3032 4185 3113 4240 Au
3142 4185 3369 4241 fortasse
3394 4183 3570 4239 oratio
3594 4182 3709 4239 dici
3735 4194 3867 4238 non

2236 4286 2413 4348 potest
2445 4292 2564 4348 quae
2600 4277 2729 4332 nihil
2750 4278 3052 4348 'signilicat,
3085 4286 3140 4334 et
3166 4276 3310 4333 nulla
3353 4285 3439 4332 est
3471 4274 3679 4339 oratio,
3719 4281 3865 4345 qua

2234 4366 2480 4423 ordinem
2516 4380 2622 4421 non
2655 4365 2845 4421 habeat
2870 4367 3049 4437 lErgo
3077 4366 3370 4422 secundum
3401 4366 3649 4435 priorem
3673 4377 3875 4433 quam

2236 4459 2404 4513 titatis
2426 4457 2765 4525 divisionem,
2790 4457 2879 4513 ubi
2905 4458 3182 4514 dicebatur
3209 4457 3529 4530 quantitatis
3567 4455 3683 4511 alia
3723 4470 3871 4514 esse

2238 4551 2510 4617 continua,
2540 4552 2641 4606 alia
2680 4566 2806 4607 vero
2838 4551 3091 4618 discreta,
3136 4551 3372 4625 quinque
3397 4560 3523 4607 sunt
3548 4551 3874 4621 continua,

476 4686 477 4693 η
545 4659 639 4715 per
673 4650 976 4707 moventur,
1015 4656 1334 4715 semperque
1366 4652 1714 4713 praetereunt,
1742 4642 1943 4700 habere
1982 4643 2129 4713 posi-
2156 4621 2209 4685 Ῑ)
2234 4641 2341 4698 duo
2371 4657 2503 4699 vero
2537 4642 2789 4699 discreta.
2830 4641 3091 4700 Continua
3133 4621 3349 4715 quidem
3392 4644 3558 4709 linea,
3604 4644 3875 4714 superﬂ-

545 4741 741 4795 tionem
771 4739 1001 4807 partium
1024 4751 1129 4792 non
1154 4736 1368 4794 dicitur.
1400 4737 1624 4808 Semper
1650 4736 1794 4793 enim
1823 4735 1995 4792 veloci
2022 4736 2132 4806 agi-

543 4832 742 4889 tatione
790 4837 1087 4901 torquetur,
1144 4836 1201 4885 et
1240 4831 1507 4885 currentis
1527 4842 1683 4899 aqua:
1711 4842 1860 4883 more
1890 4827 1947 4882 in
1983 4825 2129 4882 nulla

542 4939 770 4995 unquam
794 4924 1025 4979 statione
1052 4921 1318 4989 consistit,
1345 4921 1491 4993 quod
1512 4920 1639 4992 quia
1666 4929 1846 4991 partes
1871 4919 1990 4990 ejus
2018 4934 2129 4975 non

505 5055 513 5083 ς
542 5026 854 5086 permanent
880 5056 896 5081 ,
920 5031 986 5072 ex
1014 5016 1331 5072 habentibus
1356 5014 1425 5070 ad
1454 5029 1515 5071 se
1544 5014 1777 5070 invicem
1802 5012 2126 5083 positionem

500 5106 509 5148 τ’
539 5106 650 5163 suis
669 5105 906 5177 partibus
923 5114 1170 5162 constare
1190 5120 1295 5162 non
1315 5104 1526 5161 dicitur.
1549 5102 1659 5159 Sed
1680 5103 1797 5158 hac
1814 5097 2119 5173 quanquam

538 5201 856 5273 positionem
897 5199 1126 5272 partium
1158 5198 1357 5256 habere
1398 5213 1504 5255 non
1532 5206 1776 5267 possunt,
1812 5204 1991 5252 tamen
2019 5195 2118 5250 ha-

535 5298 665 5350 bent
708 5292 951 5350 ordinem
993 5292 1309 5363 quemdam,
1350 5304 1508 5360 quem
1552 5297 1747 5359 praeter
1794 5287 2117 5357 positionem

532 5390 762 5460 partium
791 5394 996 5442 tantum
1023 5384 1276 5440 retinent.
1307 5380 1542 5436 Dicimus
1563 5380 1705 5436 enim
1732 5379 1965 5449 priorem
1996 5393 2118 5436 esse

531 5478 797 5535 binarium
824 5492 983 5549 quam
1013 5474 1326 5535 ternarium,
1356 5481 1515 5541 atque
1545 5471 1688 5526 hunc
1711 5486 1871 5542 quam
1899 5480 2118 5540 quater-

532 5572 764 5639 narium,
785 5581 842 5629 et
864 5572 920 5627 in
942 5580 1181 5638 tempore
1205 5566 1452 5621 nimirum
1475 5564 1618 5620 idem
1644 5564 1777 5620 ordo
1801 5565 2112 5622 revertitur.

528 5664 806 5722 Posterius
829 5662 973 5717 enim
1012 5660 1245 5713 futurum
1290 5663 1576 5725 praesente,
1609 5670 1954 5726 praesensque
1983 5672 2120 5728 prae-

516 5744 708 5812 serito.
759 5752 1021 5820 Quocirca
1046 5750 1147 5804 etsi
1176 5749 1291 5802 haec
1319 5761 1423 5802 non
1475 5746 1669 5803 habent
1722 5747 1955 5818 aliquam
1997 5764 2119 5818 par-

532 5849 664 5901 tium
686 5842 1031 5909 positionem,
1064 5840 1289 5896 retinent
1314 5848 1487 5895 tamen
1516 5840 1777 5897 ordinem.
1810 5838 1961 5904 Quod
1990 5857 2117 5899 vero

1217 5993 1221 5996 ‹
1270 5990 1299 6000 ο.

2234 4734 2366 4801 cies,
2398 4732 2657 4802 soliditas,
2695 4734 2866 4801 locus,
2893 4744 3122 4806 tempus.
3149 4736 3387 4791 Discreta
3410 4748 3543 4789 vero
3569 4749 3877 4792 numerus

2235 4837 2290 4884 et
2328 4827 2516 4883 oratio.
2567 4826 2622 4882 ln
2668 4826 2766 4883 hac
2812 4843 2940 4884 vero
2977 4827 3211 4885 secunda
3252 4825 3517 4882 divisione
3550 4839 3668 4896 qua
3716 4827 3879 4885 dicit

2234 4919 2365 4975 alias
2399 4919 2720 4989 quantitates
2754 4935 2819 4975 ex
2847 4919 3166 4975 habentibus
3195 4918 3264 4975 ad
3302 4933 3363 4974 se
3399 4918 3641 4974 invicem
3685 4923 3881 4991 posi.

2235 5013 2432 5066 tionem
2462 5021 2704 5066 constare
2736 5011 2990 5080 partibus,
3030 5019 3259 5079 quatuor
3298 5009 3517 5081 quidem
3549 5022 3695 5068 sunt
3730 5028 3884 5086 qua

2233 5101 2463 5165 retinent
2492 5100 2831 5168 positionem,
2855 5100 2906 5153 id
2930 5109 3010 5154 est
3032 5100 3195 5167 linea,
3225 5101 3570 5171 superﬁcies,
3606 5117 3889 5178 corpus,

2234 5192 2378 5246 locus
2406 5207 2419 5255 ;
2454 5190 2553 5243 tria
2583 5204 2707 5244 vero
2735 5206 2853 5260 quae
2881 5193 3197 5260 positionem
3229 5209 3338 5250 non
3371 5194 3600 5261 habent,
3634 5199 3764 5255 sed
3799 5218 3889 5261 ex

2234 5286 2316 5341 his
2346 5286 2449 5341 duo
2476 5298 2687 5354 semper
2720 5287 2959 5345 ordinem
3000 5289 3252 5353 retinent,
3286 5297 3503 5359 tempus
3530 5291 3787 5352 scilicet
3827 5311 3893 5357 es

2230 5392 2506 5432 numerus.
2548 5376 2731 5431 Oratio
2762 5392 2888 5432 vero
2914 5379 2961 5434 si
2990 5378 3116 5448 quid
3142 5378 3451 5449 signiticet,
3481 5379 3663 5436 habet
3696 5389 3871 5447 οηιί

2229 5485 2379 5535 nem;
2409 5470 2453 5523 si
2483 5483 2606 5523 vero
2627 5468 2757 5523 nihil
2786 5470 3063 5540 signiticet,
3091 5470 3393 5526 inordinata
3421 5480 3534 5537 est;
3567 5475 3619 5528 si
3655 5484 3895 5537 tamen

2224 5563 2395 5618 oratio
2419 5562 2549 5616 nihil
2575 5562 2880 5632 signiﬁcans
2903 5563 3007 5618 dici
3036 5564 3223 5633 possit,
3252 5564 3339 5621 bis
3362 5565 3524 5622 dictis
3551 5567 3687 5638 ipse
3727 5590 3896 5632 con-

2225 5655 2393 5710 cludit
2428 5654 2610 5709 dicens
2642 5671 2654 5708 :
2691 5654 2848 5725 igitur
2895 5656 2995 5710 alia
3025 5671 3090 5711 ex
3120 5656 3444 5716 habentibus
3484 5661 3555 5716 ad
3594 5678 3662 5719 se
3708 5666 3901 5725 invi-

2223 5763 2338 5803 cem
2370 5746 2605 5815 partibus
2644 5743 2959 5816 positionem
2990 5757 3258 5814 constant,
3297 5751 3405 5806 alia
3438 5767 3573 5807 vero
3606 5771 3685 5811 ex
3758 5778 3905 5822 non

2226 5838 2536 5896 habentibus
2593 5842 2928 5904 positionem.
2993 5840 3099 5898 llac
3144 5842 3303 5908 igitur
3351 5842 3636 5905 divisione
3692 5845 3903 5919 ﬂuit;
