4030 6336
272 368 378 427 209

1311 363 1373 420 ΙΝ
1412 360 1839 420 CATEGORIAS
1876 362 2318 420 ARISTOTEHS
2357 364 2466 420 LIB
2504 367 2564 421 ll.

3425 366 3530 424 210

273 482 467 539 transit
490 480 559 537 ad
586 489 778 539 cetera
809 487 1111 537 monstrans
1140 492 1258 551 qua:
1288 479 1501 549 proprie
1530 475 1852 548 quantitates
1880 480 1934 540 Α
1959 484 2070 531 tum
2097 486 2257 545 atque
2279 478 2543 533 actionem
2569 479 2788 534 multam
2815 494 2934 550 quae
2967 480 3123 551 longe
3148 488 3390 551 tempore
3416 496 3535 551 per-

273 582 672 645 uuncupantur,
699 562 821 644 quae
841 571 1133 628 secundum
1162 569 1427 626 accidens.

1960 566 2200 634 ﬁciatur;
2230 583 2396 638 quare
2415 570 2668 638 quoniam
2692 572 2757 625 ad
2784 572 3026 641 proprias
3045 573 3371 643 quantitates
3394 576 3536 645 aspi-

351 688 589 759 P'oprite
612 696 783 744 autem
820 685 1129 759 quantitates
1174 683 1254 739 har
1292 683 1414 737 sola:
1452 681 1693 735 dicuntur
1732 694 1854 747 quas

1958 660 2160 715 cientes
2180 701 2195 726 ,
2226 669 2384 730 atque
2407 660 2475 716 ad
2502 676 2596 717 eas
2620 677 2709 719 res
2732 672 2959 721 caeteras
2987 664 3287 722 referentes
3315 705 3331 733 ,
3361 682 3536 737 quan-

274 782 529 853 diayimus,
557 781 661 836 alia
691 795 809 837 vero
849 777 1021 832 omnia
1048 775 1324 831 secundum
1362 774 1630 839 accidens,
1657 772 1725 824 ad
1750 771 1857 825 hera

260 874 414 928 enim
443 873 824 943 aspicienteset
852 869 959 924 alia
988 869 1207 923 dicimus
1242 866 1545 937 quantitates
1567 905 1583 931 ,
1625 871 1681 919 ut
1722 862 1858 917 mul-

280 973 388 1019 turn
415 964 599 1019 dicitur
629 962 801 1018 allium
821 1004 837 1026 ,
881 977 939 1017 eo
973 960 1111 1031 quod
1143 959 1433 1031 superﬁcies
1474 958 1636 1012 multa
1669 957 1768 1024 sit,
1808 963 1858 1010 et

278 1056 415 1110 actia
455 1056 643 1126 longa,
685 1070 745 1109 eo
784 1052 924 1124 quod
964 1061 1162 1123 tempus
1205 1052 1420 1104 multum
1452 1052 1554 1112 sit,
1598 1056 1649 1103 et
1693 1056 1858 1102 motus

278 1148 503 1215 mullus,
535 1162 696 1219 neque
722 1147 858 1201 enim
886 1146 1067 1201 horum
1094 1144 1351 1216 singulum
1390 1158 1481 1214 per
1518 1157 1573 1196 se
1609 1149 1858 1211 quantum

278 1244 487 1312 dicitur,
536 1252 592 1296 ut
642 1243 684 1297 si
726 1242 842 1311 quis
884 1240 1104 1310 assignet
1144 1245 1337 1309 quanta
1374 1236 1439 1289 sit
1478 1236 1653 1304 aliqua
1692 1235 1857 1300 actio,

278 1345 505 1408 tempore
529 1334 738 1404 difﬁniet
758 1373 775 1400 ,
802 1333 926 1387 anni
956 1347 1247 1385 mensuram
1270 1329 1348 1383 vel
1382 1327 1456 1381 sic
1495 1326 1668 1397 aliqua
1706 1325 1858 1380 modo

275 1428 567 1496 assignans.
597 1424 666 1480 Et
687 1424 862 1478 album
888 1430 1135 1493 quantum
1162 1422 1228 1475 sit
1257 1420 1526 1489 assignans
1546 1460 1560 1483 ,
1591 1416 1860 1487 superﬁcie

277 1519 508 1589 diﬂiniet.
543 1518 751 1584 Quanta
782 1516 916 1571 enim
942 1513 1238 1585 superﬁcies
1280 1512 1472 1583 fuerit,
1514 1516 1712 1563 tantunt
1755 1524 1862 1562 esse

275 1608 451 1662 album
479 1609 627 1663 dicet.
673 1607 840 1675 Quare
869 1604 993 1660 solre
1020 1604 1244 1674 propria:
1272 1611 1318 1657 et
1352 1600 1627 1655 secundum
1665 1598 1881 1672 seipsas’

274 1702 584 1771 quantitates
609 1698 851 1755 dicuntur
872 1713 984 1770 qua:
1004 1697 1153 1752 dicta:
1171 1706 1311 1763 sunt,
1337 1694 1560 1749 aliorum
1585 1708 1701 1747 vero
1730 1691 1861 1747 nihil

274 1810 373 1865 per
394 1811 450 1849 se
466 1834 484 1863 ,
513 1794 602 1848 sed
629 1808 717 1864 per
740 1792 993 1846 accidens.

351 1907 725 1978 Principaliter
752 1906 951 1978 aliquid
981 1920 1104 1962 esse
1124 1904 1337 1971 dicitur,
1371 1901 1514 1973 quod
1540 1916 1635 1972 per
1664 1914 1725 1957 se
1755 1899 1862 1957 tale

273 2009 367 2056 est
416 1999 572 2070 quale
634 2012 756 2055 esse
797 1997 1213 2052 demonstratur.
1263 1992 1567 2051 Secundum
1611 1990 1863 2059 accidens

272 2107 404 2149 vero
435 2092 570 2148 illud
597 2092 740 2164 quod
768 2106 874 2147 non
905 2106 1002 2162 per
1033 2104 1129 2157 se,
1168 2076 1264 2145 sed
1297 2103 1391 2158 per
1444 2085 1588 2142 aliud
1631 2086 1741 2143 talo
1781 2094 1864 2142 est

273 2183 430 2254 quale
458 2197 577 2238 esse
605 2181 893 2248 dicitur,ut
920 2178 1152 2236 albedini
1178 2193 1275 2249 per
1300 2192 1360 2234 se
1386 2176 1528 2233 inest
1552 2176 1739 2234 color:
1772 2189 1860 2231 se-

275 2272 506 2329 cundum
542 2280 786 2328 naturam
830 2270 973 2327 enim
1014 2270 1151 2338 albi,
1196 2269 1345 2325 color
1386 2282 1506 2324 esse
1546 2267 1743 2323 dicitur
1786 2265 1863 2322 al-

275 2365 418 2421 bedo
446 2382 459 2429 ;
489 2380 610 2420 cum
638 2378 769 2420 vero
799 2362 961 2419 homo
986 2362 1184 2420 dicitur
1211 2363 1481 2417 coloratus
1503 2402 1521 2430 ,
1548 2375 1653 2417 non
1683 2375 1779 2431 per
1802 2374 1862 2417 se

273 2457 488 2525 dicitur,
515 2458 712 2514 idcirco
736 2456 878 2526 quod
905 2456 1069 2513 homo
1095 2457 1148 2511 in
1174 2469 1240 2511 eo
1263 2454 1403 2527 quod
1433 2454 1596 2510 homo
1624 2462 1741 2520 est,
1767 2466 1863 2509 co-

273 2548 359 2605 lor
394 2566 499 2605 non
540 2559 658 2617 est,
701 2548 797 2604 sed
844 2548 1095 2619 quoniam
1141 2546 1302 2602 habet
1340 2547 1611 2613 colorem,
1659 2544 1859 2599 idcirco

273 2643 470 2699 dicitur
524 2642 812 2698 coloratus.
866 2642 1006 2712 Ergo
1053 2638 1503 2711 quemadmodum
1547 2638 1727 2694 album
1777 2638 1855 2693 id-

274 2735 423 2791 circo
471 2732 619 2789 color
646 2742 733 2789 est
748 2747 854 2803 per
877 2746 938 2789 se
965 2732 1220 2802 quoniam
1246 2730 1396 2786 color
1422 2730 1662 2785 naturale
1691 2727 1859 2800 quod-

271 2827 397 2885 dam
426 2836 510 2883 est
531 2841 727 2899 genus,
762 2826 922 2883 homo
946 2840 1078 2882 vero
1102 2824 1305 2881 idcirco
1331 2823 1602 2880 coloratus
1662 2821 1859 2877 dicitur

271 2918 528 2989 quoniam
572 2917 737 2973 habet
778 2917 1057 2983 colorem;
1087 2925 1144 2974 et
1182 2915 1378 2973 dicitur
1420 2914 1597 2971 album
1640 2913 1854 2985 quidem

272 3024 374 3082 per
414 3024 475 3065 se
522 3019 577 3065 et
624 3008 991 3080 principaliter
1038 3010 1211 3076 color,
1262 3006 1423 3063 homo
1477 3020 1607 3063 vero
1656 3020 1853 3061 secun-

271 3101 405 3158 dum
434 3100 682 3159 accidens
706 3101 1000 3159 coloratus.
1048 3100 1125 3157 ita
1158 3115 1371 3172 quoque
1400 3108 1453 3156 et
1482 3098 1805 3170 quantitates
1832 3114 1845 3152 :

272 3195 392 3251 haec
417 3198 558 3253 enim
589 3196 770 3252 omnia
798 3210 918 3267 quas
945 3194 1087 3251 dicta
1118 3204 1242 3250 sunt
1262 3236 1276 3260 ,
1307 3181 1363 3249 id
1413 3186 1497 3249 est
1536 3192 1674 3248 linea
1695 3234 1711 3261 ,
1755 3206 1847 3248 su-

271 3288 552 3361 perﬁcies,
588 3303 822 3359 corpus,
863 3301 1157 3354 numerus,
1199 3284 1413 3352 oratio,
1461 3293 1704 3356 tempus,
1752 3297 1849 3354 per

269 3397 335 3438 se
377 3393 431 3439 et
471 3384 763 3439 secundum
806 3383 1077 3454 propriam
1119 3390 1365 3437 naturam
1397 3382 1721 3451 quantitates
1763 3380 1851 3436 di-

269 3486 489 3533 cuntur.
541 3476 598 3535 Si
645 3492 749 3548 qua
794 3491 924 3533 vero
968 3477 1072 3531 alia
1115 3476 1362 3532 dicuntur
1400 3464 1695 3553 secundum
1755 3476 1852 3530 ali-

269 3584 437 3641 quant
463 3570 816 3640 quantitatem
836 3609 854 3637 ,
885 3582 992 3624 nou
1019 3582 1117 3638 per
1145 3582 1205 3624 se
1222 3608 1240 3635 ,
1268 3566 1362 3623 sed
1391 3566 1685 3623 secundum
1711 3567 1852 3623 acci-

269 3664 407 3720 dens
432 3664 775 3719 nominantur
799 3680 815 3719 :
845 3672 906 3717 ut
922 3662 1102 3717 album
1126 3662 1323 3717 dicitur
1350 3660 1574 3716 multum
1591 3700 1607 3727 ,
1632 3674 1737 3715 non
1766 3660 1852 3715 id-

269 3758 423 3815 circo
449 3757 590 3828 quod
620 3755 814 3813 albedo
842 3755 913 3811 sit
939 3758 1212 3827 quantitas
1233 3795 1249 3821 ,
1280 3753 1375 3811 sed
1401 3753 1653 3823 quoniam
1685 3754 1852 3809 multa

268 3853 346 3908 sit
384 3851 694 3923 superﬁcies
713 3892 727 3916 ,
756 3852 808 3905 in
836 3865 939 3921 qua
970 3848 1103 3905 illud
1131 3849 1309 3905 album
1340 3849 1428 3904 sit.
1457 3848 1515 3903 Si
1544 3847 1684 3904 enim
1716 3846 1854 3901 mul-

269 3952 387 3999 tum
417 3944 643 4014 spatium
688 3942 847 3997 fuerit
885 3942 1088 4012 inquo
1129 3942 1311 3996 album
1350 3940 1453 4006 sit,
1486 3939 1711 3995 multum
1749 3938 1854 3994 erit

270 4036 493 4101 album;
536 4035 785 4105 quocirca
826 4049 931 4089 non
971 4033 1222 4104 quoniam
1261 4033 1375 4102 ipsa
1417 4030 1611 4087 albedo
1657 4045 1749 4100 per
1794 4043 1853 4086 se

271 4127 506 4197 aliquam
532 4128 885 4195 quantitatem
918 4124 1114 4190 habet,
1160 4124 1253 4180 sed
1291 4124 1544 4194 quoniam
1585 4121 1639 4177 in
1674 4121 1851 4193 aliqua

268 4219 572 4291 quantitate
599 4228 681 4274 est
710 4218 999 4275 constituta
1019 4257 1035 4283 ,
1064 4217 1115 4271 id
1138 4215 1297 4272 estin
1322 4212 1628 4285 superﬁcie,
1652 4213 1853 4269 idcirco

269 4311 570 4368 secundum
603 4310 942 4382 superﬁciem
969 4308 1110 4378 quad
1137 4316 1222 4363 est
1247 4307 1517 4377 quantitas
1553 4320 1675 4375 quae
1708 4305 1851 4360 scili-

267 4415 358 4461 cet
384 4420 478 4475 per
507 4418 566 4460 se
594 4404 758 4459 multa
787 4412 867 4459 est
888 4445 903 4469 ,
935 4402 1114 4458 album
1150 4400 1376 4457 multum
1416 4399 1854 4456 dicitur.nouse-

266 4496 501 4553 cundum
532 4511 591 4552 se
609 4537 626 4563 ,
650 4505 809 4566 atque
840 4495 970 4551 ideo
998 4494 1175 4549 album
1206 4508 1313 4549 non
1340 4506 1437 4563 per
1462 4507 1523 4548 se
1541 4533 1557 4557 ,
1580 4506 1680 4548 nec
1707 4492 1853 4563 prin-

266 4589 537 4660 cipaliter,
583 4588 676 4644 sed
726 4587 1020 4643 secundum
1070 4586 1321 4642 accidens
1360 4585 1586 4641 multum
1632 4585 1844 4641 dicitur.

267 4683 429 4737 Actio
458 4696 670 4752 quoque
700 4680 822 4735 ideo
847 4679 1046 4734 dicitur
1073 4678 1253 4748 longa,
1297 4677 1439 4747 quod
1494 4677 1667 4733 multo
1715 4686 1848 4733 tem-

268 4787 403 4845 pore
431 4781 545 4828 acta
577 4772 687 4839 sit;
717 4773 935 4827 multam
967 4785 1097 4825 vero
1125 4769 1497 4840 aegritudinem
1538 4769 1740 4825 idcirco
1766 4769 1851 4825 di-

264 4867 464 4931 cimus,
495 4866 541 4921 si
579 4864 765 4921 eadem
797 4866 966 4920 multo
994 4864 1066 4919 sit
1098 4873 1372 4933 tempore;
1414 4872 1469 4919 et
1492 4872 1692 4919 motum
1716 4863 1855 4918 mul-

267 4969 387 5013 tum
431 4958 657 5024 idcirco,
685 4958 826 5027 quod
858 4958 1030 5013 multo
1069 4965 1313 5027 tempore
1350 4956 1521 5013 lactus
1563 4957 1666 5025 sit,
1709 4967 1766 5013 ut
1805 4958 1850 5013 si

270 5051 397 5121 quis
446 5050 614 5105 multo
660 5060 900 5119 tempore
947 5057 1148 5104 currat.
1190 5049 1248 5104 Si
1291 5049 1410 5119 quis
1455 5065 1584 5105 vero
1624 5050 1847 5105 multum

265 5158 485 5199 cursum
515 5143 664 5198 illum
703 5144 847 5198 dicat
885 5156 1005 5199 esse
1054 5142 1144 5212 qui
1206 5142 1276 5196 sit
1313 5142 1717 5207 velocissimus,
1761 5142 1851 5197 ille

264 5235 655 5290 convenienter
700 5248 952 5289 sermone
997 5247 1102 5289 non
1149 5235 1339 5290 utitur.
1390 5232 1660 5290 \‘elocitas
1706 5235 1848 5291 enim

267 5340 379 5381 non
409 5326 677 5396 quantitas
696 5368 712 5394 ,
743 5326 836 5381 sed
870 5326 1043 5397 potius
1071 5326 1300 5396 qualitas
1325 5334 1443 5394 est,
1473 5327 1659 5396 quales
1703 5326 1847 5382 enim

263 5419 561 5473 secundum
599 5432 718 5474 eam
748 5418 998 5484 dicimur,
1025 5418 1078 5473 id
1106 5427 1190 5473 est
1214 5418 1426 5474 veloces
1446 5459 1461 5484 ,
1497 5434 1601 5474 non
1643 5422 1848 5491 quanti.

264 5509 575 5566 Secundum
623 5513 977 5581 quantitatem
1024 5526 1152 5565 vero
1205 5511 1432 5566 multum
1481 5511 1696 5580 dicitur,
1746 5502 1849 5568 hoc

266 5612 450 5660 autem
480 5613 744 5660 monstrat
771 5605 886 5675 ipsa
911 5619 1096 5660 rerum
1137 5603 1425 5659 dilﬁnitio:
1456 5605 1504 5659 si
1543 5607 1664 5676 quis
1705 5607 1849 5662 enim

264 5696 452 5753 album
483 5698 713 5753 multum
743 5706 1047 5754 monstrare
1072 5696 1341 5762 desideret
1361 5738 1376 5763 ,
1404 5707 1460 5753 et
1490 5699 1710 5770 proprio
1740 5710 1851 5756 ter-

270 5792 423 5848 mino
461 5790 685 5845 rationis
722 5788 1031 5855 includere,
1072 5788 1146 5844 illi
1186 5786 1473 5844 dicendum
1509 5799 1592 5846 est
1624 5790 1850 5848 multum

265 5896 394 5939 esse
448 5880 627 5937 album
666 5880 809 5948 quod
841 5881 892 5937 in
921 5880 1085 5939 multa
1112 5878 1287 5951 jaceat
1314 5879 1627 5951 superﬁcie,
1657 5890 1712 5938 et
1738 5896 1850 5939 mo-

1874 3245 1926 3315 ο

1959 753 2144 809 titates
2174 767 2431 809 vocamus
2456 797 2472 823 ,
2498 763 2557 808 ut
2585 754 2766 810 album
2797 756 2863 810 ad
2891 756 3228 827 superﬁciem
3254 773 3372 828 quae
3409 775 3535 816 vera

1959 855 2044 901 est
2070 846 2342 916 quantitas
2369 888 2385 915 ,
2416 855 2473 903 et
2498 861 2749 917 cursum,
2787 856 2843 905 et
2874 849 3105 921 aliquem
3139 860 3341 908 motum
3379 862 3539 925 atque
3594 910 3607 923 ,

1959 941 2225 997 actionem
2257 941 2321 997 ad
2352 949 2589 1013 tempus,
2615 943 2759 1013 quod
2790 944 2963 1015 ipsum
2989 960 3115 1003 vere
3144 948 3409 1018 quantitas
3433 959 3535 1021 est,

1961 1033 2269 1091 reducimus
2290 1077 2306 1103 ,
2338 1034 2455 1091 haec
2477 1050 2583 1091 non
2610 1050 2709 1107 per
2736 1051 2796 1093 se
2817 1040 3169 1108 quantitates,
3200 1040 3294 1099 sed
3324 1057 3417 1112 per
3446 1059 3538 1099 eas

1959 1141 2105 1197 quat-
2133 1128 2350 1199 proprie
2401 1128 2727 1199 quantitates
2785 1130 2942 1187 dictae
2995 1143 3120 1187 sunt
3174 1134 3535 1191 nominantur.

1961 1218 2223 1288 Quocirca
2253 1221 2506 1291 quoniam
2536 1222 2678 1291 quod
2713 1237 2810 1293 per
2848 1236 2909 1278 se
2947 1238 3054 1280 non
3093 1234 3210 1295 est,
3244 1228 3534 1285 secundum

1962 1315 2211 1371 accidens
2241 1323 2356 1382 est,
2387 1326 2534 1372 recte
2563 1325 2761 1374 caetera
2786 1318 2966 1373 omnia
2993 1328 3188 1388 praeter
3212 1334 3275 1377 ea
3303 1336 3420 1392 qua:
3447 1336 3537 1376 su-

1963 1407 2146 1477 perius
2190 1407 2244 1463 in
2294 1408 2592 1479 quantitate
2661 1418 2937 1467 numerata
2976 1420 3100 1467 sunt
3151 1426 3247 1484 per
3292 1412 3538 1469 accidens

1962 1515 2116 1569 esse,
2148 1516 2252 1583 non
2291 1516 2390 1574 per
2423 1517 2483 1560 se
2526 1505 2852 1575 quantitates
2885 1506 3156 1565 dicuntur.
3200 1503 3339 1564 Solae
3377 1512 3537 1581 igitur

1963 1595 2179 1665 proprie
2205 1603 2261 1651 et
2299 1594 2593 1652 secundum
2634 1611 2695 1652 se
2734 1598 2863 1668 ipsa:
2901 1599 3225 1670 quantitates
3259 1599 3531 1666 dicuntur,

1964 1688 2050 1745 lie
2078 1701 2200 1758 quae.
2232 1688 2481 1758 superius
2507 1689 2911 1760 comprehensa:
2952 1701 3097 1748 sunt.
3130 1693 3263 1751 Alia:
3295 1710 3420 1752 vero
3447 1712 3537 1767 per

1963 1793 2024 1835 se
2061 1780 2330 1849 quantitas
2367 1795 2473 1836 non
2507 1792 2669 1849 sunt,
2708 1783 2803 1839 sed
2842 1783 2864 1853 (
2884 1794 2940 1839 ut
2980 1785 3095 1854 ipse
3131 1786 3244 1856 ait)
3283 1787 3419 1845 forte
3447 1805 3538 1861 per

1894 1856 1944 1951 Β
1968 1870 2239 1926 accidens.
2272 1870 2402 1927 Post
2426 1871 2748 1957 divisionem
2779 1874 2940 1945 igitur
2976 1880 3212 1934 continui
3246 1890 3406 1951 atque
3435 1856 3539 1938 dis-

1967 1962 2100 2019 creti
2138 1972 2192 2019 et
2228 1962 2473 2021 habentis
2508 1968 2826 2036 positionem
2858 1970 3086 2039 partium
3117 1982 3171 2028 et
3201 1988 3306 2029 non
3338 1974 3538 2031 haben.

1970 2055 2038 2112 tis
2058 2097 2075 2123 ,
2108 2065 2165 2112 et
2192 2072 2310 2124 quae
2339 2067 2470 2114 sunt
2493 2074 2591 2129 per
2619 2075 2680 2116 se
2707 2061 3091 2133 principaliter,
3131 2073 3185 2121 et
3227 2082 3410 2123 rursus
3449 2084 3534 2138 per

1966 2147 2217 2203 accidens
2253 2150 2581 2219 quantitates
2603 2190 2619 2217 ,
2666 2152 2826 2207 solito
2861 2169 3012 2210 more
3049 2155 3189 2211 viam
3238 2158 3540 2223 inveniendi,

1966 2240 2319 2307 quantitatum
2349 2243 2648 2312 proprietas
2676 2243 2992 2314 ingreditur.

2038 2355 2272 2425 Amplius
2303 2360 2577 2431 quantitati
2603 2361 2735 2416 nihil
2764 2373 2836 2418 est
2864 2368 3175 2442 contrarium
3195 2410 3211 2436 ,
3242 2371 3294 2425 in
3320 2373 3540 2442 deﬁnitit

1964 2448 2101 2501 enim
2155 2450 2485 2521 manifestum
2520 2461 2592 2507 est
2639 2450 2881 2524 quoniam
2918 2439 3155 2515 nihil'est
3192 2439 3505 2519 contrarium
3535 2512 3539 2529 τ

1966 2548 2023 2594 ut
2053 2541 2291 2610 bicubito,
2320 2543 2397 2598 vel
2426 2545 2693 2613 tricubito,
2727 2549 2806 2601 vel
2832 2552 3116 2622 superﬁriei
3134 2594 3148 2619 ,
3180 2557 3254 2609 vel
3283 2557 3438 2611 alicui
3465 2568 3532 2612 ta.

1966 2633 2089 2687 lium
2109 2675 2125 2700 ,
2158 2636 2292 2690 nihil
2319 2638 2450 2691 enim
2475 2640 2600 2709 ipsis
2626 2648 2699 2694 est
2738 2644 3068 2701 contrarium.
3113 2645 3233 2702 Nisi
3266 2649 3397 2718 forte
3431 2655 3541 2717 qui.

1962 2726 2127 2781 multa
2155 2731 2332 2796 paucis
2360 2731 2497 2785 dicat
2525 2749 2632 2787 esse
2659 2738 2916 2790 contraria
2934 2777 2947 2801 ,
2982 2738 3061 2792 vel
3091 2755 3332 2810 magnum
3361 2759 3534 2812 parvo,"

1962 2818 2140 2873 horum
2191 2831 2358 2874 autem
2400 2822 2531 2876 nihil
2568 2835 2640 2878 est
2680 2828 2971 2895 quantitas,
3018 2830 3105 2883 sed
3143 2831 3306 2901 magis
3348 2834 3415 2886 ad
3441 2835 3543 2888 ali.

1961 2913 2088 2982 quid
2112 2932 2130 2979 ;
2160 2914 2290 2968 nihil
2316 2915 2448 2969 enim
2482 2932 2572 2986 per
2596 2919 2815 2990 seipsum
2842 2937 3057 2990 parvum
3082 2925 3160 2979 vel
3188 2938 3426 2996 magnum
3458 2928 3535 2982 di.

1960 3006 2114 3073 citur,
2144 3006 2235 3060 sed
2259 3022 2314 3060 eo
2343 3009 2479 3078 quod
2513 3009 2583 3062 ad
2616 3011 2758 3064 aliud
2798 3014 3056 3083 refertur:
3083 3032 3203 3068 nam
3240 3033 3386 3071 mons
3419 3021 3535 3091 qui-

1960 3097 2075 3151 dem
2122 3114 2307 3167 parvus
2347 3100 2556 3167 dicitur,
2601 3102 2798 3157 milium
2839 3119 2955 3159 vero
2994 3122 3233 3177 ntagnum
3257 3151 3272 3177 ,
3303 3126 3363 3165 eo
3400 3113 3535 3181 quod

1960 3192 2055 3247 hoc
2082 3194 2287 3265 quidem
2311 3195 2392 3249 sui
2417 3196 2616 3265 generis
2641 3199 2808 3270 majus
2835 3201 2897 3253 sit
2917 3244 2932 3266 ,
2961 3201 3093 3255 illud
3121 3218 3239 3258 vero
3266 3203 3434 3259 minus
3459 3207 3536 3259 sui

1959 3288 2157 3358 generis
2182 3306 2200 3354 ;
2227 3304 2345 3361 ergo
2374 3290 2441 3342 ad
2472 3289 2619 3343 aliud
2648 3299 2718 3344 est
2746 3308 2921 3345 eorunt
2949 3294 3130 3349 relatio
3151 3334 3165 3360 ,
3208 3312 3325 3350 nam
3366 3297 3410 3352 si
3447 3313 3537 3367 per

1954 3380 2177 3452 seipsum
2205 3397 2447 3453 magnum
2478 3383 2555 3435 vel
2577 3399 2789 3454 parvum
2812 3385 3080 3453 diceretur,
3105 3403 3369 3459 nunquam
3392 3406 3537 3444 mons

1961 3473 2169 3543 quidem
2196 3488 2384 3544 parvus
2406 3513 2421 3536 ,
2457 3474 2656 3527 milium
2684 3491 2799 3528 vero
2829 3492 3073 3546 magnum
3103 3478 3371 3534 diceretur.
3402 3479 3538 3534 Rur-

1958 3583 2044 3623 sus
2074 3568 2128 3620 in
2173 3568 2279 3621 vico
2331 3566 2507 3637 plures
2544 3568 2772 3622 homines
2813 3585 2919 3622 esse
2957 3570 3205 3639 dicimus,
3247 3572 3302 3626 in
3341 3573 3539 3627 civitate

1954 3673 2179 3729 paucos,
2214 3673 2330 3711 cum
2359 3668 2525 3711 tamen
2553 3660 2655 3712 sint
2688 3659 2759 3711 eis
2791 3660 2950 3713 multo
2995 3664 3167 3729 plures
3187 3702 3201 3727 ,
3228 3671 3273 3715 et
3298 3664 3350 3716 in
3386 3662 3536 3718 doma

1955 3750 2159 3821 quidem
2201 3748 2424 3816 multos,
2465 3750 2517 3803 in
2554 3749 2747 3804 theatro
2788 3764 2903 3805 vero
2940 3768 3129 3822 paucos
3156 3794 3170 3818 ,
3211 3769 3325 3807 cum
3366 3764 3537 3810 tamen

1954 3850 2055 3902 sint
2088 3848 2281 3918 plures.
2310 3846 2543 3919 Amplius
2570 3846 2841 3901 bicubitum
2864 3849 2938 3902 vel
2958 3847 3249 3903 tricubitum
3279 3859 3324 3903 et
3350 3866 3535 3904 nnum-
3604 3858 3609 3859 '

1956 3939 2187 4011 quodque
2224 3940 2405 3995 talium
2437 3941 2774 4008 quantitatem
2812 3942 3100 4012 signiﬁcat,
3141 3959 3382 4013 magnum
3418 3960 3535 3998 vero

1957 4033 2035 4087 vel
2073 4048 2283 4101 parvum
2312 4049 2413 4086 non
2453 4033 2707 4104 signiﬁcat
2735 4034 3101 4102 quantitatem,
3141 4036 3229 4088 sed
3265 4037 3428 4106 magis
3465 4037 3533 4089 ad

1956 4125 2174 4195 aliquid,
2198 4127 2438 4195 quoniam
2464 4127 2531 4179 ad
2552 4125 2699 4178 aliud
2722 4134 2913 4194 spectat
2937 4142 3175 4198 magnum
3201 4126 3279 4180 vel
3298 4141 3531 4198 parvum,

1956 4232 2113 4286 quare
2153 4218 2472 4285 manifestum
2525 4226 2595 4271 est
2638 4218 2879 4285 quoniam
2909 4218 3016 4270 ha'c
3041 4216 3110 4271 ad
3151 4218 3348 4285 aliquid
3394 4230 3532 4276 sunt.

1958 4305 2194 4378 Amplius
2224 4307 2325 4361 sive
2364 4316 2517 4376 ponat
2553 4306 2741 4377 aliquis
2781 4310 2886 4362 hac
2918 4325 3024 4364 esse
3059 4312 3396 4381 quantitates,
3433 4314 3535 4365 sive

1962 4416 2063 4453 non
2092 4408 2271 4470 ponat,
2301 4400 2432 4453 nihil
2456 4400 2579 4471 ipsis
2609 4401 2921 4455 contrarium
2952 4410 3045 4457 est.
3096 4403 3248 4470 Quod
3277 4404 3410 4458 enim
3435 4419 3537 4460 non

1963 4501 2129 4562 potest
2157 4493 2289 4547 sumi
2314 4493 2625 4564 perseipsum
2646 4534 2659 4558 ,
2692 4495 2778 4547 sed
2807 4494 2874 4553 ad
2903 4493 3067 4547 solam
3091 4493 3302 4551 alterius
3327 4498 3535 4552 relatio-

1962 4600 2079 4639 nem
2106 4585 2344 4656 refertur,
2374 4584 2625 4655 quomodo
2664 4584 2780 4637 huic
2819 4585 3019 4655 aliquid
3052 4586 3146 4639 erit
3182 4588 3537 4643 contrarium?

1959 4679 2194 4749 Amplius
2220 4680 2262 4732 si
2292 4688 2439 4731 erunt
2469 4694 2711 4748 magnum
2743 4687 2791 4730 et
2832 4694 3045 4746 parvum
3086 4681 3343 4735 contraria
3363 4723 3378 4748 ,
3417 4698 3537 4737 con-

1961 4772 2122 4841 tinget
2149 4771 2317 4840 ipsum
2346 4770 2477 4823 idem
2512 4769 2662 4823 simul
2687 4771 2943 4825 contraria
2970 4773 3226 4844 recipere,
3259 4783 3306 4829 et
3330 4790 3388 4829 ea
3422 4776 3537 4845 ipsa

1960 4864 2160 4916 sibimet
2188 4878 2295 4916 esse
2323 4862 2599 4916 contraria.
2640 4860 2898 4935 Con'ingit
2931 4865 3064 4917 enim
3097 4865 3233 4919 idem
3264 4866 3435 4938 ipsum
3459 4869 3535 4923 si-

1959 4956 2069 5009 mul
2107 4966 2154 5011 et
2196 4972 2405 5025 pmvum
2450 4972 2553 5011 esse
2593 4967 2639 5012 et
2679 4973 2951 5030 magnum,
2989 4968 3063 5013 est
3088 4960 3224 5014 enim
3248 4961 3446 5033 aliquid
3468 4965 3535 5016 ad

1959 5047 2059 5101 hoc
2086 5047 2289 5117 quidem
2317 5063 2529 5119 parvum
2554 5091 2568 5116 ,
2612 5049 2679 5101 ad
2719 5048 2864 5103 aliud
2899 5065 3014 5104 vero
3064 5051 3160 5105 hoc
3194 5052 3329 5107 idem
3372 5052 3535 5125 ipsum

1959 5154 2221 5209 magnum.
2270 5139 2438 5205 Quare
2476 5141 2611 5193 idem
2659 5156 2868 5207 parvum
2912 5150 2957 5194 et
2997 5158 3240 5213 magnum
3274 5144 3327 5197 in
3364 5144 3535 5197 eodem

1961 5238 2182 5297 tempore
2210 5244 2318 5282 esse
2365 5230 2646 5300 contingit,
2690 5248 2847 5299 quare
2891 5235 3150 5288 contraria
3188 5234 3343 5287 simul
3378 5237 3534 5288 susci-

1956 5322 2078 5393 piet.
2110 5320 2216 5375 Sed
2252 5321 2381 5375 nihil
2411 5331 2484 5376 est
2509 5323 2646 5393 quod
2674 5324 2903 5378 videatur
2927 5327 3084 5381 simul
3111 5327 3367 5382 contraria
3391 5343 3532 5400 posse

1956 5416 2241 5486 suscipere;
2269 5423 2321 5469 ut
2350 5416 2633 5470 substantia
2652 5417 2989 5488 susceptibilis
3019 5419 3391 5473 contrariarum
3420 5425 3533 5491 qut-

1959 5508 2072 5560 dem
2102 5522 2210 5562 esse
2239 5508 2457 5573 videtur,
2488 5509 2575 5562 sed
2602 5508 2774 5562 nullus
2801 5511 2954 5563 simul
2973 5519 3021 5564 et
3045 5526 3201 5563 sanus
3220 5520 3292 5564 est
3311 5520 3358 5564 et
3382 5526 3534 5582 eger,

1954 5617 2043 5655 nec
2088 5598 2237 5654 albus
2277 5610 2322 5654 et
2366 5602 2505 5672 niger
2532 5601 2686 5656 simul
2714 5612 2819 5668 est,
2850 5601 3075 5670 nihilque
3106 5602 3250 5655 aliud
3290 5612 3364 5657 est
3402 5608 3535 5673 quod

1960 5691 2115 5746 simul
2145 5692 2407 5745 contraria
2436 5693 2701 5762 suscipiat.
2746 5691 2815 5746 Et
2850 5692 3021 5746 eadem
3060 5690 3255 5762 sibiipsi
3293 5697 3546 5785 contingit‘

1954 5801 2061 5839 esse
2092 5786 2350 5839 contraria
2368 5827 2382 5851 ,
2413 5803 2531 5840 nam
2559 5788 2603 5841 si
2631 5798 2702 5841 est
2730 5801 2968 5856 magnum
2996 5802 3152 5855 parvo
3192 5791 3503 5844 contrarium

1954 5874 2119 5951 ipsum
2147 5884 2312 5933 autem
2354 5877 2485 5932 idem
2527 5878 2679 5934 simul
2720 5888 2793 5939 est
2836 5886 2881 5931 et
2923 5894 3131 5951 parvum
3175 5890 3222 5935 et
3260 5899 3532 5958 magnum,
