4022 6328
538 339 573 370 ἴ

564 380 663 439 211

1793 407 1899 464 ΛΝ.
1949 409 2153 467 MANL.
2200 412 2351 468 SEV.
2393 412 2613 471 ΒΟΕΤΙΙ

3044 346 3045 349 η
3051 329 3081 345 Α

3721 424 3834 485 ΞΗ

768 504 861 559 οόόί
899 508 991 561 erit
1028 512 1358 611 contrarium.
1407 513 1513 568 Sed
1548 517 1860 586 impossibile
1896 534 1967 579 est
2007 526 2141 585 idem
2168 531 2213 589 Α
2247 541 2421 585 tamen
2464 525 2786 613 contrariam
2835 550 2939 591 non
2980 533 3142 594 habet
3167 506 3829 613 oppositionem,lvidetur

561 593 663 647 sibi
702 612 806 650 esse
851 601 1200 668 contrarium,

560 688 904 753 contrarium,
933 706 1025 743 nec
1048 693 1212 747 multa
1234 694 1431 765 paucis.
1479 698 1648 763 Quare
1688 704 1885 759 etiamsi
1922 722 2024 761 non
2062 725 2142 769 rc-

528 778 829 845 ,Ιαίὲυεεωη
856 780 965 837 Irtzc
995 784 1184 853 aliquis
1209 787 1345 843 dicat
1364 830 1378 852 ,
1406 790 1496 849 sed
1521 794 1820 861 quantitatis
1840 836 1855 861 ,
1884 798 2015 853 nihil
2039 798 2136 854 Im»

556 871 741 929 bebuttt
766 877 1101 934 contrarium.

625 988 847 1045 Delinita
873 995 1142 1063 quantitas
1168 1005 1390 1066 estquae
1413 1002 1641 1072 alicujus
1664 1004 1897 1060 termino
1924 1008 2135 1062 numeri

546 1092 843 1166 coercetur,
874 1094 932 1141 ut
956 1099 1077 1142 sunt
1112 1089 1237 1155 duo,
1271 1093 1351 1146 vel
1381 1101 1509 1160 tres,
1527 1102 1583 1150 et
1607 1112 1728 1166 quas
1749 1098 1815 1152 ad
1846 1099 1989 1155 hunc
2017 1115 2133 1155 mo-

545 1158 670 1228 dum
710 1176 978 1247 dicuntur,
1010 1195 1073 1235 ac
1117 1185 1161 1237 si
1195 1184 1339 1238 dicas
1372 1158 1687 1256 bicrtbitum,
1724 1190 2048 1257 tricubitum,
2077 1201 2135 1255 et

542 1274 755 1322 caetera.
790 1269 855 1324 Et
886 1285 1005 1341 qua:
1031 1274 1204 1342 aliqua
1246 1278 1455 1346 propria
1494 1279 1881 1346 signiﬁcatione
1908 1282 2129 1340 deﬁnita

540 1372 686 1427 sunt,
716 1370 769 1414 ut
796 1374 873 1419 est
905 1366 1214 1430 supetﬁcies
1234 1378 1287 1422 et
1315 1371 1578 1432 soliditas,
1605 1372 1733 1441 quid
1760 1374 1903 1427 enim
1933 1384 1987 1429 et
2006 1390 2129 1445 quas

539 1457 860 1522 quantitates
914 1457 1184 1525 dicantur,
1245 1466 1551 1530 agnoscitur
1582 1482 1594 1516 :
1630 1467 1877 1532 quocirca
1910 1467 2125 1537 harum,

537 1547 787 1614 quoniam
820 1560 941 1604 sunt
970 1551 1232 1621 dilﬁnitm,
1268 1557 1411 1610 nulla
1441 1558 1533 1612 ulli
1573 1558 1839 1614 contraria
1879 1570 1998 1627 est;
2030 1578 2123 1618 ne-

537 1651 642 1705 que
683 1640 824 1694 enim
868 1641 1102 1698 bicubito
1147 1648 1449 1702 tricubitutn
1479 1651 1804 1706 contrarium
1847 1660 1953 1720 est,
1985 1654 2125 1713 sicut

535 1736 708 1799 neque
737 1748 991 1789 numerus
1029 1737 1125 1792 ulli
1171 1755 1415 1805 numero,
1444 1752 1500 1796 at
1529 1759 1657 1798 vero
1682 1759 1784 1800 nec
1811 1745 2121 1814 superﬁcies

532 1822 811 1892 soliditati,
844 1842 942 1882 nec
968 1828 1167 1898 aliquid
1197 1831 1408 1887 horum.
1455 1834 1561 1890 Sed
1590 1836 1841 1906 quoniam
1872 1838 2118 1905 quaedam

1250 616 1469 703 aon’est
1506 608 1660 678 igitur
1704 629 1946 683 magnum
1986 634 2147 687 parvo
2245 622 2388 677 enim
2432 641 2555 679 vera
2586 609 2756 683 oratio
2784 644 2904 684 esse
2932 640 2986 685 et
3007 630 3158 698 falsa,
3190 608 3309 704 qua:
3357 644 3483 691 sunt
3529 641 3823 707 contraria,

2242 720 2339 781 sed
2360 720 2530 775 oratio
2579 736 2702 776 vera
2752 734 2803 777 et
2852 723 2981 778 falsa
3029 726 3083 780 in
3126 725 3517 798 signiﬁcatione
3561 738 3666 786 est.
3686 732 3823 787 Cum

2241 811 2383 867 enim
2412 810 2554 880 quod
2583 823 2665 866 est
2694 816 2863 871 oratio
2893 815 3178 886 signiﬁcat,
3224 832 3349 873 vera
3380 828 3465 874 est
3490 836 3505 886 ;
3546 834 3666 877 eum
3688 838 3826 879 vero

2239 904 2380 971 quod
2423 920 2527 965 non
2575 914 2659 959 est
2697 905 2959 977 designat,
3007 917 3134 965 tunc
3190 909 3321 966 i‘alsa
3346 920 3447 969 est.
3479 911 3661 969 Oratio
3688 932 3825 972 vero

2237 1012 2345 1057 non
2371 997 2663 1057 secundum
2686 998 2737 1053 id
2769 998 2909 1068 quod
2936 1001 3200 1071 signiﬁcat
3228 1004 3280 1058 in
3303 1005 3600 1075 quantitate
3630 1023 3826 1083 nume-

2234 1101 2406 1159 ratur,
2436 1090 2528 1146 sed
2560 1092 2854 1146 secundum
2904 1092 2954 1147 id
2986 1093 3125 1164 quod
3170 1093 3461 1163 profertur.
3509 1096 3819 1153 Secundum

2233 1184 2375 1243 enim
2410 1184 2458 1237 id
2506 1184 2647 1255 quod
2699 1182 3019 1255 proferimus
3061 1186 3378 1252 orationem,
3413 1188 3565 1259 longa
3609 1191 3820 1256 syllaba

2231 1275 2483 1346 brevique
2511 1276 2869 1344 componitur,
2892 1292 3010 1346 qua:
3034 1292 3246 1332 omnem
3265 1279 3560 1333 orationem
3591 1297 3699 1336 non
3724 1300 3817 1338 se-

2229 1368 2461 1425 cundum
2491 1366 2543 1422 id
2570 1366 2713 1438 quod
2772 1368 2883 1435 ipsa
2929 1366 3215 1433 signiﬁcat,
3267 1369 3360 1423 sed
3406 1371 3698 1426 secundum
3756 1373 3817 1431 id

2227 1461 2369 1532 quod
2416 1462 2481 1516 ad
2529 1460 2878 1533 prolationem
2928 1469 3029 1525 est,
3080 1461 3391 1517 metiuntur.
3439 1462 3819 1534 llludqnoque

2228 1554 2565 1615 manifestum
2597 1565 2676 1607 est
2725 1555 2777 1608 in
2825 1570 3049 1609 numero
3094 1570 3199 1609 non
3244 1568 3363 1610 esse
3388 1558 3674 1621 contraria,
3703 1559 3819 1612 duo

2225 1649 2367 1703 enim
2398 1647 2589 1712 tribus,
2613 1646 2699 1702 vel
2746 1656 2854 1700 tres
2885 1648 3224 1718 quaternario
3247 1648 3498 1703 contrarii
3529 1663 3633 1703 non
3661 1659 3812 1715 sunt,

2224 1754 2323 1794 nec
2354 1740 2491 1793 ullus
2520 1740 2657 1792 alter
2688 1754 2937 1793 numerus
2972 1739 3191 1793 cuilibet
3218 1739 3302 1794 alii
3335 1754 3558 1795 numero
3586 1749 3809 1796 contra-

2222 1831 2331 1887 rius
2365 1840 2465 1887 est.
2500 1830 2675 1886 Locus
2701 1845 2828 1884 vero
2872 1829 3029 1885 habet
3071 1832 3302 1900 aliquam
3346 1833 3807 1899 contrarietatem,

531 1914 805 1971 indeﬁnita
836 1918 1123 1990 imaginem
1152 1926 1437 1993 quamdam
1462 1928 1776 1996 quantitatis
1799 1929 2090 1985 ostendunt

2219 1939 2429 1979 sursum
2449 1925 2589 1978 enim
2615 1932 2670 1979 et
2694 1918 2944 1979 deorsum
2975 1925 3303 1983 contrarium
3324 1934 3430 1979 est.
3459 1925 3565 1981 Sed
3587 1924 3809 1995 quidam

529 2020 586 2063 ut
617 2026 865 2079 magnum
897 2024 950 2069 et
980 2031 1228 2085 parvum,
1258 2034 1379 2089 quae
1396 2021 1643 2077 videntur
1666 2038 1787 2078 esse
1814 2025 2111 2093 contraria,

527 2102 641 2158 lucc
668 2104 767 2160 sibi
796 2106 1114 2163 Arismteles
1144 2111 1365 2179 opponit
1393 2113 1581 2168 dicens
1628 2130 1734 2170 non
1767 2130 1889 2171 esse
1941 2132 2112 2187 quan-

524 2194 722 2261 titates,
754 2197 846 2250 sed
879 2200 1045 2268 magis
1076 2202 1141 2254 ad
1173 2203 1394 2273 aliquid,
1447 2205 1586 2273 quod
1632 2205 1799 2272 ipsius
1847 2208 2111 2262 sermoni—

521 2284 621 2343 bus
647 2297 973 2346 astruamus.
1021 2292 1127 2347 Sed
1157 2309 1262 2349 non
1294 2305 1378 2351 est
1408 2295 1509 2352 hoc
1537 2298 1808 2367 proprium
1841 2299 2109 2369 quantita-

520 2378 589 2432 tis
626 2394 731 2434 non
762 2380 962 2438 habere
987 2386 1283 2453 contraria,
1320 2401 1426 2442 non
1455 2388 1599 2443 enim
1625 2389 1801 2447 omnis
1838 2390 2107 2459 quantitas

518 2470 805 2525 centrariis
831 2483 998 2541 caret,
1047 2475 1141 2531 sed
1172 2477 1326 2533 nobis
1359 2492 1452 2546 per
1492 2479 1701 2548 singula
1733 2496 1956 2551 quaeque
1984 2496 2108 2537 cur-

517 2563 757 2617 rentibus
785 2579 906 2634 que
931 2570 1245 2637 quantitatis
1291 2574 1499 2640 species
1546 2574 1817 2631 contraria
1871 2590 1976 2630 non
2004 2575 2100 2633 ha-

515 2650 692 2719 beant,
717 2670 905 2725 quaeve
930 2658 1184 2733 habeant,
1207 2663 1653 2725 considerandum
1677 2677 1764 2725 est
1799 2666 1958 2725 Linea
1988 2668 2106 2739 qui-

512 2744 635 2801 dem
686 2749 961 2807 contrario
1013 2764 1201 2817 caret,
1256 2756 1394 2812 linea
1440 2759 1583 2815 enim
1632 2759 1788 2817 linea:
1834 2762 2101 2819 contraria

511 2850 614 2890 non
643 2847 761 2903 est;
790 2841 882 2896 sed
910 2840 955 2898 si
986 2844 1106 2913 quis
1125 2844 1266 2904 dicat
1287 2859 1488 2904 rectam
1520 2849 1714 2909 lineam
1741 2866 1918 2911 curvae
1944 2854 2101 2911 lineae

509 2941 628 2984 esse
648 2932 995 2999 contrariam,
1029 2933 1257 2992 fallitur.
1286 2938 1405 2995 Non
1432 2941 1577 2996 enim
1608 2942 1661 2997 in
1691 2956 1759 2997 eo
1786 2942 1929 3011 quod
1957 2942 2099 3001 linea

507 3029 791 3087 est,cnrva
826 3026 962 3081 linea
992 3039 1156 3085 rectae
1184 3030 1340 3089 lineae
1376 3034 1645 3089 contraria
1685 3043 1791 3100 est,
1825 3035 1923 3093 sed
1954 3035 2009 3097 in
2031 3050 2097 3097 eo

507 3113 645 3181 quod
672 3130 830 3173 curva
861 3131 963 3189 est,
996 3130 1050 3179 et
1080 3124 1131 3175 iu
1179 3122 1260 3178 his
1307 3138 1414 3179 non
1470 3124 1624 3180 linere
1675 3126 1923 3181 videntur
1976 3143 2097 3184 esse

506 3210 808 3275 contrariae,
839 3212 935 3269 sed
966 3214 1077 3282 ipsa
1115 3213 1382 3271 rectitude
1406 3223 1462 3272 et
1490 3216 1743 3279 curvitas.
1777 3218 1954 3285 Quare
1984 3234 2093 3277 non
2136 3234 2161 3285 ς,

2215 2018 2407 2079 volunt'
2440 2032 2544 2071 non
2572 2031 2694 2073 esse
2740 2017 3053 2087 quantitatis
3079 2016 3218 2084 quod
3274 2030 3485 2071 sursum
3533 2017 3724 2073 dcitur
3750 2028 3809 2081 et

2212 2108 2485 2175 deorsum,
2510 2108 2604 2163 sed
2637 2109 2812 2178 potius
2842 2107 3198 2175 habitudines,
3222 2124 3354 2179 quas
3377 2109 3555 2173 Graeci
3581 2114 3809 2183 extorre

2210 2212 2401 2259 vocant
2433 2219 2445 2253 :
2471 2216 2588 2273 qua!
2617 2202 2758 2255 enim
2791 2214 2913 2269 pars
2938 2201 3005 2255 ad
3036 2209 3198 2269 caput
3242 2211 3485 2257 nostrum
3510 2212 3618 2266 est,
3663 2204 3809 2259 bane

2208 2307 2420 2347 sursum
2455 2307 2744 2358 vocamus;
2782 2307 2901 2361 qua:
2959 2305 3081 2357 pars
3130 2292 3352 2361 pedibus
3399 2293 3660 2362 subiacet,
3711 2294 3806 2354 illa

2209 2384 2458 2440 deorsum
2514 2385 2708 2440 dicitur
2737 2400 2750 2449 ;
2784 2384 3031 2452 quocirca
3093 2384 3385 2438 secundum
3435 2384 3803 2443 habitudinem

2208 2477 2490 2548 quamdam
2531 2476 2927 2547 quodammodo
2982 2477 3047 2529 ad
3078 2491 3177 2531 nos
3210 2476 3357 2546 ipsos
3387 2481 3553 2532 relata
3583 2493 3803 2539 sursum

2206 2570 2564 2641 deorsumque
2594 2570 2968 2640 praedicamus.
3002 2568 3308 2624 Herminius
3337 2585 3549 2640 quoque
3579 2573 3653 2625 ait
3675 2587 3802 2625 ειινιι

2205 2678 2321 2717 sum
2359 2670 2413 2717 et
2446 2661 2698 2716 deorsum
2744 2675 2849 2715 non
2881 2674 3001 2715 esse
3034 2662 3172 2726 loca,
3215 2661 3308 2715 sed
3333 2662 3618 2731 quamdam
3657 2678 3797 2732 quo.

2204 2753 2491 2811 dammodo
2524 2752 2839 2822 positionem
2878 2751 3003 2808 loci.
3039 2753 3129 2807 ﬁt
3156 2752 3301 2807 enim
3332 2768 3417 2807 res
3457 2768 3671 2811 sursum
3703 2765 3793 2810 atq

2203 2862 2307 2917 que
2331 2846 2601 2909 deorsum,
2632 2859 2737 2899 non
2769 2846 2851 2899 est
2884 2844 3061 2899 autem
3100 2845 3246 2900 idem
3282 2859 3405 2900 esse
3432 2846 3630 2915 aliquid
3663 2848 3796 2915 loci,

2202 2936 2342 3005 quod
2362 2936 2566 3001 locum,
2601 2936 2701 2991 loci
2732 2935 2876 2990 enim
2906 2936 2994 2989 est”
3018 2936 3212 3005 positio
3235 2938 3285 2988 in
3316 2937 3453 3004 loco,
3486 2936 3637 2993 locus
3664 2954 3797 3001 vero

2202 3030 2313 3100 ipse
2344 3030 2538 3100 positio
2568 3043 2672 3083 non
2695 3036 2803 3084 est.
2824 3028 2928 3086 Sed
2957 3030 3001 3083 si
3022 3031 3144 3098 quis
3164 3044 3377 3083 onmem
3409 3029 3594 3084 mundi
3618 3031 3794 3100 respi.

2200 3122 2301 3174 ciat
2328 3121 2569 3190 ﬁguram,
2596 3120 2865 3187 quomodo
2888 3135 3065 3175 rerum
3087 3122 3326 3175 amnium
3347 3119 3579 3177 formam
3606 3121 3793 3190 spites

2200 3196 2272 3266 rte
2301 3213 2532 3265 ambitus
2562 3213 2921 3281 amplectitur,
2942 3223 2997 3265 ει
3017 3223 3159 3266 terra
3179 3210 3353 3267 media
3373 3222 3480 3277 ast,
3496 3211 3549 3269 in
3572 3214 3792 3281 sphaera

505 3294 560 3351 in
585 3312 651 3355 eo
679 3302 819 3371 qunti
870 3307 1137 3374 quantitas
1163 3316 1265 3371 est,
1323 3306 1462 3363 linea
1505 3322 1670 3365 curva
1718 3318 1877 3371 recta:
1937 3312 2091 3375 lineae
2120 3295 2165 3358 C
2197 3321 2324 3357 Vero
2348 3304 2475 3357 nihil
2505 3317 2587 3358 est
2617 3303 2881 3369 ultimum,
2913 3304 3016 3358 nisi
3046 3305 3186 3373 quod
3217 3303 3461 3372 ejusdem
3491 3306 3788 3369 terminum

502 3377 770 3447 contraria
809 3402 913 3461 est,
947 3396 1041 3453 sed
1075 3396 1124 3449 in
1156 3411 1222 3451 eo
1252 3397 1394 3467 quod
1443 3399 1637 3471 qualis.
1671 3399 1803 3459 Nam
1831 3404 2087 3471 quoniam

502 3482 733 3539 curvitas
778 3494 832 3541 et
880 3488 1149 3543 reetitodo
1179 3492 1450 3548 contraria
1497 3502 1663 3560 sunt,
1706 3498 1998 3551 secundum
2030 3497 2084 3552 id

500 3575 640 3645 quod
665 3591 826 3645 curva
873 3588 927 3637 et
955 3589 1098 3634 recta
1125 3591 1208 3635 est
1258 3581 1397 3641 linea
1417 3627 1432 3651 ,
1465 3601 1569 3640 non
1619 3587 1913 3642 secundum
1941 3590 2082 3660 quod

499 3669 654 3724 linea:
705 3682 847 3736 sunt.
878 3675 1174 3743 suscipiunt
1225 3680 1662 3735 contrarietatem
1692 3698 1707 3746 ;
1739 3683 1988 3753 quocirca
2020 3682 2083 3737 Ii-

500 3775 598 3814 nca
628 3761 680 3817 in
701 3776 766 3818 eo
798 3764 938 3833 quod
989 3765 1126 3821 linea
1176 3778 1259 3822 est
1305 3772 1580 3827 contrario
1637 3782 1803 3831 caret.
1839 3774 1908 3827 At
1950 3788 2081 3829 vero

496 3865 595 3906 nec
623 3856 937 3922 superﬁcies
966 3858 1268 3926 superliciei
1290 3861 1555 3915 contraria
1573 3870 1669 3916 est.
1701 3861 1805 3916 Sed
1835 3860 1970 3916 forte
1999 3864 2080 3919 di-

494 3951 579 3997 cat
601 3943 789 4013 aliquis
820 3946 995 4005 albani
1028 3950 1364 4018 superﬁciem
1418 3951 1580 4021 nigrm
1620 3953 1917 4022 superliciei
1958 3971 2078 4012 esse

492 4040 843 4102 contrariam;
875 4040 960 4095 cui
977 4042 1229 4096 similiter
1242 4045 1628 4099 occurrendum
1648 4045 1827 4119 est,fin
1846 4063 1910 4103 eo
1935 4050 2075 4122 quod

491 4130 805 4196 superﬁcies
843 4143 968 4187 sunt
1018 4148 1121 4187 non
1154 4150 1274 4189 esse
1301 4138 1593 4203 coxitraria,
1633 4138 1724 4193 sed
1758 4138 1810 4193 in
1840 4157 1905 4194 en
1932 4146 2073 4213 quod

488 4227 571 4273 est
611 4220 677 4291 in,
710 4220 791 4277 his
818 4222 1012 4279 albedo
1035 4234 1196 4295 atque
1239 4228 1483 4297 nigredo,
1514 4245 1632 4299 qua:
1658 4233 1925 4287 contraria
1954 4250 2075 4290 esse

485 4313 605 4383 quis
632 4315 838 4373 dubitat
862 4316 883 4369 ?
919 4316 957 4370 Ε
998 4318 1119 4373 dem
1141 4335 1353 4390 quoque
1376 4323 1533 4376 modo
1556 4332 1611 4378 et
1640 4322 1813 4378 lenem
1837 4334 1890 4379 et
1920 4339 2073 4395 θερε-

483 4418 597 4460 ram
636 4408 971 4475 superlivictn
1023 4411 1070 4465 si
1102 4411 1218 4480 quis
1266 4414 1563 4470 contrarias
1602 4415 1817 4481 dixerit,
1873 4418 2071 4472 rel'elli-

482 4502 592 4561 tur,
619 4498 761 4569 quod
821 4514 927 4554 non
981 4494 1275 4557 secundum
1335 4506 1686 4575 quantitatem
1738 4510 2065 4578 superliciei,

478 4587 574 4647 sed
603 4592 894 4647 secundum
920 4593 1225 4657 qualitatem
1247 4597 1546 4663 astteritatis
1565 4598 1906 4671 lenitatisque
1938 4601 2067 4671 ipsa

2195 3396 2495 3449 medietatis
2526 3396 2779 3463 obtinuit,
2826 3395 3083 3464 quidquid
3134 3396 3187 3448 in
3232 3405 3476 3453 eatrsmo
3503 3398 3786 3457 ocelieon.

2191 3489 2434 3543 vexitatls
2478 3499 2579 3553 est,
2624 3488 2749 3541 illud
2779 3502 2990 3541 sursum
3024 3502 3145 3541 esse
3175 3487 3336 3551 dicet,
3367 3488 3506 3558 quod
3540 3504 3671 3553 vero
3699 3497 3783 3553 est

2190 3578 2441 3644 medium,
2478 3578 2602 3631 illud
2634 3578 2908 3634 deorsum.
2936 3578 3198 3643 Quocirca
3228 3588 3353 3635 sunt
3370 3580 3670 3643 secundum
3700 3582 3781 3643 ιο.

2186 3688 2306 3726 cum
2338 3686 2547 3725 sursum
2570 3670 2929 3739 deorsumque
2959 3671 3249 3735 contraria,
3278 3685 3493 3733 sursum
3522 3673 3575 3735 in
3605 3673 3774 3743 cmlo,

2184 3758 2432 3818 deorsum
2467 3767 2517 3816 in
2552 3770 2713 3825 terra,
2749 3761 2947 3817 idcirco
2969 3760 3108 3829 quod
3143 3773 3172 3815 a
3205 3774 3265 3816 se
3310 3761 3468 3830 longe
3506 3760 3776 3831 disiuncta

2184 3866 2326 3919 sunt,
2373 3855 2512 3908 unde
2561 3863 2681 3921 post
2726 3870 2941 3923 quoque
2985 3854 3254 3908 contraria
3300 3853 3403 3909 hoc
3444 3854 3603 3917 tundo
3652 3863 3775 3919 sunt

2182 3945 2429 4005 dilliulta.
2470 3945 2752 3999 Contraria
2785 3955 2908 3998 sunt
2933 3960 3266 4013 quacunque
3303 3960 3413 4001 asc
3461 3946 3774 4018 longissime

2181 4038 2403 4092 tli-taut:
2438 4037 2560 4091 hinc
2583 4045 2666 4092 est
2686 4036 2937 4091 videlicet
2969 4045 3138 4095 tracta
3164 4035 3435 4102 difﬁnitiu,
3454 4036 3597 4107 quod
3631 4054 3772 4108 quo-.-

2180 4133 2318 4182 niam
2350 4129 2541 4183 cmlum
2570 4139 2817 4195 terraque
2848 4126 3068 4192 distant,
3107 4126 3415 4195 longissime
3446 4126 3653 4185 distare
3686 4128 3769 4183 vi-

2177 4218 2460 4283 debantur,
2500 4227 2553 4271 et
2582 4216 2706 4275 illud
2750 4230 2871 4270 esse
2921 4230 3153 4280 sursum,
3189 4216 3302 4275 hate
3330 4231 3456 4271 vero
3484 4216 3767 4284 deorsum.

2177 4325 2245 4377 qu
2271 4310 2427 4362 miam
2472 4308 2723 4361 deorsum
2769 4316 2934 4376 atque
2959 4320 3171 4363 Sursum
3225 4320 3329 4369 non
3355 4306 3425 4367 ob
3452 4307 3609 4367 aliam
3642 4324 3767 4369 cau~

2175 4414 2286 4454 sam
2315 4400 2578 4453 contraria
2601 4399 2869 4463 dicuntur,
2904 4398 3003 4455 nisi
3047 4398 3191 4466 quod
3222 4413 3250 4451 a
3276 4413 3333 4450 se
3366 4397 3524 4468 longe
3552 4399 3766 4468 disiun-

2174 4500 2256 4546 cta
2305 4501 2453 4560 sunt,
2494 4489 2635 4560 quod
2686 4504 2807 4545 esse
2847 4491 3175 4549 contrarium
3225 4489 3535 4557 longissime
3564 4489 3765 4548 distare

2171 4582 2461 4648 dil'llniunt,
2492 4582 2633 4652 quod
2666 4582 2984 4637 Aristoteles
3015 4580 3119 4639 hoc
3148 4581 3306 4635 modo
3336 4579 3669 4650 pronuntiat.

476 4680 787 4751 superﬁcies
814 4685 1140 4741 contrarium
1174 4695 1371 4741 tenent.
1425 4688 1495 4743 At
1533 4705 1659 4744 vero
1706 4706 1806 4746 nec
1853 4694 2064 4760 corpori

2252 4680 2476 4735 Maxime
2496 4691 2667 4735 autem
2696 4682 2833 4735 circa
2862 4679 3032 4734 locum
3059 4679 3258 4735 videtur
3289 4695 3393 4737 esse
3421 4681 3760 4739 contrarietas

473 4773 762 4847 quidquam
786 4777 896 4833 ullo
928 4776 1085 4835 modo
1123 4781 1517 4835 contrarietatis
1545 4784 1855 4852 opponitur,
1878 4785 1962 4840 cui
2014 4786 2062 4840 si

471 4866 591 4938 quis
618 4866 760 4923 dicat
800 4866 1135 4939 incorporale
1166 4886 1287 4926 esse
1318 4875 1663 4938 centrarium,
1704 4874 2059 4945 refutabitur,

469 4961 615 5030 quod
653 4961 827 5017 omnis
857 4965 1214 5019 contrarietas
1247 4966 1801 5035 prollriisnominibus
1834 4967 2051 5037 dicitur,

469 5064 527 5113 ut
554 5054 750 5125 bonum
780 5055 1004 5121 malum.
1040 5056 1215 5113 album
1249 5060 1454 5127 nigrum
1486 5074 1501 5123 ;
1530 5061 1813 5127 corporale
1843 5074 1971 5115 vero
2000 5070 2054 5117 et

464 5146 802 5216 incorporale
841 5163 944 5203 non
976 5150 1267 5204 secundum
1318 5152 1775 5216 contrarietatem,
1823 5152 1915 5206 sed
1965 5167 2051 5208 se-

463 5241 695 5297 cundum
722 5241 1073 5312 privationem
1108 5242 1454 5313 Itabitutante
1474 5244 1834 5313 proferuntur.
1871 5245 2051 5301 Incor-

464 5337 648 5403 porale
676 5337 821 5396 enim
852 5339 1092 5409 corporis
1113 5347 1195 5393 est
1237 5338 1485 5407 privatio.
1535 5337 1640 5392 Nec
1667 5339 1895 5407 tempori
1918 5356 2051 5407 quo-

459 5443 564 5495 que
594 5428 882 5499 quidquam
923 5431 1250 5485 contrarium
1276 5438 1378 5495 est,
1409 5430 1501 5484 sed
1547 5430 1590 5484 si
1622 5446 1725 5486 nox
1752 5431 1859 5486 diei
1892 5430 2046 5487 vide-

464 5528 547 5573 tur
578 5519 849 5587 opposita,
877 5533 981 5575 non
1026 5518 1081 5573 in
1109 5533 1174 5573 eo
1205 5518 1345 5588 quod
1389 5527 1599 5586 tempus
1625 5531 1728 5587 est,
1759 5519 1855 5576 sed
1900 5523 1950 5575 in
1980 5537 2047 5578 eo

457 5609 599 5675 quod
647 5610 762 5665 dies
807 5621 889 5669 est
940 5626 1037 5668 aer
1080 5610 1309 5676 lucidus,
1357 5626 1461 5669 nox
1510 5625 1603 5665 aer
1628 5612 1907 5669 obscurus.
1939 5616 2047 5669 Aer

432 5704 435 5709 ’
461 5718 593 5759 vero
623 5718 792 5771 neque
824 5712 1035 5769 tempus
1065 5717 1237 5777 neque
1262 5703 1531 5771 quantitas
1570 5714 1673 5769 est,
1713 5705 1888 5760 lumen
1912 5722 2045 5776 quo-

458 5804 566 5861 que
590 5800 642 5844 et
672 5792 971 5845 obscuritas
1004 5792 1287 5871 qualitates
1316 5804 1437 5844 sunt
1477 5804 1529 5847 et
1559 5810 1661 5847 non
1692 5797 2041 5866 quantitates.

463 5879 647 5935 Oratio
668 5882 825 5934 etiam
856 5882 1155 5941 quanquam
1185 5881 1426 5938 videatur
1465 5884 1661 5949 habere
1691 5888 2036 5949 contrarium.

2165 4775 2488 4843 quantitatis,
2529 4789 2733 4828 sursum
2759 4772 2893 4826 enim
2919 4771 2990 4824 ad
3017 4771 3075 4825 id
3099 4771 3234 4839 quod
3264 4780 3338 4824 est
3371 4771 3612 4826 deorsum
3641 4788 3759 4831 con-

2163 4866 2382 4919 trarium
2412 4875 2627 4935 ponunt,
2670 4865 2837 4917 locum
2880 4863 2968 4929 qui
2996 4871 3069 4916 est
3109 4862 3165 4919 in
3195 4861 3359 4919 medio
3401 4860 3642 4919 deorsum
3673 4864 3759 4923 di-

2163 4967 2349 5015 centes.
2402 4972 2458 5009 eo
2499 4955 2636 5025 quod
2676 4951 2840 5006 multa
2885 4952 3135 5007 distantia
3185 4951 3338 5005 medii
3387 4953 3454 5005 ad
3513 4955 3756 5013 terminos

2159 5048 2337 5099 mundi
2366 5048 2465 5106 sit,
2528 5046 2764 5098 ridentur
2805 5052 2973 5098 autem
3026 5054 3073 5096 et
3117 5042 3337 5103 aliorum
3382 5045 3755 5099 contrariorum

2164 5136 2516 5206 tit/finitionem
2563 5138 2624 5188 ab
2651 5135 2729 5188 .‘tis
2755 5135 3010 5205 proferre,
3041 5150 3155 5204 quia
3202 5136 3333 5193 enim
3375 5150 3421 5189 α.
3446 5136 3755 5213 sejnvicem

2159 5232 2377 5283 multum
2436 5230 2623 5281 distant
2681 5242 2854 5280 eorum
2878 5240 2994 5295 qua
3042 5224 3135 5281 sub
3190 5225 3368 5279 eodem
3413 5241 3596 5301 genere
3637 5236 3755 5289 sunt

2158 5323 2418 5375 contraria
2467 5322 2823 5375 determinant.

2232 5423 2287 5478 ln
2314 5425 2459 5479 omni
2503 5422 2647 5477 enim
2678 5421 2887 5490 sphaera
2913 5417 3087 5474 media
3132 5425 3273 5473 terra
3317 5426 3423 5487 est,
3453 5418 3597 5487 quod
3638 5420 3751 5490 ipsa

2158 5524 2424 5571 astrorum
2472 5515 2806 5569 demonstrat
2832 5512 3078 5566 ordinata
3110 5509 3339 5579 vertigo.
3389 5508 3588 5580 adjecit
3617 5525 3751 5581 quu-

2156 5624 2260 5681 que
2290 5621 2506 5663 causam
2538 5620 2634 5660 cur
2675 5601 2974 5673 hujusmodi
3022 5602 3141 5661 loca
3161 5602 3432 5665 contraria
3477 5602 3745 5664 dicantur,

2154 5700 2295 5771 quod
2327 5699 2491 5755 multa
2517 5696 2769 5751 diuantia
2793 5702 2874 5749 est
2902 5693 3204 5749 medietatis
3234 5693 3301 5749 ad
3343 5693 3528 5757 mundi
3558 5692 3749 5755 tenni-

2147 5806 2269 5847 nos.
2300 5789 2589 5845 Terminus
2617 5800 2744 5841 vero
2786 5784 2970 5840 mundi
2998 5784 3123 5841 ειειί
3152 5785 3397 5845 ultimam
3428 5785 3748 5847 convexilaa

2147 5892 2254 5938 tem
2277 5882 2446 5957 dicit;
2479 5895 2543 5934 es
2574 5879 2673 5934 hac
2702 5880 2860 5951 igitur
2901 5877 3007 5933 loci
3043 5880 3424 5943 contrarietate
3462 5889 3520 5943 at
3544 5886 3745 5951 om
