4030 6336
255 372 369 426 215

1267 372 1334 428 ΙΝ
1365 370 1807 429 CATEGORMS
1845 370 2284 432 ARISTOTELIS
2320 376 2447 432 LIB.
2490 378 2547 433 ll.

3427 376 3531 432 2Ιᾶ

258 488 484 543 definita
521 500 645 543 esse
666 486 934 543 contraria
972 488 1050 542 sic
1079 487 1429 543 demonstrat.
1458 486 1719 542 Videntur
1744 500 1836 541 au-
1870 488 1918 547 Α
1946 488 2117 542 mines
2144 500 2357 544 centum
2388 492 2440 546 in
2471 493 2605 556 vico,
2655 507 2831 562 piures
2870 508 2990 549 esse
3022 495 3282 549 homines.
3317 499 3377 547 :‘ll
3408 512 3533 551 vero

263 586 373 634 tem
404 586 459 633 et
477 578 701 632 aliorum
723 579 1112 634 contrariorum
1134 578 1509 635 difﬂuitioncm
1535 579 1601 634 ab
1623 580 1705 634 his
1731 594 1852 647 pro-

265 669 428 734 ferre,
458 683 577 739 qua:
601 668 743 723 enim
788 668 1016 724 multum
1059 685 1091 724 a
1118 684 1180 726 se
1214 670 1416 725 distant
1457 671 1513 725 in
1540 669 1726 725 eodem
1756 685 1849 740 ges

268 775 401 815 nere
428 760 699 815 contraria
736 774 859 817 esse
885 759 1169 816 diffiniunt.
1212 762 1317 817 Sed
1345 763 1596 833 quoniam
1628 775 1695 817 ne
1721 762 1855 817 ordo

268 851 653 907 contrarietate
674 851 987 922 quantitatis
1032 851 1399 922 impediretur,
1432 852 1654 908 idcirco
1693 866 1851 920 supe-

271 941 524 1008 rioribus,
569 943 623 997 in
653 943 847 1013 quibus
891 944 1113 1016 singulis
1140 946 1526 1015 quantitatibus
1578 945 1853 1000 nihilesse

273 1034 593 1091 contrarium
621 1034 949 1103 dicebamus,
1002 1036 1097 1091 has
1126 1036 1227 1091 loci
1258 1038 1669 1091 contrarietates
1698 1034 1850 1105 adje-

275 1125 461 1191 cimus,
494 1136 549 1181 et
570 1124 814 1195 quasdam
846 1128 899 1181 in
929 1126 1107 1181 medio
1136 1128 1495 1195 praetermissa
1550 1134 1694 1189 sunt,
1741 1140 1858 1180 rur-

275 1228 371 1269 sus
395 1215 460 1270 ad
489 1216 765 1287 superiora
785 1216 1088 1281 redeamus,
1119 1224 1176 1269 ut
1206 1216 1556 1285 expositionis
1585 1215 1718 1270 ordo
1739 1228 1858 1271 sese

277 1309 392 1379 ipse
425 1311 720 1365 continuet.
738 1309 830 1365 Ait
852 1310 994 1365 enim
1021 1309 1293 1378 superius,
1324 1323 1447 1364 cum
1475 1309 1755 1387 quantitati
1786 1309 1861 1362 ni-

280 1400 354 1455 hil
377 1415 499 1456 esse
524 1400 848 1457 contrarium
872 1408 1211 1469 proponeret,
1236 1399 1490 1463 bicubito,
1524 1399 1609 1455 vel
1641 1398 1859 1477 tricubi-

278 1499 363 1556 to,
394 1491 475 1545 vel
512 1491 834 1560 superﬁciei,
866 1490 950 1546 vel
982 1490 1140 1546 alicui
1171 1490 1353 1545 talium
1396 1488 1527 1544 nihil
1556 1503 1708 1559 pass:
1738 1505 1858 1546 esse

279 1580 631 1635 contrarium.
663 1580 914 1636 Diflinitis
936 1582 1079 1635 enim
1105 1580 1188 1635 bis
1217 1581 1619 1651 quantitatibus,
1649 1590 1859 1635 contra—

282 1671 420 1725 rium
473 1672 605 1726 nihil
632 1686 750 1727 esse
795 1672 1027 1738 videtur,
1060 1683 1118 1727 ut
1153 1672 1362 1729 duobus
1401 1674 1483 1728 vel
1531 1673 1718 1738 tribus,
1765 1672 1870 1727 sed

282 1764 525 1833 quadam
565 1780 684 1819 cum
719 1766 823 1821 sint
852 1765 1147 1831 indeﬁnite,
1190 1780 1289 1822 nec
1313 1768 1636 1837 quantitates
1662 1777 1717 1822 et
1739 1780 1864 1821 con-

1953 580 1999 634 si
2028 579 2319 637 incivitate
2358 585 2483 651 sint,
2516 598 2710 653 paucos
2748 585 2993 651 dicimus,
3024 601 3162 639 nunc
3202 588 3266 641 ad
3304 588 3536 655 parvita-

1955 680 2064 728 tem
2090 673 2356 741 vicorum,
2395 689 2535 731 nunc
2560 677 2626 730 ad
2660 678 3075 748 magnitudinem
3102 680 3374 734 civitatum
3400 696 3534 736 con-

1954 760 2207 818 ferentes.
2230 764 2434 820 Rursus
2456 767 2499 820 si
2530 766 2638 821 sint
2669 770 2720 821 in
2761 768 2922 823 domo
2949 771 3352 843 quinquaginta,
3386 777 3537 831 multi

1955 864 2097 921 sunt,
2131 855 2176 909 si
2208 855 2262 909 in
2305 858 2515 911 theatro
2540 858 2718 926 pauci,
2761 860 2884 916 ideo
2911 862 3051 929 quod
3083 874 3208 919 tunc
3238 866 3291 918 in
3325 867 3536 924 theatro

1955 962 2077 1003 esse
2110 962 2306 1016 paucos
2328 948 2555 1004 dicimus
2592 964 2714 1005 cum
2745 952 2810 1005 ad
2855 967 2950 1007 eos
2994 956 3175 1024 quanti
3221 956 3276 1011 in
3329 958 3540 1013 theatro

1956 1053 2077 1095 esse
2104 1038 2373 1095 debebant
2397 1044 3056 1114 comparamusAniplius,
3080 1049 3331 1116 quoniam
3358 1051 3540 1104 consi-

1958 1131 2050 1187 stit
2078 1145 2328 1202 magnum
2355 1147 2684 1203 parvumque
2728 1135 2917 1190 referri
2945 1151 3155 1207 semper
3196 1138 3263 1193 ad
3290 1141 3537 1207 alterum,

1958 1227 2194 1298 singulas
2222 1242 2351 1284 vero
2377 1229 2700 1299 quantitates
2729 1229 2862 1284 nihil
2888 1230 2953 1286 ad
2976 1230 3119 1286 aliud
3145 1243 3540 1303 comparantes.

1959 1333 2085 1374 suas
2104 1333 2169 1375 ac
2195 1320 2436 1390 proprias
2465 1318 2825 1384 nominamus,
2856 1331 2914 1376 ut
2949 1329 3083 1389 tres,
3114 1321 3245 1389 duo,
3279 1335 3540 1394 quatuor,

1961 1408 2173 1475 lineam,
2196 1411 2555 1479 superficiem,
2604 1422 2856 1477 magnum
2901 1426 3245 1481 parvumque,
3291 1414 3454 1468 multa
3491 1424 3544 1471 et

1960 1516 2227 1573 pauca,-a
2270 1500 2582 1568 quantitatis
2618 1500 2880 1557 divisione
2921 1500 3188 1571 disjuncta
3236 1514 3379 1561 sunt.
3412 1504 3545 1559 Sunt

1961 1594 2103 1648 enim
2135 1595 2233 1648 ista
2263 1608 2369 1648 non
2400 1595 2742 1662 quantitates,
2788 1594 2884 1649 sed
2924 1598 3097 1664 potius
3124 1596 3367 1652 relativa.
3410 1599 3540 1665 Am-

1963 1689 2119 1759 plius,
2137 1689 2256 1743 sive
2276 1688 2467 1760 aliquis
2496 1700 2656 1758 ponat
2682 1705 2774 1746 eas
2794 1706 2915 1747 esse
2933 1694 3278 1762 quantitates,
3309 1693 3421 1748 sive
3436 1709 3542 1749 non

1963 1790 2146 1850 ponat,
2177 1780 2307 1835 nihil
2344 1779 2454 1834 illis
2485 1781 2589 1834 erit
2610 1782 2961 1847 contrarium,
2991 1784 3131 1852 quod
3155 1784 3296 1839 enim
3330 1797 3434 1839 non
3466 1794 3546 1839 est

283 1858 446 1912 traria
477 1857 770 1921 videantur,
798 1856 913 1913 haec
936 1872 1118 1913 rursus
1140 1856 1354 1927 adjecit.
1385 1856 1497 1913 Nisi
1542 1858 1709 1912 multa
1733 1872 1864 1927 pau-
1888 1866 1939 1928 Β
1964 1889 2182 1931 sumen
2210 1889 2308 1944 per
2347 1874 2603 1943 “ipsum,
2636 1876 2736 1931 sed
2765 1877 2829 1930 ad
2861 1877 3026 1932 solam
3073 1877 3292 1933 alterius
3327 1878 3546 1935 relatio.

283 1949 364 2003 cis
392 1948 535 2004 dicat
562 1950 683 2018 quis
733 1964 854 2005 esse
899 1952 1185 2015 contraria,
1236 1952 1320 2005 vel
1376 1965 1624 2020 magnum
1681 1963 1861 2018 parvo.

284 2042 484 2096 llorum
514 2051 690 2097 autem
717 2042 849 2098 nihil
876 2051 961 2099 est
980 2044 1267 2113 quantitas,
1298 2045 1391 2099 sed
1415 2045 1479 2099 ad
1515 2044 1736 2114 aliquid,
1782 2044 1864 2097 ni-

288 2133 364 2189 bil
393 2137 536 2189 enim
577 2150 675 2204 per
715 2135 949 2206 seipsum
981 2151 1229 2205 magnum
1259 2135 1455 2191 dicitur
1494 2135 1579 2191 vel
1612 2149 1859 2203 parvum,

286 2225 381 2279 sed
408 2226 473 2279 ad
516 2225 716 2295 aliquid
745 2226 999 2281 refertur.
1049 2225 1177 2281 Nam
1209 2241 1364 2282 mons
1410 2226 1623 2297 quidem
1674 2237 1866 2294 parvus

287 2316 501 2383 dicitur,
529 2317 733 2372 milium
772 2332 903 2373 vero
944 2334 1216 2390 magnum,
1261 2334 1326 2375 eo
1350 2318 1491 2390 quod
1522 2319 1623 2373 hoc
1651 2316 1863 2388 quidem

289 2408 372 2462 sui
396 2409 607 2479 generis
636 2409 806 2480 majus
845 2411 934 2477 sit,
983 2411 1107 2466 illud
1139 2425 1266 2467 vero
1294 2411 1375 2467 sui
1406 2411 1617 2482 generis
1666 2410 1863 2464 minus.

292 2498 434 2571 Ergo
455 2500 521 2554 ad
543 2500 685 2555 aliud
711 2511 796 2558 est
820 2516 1006 2558 eorum
1046 2504 1257 2569 relatio,
1289 2517 1411 2557 nam
1433 2504 1477 2557 si
1510 2517 1605 2573 per
1630 2503 1863 2571 seipsum

291 2586 511 2660 parvum
542 2591 907 2663 vel'magnum
937 2592 1222 2657 diceretur,
1264 2608 1535 2663 nunquam
1569 2607 1721 2646 mons
1751 2593 1868 2661 qui-

291 2680 413 2735 dem
446 2681 732 2751 aliquando
779 2696 990 2751 parvus,
1024 2683 1227 2738 milium
1258 2697 1391 2739 vero
1440 2698 1706 2752 nunquam
1749 2698 1862 2738 ma-

292 2787 453 2844 gnum
474 2773 761 2831 diceretur.
794 2774 997 2830 Rursus
1026 2775 1077 2830 in
1101 2775 1218 2831 vico
1241 2775 1453 2846 quidem
1484 2775 1666 2844 plures
1696 2774 1868 2830 homi-

295 2882 391 2923 nes
441 2882 560 2924 esse
598 2868 847 2935 dicimus,
883 2870 936 2923 in
968 2870 1182 2924 civitate
1212 2882 1340 2923 vero
1386 2881 1605 2936 paucos,
1632 2882 1753 2921 cum
1785 2874 1866 2921 ta-

294 2975 418 3015 men
444 2963 549 3014 sint
569 2960 643 3015 eis
673 2960 842 3015 multo
871 2960 1070 3029 plures,
1118 2970 1172 3016 et
1225 2961 1277 3014 in
1303 2960 1464 3015 domo
1492 2959 1704 3030 quidem
1733 2958 1869 3012 mul-

296 3060 402 3119 tos,
433 3052 485 3106 in
514 3051 719 3107 theatro
732 3068 858 3107 vero
876 3066 1094 3123 paucos,
1123 3066 1243 3107 cum
1271 3052 1378 3107 sint
1400 3054 1599 3120 plures.
1624 3050 1869 3120 Amplius

297 3141 587 3198 bicubitum
603 3155 655 3199 et
671 3145 971 3199 tricubitum
994 3143 1471 3214 etunumquodque
1499 3146 1679 3198 talium
1704 3158 1869 3212 quan-

1967 1981 2114 2034 nem,
2146 1966 2415 2037 quomodo
2456 1966 2579 2022 huic
2628 1966 2829 2037 aliquid
2881 1969 2984 2023 erit
3033 1970 3379 2027 contrarium.
3436 1969 3549 2029 ιικ

1966 2074 2180 2132 quoque
2219 2058 2545 2115 validissimo
2576 2069 2890 2130 argumento
2936 2061 3194 2129 probatur
3235 2061 3549 2131 quantitati-
3620 2136 3623 2139 ν

1966 2154 2068 2211 bus
2104 2154 2187 2227 his
2222 2167 2341 2223 quae
2369 2151 2807 2228 praedictasunt
2850 2152 2979 2208 nihil
3020 2167 3141 2210 esse
3196 2153 3543 2216 contrarium,

1968 2247 2066 2303 nisi
2090 2247 2189 2303 soli
2232 2245 2454 2301 forsitan
2501 2244 2637 2298 loco.
2667 2244 2796 2299 Nam
2843 2246 2887 2299 si
2912 2247 3029 2313 quis
3061 2260 3306 2315 magnum
3339 2254 3392 2299 et
3428 2258 3548 2313 par-

1966 2355 2113 2407 vum,
2149 2338 2232 2394 vel
2261 2337 2425 2392 multa
2453 2345 2509 2392 et
2525 2350 2687 2405 pauca
2711 2337 2763 2391 in
2780 2336 3160 2406 quantitatibus
3177 2344 3360 2405 ponat,
3385 2334 3546 2390 etiam

1968 2429 2070 2485 hoc
2090 2430 2141 2484 si
2168 2429 2511 2495 concedatur,
2536 2436 2713 2483 tamen
2733 2429 2983 2497 quoniam
3008 2443 3222 2496 semper
3244 2426 3547 2482 referuntur

1967 2524 2035 2579 ad
2081 2523 2245 2589 aliud,
2285 2522 2567 2579 contrariis
2602 2538 2705 2581 non
2753 2529 3018 2577 tenentur.
3046 2521 3218 2576 Omne
3245 2519 3386 2574 enim
3418 2533 3547 2574 con-

1968 2616 2187 2675 trarium
2219 2629 2315 2684 per
2343 2630 2402 2669 se
2429 2614 2694 2679 consistit,
2724 2628 2824 2669 nec
2850 2613 2977 2668 illud
3006 2613 3071 2677 ad
3093 2614 3311 2667 alterius
3331 2625 3546 2680 compa-

1968 2707 2226 2765 rationem
2249 2707 2669 2776 relationemque
2690 2704 2977 2775 profertur,
2996 2716 3055 2761 ut
3070 2706 3265 2759 bonum
3296 2718 3401 2759 non
3416 2703 3547 2757 dici-

1969 2809 2055 2856 tur
2082 2798 2205 2857 mali
2235 2798 2450 2861 bonum,
2486 2812 2583 2861 nec
2603 2811 2787 2861 rursus
2809 2798 3001 2851 malum
3026 2796 3146 2851 boni
3187 2796 3412 2860 malum,
3453 2794 3549 2851 sed

1970 2896 2145 2965 ipsum
2171 2895 2223 2949 in
2256 2893 2468 2963 propria
2494 2900 2676 2947 natura
2704 2900 2758 2957 et
2787 2891 3083 2963 prolatione
3103 2889 3365 2945 consistit.
3396 2890 3549 2955 Qua:-

1970 3003 2180 3058 cunque
2206 2997 2330 3043 sunt
2354 2986 2642 3056 contraria,
2669 2985 2858 3041 eodem
2907 2984 3066 3038 modo
3108 2990 3250 3038 sunt.
3302 2981 3549 3052 hiagnum

1970 3095 2099 3136 vero
2127 3089 2179 3136 et
2204 3093 2420 3149 parvum
2438 3076 2688 3147 quoniam
2719 3092 2823 3132 non
2852 3092 2947 3147 per
2973 3093 3029 3132 se
3062 3083 3326 3143 constant,
3356 3074 3448 3131 sed
3478 3074 3548 3130 ad

1972 3171 2190 3226 alterius
2205 3170 2515 3224 relationem
2552 3168 2873 3228 referuntur.
2892 3168 3158 3222 contraria
3169 3182 3289 3223 esse
3317 3182 3420 3222 non
3437 3182 3552 3238 pos-

283 3234 501 3329 .m‘ffem
531 3235 809 3329 Signum"
849 3250 1094 3329 magum
1123 3250 1253 3329 vero
1289 3237 1371 3329 Ῡθί
1399 3250 1619 3329 Ρ³¹ὟΨ¹¹
1650 3234 1864 3329 ¹¹⁰“,⁸ί“
1892 3241 1944 3309 (ἶ
1978 3268 2123 3316 sunt.
2158 3259 2425 3329 Amplius,
2449 3261 2492 3314 si
2520 3269 2643 3323 sunt
2667 3274 2912 3328 magnum
2927 3269 2981 3313 et
3008 3273 3229 3328 parvum
3251 3234 3514 3314 contraria
3533 3300 3547 3324 ,

298 3324 513 3395 gnificat
537 3327 908 3397 quantitatem,
940 3328 1032 3382 sed
1066 3327 1231 3395 magis
1261 3326 1327 3381 ad
1372 3327 1591 3397 aliquid,
1623 3326 1875 3395 quoniam

300 3418 365 3473 ad
394 3419 588 3489 aliquid
618 3428 888 3491 spectatur
919 3434 1167 3490 magnum
1193 3429 1248 3474 et
1283 3434 1501 3489 parvum
1532 3435 1546 3485 ;
1577 3432 1741 3488 quare
1767 3432 1880 3472 ma-

302 3512 550 3585 nifestum
578 3523 656 3567 est
685 3512 824 3583 quod
871 3514 985 3569 haec
1023 3513 1088 3567 ad
1117 3511 1313 3583 aliquid
1341 3521 1484 3566 sunt.
1515 3511 1878 3580 Quemadmo-

303 3601 425 3658 dum
457 3603 695 3658 diffinitm
748 3604 1069 3673 quantitates
1117 3604 1401 3659 contrariis
1446 3617 1553 3657 non
1604 3610 1876 3667 tenentur,

304 3696 418 3773 ipse
442 3697 685 3765 superius
705 3698 1070 3768 comprobavit
1096 3697 1283 3752 dicens
1330 3698 1561 3751 bicubito
1587 3697 1671 3751 vel
1705 3710 1885 3763 super-

306 3778 440 3841 liciei
474 3788 601 3841 nihil
653 3790 1149 3853 essecontrarium,
1191 3788 1482 3844 indellnita:
1509 3802 1660 3852 vero,
1706 3796 1763 3841 ut
1802 3795 1887 3843 est

306 3892 552 3948 magnum
579 3888 633 3932 et
657 3892 897 3947 parvum,
932 3879 1095 3933 multa
1130 3889 1185 3933 et
1225 3894 1415 3949 pauca,
1446 3877 1574 3933 dant
1601 3879 1885 3949 imaginem

308 3952 716 4039 contrarietatis.
748 3970 852 4027 Sed
877 3971 1004 4027 illud
1037 3966 1287 4041 Occurrit,
1315 3972 1410 4028 bas
1443 3989 1547 4028 non
1580 3988 1699 4028 esse
1720 3987 1888 4043 quan-

309 4062 507 4133 titates.
530 4052 714 4117 Omnis
743 4064 1172 4132 enim‘quantitas
1205 4079 1297 4134 per
1329 4080 1389 4119 se
1420 4065 1636 4130 dicitur,
1684 4064 1887 4120 bicubi-

312 4162 422 4207 tum
444 4153 584 4208 enim
604 4162 658 4208 et
685 4154 1011 4222 tricubitum,
1034 4155 1232 4222 etduo,
1261 4163 1315 4210 et
1345 4165 1472 4222 tres,
1503 4165 1556 4210 et
1586 4158 1892 4223 superficies

316 4246 384 4315 ad
436 4246 565 4303 nihil
608 4247 753 4304 aliud
802 4248 1048 4314 refertur,
1095 4265 1342 4318 magnum
1383 4265 1511 4303 vero
1546 4249 1626 4303 vel
1671 4264 1891 4317 parvum

312 4342 429 4399 sine
453 4342 572 4403 aliis
597 4342 703 4399 dici
735 4356 839 4396 non
862 4342 1100 4411 possunt.
1141 4341 1274 4395 Cum
1301 4342 1443 4396 enim
1466 4340 1598 4395 dicis
1618 4354 1891 4409 magnum,

316 4432 380 4486 ad
412 4432 635 4503 alicujus
680 4432 898 4491 alterius
935 4435 1388 4503 comparationem
1429 4442 1588 4502 atque
1639 4431 1893 4501 aequatio-

312 4548 435 4603 nem
465 4534 713 4611 refertur.
745 4533 944 4593 Eodem
976 4548 1188 4603 quoque
1211 4531 1370 4587 modo
1397 4541 1449 4587 et
1481 4547 1723 4601 parvum,
1756 4531 1895 4599 quod

1980 3352 2237 3423 contingit
2269 3353 2407 3407 idem
2434 3352 2590 3407 simul
2634 3352 2902 3405 contraria
2946 3352 3219 3420 suscipere
3256 3358 3310 3405 et
3337 3365 3399 3405 ea
3440 3349 3554 3421 ipsa

1982 3446 2083 3501 sibi
2103 3460 2221 3500 esse
2244 3444 2528 3503 contraria.
2555 3442 2831 3513 Corttingit
2847 3444 2988 3497 enim
3007 3442 3161 3497 simul
3184 3444 3321 3498 idem
3338 3459 3555 3512 parvum

1982 3552 2102 3595 esse
2119 3545 2175 3593 et
2194 3552 2462 3606 magnum.
2487 3535 2584 3590 Est
2603 3535 2745 3589 enim
2772 3535 2968 3605 aliquid
2990 3533 3056 3588 ad
3079 3533 3180 3588 hoc
3201 3534 3412 3602 quidem
3435 3548 3555 3604 par-

1984 3643 2132 3691 vum,
2164 3626 2231 3682 ad
2255 3626 2397 3681 aliud
2426 3640 2554 3681 vero
2583 3626 2685 3679 hoc
2712 3624 2851 3679 idem
2882 3624 3053 3694 ipsum
3087 3637 3357 3692 magnum.
3384 3623 3562 3687 Quare

1988 3718 2126 3775 idem
2154 3732 2376 3788 parvum
2400 3727 2455 3773 et
2475 3731 2722 3786 magnum
2747 3723 2801 3770 et
2827 3715 3014 3770 eodem
3034 3723 3274 3783 tempore
3294 3728 3415 3768 esse
3436 3728 3564 3767 con-

1990 3811 2164 3881 tingit,
2194 3824 2361 3880 quare
2386 3808 2543 3863 simul
2583 3808 2850 3862 contraria
2882 3807 3157 3878 suscipiet,
3189 3806 3283 3861 sed
3327 3805 3456 3860 nihil
3486 3816 3567 3862 est

1989 3904 2131 3975 quod
2164 3902 2409 3958 videatur
2435 3901 2588 3955 simul
2642 3902 2910 3957 contraria
2959 3914 3116 3969 posse
3162 3897 3457 3967 suscipere,
3511 3909 3569 3954 ut

1989 3993 2306 4060 substantia,
2342 3992 2701 4061 susceptibilis
2744 3990 2959 4059 quidem
3006 3990 3395 4043 contrariorum
3426 3989 3569 4043 vide-

1992 4096 2077 4153 tur
2097 4100 2235 4149 esse,
2258 4084 2351 4139 sed
2385 4098 2488 4137 non
2512 4081 2730 4151 suscipit
2750 4083 2801 4135 in
2823 4097 2928 4135 uno
2950 4080 3137 4135 eodem
3163 4089 3422 4149 tempore,
3450 4096 3571 4134 nam

1994 4179 2175 4234 nullus
2199 4177 2356 4232 simul
2384 4184 2467 4230 est
2488 4189 2650 4228 sanus
2671 4183 2725 4229 et
2752 4188 2913 4243 aeger,
2952 4187 3046 4226 nec
3077 4171 3227 4225 albus
3252 4180 3306 4225 et
3334 4172 3485 4239 niger
3506 4171 3573 4225 si-

1966 4270 2125 4339 .mul,
2157 4267 2395 4335 nihilque
2424 4264 2563 4320 aliud
2603 4263 2759 4317 simul
2786 4264 3053 4318 contraria
3084 4264 3359 4332 suscipiet.
3394 4262 3460 4318 Et
3487 4278 3575 4318 ea-

1996 4361 2117 4421 dem
2166 4360 2264 4416 sibi
2319 4358 2418 4428 ipsi
2470 4356 2728 4423 Contingit
2773 4370 2891 4410 esse
2922 4355 3211 4409 contraria.
3258 4352 3395 4411 Nam
3427 4357 3471 4411 si
3499 4367 3577 4414 est

1999 4468 2250 4525 magnum
2286 4465 2449 4521 parvo
2474 4449 2824 4517 contrarium,
2860 4450 3029 4518 ipsum
3058 4459 3233 4503 autem
3257 4448 3399 4504 idem
3420 4449 3579 4505 simul

2000 4556 2075 4601 est
2110 4558 2327 4613 parvum
2353 4553 2407 4598 et
2448 4556 2722 4611 magnum,
2766 4540 2936 4608 ipsum
2968 4540 3068 4594 sibi
3097 4540 3199 4595 erit
3228 4543 3583 4608 centrarium,

316 4632 434 4701 ipsa
458 4633 797 4699 Answtclica
821 4633 1008 4704 WObal
1035 4632 1287 4701 inductio-
1319 4632 1371 4687 Si
1400 4633 1541 4685 enim
1570 4644 1818 4700 magnum
1844 4637 1898 4685 ει
1922 4613 1978 4675 D
2001 4639 2095 4694 sed
2130 4636 2455 4708 impossibile
2485 4644 2567 4689 est
2604 4636 2774 4703 ipsum
2802 4634 2899 4687 sibi
2930 4647 3048 4688 esse
3077 4634 3424 4688 contrarium.
3466 4633 3584 4694 Non

316 4740 535 4796 parVum
568 4741 661 4796 per
704 4742 763 4791 se
791 4726 1093 4783 dicerentur
1121 4738 1171 4781 et
1215 4742 1319 4781 non
1343 4725 1409 4779 ad
1437 4724 1656 4780 alterius
1684 4723 1898 4779 relatio-

316 4833 460 4881 nem,
491 4833 758 4888 nunquam
788 4819 1085 4883 diceremus
1113 4828 1343 4873 m0utem
1368 4834 1587 4888 parvum
1609 4828 1662 4872 et
1692 4818 1895 4871 milium

318 4924 592 4982 magnum.
620 4910 677 4965 Si
704 4911 844 4965 enim
876 4926 1123 4982 magnum
1148 4924 1474 4980 parvumque
1487 4924 1590 4963 non
1607 4909 1669 4961 ad
1685 4908 1896 4962 relatio-

320 5016 442 5071 nem
470 5001 684 5065 alterius
711 5001 997 5067 diceretur,
1030 5018 1180 5057 mons
1221 5017 1431 5072 semper
1464 5017 1707 5072 magnus,
1754 5014 1896 5054 sem-

323 5106 521 5169 perque
547 5106 763 5163 parvnm
795 5092 1300 5163 miliumdiceretnr.
1325 5091 1429 5146 Sed
1449 5092 1676 5161 aliquem
1703 5090 1895 5146 collem

321 5184 391 5237 ad
420 5183 644 5253 Atlantis
672 5184 1001 5239 altitudinem
1030 5184 1385 5251 conferentes,
1418 5183 1641 5238 dicimus
1676 5198 1897 5253 parvum

321 5283 579 5343 montem,
619 5284 675 5332 et
709 5291 894 5333 rursus
922 5276 1121 5332 milium
1151 5276 1215 5330 ad
1245 5276 1447 5331 minora
1475 5276 1576 5329 alia
1607 5290 1766 5345 grana
1798 5275 1902 5329 mi-

321 5368 377 5420 lii
410 5371 769 5439 contereutes,
792 5381 1038 5443 magnum
1069 5366 1270 5433 milium
1300 5365 1657 5429 nominamus,
1691 5374 1743 5417 et
1770 5365 1899 5418 sim-

321 5460 532 5532 pliciter
577 5459 832 5531 quidquid
880 5473 1126 5530 magnum
1178 5457 1260 5511 vel
1322 5473 1539 5526 parvum
1589 5458 1783 5515 dicitur
1830 5458 1898 5513 ad

321 5553 565 5624 ejusdem
612 5554 826 5626 generis
870 5554 1104 5625 speciem
1133 5550 1446 5619 referentes,
1497 5565 1743 5621 magnum
1775 5564 1901 5622 par-

325 5658 559 5713 vumque
584 5643 939 5713 nominamus,
967 5652 1026 5698 ut
1045 5645 1210 5698 monti
1237 5649 1473 5696 montem
1505 5656 1899 5712 comparamus,

323 5735 531 5791 milium
557 5746 687 5799 vero
705 5733 873 5797 milio,
894 5744 950 5789 et
980 5730 1085 5787 alia
1113 5730 1438 5800 hujusmodi.
1467 5728 1629 5799 Multa
1658 5739 1710 5785 et
1737 5746 1903 5800 pauca

320 5830 514 5901 eodem
542 5827 699 5901 modo
730 5828 974 5884 dicuntur
1004 5846 1018 5893 ;
1046 5827 1271 5882 dicimus
1301 5825 1463 5894 enim,
1497 5824 1539 5879 si
1584 5823 1779 5893 fuerint
1811 5826 1905 5882 bo-

2002 4740 2083 4786 est
2114 4732 2274 4800 igitur
2303 4742 2553 4797 magnum
2587 4740 2749 4797 parvo
2778 4725 3120 4779 contrarium.
3159 4724 3379 4781 Constat
3406 4726 3508 4782 hoc
3531 4736 3584 4786 et

2002 4820 2334 4876 immutabile
2370 4818 2424 4871 in
2453 4818 2666 4887 pr0pria
2699 4817 2906 4870 ratione
2947 4816 3209 4881 consistit,
3252 4834 3409 4873 unam
3440 4834 3585 4873 eam-

2001 4911 2227 4979 demque
2238 4923 2348 4964 rem
2363 4922 2467 4961 uno
2478 4907 2771 4978 eodemqui'
2788 4915 3020 4975 tempore
3034 4908 3299 4962 contraria
3312 4924 3414 4963 non
3431 4924 3585 4978 posse

2004 5001 2295 5069 suscipere,
2314 5009 2370 5054 ut
2386 4998 2679 5053 substantia
2696 4998 3059 5066 susceptibilis
3076 4999 3288 5065 quidem
3304 4999 3577 5055 contrario

2010 5107 2128 5147 rum
2150 5101 2252 5147 est.
2275 5091 2445 5145 Homo
2469 5103 2697 5158 namque
2724 5104 2843 5143 cum
2876 5088 3171 5143 substantia
3203 5090 3291 5154 sit,
3308 5089 3584 5158 etaagritu-

1968 5234 1973 5239 .
2006 5184 2183 5240 dinem
2206 5184 2456 5255 suscipiet
2480 5192 2531 5238 et
2559 5184 2808 5247 Salutem,
2836 5181 2929 5235 sed
2960 5196 3066 5236 non
3102 5182 3291 5237 eodem
3323 5194 3584 5250 tempore,

2006 5287 2061 5333 et
2084 5276 2381 5331 albedinem
2405 5285 2458 5330 et
2490 5275 2818 5345 nigredinem
2845 5278 3017 5342 capit,
3042 5275 3135 5329 sed
3161 5275 3265 5327 alio
3293 5284 3451 5344 atque
3480 5275 3587 5329 alio

2010 5382 2271 5440 tempore,
2305 5379 2362 5424 ut
2400 5384 2529 5424 vero
2574 5385 2681 5422 uno
2707 5367 3002 5438 eodemque
3043 5378 3281 5435 tempore
3318 5369 3588 5425 contraria

2009 5475 2229 5535 utraque
2256 5461 2526 5531 suscipiat,
2557 5462 2670 5515 lieri
2691 5462 2893 5532 nequit,
2923 5459 3063 5530 quod
3090 5461 3131 5511 si
3158 5474 3404 5528 magnum
3423 5474 3588 5529 parvo

2010 5557 2203 5626 aliquis
2233 5555 2555 5608 contrarium
2583 5563 2764 5625 ponat,
2805 5553 3015 5608 eveniet
3045 5551 3311 5620 quoddam
3341 5552 3588 5621 impossi-

2012 5648 2135 5713 bile,
2182 5657 2237 5702 ut
2268 5652 2371 5699 una
2391 5653 2550 5716 atque
2587 5646 2777 5699 eadem
2814 5658 2901 5698 res
2929 5642 3117 5697 eodem
3150 5652 3389 5712 tempore
3413 5653 3588 5701 utras-

1936 5779 1944 5789 .
2011 5756 2115 5813 que
2141 5739 2396 5807 suscipiat
2420 5736 2845 5798 contrarietatcs,
2887 5742 2941 5788 et
2969 5731 3157 5789 eadem
3186 5732 3298 5803 ipsa
3330 5735 3430 5790 sibi
3465 5750 3587 5804 pos-

2012 5835 2118 5887 sint
2147 5846 2265 5887 esse
2296 5829 2581 5884 contraria.
2635 5827 2900 5882 Ponamus
2939 5822 3081 5880 enim
3126 5843 3374 5900 magnum
3422 5836 3587 5899 parvo
