4030 6336
1282 250 1316 287 δ

537 319 641 377 an;
1780 320 1886 375 ΑΝ.
1927 320 2101 375 ΜΑΜ

2209 321 2313 379 εν.
2360 324 2580 384 ΒΟΕΤΙΙ

3712 350 3815 404 ΞΜ

540 455 661 496 esse
691 439 1040 505 contrarium,
1081 440 1173 495 sed
1208 452 1310 492 una
1352 447 1513 509 atque
1538 438 1726 506 eadem
1759 456 1866 501 res,
1895 454 1998 494 uno
2027 453 2118 492 co-
2143 438 2342 511 Acum
2362 441 2430 496 de
2458 443 2755 501 substantia
2772 447 3088 520 disputaret.
3123 453 3210 509 Ait
3229 455 3372 511 enim
3397 458 3535 529 quod
3558 460 3817 518 substau-

536 536 766 604 demque
796 541 1035 603 tempore
1058 540 1228 603 potest
1253 547 1441 603 magna
1467 547 1593 599 esse
1607 544 1662 590 et
1687 549 1869 605 parva,
1900 544 1954 592 ut
1982 535 2026 590 si
2047 534 2120 591 sit

533 627 722 685 decem
756 627 946 696 pedum
1002 640 1250 680 mensura
1299 626 1493 682 collata
1535 625 1605 681 ad
1652 628 1877 683 duorum
1921 628 2115 698 pedum

537 719 975 791 magnitudinem,
1005 733 1192 789 magna
1220 729 1327 786 est,
1356 720 1420 776 ad
1435 728 1646 777 centum
1662 735 1793 778 vero
1811 721 2113 778 cubitorum
2150 778 2153 781 λ

534 812 951 884 magnitudinem
1002 822 1427 883 mensuramque
1463 814 1682 882 collata,
1730 814 1917 870 eadem
1949 830 2111 887 parva

529 915 628 962 est.
689 906 1028 975 Potest'ergo
1054 905 1241 961 eadem
1273 920 1360 961 res
1404 906 1593 964 eodem
1647 916 1889 979 tempore
1915 918 1971 966 et
1997 926 2114 968 ma-

527 999 821 1069 gnitudinis
866 1013 1007 1067 esse,
1041 998 1400 1069 susceplibilis
1452 1011 1509 1056 et
1560 1002 1860 1072 parvitatis.
1908 1002 2108 1060 Eadem

528 1096 669 1149 enim
703 1110 790 1150 res
820 1108 928 1150 uno
974 1092 1274 1162 eodemque
1317 1102 1558 1164 tempore
1594 1096 1661 1151 ad
1709 1097 1966 1167 majorem
2010 1099 2110 1155 mi-

521 1202 818 1257 auremque
844 1187 1037 1243 collata
1068 1186 1256 1243 eadem
1304 1202 1493 1259 magna
1527 1198 1580 1244 et
1611 1204 1768 1259 parva
1809 1200 1910 1246 est.
1955 1190 2107 1261 Quod

526 1283 569 1335 si
601 1297 850 1353 magnum
880 1296 1044 1352 parvo
1067 1281 1394 1337 contrarium
1427 1291 1529 1349 est,
1561 1281 1747 1339 eadem
1770 1299 1898 1339 vero
1914 1299 2000 1340 res
2024 1300 2110 1341 eo-

522 1376 645 1429 dem
676 1387 915 1445 tempore
934 1386 988 1429 et
1009 1374 1422 1445 magnitudinem
1448 1376 1667 1446 suscipit
1690 1386 1741 1431 et
1767 1378 2104 1447 parvitatem,

520 1467 710 1521 eodem
767 1476 1006 1537 tempore
1049 1467 1311 1539 contingit
1350 1477 1408 1522 ut
1462 1469 1650 1524 eadem
1705 1485 1793 1524 res
1840 1472 2104 1525 contraria

518 1566 745 1628 utraque
774 1558 1047 1628 suscipiat,
1080 1559 1174 1613 sed
1211 1559 1313 1613 hoc
1353 1558 1684 1629 impossibile
1712 1571 1812 1616 est.
1847 1560 2105 1629 Quocirca

518 1651 772 1723 quoniam
820 1664 906 1705 res
943 1650 1129 1705 eadem
1181 1652 1371 1707 eodem
1412 1663 1657 1723 tempore
1704 1654 2104 1709 contrariarum

516 1742 879 1812 susceptibilis
918 1758 1023 1797 non
1055 1751 1158 1809 est,
1211 1752 1386 1814 potest
1418 1759 1545 1800 vero
1584 1761 1690 1800 una
1721 1754 1886 1817 atque
1913 1746 2099 1802 eadem
2128 1796 2131 1799 λ

2221 530 2309 587 tia:
2330 548 2597 606 nunquam
2628 540 2797 612 magis
2829 542 3411 619 minusvesuscipient,
3439 554 3697 623 quocirca
3746 558 3813 611 ad

2218 625 2452 684 maxime
2487 632 2697 702 propria
2738 633 2897 692 solita
2915 639 3276 697 constituendi
3298 641 3507 703 ratione
3528 660 3815 719 regressus

2215 727 2319 775 est.

2295 809 2579 882 Proprium
2620 827 2789 874 autem
2821 822 3062 879 niaximc
3088 826 3391 895 quantitatis
3438 837 3534 897 est,
3582 832 3725 899 quod
3761 843 3812 886 et

2212 908 2407 977 aquale
2433 919 2480 965 et
2499 912 2754 984 inaequale
2792 918 3000 976 dicitur.
3033 921 3308 994 Singulum
3324 926 3460 981 enim
3487 942 3671 981 earum
3694 944 3811 997 qua

2213 997 2364 1053 dicta:
2388 1012 2507 1056 sunt
2536 1007 2881 1074 quantitatum
2912 1012 3109 1080 wquale
3142 1014 3330 1070 dicitur
3358 1026 3404 1071 et
3433 1017 3711 1089 intequale,
3750 1032 3809 1076 ut

2212 1103 2395 1159 corpus
2424 1099 2472 1145 et
2503 1096 2699 1163 aquale
2729 1107 2774 1150 et
2804 1100 3057 1166 imrquale
3085 1102 3293 1169 dicitur,
3314 1115 3361 1159 et
3383 1114 3582 1178 teinpus
3605 1110 3809 1177 equal:

2212 1188 2258 1233 et
2290 1181 2544 1254 intrquale
2572 1186 2782 1251 dicitur.
2826 1201 2874 1243 et
2920 1208 3159 1248 numerus
3197 1198 3409 1264 aequalis
3455 1209 3500 1252 et
3527 1200 3807 1269 iumqual’s

2210 1271 2417 1338 dicitur.
2450 1285 2496 1329 et
2520 1279 2682 1333 oratio
2706 1282 2916 1350 aqualis
2954 1293 3001 1338 et
3039 1284 3326 1356 ianualis.
3356 1288 3606 1345 Similiter
3631 1302 3803 1347 autem

2210 1371 2257 1414 et
2288 1364 2341 1417 in
2369 1365 2484 1419 aliis
2512 1382 2626 1435 qua!
2665 1370 2805 1424 dicta
2833 1382 2971 1434 sunt,
3014 1374 3268 1445 singulum
3299 1388 3348 1429 et
3373 1379 3566 1447 ecquale
3596 1388 3642 1433 et
3671 1381 3803 1435 imr-

2208 1456 2358 1524 quale
2383 1455 2590 1513 dicitur.
2620 1457 2689 1512 In
2707 1463 2901 1516 rit-teris
2924 1478 3042 1518 vero
3062 1480 3179 1535 qua
3202 1468 3511 1536 quantitates
3528 1486 3629 1523 non
3652 1484 3795 1537 sunt,

2210 1558 2309 1600 non
2357 1548 2572 1602 multum
2616 1552 2867 1606 videbitur
2904 1555 3101 1623 trquale
3130 1564 3175 1610 et
3216 1556 3469 1627 ina-quale
3505 1560 3629 1627 dici,
3680 1579 3799 1615 nam

2208 1633 2411 1700 affectio
2449 1647 2500 1690 et
2539 1640 2811 1709 dispositio
2835 1644 3044 1712 aqualis
3073 1657 3119 1698 et
3146 1646 3412 1715 intequalis
3440 1665 3538 1702 non
3576 1651 3796 1705 multum

2210 1726 2415 1793 dicitur,
2446 1732 2535 1783 sed
2554 1734 2716 1802 magis
2738 1735 2921 1789 similis
2944 1745 2988 1788 et
3015 1737 3306 1805 dissimilis,
3333 1751 3378 1794 et
3408 1742 3580 1797 album
3597 1749 3798 1816 wquate

518 1849 607 1891 res
636 1834 1053 1907 magnitudinem
1088 1838 1509 1910 parvilawmque
1554 1841 1854 1909 suscipere.
1891 1843 2099 1911 magni_
2128 1820 2178 1882 Β
2204 1828 2250 1871 et
2299 1819 2551 1911 inaequale
2594 1839 2694 1876 non
2745 1824 2964 1880 multum
3012 1829 3220 1894 dicitur,
3267 1834 3356 1885 sed
3394 1834 3509 1887 simi
3524 1837 3583 1888 ἐ.
3621 1835 3797 1902 Quare

518 1927 645 1984 tudo
674 1938 727 1985 et
758 1929 989 2000 parvitas
1026 1932 1295 1986 contraria
1327 1947 1431 1987 non
1473 1942 1616 1987 sunt.
1658 1933 1726 1986 At
1756 1947 1883 1987 vero
1908 1934 1955 1989 si
1984 1934 2104 2004 quis

469 2035 767 2092 .magnum
815 2037 980 2092 parvo
1018 2025 1345 2079 contrarium
1406 2034 1589 2096 ponat,
1644 2024 1831 2081 eadem
1897 2027 2104 2085 ratione

518 2131 673 2169 unam
696 2114 1042 2187 eamdemque
1072 2132 1184 2172 rem
1208 2119 1305 2173 sibi
1338 2119 1436 2188 ipsi
1466 2118 1731 2175 dicitesse
1753 2120 2099 2176 contrariam.

514 2209 643 2264 Nam
659 2211 701 2265 si
722 2225 942 2281 parvum
973 2225 1164 2281 magno
1178 2220 1260 2266 est
1276 2213 1629 2279 contrarium,
1652 2211 1841 2268 eadem
1872 2227 1999 2267 vero
2015 2227 2103 2270 res

517 2308 595 2371 (ut
620 2304 799 2375 docui)
831 2319 993 2375 parva
1025 2316 1078 2359 et
1099 2319 1287 2374 magna
1320 2315 1494 2374 potest
1518 2320 1640 2361 esse
1679 2306 1745 2359 ad
1775 2306 1919 2360 aliud
1954 2315 2007 2361 et
2034 2308 2100 2361 ad

517 2397 657 2452 aliud
682 2396 886 2451 scilicet
924 2406 1255 2467 comparata.
1311 2396 1417 2453 Res
1455 2413 1577 2468 quae
1632 2412 1798 2467 parva
1825 2407 1881 2453 et
1910 2411 2100 2469 magna

518 2506 618 2558 es',
649 2494 836 2548 eadem
868 2492 969 2549 sibi
1001 2502 1177 2563 potest
1222 2506 1342 2549 esse
1372 2495 1662 2562 contraria,
1708 2510 1931 2566 parvum
1958 2497 2100 2551 enim

518 2601 571 2647 et
614 2607 862 2662 magnum
889 2592 1218 2647 contrarium
1242 2590 1441 2647 dictum
1473 2601 1579 2659 est,
1602 2591 1697 2647 sed
1728 2602 1812 2648 est
1848 2592 2100 2662 impossi-

512 2684 643 2741 bile.
695 2685 954 2751 Quocirca
995 2699 1218 2755 parvum
1273 2694 1327 2740 et
1376 2700 1628 2757 magnum
1678 2687 1944 2742 contraria
1994 2700 2100 2741 non

515 2788 660 2837 sunt.
706 2778 833 2835 Post
872 2778 1181 2851 hujusmodi
1228 2794 1354 2835 vero
1391 2780 1654 2836 rationem
1684 2788 1737 2836 et
1764 2789 2113 2851 argument»

516 2874 675 2930 tionis
703 2873 1021 2929 ﬁrmissima:
1052 2874 1467 2943 propositionem
1500 2873 1569 2938 de
1592 2873 1972 2928 contrarietate
1990 2872 2103 2927 dis-

514 2965 645 3019 serit
675 2964 801 3030 loci,
844 2963 913 3020 de
939 2979 1039 3034 qua
1085 2967 1331 3034 superius
1383 2964 1494 3033 jam
1556 2964 1809 3029 diximus,
1854 2966 2101 3033 quocirca

516 3059 887 3135 pmtereunda
911 3067 1012 3123 est,
1038 3074 1101 3113 ne
1130 3059 1369 3129 repetita:
1396 3057 1747 3129 expositionis
1770 3056 2103 3129 itemtio,§ia—

513 3150 675 3206 stidio
698 3140 779 3205 sit‘
795 3154 966 3221 potius
997 3166 1153 3220 quam
1181 3152 1457 3219 doctrinm.

520 3350 633 3403 nus,
662 3342 715 3387 ut
748 3334 1045 3401 bicubitum,
1082 3350 1236 3404 neque
1265 3336 1399 3388 enim
1427 3343 1500 3388 est
1524 3335 1669 3388 aliud
1695 3336 1798 3389 alio
1828 3336 1987 3405 magis
2018 3336 2095 3389 bi-

518 3428 761 3493 rubitum,
790 3443 953 3498 neque
979 3428 1027 3480 in
1054 3441 1285 3492 numero,
1310 3437 1364 3481 ut
1396 3428 1649 3483 tcrnarius
1676 3428 1909 3497 quinario
1926 3442 1945 3481 :
1968 3425 2096 3480 nihil

516 3529 647 3585 enim
681 3526 842 3596 magis
872 3524 971 3577 tria
994 3524 1224 3577 dicentur
1243 3539 1396 3594 quam
1422 3523 1665 3594 quinque,
1689 3540 1780 3576 nec
1807 3523 1907 3576 tria
1927 3523 2095 3592 potius

516 3634 666 3687 quam
700 3618 818 3687 tria,
847 3632 1006 3684 neque
1037 3626 1233 3684 tempus
1263 3614 1411 3668 aliud
1439 3615 1543 3669 alio
1570 3615 1729 3684 magis
1754 3623 1801 3667 et
1830 3614 1995 3667 minus
2018 3614 2096 3666 di-

516 3713 664 3775 citur,
698 3727 786 3763 nec
812 3711 861 3763 in
895 3711 972 3762 his
993 3725 1104 3779 qua:
1125 3710 1263 3762 dicta
1284 3718 1423 3773 sunt,
1454 3708 1615 3779 magis
1640 3717 1685 3761 et
1705 3708 1868 3761 minus
1891 3707 2097 3760 omnino

518 3804 723 3858 dicitur.
754 3802 923 3865 Quare
943 3810 987 3854 et
1011 3801 1264 3869 quantitas
1287 3817 1385 3853 non
1409 3802 1625 3867 suscipit
1654 3801 1816 3871 magis
1841 3811 1885 3853 et
1907 3800 2093 3853 minus.

590 3894 742 3950 Aliud
796 3894 1070 3964 prOprium
1127 3908 1311 3948 rursus
1364 3896 1612 3963 apposuit
1666 3894 1803 3963 quod
1850 3892 2098 3963 quamvis

518 3990 829 4063 quantitatis
861 3988 1130 4058 proprium
1165 4002 1267 4042 non
1300 3988 1386 4053 sit,
1424 4000 1516 4039 cur
1548 3995 1722 4039 tamen
1758 4000 1859 4039 non
1883 3985 1953 4038 sit
1984 3984 2098 4053 ipse

513 4083 751 4150 reticuit,
771 4081 925 4137 nobis
949 4090 1123 4134 tamen
1140 4088 1220 4133 est
1238 4078 1736 4143 demonstrandum;
1761 4077 1900 4147 quod
1918 4086 2097 4132 autem

516 4173 645 4228 dicit
668 4173 771 4227 tale
797 4182 879 4227 est
904 4191 917 4224 :
946 4171 1213 4242 quantitas
1243 4171 1487 4241 magisﬂet
1518 4170 1690 4223 minus
1721 4185 1823 4224 non
1849 4171 2096 4241 suscipit,

514 4269 693 4325 nullus
736 4268 876 4323 enim
932 4282 1184 4322 numerus
1214 4266 1318 4320 alio
1371 4282 1593 4322 numero
1643 4282 1738 4321 nec
1788 4267 1957 4337 magis
2000 4280 2099 4321 nec

516 4362 692 4417 minus
732 4370 813 4416 est
844 4375 1117 4415 numerus.
1150 4358 1279 4413 Nam
1318 4359 1579 4414 ternarius
1608 4361 1648 4412 si
1682 4358 1924 4429 quinario
1954 4373 2100 4413 com-

515 4465 754 4525 paretur,
786 4470 885 4509 nec
916 4452 1202 4522 magisnec
1232 4454 1409 4507 minus
1436 4461 1514 4506 est
1538 4468 1808 4521 numerus,
1840 4462 1893 4507 et
1916 4468 2099 4507 rursus

2204 1910 2498 1977 quantitatis
2550 1914 2785 1968 maxima:
2822 1926 2897 1970 est
2925 1918 3190 1988 praprium
3235 1924 3432 1991 a'quale
3464 1933 3513 1979 et
3539 1926 3796 1993 ina’quale

2203 1997 2325 2053 dici.

2275 2088 2597 2156 Quantitatis
2648 2094 2921 2166 proprium
2960 2099 3297 2166 apertissime
3350 2102 3596 2173 designat
3646 2119 3789 2173 esse,

2202 2180 2345 2248 quod
2373 2184 2665 2239 secundum
2698 2188 3045 2256 quantitatem
3078 2192 3357 2262 aequalitas
3377 2203 3431 2249 et
3452 2195 3793 2266 inaequalitas

2204 2286 2560 2346 nuncupatur.
2588 2278 2825 2348 Singulae
2852 2282 2994 2338 enim
3021 2287 3345 2354 quantitates
3371 2288 3608 2357 aequales
3629 2298 3792 2361 atque

2206 2364 2498 2437 inaequales
2527 2368 2802 2439 dicuntur,
2828 2381 2888 2427 ut
2911 2375 3128 2444 :equalis
3155 2374 3291 2429 linea
3318 2376 3495 2442 linem,
3522 2388 3575 2432 et
3602 2393 3792 2433 rursus

2204 2457 2507 2530 inmqualis,
2559 2475 2613 2517 ct
2659 2466 2961 2535 superﬁciei
3010 2468 3321 2538 superﬁcies
3359 2470 3581 2539 aqualis
3629 2481 3794 2541 atque

2207 2548 2486 2619 inmqualis
2515 2550 2729 2620 dicitur,
2758 2562 2811 2608 et
2841 2570 3037 2625 corpus
3063 2559 3269 2628 aequale
3291 2568 3345 2614 et
3375 2560 3639 2631 inaequale
3659 2561 3792 2616 dici-

2205 2654 2309 2700 tur.
2341 2645 2606 2703 Numerus
2644 2664 2856 2720 quoque
2881 2661 2935 2706 et
2967 2662 3173 2721 tempus
3200 2661 3255 2708 et
3282 2653 3429 2709 locus
3457 2655 3679 2725 aqualis
3708 2666 3792 2710 εις

2204 2754 2307 2809 que
2333 2740 2607 2809 inaequalis
2636 2742 2849 2798 dicitur.
2884 2744 2937 2798 In
2968 2743 3088 2798 aliis
3118 2754 3295 2800 autem
3315 2761 3435 2815 quae
3462 2748 3795 2815 quantitates

2206 2845 2310 2887 non
2342 2840 2485 2897 sunt,
2515 2847 2619 2887 non
2646 2842 2725 2887 est
2758 2833 2914 2888 facile
2942 2843 3000 2887 ut
3026 2834 3300 2904 inqualitas
3327 2836 3412 2890 vel
3456 2837 3796 2907 inmqualitas

2205 2927 2529 2989 nominetur.
2564 2926 2945 2995 dispositiones
2974 2939 3101 2996 ergo
3128 2941 3246 2995 quin
3272 2925 3582 2982 affectiones
3609 2929 3795 2997 appel-

2206 3018 2406 3086 lantur,
2432 3033 2538 3073 non
2557 3018 2805 3072 dicuntur
2828 3018 3061 3087 mquales
3078 3017 3157 3072 vel
3179 3016 3491 3087 inaequales,
3508 3017 3599 3071 sed
3620 3018 3795 3088 magis

2206 3108 2412 3163 similes
2438 3120 2489 3162 et
2516 3107 2824 3162 dissimiles.
2853 3106 3139 3175 Dispositio
3166 3114 3343 3160 autem
3369 3105 3451 3159 vel
3479 3104 3684 3161 aﬁ‘ectio
3710 3116 3795 3163 est

593 3192 675 3206 μη,
699 3192 767 3205 υ..
832 3192 965 3206 υνυς
998 3192 1153 3220 νυ...
1182 3192 1457 3219 ..ν-.......,⁴.
2365 3202 2375 3212 ,
3104 3200 3116 3211 .
3435 3200 3446 3211 .
3540 3199 3550 3209 .
3779 3200 3793 3209 .

593 3243 711 3298 Non
736 3192 932 3298 vitietur
956 3255 1124 3298 autem
1154 3247 1407 3315 quantitas
1435 3244 1690 3315 suscipere
1722 3245 1883 3316 magis
1926 3254 1972 3299 et
2003 3245 2097 3297 nti-
2201 3200 3162 3316 Et!,balfljiﬂlﬂffi:ccﬁTrfdaf:
3203 3198 3793 3316 ἶίῆῗξλιξὲεξι

2200 3293 2319 3360 quis
2366 3290 2767 3359 grammaticam
2823 3290 3032 3360 legens,
3075 3288 3164 3358 qui
3213 3288 3446 3342 nondum
3487 3287 3790 3358 perdidicit,

2199 3379 2362 3435 liabet
2389 3380 2454 3435 ad
2501 3395 2618 3437 eam
2659 3380 2891 3449 aliquam
2923 3380 3353 3446 dispositionem,
3386 3378 3436 3433 id
3487 3389 3587 3446 est,
3616 3393 3677 3434 ea
3703 3377 3793 3433 ai-

2199 3469 2370 3526 t‘ectus
2400 3478 2503 3539 est,
2545 3480 2598 3525 et
2625 3469 2786 3525 liabet
2810 3468 3010 3540 aliquid
3039 3467 3520 3533 accommodatum,
3551 3477 3603 3522 et
3636 3468 3794 3536 quasi

2201 3560 2580 3630 propinquum.
2612 3559 2846 3614 Possunt
2889 3566 3066 3613 autem
3097 3556 3353 3612 similiter
3387 3570 3506 3611 esse
3536 3556 3643 3611 duo
3671 3556 3790 3611 dis-

2201 3649 2361 3721 positi
2384 3660 2437 3705 et
2464 3648 2658 3717 aﬁ‘eeti,
2692 3649 2973 3718 aequaliter
2995 3663 3127 3704 vero
3149 3648 3390 3714 minime,
3422 3657 3478 3702 ut
3503 3646 3610 3703 duo
3640 3645 3792 3701 simi-

2200 3743 2322 3798 liter
2336 3757 2457 3798 esse
2476 3742 2603 3809 albi,
2618 3740 2895 3811 aequaliter
2917 3756 3044 3798 vero
3075 3755 3203 3797 non.
3230 3738 3362 3795 Nam
3376 3738 3551 3809 siquis
3569 3737 3637 3792 de
3661 3738 3791 3792 duo-

2202 3836 2300 3889 l.us
2321 3834 2567 3889 similiter
2582 3836 2716 3889 albis
2735 3835 3015 3905 aequaliter
3036 3848 3155 3889 esse
3175 3833 3327 3890 albos
3341 3833 3505 3899 dicat,
3526 3841 3673 3888 recta
3690 3846 3791 3887 no-

2201 3925 2361 3981 minis
2390 3939 2529 3979 nunc
2556 3924 2903 3993 usurpatione
2932 3938 3037 3978 non
3066 3924 3248 3978 utitur.
3266 3922 3436 3978 Omne
3452 3922 3595 3976 enim
3617 3935 3790 3992 aequm

2204 4014 2255 4069 le
2285 4022 2340 4069 et
2360 4014 2639 4083 inaequale,
2664 4016 2977 4069 inmensura
3013 4022 3060 4068 et
3097 4013 3148 4068 in
3170 4011 3468 4083 quantitate
3492 4009 3786 4080 perﬁcitur.

2202 4103 2390 4160 Simile
2423 4118 2550 4160 vero
2573 4115 2626 4159 et
2654 4104 2912 4159 dissimile
2934 4094 3383 4174 quemadmodum
3398 4102 3464 4157 de
3490 4103 3792 4171 quantitate

2203 4211 2309 4249 non
2338 4194 2553 4259 dicitur,
2588 4195 2656 4249 ita
2688 4210 2785 4249 nec
2812 4193 2878 4248 de
2910 4192 3009 4246 alia
3040 4192 3275 4262 qualibet
3301 4207 3359 4247 re
3390 4191 3491 4246 nisi
3518 4190 3588 4246 de
3618 4206 3791 4261 quan-

2203 4286 2375 4351 titate,
2420 4292 2566 4340 recte
2595 4284 2871 4354 inqualitas
2915 4290 2967 4337 et
3021 4281 3351 4351 inaequalitas
3391 4290 3788 4349 nuncupantur.

2175 4374 2382 4442 ,Quare
2414 4375 2686 4444 proprium
2733 4384 2814 4427 est
2858 4371 3169 4442 quantitatis
3203 4369 3407 4438 aequale
3437 4376 3492 4423 et
3525 4370 3789 4438 inzquale

2205 4463 2485 4525 nominari,
2518 4463 2612 4517 sed
2642 4463 2893 4531 quoniam
2924 4460 2990 4514 de
3022 4460 3317 4530 quantitate
3347 4457 3546 4514 dictum
3577 4467 3688 4522 est,
3717 4458 3787 4514 ad

514 4549 619 4619 593i
651 4558 759 4605 "'65
803 4544 1038 4616 SibiiPSiS
1082 4547 1397 4623 οοηψθτθῑίν
1450 4561 1545 4600 "ec
1575 4546 1740 4615 magis
1783 4561 1879 4599 "ec
1921 4546 2098 4602 minus
2125 4571 2178 4634 Ῑ)
2206 4536 2546 4611 relativorum
2585 4558 2828 4610 ordinem
2880 4565 3235 4609 transeamus.
3292 4551 3421 4608 Post
3472 4555 3788 4623 quantitatis

516 4652 641 4696 sunt
670 4651 798 4706 tres,
834 4653 931 4694 nec
963 4648 1171 4707 tempus
1197 4652 1407 4707 quoque
1440 4637 1597 4692 habet
1626 4638 1823 4707 aliquid
1853 4638 2023 4707 magis
2040 4648 2095 4693 et

514 4734 713 4809 minus,
742 4744 798 4787 ut
833 4733 1004 4801 magis
1047 4730 1191 4785 aliud
1223 4739 1428 4800 tempus
1451 4730 1518 4783 sit
1543 4729 1648 4784 alio
1678 4738 1940 4800 tempore,
1973 4730 2091 4785 lon-

514 4827 631 4898 gius
660 4825 872 4895 quidem
902 4833 1112 4895 tempus
1136 4834 1379 4893 tempore
1407 4837 1526 4877 esse
1549 4830 1740 4892 potest,
1777 4831 1835 4877 ut
1857 4838 1983 4877 vero
2014 4822 2092 4876 di-

513 4930 664 4975 catur
693 4919 857 4989 magis
887 4926 1096 4987 tempus
1123 4916 1228 4971 alio
1260 4925 1498 4985 tempore
1524 4915 1605 4969 vel
1636 4915 1811 4968 minus
1843 4916 1955 4969 ﬁeri
1999 4931 2091 4971 ne-

510 5011 641 5082 quit.
681 5010 789 5065 lloc
816 5024 1024 5080 quoque
1054 5008 1211 5063 etiam
1243 5009 1296 5062 in
1344 5007 1637 5062 substantia
1668 5007 2088 5064 demonstratum

510 5116 614 5174 est,
649 5106 809 5159 homo
837 5116 1066 5173 namque
1092 5102 1196 5157 alio
1226 5102 1441 5158 homine
1470 5117 1574 5156 non
1606 5114 1687 5157 εει
1714 5102 1880 5173 magis
1909 5103 2088 5170 homo,

509 5214 611 5255 nec
652 5198 847 5252 minus.
877 5196 1020 5251 Idem
1052 5210 1262 5266 quoque
1284 5196 1459 5251 evenit
1503 5197 1573 5251 eti
1593 5212 1659 5249 im
1689 5196 1740 5251 in
1773 5197 2087 5267 quantitate.

471 5343 478 5369 ς
506 5290 659 5359 Quod
692 5291 817 5360 quia
842 5290 1003 5343 etiam
1035 5287 1086 5341 iu
1120 5287 1415 5343 substantia
1447 5298 1547 5355 est,
1579 5292 1847 5359 pmprium
1879 5294 2089 5360 quanti-

507 5384 631 5437 tatis
664 5382 764 5437 liOc
806 5395 911 5436 non
942 5387 1046 5445 est,
1090 5378 1247 5435 habet
1275 5380 1375 5435 hoc
1404 5396 1615 5452 quoque
1650 5385 1919 5451 quantitas
1950 5394 2003 5439 ut
2035 5386 2084 5439 in

504 5475 751 5548 sequenti
782 5474 973 5532 ordine
1000 5474 1116 5543 ipse
1159 5475 1495 5528 monstravit.
1544 5475 1805 5540 Quocirca
1836 5478 2082 5545 quoniam
2160 5470 2161 5473 “

504 5570 652 5639 prius
691 5570 793 5625 hoc
831 5566 897 5621 d'e
931 5565 1225 5620 substantia
1257 5566 1483 5632 dixerat,
1518 5581 1657 5621 nunc
1686 5582 1811 5622 vero
1851 5566 1987 5623 idem
2021 5569 2086 5623 de

504 5660 799 5731 quantitate
830 5657 1129 5729 proposuit,
1159 5656 1355 5714 idcirco
1387 5674 1490 5712 non
1523 5674 1643 5713 esse
1682 5657 1783 5713 hoc
1814 5661 2083 5729 proprium

504 5770 661 5826 quam
676 5756 839 5821 italis,
865 5767 1288 5809 commemorare
1310 5752 1571 5826 neglexit.
1605 5752 1766 5822 Cujus
1783 5751 1921 5807 enim
1941 5763 2086 5808 esset

504 5842 722 5910 alterius
763 5862 870 5907 non
918 5847 1188 5915 suscipere
1233 5848 1399 5913 magis
1429 5857 1482 5904 et
1536 5847 1730 5906 minus.
1783 5856 1907 5901 tunc
1951 5847 2085 5903 dixit

2205 4655 2486 4702 tractatum
2521 4646 2735 4699 tertium
2762 4644 3231 4714 priedicamentum
3257 4641 3325 4698 de
3351 4641 3591 4699 relativis
3610 4643 3787 4715 ἰοδνε-

2198 4737 2361 4802 ditur,
2392 4750 2557 4807 quare
2586 4734 2800 4790 relativo
2827 4735 2927 4789 hoc
2953 4732 3114 4789 modo
3139 4732 3354 4789 diiﬁnit.

2790 4860 2853 4897 DF.
2890 4857 3188 4898 RELATIVIS.

2268 4940 2347 4992 Ad
2370 4936 2565 5009 aliquid
2588 4950 2702 4989 vero
2731 4933 2856 4987 talia
2883 4934 3141 4999 dicuntur,
3173 4946 3484 5004 quiscunque
3503 4932 3597 4986 hoc
3617 4932 3786 5003 ipsimi

2200 5028 2334 5099 quod
2383 5036 2497 5081 sunt
2523 5025 2745 5080 aliorum
2778 5040 2887 5077 esse
2905 5024 3162 5089 dicuntur,
3190 5024 3268 5076 vel
3287 5022 3665 5092 quomodolibet
3687 5024 3785 5077 ali-

2202 5132 2276 5175 ter
2320 5120 2387 5172 ad
2429 5118 2593 5181 aliud,
2635 5125 2689 5170 ut
2729 5117 2897 5186 majus
2949 5115 3004 5168 td
3029 5115 3164 5185 quod
3200 5123 3275 5168 est
3318 5114 3530 5168 alterius
3568 5114 3782 5181 dicitur,

2198 5210 2370 5280 aliquo
2398 5208 2529 5261 enim
2555 5209 2727 5279 majus
2771 5205 2978 5270 dicitur,
3028 5214 3074 5256 et
3101 5203 3315 5273 duplum
3345 5202 3554 5257 alterius
3594 5202 3784 5256 dicitur

2200 5298 2293 5351 hoc
2317 5298 2483 5368 ipsum
2510 5298 2644 5362 quod
2676 5304 2772 5363 est,
2805 5292 3024 5363 alicujus
3054 5293 3190 5345 enim
3220 5291 3437 5360 duplum
3458 5291 3671 5346 dicitur.
3697 5289 3783 5347 Si-

2197 5391 2383 5445 militer
2411 5399 2575 5443 autem
2604 5397 2651 5443 et
2676 5387 2783 5441 alia
2810 5401 3120 5457 quaecunque
3148 5395 3264 5439 sunt
3289 5384 3609 5457 hujusmodi.

2265 5482 2370 5540 Cur
2399 5493 2576 5537 autem
2608 5482 2675 5536 de
2726 5481 2805 5535 his
2849 5496 2969 5551 quae
2999 5490 3121 5536 sunt
3170 5478 3236 5535 ad
3287 5478 3484 5549 aliquid
3516 5475 3780 5540 disserat.

2192 5573 2393 5628 omisso
2422 5571 2633 5626 interim
2665 5570 2730 5625 de
2761 5572 3015 5639 qualitate
3046 5579 3293 5635 tractatu,
3329 5570 3443 5624 haec
3471 5582 3630 5623 causa
3674 5577 3775 5635 est,

2191 5662 2330 5733 quod
2366 5660 2537 5731 posita
2588 5662 2885 5729 quantitate
2918 5661 3080 5730 magis
3113 5659 3360 5713 minusve
3388 5673 3509 5723 esse
3552 5671 3774 5713 necesse

2190 5762 2293 5807 est.
2327 5752 2503 5819 Quare
2531 5763 2650 5804 cum
2682 5748 3031 5817 quantitatem
3061 5748 3316 5802 continuo
3342 5747 3405 5801 ad
3428 5746 3626 5816 aliquid
3649 5761 3774 5800 con-

2191 5851 2464 5906 sequatur.
2511 5848 2654 5896 recte
2682 5850 2802 5899 post
2845 5838 3191 5899 auan‘itateiu
3229 5838 3571 5893 relativoruut
3602 5836 3769 5891 series
