4022 6328
214 388 313 444 9i?

1246 359 1310 415 1N
1339 346 1773 426 CATEGORIAS
1802 341 2242 427 ARISTOTELIS
2279 340 2405 400 LIB.
2436 342 2498 398 11.

3397 342 3503 402 218

218 497 471 558 ordinata
493 501 598 550 est.
631 485 768 544 illud
799 496 1011 557 quoque
1031 487 1114 536 est
1140 477 1194 531 in
1216 487 1395 538 causa,
1415 470 1557 541 quod
1572 463 1819 536 superius
1844 464 1898 523 Δ
1924 470 2119 528 vertas,
2161 467 2270 520 fiet.
2314 462 2592 520 Sensibilis
2624 477 2711 520 res
2755 477 2914 519 sensu
2945 462 3214 521 sensibilis
3245 472 3358 521 est.
3395 466 3501 522 Sed

218 615 339 657 cum
355 597 424 652 de
455 589 755 665 quantitate
783 587 1058 646 tractaret,
1090 573 1432 632 relativorum
1455 563 1658 622 mentio
1679 561 1816 616 facta

219 703 322 757 est,
357 705 482 746 cum
511 687 578 742 de
601 696 796 753 magno
829 687 1100 749 parvoque
1129 669 1414 731 diceretur,
1442 669 1499 716 ut
1525 671 1655 729 ergo
1683 669 1816 710 con-

220 786 400 838 tinens
426 788 485 836 et
513 792 619 833 non
649 747 797 829 esset
824 747 1002 839 operis
1040 764 1334 828 interrupta
1361 749 1660 816 distinctio,
1693 747 1817 802 ideo

224 875 524 946 quantitate
552 869 702 924 finita
727 865 795 920 de
821 861 1102 920 relatione,
1140 848 1438 925 proposuit.
1464 841 1617 914 Quod
1639 849 1836 904 autem,

224 932 317 1032 ait,
339 966 405 1020 ad
435 961 638 1033 aliquid
651 973 782 1015 vero
796 955 921 1012 talia
943 953 1215 1013 dicuntur,
1241 945 1343 1000 hoc
1371 946 1653 1033 monstrat,
1673 932 1832 1016 quod

228 1027 331 1114 non
364 1057 508 1112 sicut
527 1027 800 1125 quantitas
828 1062 926 1119 per
948 1059 1006 1099 se
1033 1050 1089 1098 et
1117 1035 1460 1108 singulariter
1483 1027 1705 1096 intelligi
1727 1038 1820 1095 po-

230 1161 355 1218 test,
383 1123 574 1206 eo’dem
606 1158 822 1218 quoque
853 1138 1014 1196 modo
1041 1131 1335 1192 substantia
1380 1137 1434 1183 et
1474 1123 1725 1196 qualitas,
1767 1126 1822 1175 et

235 1241 652 1312 unumquodque
689 1238 913 1290 aliorum
956 1228 1516 1302 praedicamentorum,
1557 1218 1697 1272 sicut
1726 1227 1821 1284 per

233 1355 290 1396 se
317 1307 658 1398 con-statiua
691 1329 851 1383 etiam
897 1341 996 1397 per
1025 1338 1084 1378 se
1111 1331 1164 1377 et
1191 1315 1536 1388 singulariter
1564 1307 1820 1377 intelligi-

233 1443 316 1488 tur
344 1448 357 1484 :
389 1429 468 1484 sic
498 1427 562 1481 ad
613 1422 812 1493 aliquid
848 1435 944 1490 per
970 1433 1028 1472 se
1055 1425 1109 1471 et
1139 1409 1481 1483 singulariter
1527 1404 1646 1474 capi
1668 1400 1821 1458 intel-

235 1522 374 1577 lectu
404 1533 512 1573 non
541 1522 738 1586 potest,
769 1518 827 1566 ut
854 1510 1095 1565 dicamus
1122 1519 1244 1560 esse
1271 1503 1337 1556 ad
1368 1496 1568 1568 aliquid
1588 1493 1824 1563 singula-

234 1615 384 1668 riter.
410 1606 679 1679 Quidquid
713 1604 853 1659 enim
886 1601 938 1655 in
972 1607 1159 1654 natura
1189 1592 1465 1650 relationis
1493 1586 1820 1659 agnoscitur,

237 1703 289 1758 id
321 1717 440 1757 cum
466 1700 928 1772 alio_necesse_est
955 1687 1350 1764 consideretur;
1382 1695 1499 1736 cum
1529 1677 1672 1732 enim
1701 1673 1824 1729 dico

237 1767 520 1856 dominus,
542 1805 636 1859 per
658 1766 1180 1855 seipsum’nihil'esq
1205 1777 1249 1832 si
1282 1788 1470 1832 servus
1491 1769 1648 1828 desit.
1681 1767 1825 1836 Quo-

1919 577 2040 618 cum
2087 561 2164 616 sic
2194 561 2342 616 casui
2375 561 2603 629 septimo
2652 560 2895 616 redditur
2923 560 3282 617 nominativus
3323 562 3376 618 in
3402 563 3500 619 hac

1919 656 2204 721 relatione,
2229 669 2348 726 quae
2373 654 2500 710 dicit
2523 654 2776 710 sensibile
2795 668 2957 711 sensu
2985 653 3239 711 sensibile
3259 665 3358 724 est,
3393 672 3500 713 non

1919 750 2108 806 eodem
2139 764 2267 804 casu
2289 763 2393 818 quo
2424 749 2668 818 superius
2695 748 2895 804 dictum
2923 757 3006 804 est
3027 729 3379 805 convertitur.
3412 751 3501 806 Di-

1919 844 2093 900 cimus
2119 843 2261 899 enim
2305 856 2498 897 sensus
2528 842 2796 898 sensibi‘is
2826 841 2901 897 rei
2947 858 3139 898 sensus
3178 851 3280 910 est,
3323 853 3378 899 et
3415 843 3502 899 hic

1921 938 2284 997 nominativus
2315 937 2557 992 redditur
2576 935 2641 991 ad
2663 936 2971 1006 genitivum.
2999 937 3123 992 Haec
3150 938 3292 992 enim
3311 939 3389 993 rel
3408 939 3502 993 ttio

1921 1036 1989 1091 ad
2036 1029 2321 1105 septimum
2363 1048 2544 1089 casum
2576 1047 2635 1087 se
2671 1032 2840 1102 aptari
2869 1047 2975 1086 non
3011 1032 3226 1101 patitur.
3269 1030 3501 1087 Scientia

1922 1141 2134 1199 quoque
2163 1125 2361 1181 scibilis
2399 1123 2736 1181 rei-scientia
2761 1133 2863 1188 est,
2917 1122 3178 1194 siquidem
3212 1123 3312 1178 hoc
3338 1123 3500 1178 scitur

1923 1218 2064 1290 quod
2095 1218 2217 1274 sciri
2244 1225 2418 1286 potest
2457 1224 2512 1272 et
2537 1215 2676 1287 quod
2700 1215 2824 1270 sciri
2853 1224 3046 1284 potest,
3076 1213 3262 1271 scibile
3283 1222 3386 1278 est,
3408 1214 3499 1270 sed

1925 1325 2030 1365 non
2061 1309 2249 1366 eadem
2282 1307 2512 1374 ratione,
2559 1322 2658 1362 nec
2698 1307 2763 1362 ad
2812 1307 3056 1362 eumdem
3087 1321 3266 1362 casum
3313 1306 3499 1362 relatio

1926 1405 2027 1459 ista
2055 1403 2409 1458 convertitur.
2459 1400 2696 1455 Dicimus
2741 1399 2884 1455 enim
2924 1399 3124 1453 scibilis
3153 1413 3240 1454 res
3281 1399 3500 1454 scientia

1926 1496 2128 1552 scibilis
2149 1504 2250 1551 est.
2285 1495 2377 1550 Est
2406 1493 2551 1550 enim
2584 1492 2749 1563 prima
2781 1493 2968 1548 relatio
2994 1491 3059 1546 ad
3083 1491 3390 1562 genitivum,
3419 1508 3500 1547 se-

1928 1589 2100 1646 cunda
2129 1587 2410 1644 conversio
2444 1585 2510 1640 ad
2552 1585 2857 1655 septimum.
2898 1583 3023 1638 Haec
3059 1597 3271 1653 quoque
3316 1583 3502 1638 relatio

1929 1680 2222 1738 secundum
2267 1679 2485 1736 eosdem
2525 1677 2862 1733 convertitur
2900 1690 3077 1740 casus,
3120 1689 3240 1730 cum
3284 1674 3504 1730 dicimus

1932 1775 2104 1846 majus
2137 1774 2342 1828 minore
2363 1786 2482 1828 esse
2512 1769 2708 1840 majus,
2745 1778 2798 1822 et
2827 1768 3001 1824 minus
3034 1766 3236 1837 majore
3265 1780 3384 1822 esse
3410 1766 3507 1820 mi-

235 1889 376 1943 circa
393 1898 514 1939 cum
538 1881 694 1935 unius
713 1874 920 1933 relativi
939 1871 1264 1939 nuncupatio
1299 1881 1424 1920 mox
1454 1876 1637 1918 secum
1661 1858 1824 1914 etiam
1856 1848 1908 1912 Β
1932 1886 2053 1927 nus,
2084 1870 2311 1939 Duplum
2336 1880 2549 1938 quoque
2576 1873 2628 1919 ει
2648 1863 2881 1918 medium
2912 1860 3133 1916 relati",
3162 1867 3305 1924 sum,
3339 1858 3430 1913 sed
3454 1867 3507 1912 ει

235 1976 379 2033 aliud
409 1973 587 2029 trahat
613 1970 679 2024 ad
710 1965 932 2036 aliquid,
961 1968 1471 2038 unumesseper'se
1497 1965 1603 2006 non
1629 1957 1822 2019 potest,

236 2080 398 2139 atque
426 2066 549 2120 ideo
580 2077 686 2118 non
715 2060 849 2114 dixit
878 2047 1323 2111 AristoteleszAd
1348 2044 1544 2115 aliquid
1575 2057 1701 2098 vero
1725 2041 1828 2096 tale

237 2135 458 2229 dicitur,
475 2160 592 2224 sed,
607 2154 795 2228 plurali
812 2165 1056 2215 numero,
1082 2147 1207 2201 talia
1226 2144 1498 2207 dicuntur,
1522 2136 1714 2208 inquit,
1735 2135 1830 2191 de-

240 2263 552 2310 monstrans
582 2225 928 2303 relativorum
957 2235 1360 2308 intelligentiam
1394 2246 1498 2286 non
1531 2230 1582 2284 in
1620 2225 1828 2294 simpli-

240 2347 425 2411 citate,
457 2341 553 2397 sed
584 2340 636 2394 in
669 2330 1335 2413 pluralitateﬂconsistere;
1368 2340 1475 2380 non
1504 2338 1623 2379 esse
1650 2313 1832 2376 autem

241 2436 534 2511 quamdam
565 2448 658 2504 per
686 2446 748 2487 se
775 2409 1118 2485 relativorum
1170 2432 1414 2476 naturam
1465 2417 1580 2471 sine
1611 2413 1834 2484 conjun-

242 2506 426 2588 ctione
475 2529 650 2596 aliqua
690 2522 910 2579 alterius
955 2517 1303 2581 subsistente,
1357 2511 1473 2578 ipse
1519 2506 1836 2563 Aristoteles

243 2629 545 2686 monstrat,
567 2595 662 2689 qui
695 2615 822 2670 dicit
851 2627 914 2668 ea
941 2625 1062 2667 esse
1094 2607 1340 2669 relativa,
1371 2613 1701 2672 quaecunque
1736 2595 1839 2650 hoc

245 2719 421 2786 ipsum
444 2711 588 2783 quod
616 2719 742 2764 sunt
762 2707 987 2761 aliorum
1007 2702 1275 2756 dicuntur.
1305 2697 1472 2750 Docet
1492 2692 1633 2772 enim
1661 2690 1836 2759 aliqua

247 2805 626 2877 conjunctione
677 2800 898 2855 alterius
950 2795 1172 2850 relativa
1222 2787 1473 2853 formari,
1516 2787 1618 2839 hoc
1665 2785 1837 2853 ipsum

247 2903 392 2959 enim
421 2900 563 2970 quod
593 2904 718 2951 sunt
746 2894 970 2947 aliorum
999 2889 1268 2943 dicuntur.
1287 2882 1438 2951 Quod
1462 2881 1605 2935 enim
1633 2888 1715 2934 est
1743 2877 1838 2932 do-

251 2969 448 3058 minus,
476 2993 579 3044 hoc
607 2984 832 3040 alterius
875 2981 1091 3043 dicitur,
1123 2977 1173 3031 id
1206 2984 1288 3029 est
1317 2972 1477 3028 servi.
1512 2969 1635 3024 Sive
1663 2975 1838 3022 autem

251 3056 476 3139 relativa
522 3079 784 3135 dicamus,
817 3073 930 3125 sive
967 3070 1034 3123 ad
1063 3064 1284 3136 aliquid,
1327 3061 1457 3117 nihil
1487 3062 1730 3114 interest.
1762 3056 1840 3110 Ad

250 3170 456 3242 aliquid
486 3167 627 3225 enim
673 3165 867 3219 dicitur
897 3145 1037 3230 quod
1068 3156 1239 3225 ipsum
1271 3151 1486 3222 quidem
1516 3163 1636 3203 cum
1666 3161 1760 3215 per
1783 3159 1843 3199 se

1931 1962 2132 2018 eisdem
2162 1961 2374 2016 casibus
2403 1964 2807 2012 convertuntur.
2835 1954 3067 2023 Duplum
3097 1964 3326 2021 namque
3350 1949 3507 2004 dimi-

1933 2056 2003 2111 dii
2031 2055 2248 2124 duplum
2277 2062 2380 2117 est,
2423 2050 2699 2106 dimidium
2727 2063 2857 2102 vero
2886 2045 3033 2116 dupli
3084 2043 3358 2098 dimidium
3403 2051 3505 2097 est.

1933 2148 2068 2205 Sunt
2123 2155 2302 2201 autem
2354 2143 2455 2198 alia
2500 2156 2710 2212 quoque
2741 2139 2958 2197 relativa
3008 2153 3124 2209 qua:
3156 2138 3268 2208 ipse
3309 2137 3383 2191 sic
3413 2135 3508 2189 atl-

1935 2241 2086 2298 didit.

1955 2367 1960 2372 -
2008 2335 2072 2388 At
2099 2349 2214 2390 vero
2241 2341 2360 2387 sunt
2387 2332 2538 2385 etiam
2557 2339 2605 2383 et
2635 2329 2742 2382 haec
2762 2328 2829 2381 ad
2859 2326 3074 2398 aliquid,
3112 2334 3164 2378 ut
3193 2323 3410 2387 habitus,
3433 2323 3514 2393 af-

1939 2429 2120 2498 fectus,
2152 2425 2385 2490 scientia,
2412 2438 2613 2486 sensus,
2647 2420 2832 2490 positio
2859 2435 2874 2472 :
2911 2419 3016 2472 lucc
3037 2417 3170 2472 enim
3211 2415 3380 2468 omnia
3405 2429 3516 2483 qua!

1940 2521 2075 2573 dicta
2101 2526 2241 2584 sunt,
2264 2518 2359 2569 hoc
2377 2516 2550 2583 ipsum
2568 2514 2704 2584 quod
2739 2520 2852 2567 sunt
2884 2511 3101 2564 aliorum
3127 2524 3232 2562 esse
3256 2509 3515 2571 dicuntur,

1939 2616 2016 2667 uel
2042 2609 2419 2682 quomodoltbet
2447 2608 2598 2662 aliter
2629 2606 2697 2659 ad
2725 2605 2886 2671 aliud,
2921 2612 2966 2656 et
2995 2619 3092 2656 non
3124 2599 3266 2654 aliud
3303 2598 3516 2668 aliquid;

1944 2705 2142 2758 habitus
2169 2703 2299 2757 enim
2327 2701 2548 2772 alicujus
2574 2697 2778 2756 habitus
2799 2696 3010 2761 dicitur,
3039 2703 3084 2746 et
3119 2691 3394 2762 disciplina
3418 2690 3518 2744 ali-

1943 2796 2092 2863 cujus
2133 2793 2424 2860 disciplina,
2465 2800 2510 2844 et
2543 2789 2727 2858 positio
2766 2786 2983 2858 alicujus
3019 2784 3221 2854 positio.
3271 2782 3519 2837 Similiter

1944 2896 2113 2943 autem
2139 2893 2183 2938 et
2212 2883 2336 2938 alia.

1954 3009 1960 3023 ι
2020 2979 2094 3033 De
2123 2991 2284 3032 sensu
2315 2973 2530 3045 quidem
2560 2980 2614 3028 et
2649 2971 2871 3026 scientia
2903 2969 3102 3024 dictum
3146 2975 3227 3022 est
3254 2964 3521 3036 superius,

1949 3084 2091 3128 nunc
2116 3083 2242 3124 vero
2265 3067 2332 3122 de
2359 3064 2565 3129 habitu,
2587 3061 2954 3133 dispositione,
2978 3069 3032 3116 et
3058 3058 3322 3129 positione
3345 3057 3523 3113 dicen.

1949 3163 2077 3218 dum
2103 3169 2203 3217 est.
2250 3159 2535 3229 Dispositio
2561 3167 2643 3212 est
2670 3156 2734 3211 ad
2765 3157 2993 3225 aliquam
3034 3169 3148 3209 rem
3182 3153 3395 3208 mobilis
3423 3166 3523 3221 ap-

253 3265 386 3322 nihil
419 3265 508 3326 sit,
562 3260 788 3314 relatum
824 3229 1001 3307 tamen
1028 3249 1092 3304 ad
1125 3246 1268 3303 aliud
1308 3252 1536 3307 constat,
1572 3249 1630 3294 ut
1665 3237 1838 3293 domi-
1869 3229 1917 3294 C
1950 3255 2185 3325 ριίοειεο,
2228 3261 2282 3307 ιη
2306 3251 2350 3306 εί
2382 3252 2659 3322 quisquam
2693 3250 2922 3304 ﬂamma,
2965 3249 3290 3319 propinquus
3333 3245 3526 3309 calcar.

256 3372 379 3421 nus,
412 3354 455 3408 si
489 3351 624 3406 desit
656 3349 705 3404 id
737 3347 802 3401 ad
833 3343 972 3415 quod
1005 3340 1220 3406 dicitur,
1265 3337 1318 3392 id
1346 3344 1449 3400 est,
1497 3346 1704 3397 servus,
1736 3333 1842 3385 rion

256 3458 360 3513 est,
389 3446 583 3501 dicitur
613 3442 756 3496 enim
789 3437 855 3491 ad
883 3447 1096 3491 servum
1125 3449 1140 3496 ;
1174 3427 1513 3484 manifes'um
1539 3439 1666 3492 ergo
1692 3431 1771 3478 est
1802 3421 1848 3476 si

258 3553 449 3596 servus
475 3535 633 3597 desit,
657 3530 931 3586 dominum
961 3526 1065 3580 dici
1089 3538 1193 3578 non
1218 3535 1394 3592 posse,
1413 3533 1578 3588 quire
1600 3517 1848 3572 dominus

260 3638 328 3693 ad
357 3631 559 3704 aliquid
591 3630 808 3693 dicitur,
837 3625 886 3681 id
917 3632 999 3678 est
1027 3623 1090 3676 ad
1117 3635 1354 3676 servum.
1374 3617 1617 3672 Relativa
1636 3629 1850 3684 quoque

265 3732 518 3786 dicuntur
549 3725 772 3789 idcirco,
805 3720 947 3791 quod
974 3731 1158 3773 eorum
1187 3711 1510 3779 nuncupatio
1543 3720 1754 3776 semper
1785 3705 1851 3760 ad

267 3821 467 3894 aliquid
512 3817 797 3881 referatur,
825 3820 882 3866 ut
910 3809 1112 3865 domini
1153 3805 1218 3859 ad
1249 3817 1488 3869 servum,
1529 3813 1694 3870 quare
1721 3796 1854 3852 nihil

270 3893 496 3971 interest
535 3907 778 3981 quolibet
823 3904 982 3959 modo
1027 3902 1254 3954 dicatur.
1316 3893 1633 3964 llujusmodi
1678 3898 1855 3962 autem

269 4005 522 4062 diffinitio
563 3998 800 4056 Platonis
845 4009 964 4050 esse
1003 3991 1264 4054 creditur,
1308 4002 1427 4058 quae
1465 3985 1532 4038 ab
1572 3981 1860 4038 Aristotele

272 4101 429 4172 paulo
461 4093 730 4166 posterius
759 4087 1096 4144 emendatur.
1143 4081 1502 4135 llclativorum
1549 4085 1725 4130 autem
1758 4063 1861 4128 alia

275 4199 479 4256 eisdem
526 4192 740 4249 casibus
788 4189 1110 4250 referuntur,
1149 4182 1250 4237 alia
1300 4177 1546 4242 diversis,
1578 4175 1680 4230 alia
1735 4186 1864 4228 vero

274 4292 422 4348 omni
454 4298 579 4343 sunt
621 4299 747 4340 casu
807 4279 1066 4335 carentia.
1107 4272 1260 4342 Quod
1310 4271 1515 4326 scilicet
1561 4274 1865 4321 monstrans

274 4383 502 4444 addidit,
537 4377 617 4432 vel
647 4370 1047 4445 quomodolibet
1077 4367 1230 4421 aliter
1251 4362 1316 4418 ad
1349 4359 1513 4416 aliud.
1534 4356 1670 4426 Quid
1690 4365 1866 4410 autem

277 4495 380 4546 est,
437 4479 609 4549 ipsius
641 4489 776 4545 pene
835 4479 1011 4525 textus
1057 4480 1306 4523 sermone
1355 4468 1699 4515 monstratur.
1734 4455 1866 4511 Cum

1947 3351 2036 3406 ille
2063 3349 2352 3419 dispositus
2381 3347 2575 3401 dicitur
2619 3345 2684 3400 ad
2712 3344 2967 3409 calorem,
2993 3342 3045 3398 id
3071 3351 3173 3409 est,
3202 3341 3407 3396 habens
3435 3339 3528 3393 ali-

1949 3457 2109 3514 quam
2150 3439 2562 3510 applicationem
2602 3437 3140 3506 conjunctionemque
3169 3433 3234 3487 ad
3273 3432 3531 3487 calorem.

1950 3533 2095 3589 Idem
2122 3546 2254 3587 vero
2275 3538 2356 3586 est
2380 3528 2592 3584 affectio
2615 3528 2755 3598 quod
2779 3526 3078 3598 dispositio,
3111 3539 3177 3580 ne
3200 3538 3338 3578 novo
3361 3522 3532 3577 nomi-

1954 3639 2022 3680 ne
2052 3639 2205 3680 error
2233 3623 2432 3677 oriatur
2459 3638 2472 3674 :
2506 3630 2560 3676 et
2586 3619 2707 3675 ideo
2733 3617 3012 3688 dispositio
3036 3631 3156 3671 cum
3196 3615 3264 3669 sit
3291 3615 3533 3684 quaedam

1955 3717 2022 3771 ad
2059 3716 2216 3770 aliam
2247 3730 2363 3770 rem
2403 3712 2732 3782 conjunctio,
2763 3710 2846 3764 vel
2885 3710 2951 3764 ab
2980 3707 3081 3762 alia
3110 3705 3338 3770 affectio,
3380 3703 3535 3760 facile

1959 3807 2174 3864 mobilis
2196 3815 2300 3873 est,
2325 3804 2552 3861 celerius
2581 3803 2778 3858 etenim
2820 3809 3169 3872 permutatur.
3205 3797 3423 3852 llabitus
3443 3811 3535 3851 au-

1961 3913 2068 3958 tem
2100 3911 2186 3957 est
2220 3897 2585 3969 diapositionis
2613 3896 2695 3951 vel
2734 3894 3028 3948 affectionis
3066 3892 3216 3946 firma
3245 3897 3300 3945 et
3328 3903 3433 3944 non
3464 3886 3540 3944 fa-

1962 3996 2065 4052 cile
2081 3991 2450 4066 permutabilis
2471 3991 2728 4055 accessio,
2756 3999 2814 4043 ut
2841 3989 2884 4042 si
2915 3988 3193 4058 quisquam
3221 3984 3273 4038 iu
3298 3983 3412 4038 sole
3431 3995 3541 4036 am—

1965 4090 2152 4145 bulans
2190 4087 2389 4142 fuscior
2421 4085 2528 4149 flat,
2561 4081 2852 4152 dispositus
2885 4081 2949 4134 ad
2986 4079 3317 4148 nigredinem
3353 4075 3543 4130 dicitur

1968 4193 2022 4237 et
2048 4179 2325 4249 nigredine
2354 4178 2594 4231 affectus.
2636 4175 2728 4230 Sin
2765 4183 2941 4227 autem
2984 4172 3070 4226 illa
3113 4168 3333 4239 nigredo
3359 4168 3545 4222 fortius

1968 4287 2024 4334 et
2046 4273 2452 4332 immutabiliter
2472 4286 2667 4341 corpus
2683 4270 2951 4335 infecerit,
2982 4267 3189 4323 habitus
3212 4269 3545 4322 nominatur:

1967 4370 2218 4442 quocirca
2249 4367 2462 4421 habitus
2493 4373 2575 4420 est
2602 4365 2895 4419 inveterata
2926 4361 3158 4416 affectio.
3198 4358 3349 4414 Unde
3372 4356 3548 4413 omnis

1974 4465 2187 4521 habitus
2216 4459 2497 4530 dispositio
2520 4457 2603 4513 vel
2636 4454 2847 4510 affectio
2873 4463 2976 4520 est,
3019 4467 3124 4508 non
3167 4460 3345 4507 autem
3375 4449 3550 4507 omnis

282 4581 426 4636 enim
458 4577 584 4631 dico
610 4573 854 4630 dominus
881 4566 1021 4623 servi
1053 4565 1321 4628 dominus,
1354 4559 1420 4614 ad
1454 4557 1741 4629 genitivum
1773 4569 1846 4611 cal

1972 4567 2252 4637 diSpositio
2286 4563 2365 4618 vel
2397 4560 2607 4616 affectio
2635 4557 2865 4612 habitus.
2910 4555 2977 4608 Et
3015 4567 3084 4609 ne
3123 4551 3287 4608 multa
3322 4551 3549 4608 dicenda

279 4691 396 4730 sum
439 4669 650 4728 reddidi
697 4661 1103 4724 nominativum,
1149 4667 1202 4713 et
1232 4669 1418 4711 rursus
1449 4653 1512 4708 ad
1545 4649 1789 4707 eumdem
1821 4649 1864 4704 si

282 4777 628 4828 convertero.
666 4762 793 4816 Dico
827 4759 967 4813 enim
997 4768 1184 4809 servus
1211 4748 1411 4804 domini
1461 4759 1668 4812 servus,
1697 4754 1754 4799 et
1784 4744 1868 4799 hic

283 4875 499 4933 quoque
528 4853 892 4913 nominativus
918 4847 982 4902 ad
1006 4845 1296 4916 genitivum
1323 4840 1524 4895 relatus
1539 4846 1638 4893 est.
1665 4833 1867 4889 Eodem

285 4927 502 5028 quoque
534 4948 695 5005 modo
731 4958 854 5000 sese
903 4940 1065 4994 habet
1105 4945 1258 5007 pater
1303 4933 1395 4987 filii
1431 4940 1602 5002 pater,
1643 4939 1697 4982 et
1733 4927 1871 4980 ﬁlius

290 5018 453 5118 patris
485 5044 647 5106 filius,
679 5049 730 5094 et
759 5035 1008 5103 magister
1038 5026 1292 5097 discipuli
1332 5025 1606 5093 magister,
1635 5029 1686 5075 et
1712 5018 1871 5073 disci-

292 5109 446 5210 pulus
475 5131 716 5203 magistri
749 5124 1058 5194 discipulus,
1091 5121 1204 5174 lucc
1233 5131 1361 5186 ergo
1389 5115 1441 5170 id
1469 5113 1608 5185 quod
1636 5120 1778 5174 sunt,
1802 5109 1875 5164 si-

292 5205 494 5288 utiliter
524 5227 749 5282 aliorum
785 5219 1057 5274 dicuntur.
1093 5212 1222 5267 Nam
1251 5209 1393 5280 quod
1425 5208 1650 5261 aliorum
1691 5205 1876 5259 dicun-

295 5339 378 5382 tur
433 5319 728 5379 secundum
762 5312 1052 5384 genitivum
1099 5305 1343 5362 redditur
1367 5315 1571 5364 casum,
1604 5298 1707 5352 alia
1751 5311 1876 5352 vero

297 5434 400 5474 non
433 5411 728 5471 secundum
779 5403 1024 5461 eumdem
1070 5413 1252 5454 casum
1290 5391 1726 5462 consequentiam
1759 5388 1880 5444 red-

299 5512 451 5566 dunt.
483 5507 686 5562 Sensus
707 5499 850 5555 enim
881 5494 946 5549 ad
975 5492 1173 5562 aliquid
1205 5499 1312 5555 est,
1341 5485 1612 5542 sensibilis
1633 5483 1773 5537 enim
1800 5483 1879 5537 rei

300 5611 381 5659 est
408 5613 620 5656 sensus.
664 5590 814 5659 Quod
862 5587 1002 5644 enim
1045 5582 1297 5640 sensibile
1327 5589 1411 5636 est
1441 5576 1630 5634 sentiri
1681 5583 1875 5645 potest,

302 5691 441 5764 quod
488 5687 675 5746 sentiri
724 5691 918 5755 potest,
971 5674 1224 5734 sensibile
1262 5681 1365 5738 est,
1399 5680 1451 5726 et
1480 5683 1620 5724 nunc
1667 5665 1881 5736 quidem

308 5803 495 5848 senatus
535 5779 807 5838 sensibilis
842 5775 920 5831 rei
963 5785 1153 5830 sensus
1191 5765 1422 5838 genitivo
1450 5758 1884 5817 accommodatus

313 5890 409 5936 est.
452 5877 620 5942 Huius
649 5873 789 5929 enim
820 5870 896 5926 rei
926 5862 1194 5924 sensibilis
1225 5859 1423 5915 dictqu
1455 5863 1556 5920 est,
1601 5860 1654 5908 at
1682 5850 1725 5906 si
1751 5864 1882 5906 con-

1976 4664 2103 4726 siut,
2147 4659 2263 4716 hoc'
2297 4668 2511 4726 quoque
2539 4659 2751 4706 constat
2776 4649 2826 4703 in
2874 4647 3055 4702 habitu
3088 4657 3143 4702 et
3181 4643 3552 4715 dispositione,

1975 4751 2115 4824 quod
2169 4749 2383 4803 habitus
2415 4741 2762 4799 immutabilis
2787 4739 2962 4809 passio
2988 4747 3090 4802 est,
3121 4737 3396 4806 dispositio
3426 4749 3554 4792 vero

1977 4859 2083 4900 non
2114 4840 2383 4902 similiter,
2410 4835 2501 4891 sed
2535 4833 2746 4889 affectio
2767 4831 3008 4902 quasdam
3033 4839 3135 4893 est,
3154 4837 3207 4883 et
3235 4828 3300 4881 ad
3323 4829 3552 4897 aliquam

1979 4951 2092 4992 rem
2125 4929 2454 5000 coniunctio,
2484 4941 2602 4996 qua:
2634 4930 2810 4994 potest
2839 4920 2992 4975 facile
3020 4917 3324 4988 permutari.
3355 4917 3555 4972 Positio

1984 5040 2117 5080 vero
2148 5031 2230 5078 est
2266 5019 2490 5086 alicujus
2528 5015 2602 5071 rei
2630 5011 2931 5075 collocatio,
2965 5020 3023 5064 ut
3050 5018 3130 5064 est
3156 5009 3334 5072 statio,
3359 5005 3550 5072 sessio,

1950 5116 2278 5178 .inclinatio,
2305 5108 2601 5173 accubatio,
2639 5114 2693 5160 et
2721 5105 2823 5158 alia
2856 5099 3178 5172 huiusmodi.
3213 5099 3344 5155 Nam
3386 5107 3441 5151 et
3465 5097 3555 5166 qui

1980 5218 2086 5266 stat
2113 5200 2506 5278 quodammodo
2555 5199 2760 5269 positus
2787 5209 2906 5251 esse
2941 5194 3136 5250 dicitur
3164 5201 3216 5246 et
3245 5189 3554 5252 collocatus,

1983 5312 2037 5358 et
2062 5302 2150 5370 qui
2184 5296 2357 5361 sedet,
2409 5303 2465 5348 et
2503 5292 2592 5361 qui
2623 5288 2907 5353 accumbit,
2937 5295 2992 5341 ct
3019 5285 3106 5354 qui
3133 5280 3423 5338 secundum
3453 5294 3558 5336 cta-

1986 5405 2126 5450 teras
2180 5388 2470 5460 positiones
2505 5394 2588 5439 est
2637 5381 2842 5451 positus
2866 5377 3178 5448 appellatur.
3218 5373 3478 5441 Quocirca
3505 5381 3559 5428 et

1984 5489 2143 5546 statio
2189 5494 2244 5538 ct
2278 5480 2446 5538 sessio
2491 5488 2546 5532 et
2588 5475 2862 5530 accubatio
2906 5471 3200 5540 positiones
3235 5476 3411 5521 erunt.
3453 5466 3558 5520 Sed

1987 5579 2234 5651 quoniam
2265 5571 2391 5643 quid
2414 5577 2596 5626 essent
2625 5567 2824 5620 dictum
2855 5573 2957 5627 est,
2985 5575 3124 5616 nunc
3151 5560 3195 5614 si
3218 5566 3344 5614 sunt
3367 5558 3434 5612 ad
3455 5557 3557 5614 ali-

1985 5649 2110 5744 quid
2142 5668 2437 5730 videamus,
2478 5659 2716 5716 habitum
2742 5653 2961 5710 relative
2986 5652 3091 5707 dici
3130 5666 3194 5706 ea
3227 5665 3314 5706 res
3349 5649 3556 5720 probat,

1978 5779 2104 5836 quae
2131 5761 2250 5816 aliis
2277 5768 2489 5827 quoque
2517 5753 2680 5808 rebus
2704 5747 3026 5815 documento
3043 5744 3138 5798 fuit
3160 5756 3278 5799 esse
3302 5744 3560 5811 relativis,

1991 5832 2046 5910 ut
2076 5862 2153 5908 est
2182 5852 2230 5906 iu
2254 5861 2412 5904 sensu
2435 5854 2595 5912 atque
2625 5840 2675 5897 in
2705 5833 2946 5893 scientia.
2970 5832 3174 5894 Idcirco
3189 5836 3332 5894 enim
3357 5836 3560 5894 dictum
