4022 6328
526 326 629 417 εις
1738 358 1852 420 AN.
1893 358 2101 417 nam.
2141 340 2292 415 scv.
2335 358 2557 417 socru
3668 353 3775 410 asc

526 484 607 528 est
631 490 848 532 sensum
872 447 1148 549 sensibilis
1180 478 1255 532 rei
1286 493 1405 549 esse
1435 493 1675 545 sensum,
1705 477 1845 549 quod
1869 492 1955 533 res
1985 488 2108 531 sen-
2135 474 2185 536 Δ
2215 483 2321 530 tem
2354 476 2598 571 parvum,
2625 480 2692 531 ει·
2712 488 3095 544 monsparvus
3117 476 3187 530 ad
3216 490 3485 545 magnum.
3508 477 3596 571 Isis
3614 480 3795 535 nullo-

526 562 695 623 sibilis
724 579 804 624 est
823 586 938 643 qua?
967 571 1150 625 sentiri
1186 581 1391 643 potest;
1421 583 1499 627 est
1531 586 1657 639 ergo
1682 566 1892 626 habitus
1914 569 2108 625 habilis
2212 582 2326 621 runt
2352 562 2569 621 casuum
2602 567 2682 622 vis
2708 576 2823 622 est:
2849 581 3151 637 quanquam
3180 568 3322 622 enim
3353 570 3685 629 accusativus
3713 572 3795 626 Vi-

527 662 605 715 rei
642 642 873 717 habitus.
922 661 1121 717 ﬂabilis
1142 658 1282 717 enim
1311 642 1398 718 res
1422 673 1504 718 est
1547 678 1663 733 quze
1698 661 1880 718 haberi
1907 670 2102 733 potest,

528 754 673 829 illius
711 759 851 811 enim
884 756 960 811 rei
994 756 1203 829 habitus
1229 767 1311 813 est
1350 773 1467 827 quae
1509 755 1691 812 haberi
1735 763 1931 827 potest.
1962 755 2107 823 Quo-

526 847 666 902 circa
695 849 796 903 erit
827 848 1042 903 habitus
1074 849 1261 904 habilis
1295 834 1369 925 rei
1401 849 1626 911 habitus,
1655 847 1749 903 sed
1783 863 1865 902 res
1894 850 2106 917 quoque

526 940 715 995 habilis
748 942 930 997 habitu
953 947 1056 997 erit
1079 943 1288 1009 habilis,
1317 944 1433 1012 ipso
1464 943 1604 997 enim
1635 942 1816 998 habitu
1854 952 1941 997 res
1985 955 2105 1013 qua:

524 1032 705 1087 haberi
766 1043 990 1100 possunt
1032 1034 1311 1089 habemus.
1351 1034 1639 1104 Dispositio
1673 1049 1888 1106 quoque
1914 1033 2103 1091 eodem

525 1124 703 1179 modo.
740 1112 1113 1195 Dispositio‘na
1124 1145 1283 1197 mque
1304 1129 1578 1199 diSposita:
1603 1129 1680 1184 rei
1698 1126 1975 1198 dispositio
1995 1135 2100 1193 est,

523 1198 575 1270 et
621 1217 878 1285 disposita
920 1234 1008 1273 res
1044 1198 1401 1289 dispositione
1447 1219 1702 1290 disposita
1749 1230 1849 1275 est.
1898 1218 2103 1274 Caioris

520 1307 661 1361 enim
683 1309 963 1377 dispositio
986 1310 1233 1389 calentis,
1270 1311 1320 1366 id
1349 1318 1449 1377 est,
1484 1313 1549 1367 ad
1571 1312 1803 1367 calorem
1833 1311 2097 1380 dispesiti,

520 1399 801 1469 dispositio
841 1411 945 1456 est.
998 1402 1199 1457 Eodem
1232 1404 1399 1458 modo
1432 1403 1733 1471 dispositus
1771 1403 1836 1457 ad
1864 1403 2097 1457 calorem

517 1493 712 1547 caloris
737 1492 1085 1561 dispositione
1111 1495 1401 1564 dispositus
1424 1503 1506 1550 est
1534 1512 1547 1547 :
1576 1496 1722 1549 velut
1744 1495 1788 1549 si
1814 1495 1911 1548 hoc
1941 1494 2099 1548 modo

517 1584 588 1636 sit
614 1583 837 1651 dictum,
870 1588 1049 1642 omnis
1070 1586 1282 1641 affectio
1303 1584 1476 1642 affecti
1505 1586 1715 1642 affectio
1737 1597 1835 1655 εει,
1861 1595 1914 1642 ει
1937 1601 2098 1642 omne

517 1674 763 1731 allectum
796 1676 1077 1734 ail‘ectione
1108 1678 1355 1735 allectum
1387 1690 1486 1755 est.
1521 1681 1585 1733 Et
1617 1681 1764 1735 calor
1792 1679 2016 1734 calentis
2042 1681 2098 1735 fit

521 1770 687 1834 ealor,
718 1777 773 1824 et
816 1771 997 1826 calens
1047 1773 1226 1827 calore
1271 1773 1325 1825 iit
1356 1772 1611 1827 calidum.
1650 1771 1857 1826 Positib
1886 1786 2097 1841 qunque

2210 659 2365 715 detur
2392 674 2514 716 esse
2546 662 2854 729 pertuistus,
2885 669 3063 721 tamen
3092 661 3184 715 ille
3205 661 3369 732 hujus.
3382 662 3659 727 relationis
3680 667 3790 723 vim

2209 767 2313 807 non
2346 761 2510 816 tenet,
2535 753 2627 807 sed
2658 752 2965 822 praepositio
2985 754 3187 821 quaead
3219 755 3576 817 accusativum
3605 757 3788 824 datur;

2207 857 2329 897 cum
2354 844 2501 897 enim
2529 843 2673 907 dico,
2716 858 2871 899 mons
2912 858 3135 913 magnus
3167 844 3233 900 ad
3262 860 3483 915 par-vum
3527 859 3791 919 montem,

2208 936 2518 1006 praepositio
2538 939 2650 991 sola
2676 949 2758 993 est
2775 954 2895 1008 quae
2911 941 3018 994 vim
3051 940 3206 1010 hujus
3221 944 3457 998 continet
3486 945 3787 1011 relationis.

2207 1036 2264 1081 ut
2292 1028 2336 1082 si
2363 1028 2483 1098 quis
2511 1029 2650 1084 dicat
2681 1042 3079 1101 magnus’mons
3109 1048 3326 1102 parvum
3351 1046 3606 1105 montem,
3654 1039 3791 1096 nihil

2205 1114 2467 1195 signiﬁcet
2511 1126 2812 1181 deﬁnitum.
2852 1126 3111 1194 Quocirca
3161 1130 3407 1197 quamvis
3448 1133 3791 1193 accusativus

2204 1216 2363 1269 castus
2408 1216 2459 1269 in
2495 1214 2591 1270 hac
2638 1218 3006 1285 propositione
3044 1217 3135 1279 sit,
3176 1233 3281 1272 non
3331 1229 3510 1275 tamen
3551 1222 3635 1277 hic
3679 1226 3788 1281 vim

2204 1323 2364 1363 casus
2391 1317 2557 1374 tenet,
2582 1308 2681 1362 sed
2712 1309 3018 1378 praepositio
3048 1325 3064 1373 ;
3104 1319 3265 1380 atque
3287 1311 3499 1367 hocest
3526 1315 3665 1384 quod
3687 1316 3787 1379 ait,

2204 1402 2285 1456 vel
2306 1401 2715 1471 quomodolibet
2734 1401 2893 1457 aliter
2913 1402 2976 1455 ad
3000 1402 3165 1465 aliud,
3189 1410 3246 1457 ut
3266 1408 3520 1474 quoniam
3539 1409 3788 1475 superius

2202 1492 2497 1547 secundum
2537 1506 2693 1547 casus
2720 1491 3012 1547 relationes
3043 1493 3159 1557 ﬁeri
3186 1493 3414 1561 dixerat,
3434 1510 3584 1553 erant
3604 1506 3787 1556 autem

2201 1582 2445 1652 qna-dam
2489 1582 2779 1637 relationes
2824 1598 2947 1652 qua:
2993 1584 3156 1638 nullis
3192 1584 3406 1640 casibus
3449 1595 3782 1657 tenerentur,

2200 1673 2397 1741 adjecit
2429 1673 2530 1727 hoc
2551 1714 2566 1739 ,
2597 1674 2679 1728 vel
2710 1673 3111 1743 quomodolibet
3138 1675 3295 1731 aliter
3330 1682 3399 1732 ad
3440 1678 3605 1745 aliud,
3632 1694 3701 1735 ac
3737 1682 3785 1737 si

2200 1766 2400 1819 diceret
2429 1783 2443 1820 :
2473 1766 2659 1820 Omnis
2683 1766 2873 1821 relatio
2902 1777 2996 1822 aut
3024 1768 3236 1825 casibus
3264 1771 3342 1832 ﬁt,
3372 1771 3514 1841 quod
3550 1788 3643 1842 per
3683 1774 3787 1831 hoc

516 1860 736 1916 relativa
784 1873 884 1929 est,
929 1880 1049 1918 nam
1098 1866 1298 1932 positio
1329 1865 1515 1932 positae
1547 1865 1647 1919 rei’
1675 1865 1869 1934 positio
1896 1838 2096 1932 est,'et
2127 1838 2177 1914 Β
2198 1857 2585 1912 demonstravit
2607 1858 2748 1927 quod
2775 1862 2869 1925 ait,
2906 1876 3241 1931 quascunque
3260 1862 3312 1916 id
3336 1864 3477 1932 quod
3508 1874 3634 1921 sunt
3657 1867 3784 1922 alio-

516 1954 686 2020 posita
715 1968 801 2008 res
834 1955 1095 2024 positione
1124 1958 1295 2029 posita
1335 1968 1437 2021 est,
1471 1964 1526 2011 et
1553 1957 1656 2011 hoc
1700 1956 1920 2025 intelligi
1967 1970 2094 2009 con-

514 2041 659 2097 venit
689 2046 978 2100 secuudum
1013 2048 1243 2115 priorem
1273 2047 1485 2103 habitus
1510 2057 1565 2103 et
1593 2047 1958 2117 dispositionis
1981 2061 2097 2100 mo-

511 2132 656 2187 dum.
691 2135 785 2189 llia
829 2151 1043 2206 quoque
1074 2153 1159 2192 res
1190 2139 1378 2207 probat
1408 2139 1730 2206 positionem
1757 2152 1878 2192 esse
1900 2138 1965 2191 ad
1997 2138 2095 2192 a|i~

511 2224 659 2296 quid,
704 2226 846 2296 quod
877 2228 992 2298 ejus
1031 2230 1242 2298 species
1286 2230 1526 2307 relativo:
1571 2240 1733 2295 sunt;
1763 2230 1921 2285 statio
1949 2230 2092 2285 enim

510 2318 700 2374 stantis
739 2321 815 2375 rei
840 2322 1000 2375 statio
1028 2331 1129 2387 est,
1161 2332 1215 2377 et
1235 2323 1325 2393 qui
1366 2320 1725 2379 statstatione
1765 2332 1909 2391 stat;
1944 2331 2002 2378 et
2023 2322 2094 2378 de

510 2411 750 2466 sessione
787 2413 1002 2481 quidem
1065 2424 1119 2468 et
1165 2415 1232 2469 de
1280 2415 1524 2469 accubitu
1573 2415 1712 2469 idem
1752 2414 1856 2469 dici
1894 2422 2088 2485 potest.

509 2501 765 2567 Quocirca
792 2512 847 2556 et
892 2502 1105 2558 habitus
1132 2513 1185 2559 et
1210 2498 1491 2575 dispositio
1520 2506 1609 2560 vel
1648 2504 1879 2572 allectio,
1909 2512 1963 2559 et
1997 2516 2094 2571 po-

509 2593 634 2647 sitio
664 2594 882 2649 relativa
928 2606 1075 2661 sunt,
1118 2607 1172 2652 et
1219 2601 1332 2653 haec
1362 2598 1540 2653 omnia
1586 2600 1669 2652 vel
1711 2598 1977 2655 similibus
2005 2598 2092 2654 vel

510 2686 855 2742 dissimilibus
893 2690 1336 2744 convenientibus
1376 2698 1553 2745 tamen
1589 2690 1954 2759 praedicationi
1999 2705 2091 2747 ca-

505 2775 657 2831 sibus
703 2780 1105 2834 convertutitur.
1163 2780 1358 2835 Eorum
1401 2792 1577 2835 autem
1623 2796 1742 2852 quas
1794 2782 2091 2839 secundum

511 2882 667 2923 casus
711 2881 1113 2939 convertuntur,
1165 2872 1265 2927 alia
1313 2884 1435 2927 sunt
1472 2889 1591 2944 qua:
1634 2875 1824 2929 eodem
1873 2876 2093 2931 nomine

518 2961 895 3028 praedicantur,
922 2964 1023 3019 alia
1066 2978 1193 3019 vero
1215 2979 1333 3033 quas
1368 2964 1568 3031 dispari
1598 2982 1612 3017 :
1644 2980 1764 3020 cum
1792 2965 1935 3018 enim
1968 2965 2089 3021 dico

511 3052 686 3107 simile
706 3053 866 3107 simili
888 3055 1073 3110 simile
1094 3063 1195 3113 est.
1222 3063 1277 3109 et
1295 3055 1499 3123 aquale
1526 3054 1716 3123 :equali
1746 3055 1953 3125 aequale
1979 3067 2087 3122 est,

510 3150 564 3199 et
600 3142 861 3199 dissimile
889 3145 1130 3200 dissimili
1162 3144 1426 3202 dissimile
1446 3153 1550 3209 est,
1578 3144 1779 3199 eisdem
1815 3145 2087 3201 vocabulis

2201 1966 2319 2004 rum
2352 1951 2621 2015 dicuntur,
2647 1960 2737 2005 aut
2766 1960 2961 2021 praeter
2984 1968 3142 2008 casus
3168 1963 3311 2017 sunt,
3348 1957 3489 2021 quod
3518 1957 3631 2013 haec
3661 1974 3784 2015 sen~

2201 2044 2365 2097 tentia
2394 2042 2679 2106 docet,'vel
2705 2042 3104 2111 quomodolibet
3136 2045 3290 2099 aliter
3318 2046 3383 2100 ad
3411 2048 3576 2113 aliud,
3624 2060 3791 2119 atque

2202 2135 2313 2189 hinc
2345 2135 2622 2191 hactenus.
2649 2135 2755 2205 Sed
2779 2150 2900 2189 eum
2933 2136 3125 2204 positio
3149 2138 3219 2191 sit
3240 2138 3313 2209 ad
3343 2140 3563 2209 aliquid,
3595 2150 3649 2198 et
3678 2142 3789 2201 sint

2198 2228 2407 2307 species
2450 2227 2567 2296 ejus
2612 2226 2852 2282 relativa!
2888 2230 3084 2298 (sessio
3126 2229 3269 2283 enim
3301 2240 3354 2284 et
3376 2231 3538 2285 statio
3564 2232 3789 2295 reiativa

2197 2318 2363 2387 sunt),
2394 2319 2584 2373 sedere
2607 2328 2662 2373 et
2690 2327 2834 2373 stare
2866 2320 3006 2373 nulla
3041 2321 3230 2376 relatio
3254 2329 3354 2377 est.
3381 2322 3534 2378 Stare
3558 2339 3790 2393 namque

2196 2420 2248 2466 et
2279 2412 2469 2467 sedere
2515 2409 2583 2465 de
2614 2412 2847 2467 statione
2889 2423 2965 2466 et.
2994 2414 3238 2468 sessione
3279 2415 3676 2475 deuominative
3702 2418 3788 2473 di-

2196 2511 2407 2557 cuntur.
2464 2501 2654 2557 Omnis
2684 2512 2862 2557 autem
2902 2504 3266 2559 denominatio
3294 2520 3399 2559 non
3442 2514 3525 2561 est
3554 2506 3606 2561 id
3643 2510 3790 2574 quod

2197 2602 2285 2649 est
2313 2607 2373 2646 ea
2414 2606 2502 2648 res
2530 2593 2599 2647 de
2627 2608 2729 2663 qua
2762 2594 3089 2661 nominatur,
3135 2605 3194 2650 ut
3232 2598 3637 2665 grammaticus,
3681 2615 3788 2663 non

2195 2685 2337 2740 enim
2368 2685 2509 2755 idem
2538 2694 2620 2741 est
2669 2686 2811 2755 quod
2842 2688 3189 2755 grammatica
3216 2688 3284 2744 de
3328 2704 3434 2758 qua
3478 2692 3789 2753 nominatus

2196 2786 2298 2833 est.
2359 2777 2616 2845 Quocirca
2665 2778 2712 2833 si
2757 2778 2949 2834 sedere
2990 2781 3059 2834 de
3108 2783 3371 2850 sessione,
3425 2790 3481 2839 et
3532 2792 3679 2841 stare
3719 2784 3789 2849 de

2194 2871 2430 2927 statione
2482 2869 2943 2926 denominativum
2992 2882 3097 2939 est,
3153 2873 3331 2929 sessio
3367 2890 3495 2929 vero
3536 2887 3591 2932 ει
3629 2879 3789 2933 statio

2196 2961 2417 3015 reiativa
2433 2970 2580 3025 sunt,
2616 2962 2815 3017 sedere
2853 2973 2909 3018 et
2942 2973 3110 3030 stare,
3152 2980 3271 3036 quae
3299 2980 3328 3020 a
3358 2966 3595 3029 relativis
3624 2967 3789 3024 deno.

2196 3049 2448 3105 minativa
2490 3061 2634 3117 sunt,
2686 3051 3027 3108 Delativorum
3056 3068 3255 3124 genere
3286 3070 3392 3111 non
3416 3065 3687 3117 tenentur.
3722 3058 3791 3113 Et

2195 3142 2603 3208 tsniversaiiter,
2652 3142 2908 3212 quidquid
2952 3160 3016 3199 ex
3066 3145 3393 3214 quibuslibet
3432 3148 3788 3219 positionibus

512 3234 821 3306 eisdemque
848 3238 1153 3293 nominibus
1177 3246 1284 3291 tota
1315 3237 1371 3290 iit
1401 3236 1733 3305 pradicatio.
1756 3236 1888 3293 Cum
1910 3246 2089 3299 autem
2113 3218 2161 3294 0
2195 3232 2587 3300 denominatur,
2626 3234 2756 3290 illud
2786 3250 2892 3290 non
2918 3239 2986 3291 ad
3023 3238 3266 3303 reiativa,
3296 3239 3392 3295 sed
3429 3218 3495 3295 ad
3525 3241 3789 3312 praedica-

512 3326 629 3382 dico
655 3328 873 3395 duplum
904 3331 1061 3385 medii
1084 3329 1328 3398 duplum,
1358 3328 1441 3383 vel
1465 3326 1635 3397 majus
1658 3328 1866 3383 minore
1895 3328 2089 3397 majus,

512 3418 813 3488 disparibus
860 3420 1132 3475 vocabulis
1162 3418 1300 3474 facta
1324 3428 1409 3474 est
1454 3417 1782 3488 prmdieatio.
1826 3419 2090 3487 Quoniam

512 3523 640 3565 vero
666 3511 1010 3566 reiativotum
1041 3510 1412 3565 diliinitiouem
1444 3511 1514 3563 ita
1537 3509 1830 3579 proposuit,
1866 3520 1922 3564 ut
1945 3510 2093 3567 dicet;-

511 3609 593 3654 ret
623 3618 637 3653 :
664 3599 731 3663 ad
779 3600 978 3669 aliquid
1019 3614 1145 3653 vero
1179 3599 1301 3652 talia
1343 3599 1590 3655 dicuntur
1629 3613 1965 3670 quacunque
1992 3599 2093 3657 hoc

509 3688 684 3756 ipsum
704 3688 844 3757 quod
866 3699 990 3741 sunt
1013 3687 1240 3742 aliorum
1265 3687 1540 3753 dicuntur,
1562 3688 1646 3746 vel
1665 3691 2086 3758 quomodolibet,

509 3776 663 3831 aliter
691 3776 755 3827 ad
776 3776 946 3839 aliud;
976 3776 1102 3845 quid
1133 3786 1275 3831 esset
1306 3777 1406 3833 hoc
1435 3779 1608 3846 ipsum
1639 3779 1780 3846 quod
1809 3788 1934 3843 sunt
1952 3782 2091 3841 aiio-

508 3878 627 3920 rum
656 3863 929 3928 dicuntur,
948 3863 1057 3932 jam
1085 3864 1322 3920 diximus
1354 3882 1495 3925 nunc
1521 3867 1647 3935 quid
1668 3867 1737 3923 sit
1771 3885 1788 3933 ;
1820 3869 1962 3937 quod
1994 3872 2087 3937 ait,

509 3954 593 4011 vel
620 3954 1021 4025 quomodolibet
1066 3956 1224 4012 aliter
1257 3956 1325 4013 ad
1366 3957 1530 4022 aliud,
1575 3958 1956 4027 requirendum
1985 3970 2088 4025 est.

496 4046 656 4115 Quod
674 4047 788 4116 ipse
808 4048 1127 4106 Aristoteles
1155 4051 1599 4117 convenientibus
1620 4050 1672 4107 in
1695 4053 1885 4109 ordine
1907 4055 2093 4124 probat

506 4137 798 4206 exemplis;
832 4138 907 4195 ait
931 4142 1095 4194 enim.

575 4250 659 4303 Ad
686 4250 881 4319 aliquid
908 4267 1028 4322 ergo
1048 4257 1561 4325 suntqutecunqtteid
1584 4256 1720 4326 quod
1735 4268 1853 4312 sunt
1871 4260 2091 4315 aliorum

449 4355 452 4359 ‘
503 4356 614 4397 esse
656 4341 919 4410 dicuntur,
964 4343 1043 4397 vel
1089 4346 1471 4413 quomodolibet
1526 4347 1676 4401 aliter
1721 4348 1788 4403 ad
1822 4350 1988 4417 aliud,
2036 4360 2093 4409 ut

502 4449 651 4487 mons
678 4450 893 4504 magnus
921 4435 1114 4491 dicitur
1135 4438 1201 4489 ad
1228 4436 1416 4491 alium.
1457 4437 1710 4509 Magnum
1735 4443 1870 4497 enim
1899 4445 1966 4497 ad
1989 4445 2091 4500 ali-

494 4524 627 4592 quid
659 4525 870 4594 dicitur,
921 4535 967 4580 (ι
1005 4527 1168 4585 simile
1198 4528 1357 4587 alicui
1395 4529 1561 4589 simile
1591 4532 1797 4599 dicitur,
1844 4544 1889 4591 et
1920 4538 2093 4597 omnia

500 4706 697 4765 cubitus
734 4717 781 4767 et
800 4710 955 4769 statio
1000 4719 1049 4766 et
1072 4712 1249 4777 mdo,
1273 4713 1551 4783 positiones
1599 4718 1836 4785 quaedam
1861 4736 1879 4783 ;
1908 4723 2088 4789 positio

500 4812 616 4855 itero
635 4799 704 4855 ed
733 4799 927 4869 aliquid
950 4800 1159 4861 dicitur.
1176 4802 1483 4860 decumbere
1504 4814 1698 4873 autem,
1728 4808 1807 4863 vel
1830 4818 1985 4878 stare,
2012 4811 2089 4871 vel

499 4892 701 4957 sedere,
735 4894 854 4961 ipse
878 4894 1087 4964 quidem
1125 4913 1227 4950 non
1255 4909 1373 4954 sunt
1403 4901 1698 4968 positiones,
1724 4906 2091 4971 denominotive

500 4994 619 5038 vero
636 4983 875 5039 dicuntur
896 4985 958 5038 ob
983 4985 1047 5039 iis
1074 5002 1189 5056 qua
1208 4988 1361 5045 dicte
1386 5001 1503 5053 sunt
1533 4994 1890 5061 positionibus.

570 5090 832 5160 Quoniam
878 5097 1157 5152 accubitus
1202 5109 1258 5155 et
1301 5103 1459 5158 statio
1489 5113 1544 5159 et
1584 5108 1753 5161 sessio
1793 5108 2087 5177 positiones

498 5180 766 5248 dicuntur,
815 5193 873 5241 et
912 5192 1164 5258 quoniam
1196 5195 1368 5249 omnis
1407 5198 1603 5265 positio
1651 5201 1718 5252 ad
1746 5200 1949 5271 aliquid
1979 5214 2083 5269 est,

498 5271 831 5341 sullieienter
860 5281 1106 5344 superius
1151 5286 1597 5353 comprehensum
1629 5298 1733 5343 est.
1777 5290 1930 5347 Nunc
1959 5309 2086 5349 vero

497 5361 623 5431 quid
663 5365 731 5421 sit
756 5368 898 5439 quod
939 5370 1033 5437 ait,
1074 5373 1158 5427 vel
1191 5374 1595 5443 quomodolibet
1624 5381 1779 5435 aliter
1808 5382 1876 5436 ad
1914 5384 2083 5452 aliud,

498 5454 867 5522 expediemus,
911 5460 966 5513 in
1012 5463 1270 5520 relatione
1309 5482 1405 5535 per
1468 5484 1627 5537 quam
1667 5469 1894 5527 dicimus
1942 5474 2082 5530 iiiius

499 5544 667 5609 patris
698 5544 863 5613 Ilias,
897 5549 1039 5605 nulla
1077 5554 1384 5622 coniunctio
1414 5557 1567 5613 mista
1600 5570 1705 5628 est,
1737 5564 1837 5619 nisi
1875 5573 2079 5623 tantum

501 5634 615 5727 sola
642 5651 863 5727 casuum
894 5642 976 5697 vis
993 5644 1383 5711 praedicationis
1406 5651 1565 5720 hujus
1593 5655 1832 5710 membra
1856 5658 2083 5727 conjun-

502 5726 599 5797 git.
626 5726 758 5785 Cum
789 5741 967 5789 autem
999 5736 1118 5797 dico
1148 5750 1383 5796 montem
1416 5758 1689 5812 inagnum,
1720 5748 1788 5801 ad
1812 5726 1974 5805 alium
2005 5770 2081 5807 re.

506 5818 686 5878 tersus
704 5837 951 5893 parvum,
980 5827 1052 5885 ita
1079 5842 1341 5897 propono,
1375 5844 1531 5888 mons
1554 5849 1779 5905 magnus
1814 5842 1879 5895 ad
1922 5857 2077 5900 tuon-

2198 3323 2397 3378 tionem
2427 3339 2546 3394 qua
2574 3327 2708 3381 situs
2737 3326 2935 3382 dicitur
2960 3330 3144 3384 reduci
3175 3339 3367 3400 potest.

2271 3434 2413 3490 Inest
2459 3446 2630 3491 autem
2666 3447 2714 3493 et
2750 3441 3084 3494 contrarietas
3128 3442 3191 3494 in
3222 3442 3489 3509 relatione,
3533 3450 3592 3495 att
3626 3444 3789 3499 virtus

2195 3526 2314 3580 vitio
2356 3528 2615 3581 contrario
2662 3540 2757 3597 est,
2809 3545 2925 3585 cum
2970 3532 3034 3585 sit
3082 3522 3353 3601 utt'utnque
3380 3535 3447 3586 ad
3487 3534 3709 3603 aliquid,
3740 3544 3789 3591 es

2195 3618 2409 3672 scientia
2452 3620 2752 3697 inscientiae.
2806 3622 2925 3678 Non
2956 3635 3118 3678 autem
3147 3626 3377 3679 omnibus
3405 3626 3635 3682 relatiais
3654 3629 3789 3683 istest

2196 3711 2547 3779 contrarietas,
2591 3713 2784 3784 duplici
2821 3716 2959 3769 enim
2997 3717 3125 3771 nihil
3156 3726 3229 3771 est
3259 3718 3590 3785 contrarium,
3622 3736 3788 3791 neque

2195 3803 2403 3871 triplici,
2436 3819 2525 3856 nec
2555 3805 2733 3858 talium
2755 3805 2871 3859 ulli.

2265 3915 2726 3985 Quemadmodum
2782 3921 2839 3973 in
2897 3921 3194 3977 substantia
3252 3923 3337 3978 vel
3386 3925 3688 3994 quantitate
3740 3926 3788 3984 si

2195 4023 2381 4087 eorum
2414 4020 2559 4066 esset
2614 4013 2891 4083 preprium
2942 4017 3209 4071 contraria
3256 4017 3529 4087 suscipere
3560 4020 3787 4078 rimatus

2193 4109 2295 4165 est,
2355 4102 2425 4155 ita
2465 4118 2679 4175 quoque
2729 4122 2869 4161 nunc
2898 4107 2949 4161 in
2996 4108 3234 4163 relativis
3280 4110 3351 4165 de
3399 4113 3785 4169 contrarietate

2194 4176 2523 4259 considerat,
2564 4205 2742 4250 utrum
2774 4198 3117 4271 relativorum
3150 4201 3219 4255 sit
3248 4202 3521 4271 proprium
3569 4212 3785 4259 contra.

2195 4283 2270 4336 ria
2305 4298 2462 4353 posse
2498 4289 2791 4357 suscipere,
2821 4299 2875 4343 et
2903 4291 3154 4359 quoniam
3186 4292 3354 4347 virtus
3388 4301 3444 4346 et
3468 4293 3599 4347 vitia
3637 4304 3782 4350 utra-

2194 4390 2298 4445 que
2328 4388 2451 4432 sunt
2499 4379 2734 4445 habitus,
2778 4382 2949 4437 virtus
2978 4382 3119 4436 enim
3150 4392 3234 4438 est
3264 4384 3460 4439 mentis
3486 4384 3705 4441 afe¢tio
3730 4388 3783 4443 in

2193 4467 2387 4524 bonam
2421 4482 2625 4542 partem
2651 4518 2665 4541 ,
2695 4484 2748 4527 ct
2777 4474 2994 4530 diiiicile
3041 4477 3456 4546 commutabilis,
3487 4478 3678 4535 vitium
3707 4479 3783 4536 εἰς

504 4548 625 4614 ν’*ξα
659 4548 870 4594 "'“W’v‘
921 4548 967 4580 ”
1005 4548 1168 4585 """w
1198 4548 1357 4587 “"‘u'
1395 4548 1561 4589 "mue
1591 4548 1797 4599 mm"!
1844 4548 1889 4591 α
1920 4548 2093 4597 9mm“
2156 4548 2159 4549 ⁷
2196 4559 2361 4617 lectio
2392 4564 2444 4617 in
2474 4564 2670 4620 malam
2690 4575 2916 4633 partem,
2946 4567 3056 4637 ipsa
3085 4584 3298 4638 quoque
3320 4568 3540 4625 difﬁcile
3566 4571 3781 4627 mobilis

504 4616 631 4673 talio
665 4616 900 4675 similiter
925 4616 994 4675 ad
1028 4618 1223 4687 aliquid
1262 4619 1522 4679 diruunt.
1555 4621 1693 4681 Sunt
1736 4635 1904 4691 autem
1933 4638 1979 4691 et
2004 4644 2091 4691 σε·
2114 4605 2172 4670 Ῐ)
2196 4663 2246 4691 ι..
2279 4654 2629 4691 .u.........:.....
2659 4659 2955 4691 “ac...”
2981 4678 2996 4691 .
3029 4662 3278 4691 ....-..:.....
3316 4664 3473 4691 ς..;...-
3503 4672 3555 4691 -.
3593 4666 3779 4691 -:.:....

2196 4663 2251 4708 et
2279 4654 2629 4713 diuturnitate
2659 4659 2996 4727 perdurans;
3027 4662 3279 4731 quoniam
3316 4664 3473 4733 igitur
3501 4672 3558 4719 et
3593 4666 3780 4721 vitium

2199 4753 2254 4799 et
2281 4747 2452 4800 virtus
2485 4747 2699 4802 habitus
2725 4760 2873 4817 sunt,
2916 4754 3089 4808 omnis
3112 4761 3288 4808 autem
3320 4754 3532 4809 habitus
3573 4755 3641 4809 ad
3681 4756 3780 4811 aii-

2196 4837 2325 4905 quld
2373 4853 2497 4893 esse
2539 4851 2873 4898 monstratus
2900 4852 2984 4899 est
3028 4844 3245 4914 (habilis
3276 4846 3419 4899 enim
3461 4846 3539 4901 rei
3569 4845 3780 4912 habitus

2196 4926 2303 4994 est)
2336 4939 2494 4983 erunt
2525 4929 2694 4985 virtus
2724 4928 2886 5001 atque
2912 4935 3093 4989 vitium
3127 4936 3365 4999 reiativa,
3391 4938 3487 4992 sed
3515 4938 3629 4994 haec
3648 4955 3779 4997 coa-

2198 5018 2363 5072 traria
2410 5027 2555 5082 sunt,
2608 5022 2771 5091 igitur
2816 5026 3032 5079 relativo
3074 5029 3341 5083 contraria
3372 5030 3649 5099 suscipere
3675 5047 3778 5089 non

2187 5117 2463 5163 recusant.
2498 5110 2603 5165 Sed
2633 5114 2677 5167 si
2703 5114 2849 5168 dicat
2870 5117 2988 5184 quis
3014 5135 3027 5171 :
3062 5119 3188 5188 quid
3219 5133 3395 5175 causae
3422 5131 3500 5183 est
3528 5130 3589 5179 ιιι
3617 5122 3777 5177 virtu~
3868 5180 3871 5187 ί

2192 5208 2306 5256 tem
2339 5212 2502 5272 atque
2529 5203 2713 5259 vitium
2744 5206 3020 5278 ipsumque
3049 5210 3287 5265 habitum
3310 5212 3469 5279 paulo
3490 5222 3611 5282 post
3642 5214 3775 5267 inter

2187 5292 2474 5361 qualitates
2506 5298 2795 5353 numeret?
2825 5299 2985 5369 Atqui
3016 5310 3071 5353 ut
3105 5301 3209 5355 alia
3246 5301 3635 5371 signiﬁcatione
3676 5321 3775 5359 una

2193 5399 2284 5440 res
2331 5386 2563 5444 diversis
2608 5391 2892 5459 generibus
2936 5403 3288 5463 supponatur,
3337 5394 3466 5451 nihil
3504 5396 3773 5465 prohibet.

2193 5473 2446 5533 Socrates
2475 5494 2703 5550 namque
2733 5482 2784 5534 in
2813 5496 2879 5535 eo
2898 5482 3041 5552 quod
3069 5493 3150 5537 est
3187 5483 3439 5542 Socrates
3481 5486 3773 5547 substantia

2184 5578 2288 5636 est,
2313 5571 2365 5626 in
2393 5586 2459 5627 eo
2487 5574 2628 5643 quod
2658 5586 2806 5644 pater
2833 5576 2915 5630 vel
2947 5576 3084 5632 ﬁlios
3106 5576 3174 5632 ad
3202 5577 3435 5650 aliquid;
3462 5580 3772 5637 itaadaliud

2197 5672 2359 5733 atque
2389 5665 2456 5719 ad
2479 5666 2623 5720 aliud
2666 5670 2821 5721 ducta
2854 5669 3232 5737 praedicatione
3255 5670 3499 5740 eamdem
3536 5687 3653 5729 rem
3675 5673 3772 5731 sub

2190 5753 2408 5810 diverso
2436 5770 2633 5823 genere
2675 5758 2803 5812 nihil
2852 5763 2971 5829 poni
3006 5763 3269 5831 prohibet.
3312 5760 3534 5821 Habitus
3563 5779 3769 5838 qqpque

2190 5858 2244 5903 et
2270 5851 2441 5907 virtus
2470 5858 2524 5905 et
2558 5853 2742 5911 vitium
2775 5853 2963 5909 eodem
3012 5854 3169 5913 modo
3192 5866 3296 5919 est,
3330 5856 3507 5913 Potest
3553 5858 3697 5923 enim
3721 5857 3767 5917 iu
