4030 6336
292 389 390 449 221

1266 391 1330 447 ιΝ
1368 389 1802 448 CATEGORIAS
1843 389 2295 450 ARISTOTELIS
2341 394 2470 451 LIB.
2512 394 2578 453 ll.

291 512 545 585 qualitate
591 478 712 589 poni
757 508 970 575 habitus
1019 508 1159 591 quod
1192 526 1256 577 ex
1296 525 1360 564 eo
1389 509 1575 581 quales
1624 510 1868 563 homines
1900 507 1947 564 Α
1974 480 2257 566 admodum
2304 512 2356 577 in
2397 512 2680 568 contrariis
2722 511 2921 568 dictum
2964 498 3066 566 est.
3116 504 3383 579 Quoniam
3408 526 3557 583 quc-

292 616 662 675 nuucupentqr
694 645 713 669 ,η
745 603 999 669 (tabentes
1020 602 1161 659 enim
1188 600 1416 656 dicimus
1440 601 1649 672 aliquos
1677 600 1753 655 rei
1777 600 1873 654 ita-

293 695 437 761 bitus
468 694 781 763 retinentes,
830 694 1009 761 Virtus
1032 708 1243 771 quoque
1278 692 1507 764 qualitas
1552 702 1634 747 est
1675 691 1874 746 idcirco

1976 620 2184 687 cunque
2242 604 2535 669 secundum
2579 620 2641 661 ea
2678 604 2925 689 dicuntur
2979 620 3097 676 qua:
3140 606 3404 660 contraria
3446 619 3553 662 non

1975 695 2263 766 recipiunt,
2288 695 2401 767 ipsa
2430 710 2645 768 quoque
2670 697 2955 753 contrariis
2976 705 3182 753 carent.
3211 697 3267 752 In
3299 697 3403 754 hoc
3427 712 3556 755 vero
3588 722 3595 731 ο

295 787 437 858 quod
461 802 527 843 ex
554 802 620 849 eo
649 786 774 853 boni.
799 786 1038 851 homines
1064 784 1312 851 dicuntur
1339 794 1392 839 et
1418 783 1709 839 secundum
1730 784 1875 853 illam
1974 804 2095 844 cum
2135 774 2427 843 secundum
2473 787 2821 853 quantitatem
2861 788 3070 844 dicatur
3112 790 3316 858 aquale
3340 799 3396 845 et
3429 791 3558 845 inre-

297 878 635 949 qualiiatem,
662 877 711 930 id
739 886 820 929 est
852 876 1163 941 bonitatem,
1207 875 1392 959 quales
1421 874 1687 941 homines,
1717 875 1767 929 id
1794 882 1877 931 est

298 972 468 1031 bonos
509 969 752 1035 homines
797 984 987 1035 nuncu,
1010 983 1159 1021 amus
1184 985 1203 1041 ;V
1234 967 1477 1022 similiter
1503 976 1679 1021 autem
1711 976 1763 1024 et
1796 967 1874 1022 vi-

299 1065 456 1127 tium.
502 1062 617 1132 lpse
646 1075 858 1132 quoque
898 1059 1109 1114 habitus
1159 1061 1222 1113 ad
1257 1061 1412 1113 aliam
1449 1059 1875 1143 praedicationem

298 1154 473 1218 dictus
502 1154 561 1213 iit
583 1153 773 1213 iterum
804 1152 1084 1205 relativus:
1118 1152 1256 1219 quod
1281 1156 1424 1207 enim
1448 1152 1660 1213 habitus
1688 1151 1878 1206 habilis

299 1247 377 1307 rei
410 1245 620 1307 habitus
651 1252 754 1310 est,
786 1243 851 1296 ad
881 1242 1078 1313 aliquid
1106 1252 1285 1309 est;et
1308 1243 1447 1313 quod
1469 1243 1692 1314 alicujus
1714 1243 1883 1299 virtus

298 1348 403 1404 est,
435 1338 500 1397 ad
531 1336 728 1406 aliquid
760 1337 931 1401 virtus
952 1347 1058 1399 est,
1082 1344 1136 1391 et
1163 1336 1301 1403 quod
1323 1336 1544 1407 alicujus
1567 1336 1749 1390 vitium
1774 1344 1874 1406 est,

298 1431 367 1491 ad
394 1413 592 1501 aliq’uid
622 1445 829 1500 quoque
855 1430 1024 1496 ipsum
1054 1438 1155 1482 est.
1186 1426 1327 1500 Ergo
1355 1410 1486 1483 nihil
1517 1430 1738 1499 impedit
1762 1443 1877 1484 eas-

298 1524 423 1587 dem
471 1540 555 1581 res
590 1523 656 1578 ad
687 1521 832 1585 aliud
862 1534 1022 1593 atque
1052 1521 1194 1575 aliud
1226 1538 1408 1576 versas
1447 1522 1670 1576 diverse
1699 1522 1880 1592 pracdi-

300 1617 500 1673 cationi
530 1616 797 1681 substitui.
824 1615 995 1684 Ipsum
1026 1631 1155 1670 vero
1181 1615 1246 1669 ad
1270 1614 1465 1686 aliquid
1499 1610 1686 1684 praeter
1714 1613 1878 1670 ullum

300 1708 449 1771 aliud
482 1708 949 1778 prtedicamentum
999 1705 1298 1777 intelligere
1346 1692 1448 1760 non
1494 1694 1793 1774 possumus,
1825 1715 1880 1760 ut

303 1811 513 1881 patrem
566 1809 618 1865 el
667 1799 861 1865 lilium,
916 1797 1192 1851 dominum
1222 1806 1276 1851 et
1320 1812 1533 1851 servum
1586 1797 1877 1852 secundum

303 1867 659 1957 substantiam
690 1888 1114 1951 consideramus.
1165 1887 1297 1941 Nam
1328 1898 1381 1942 et
1422 1887 1507 1956 qui
1540 1887 1788 1942 dominus
1828 1898 1883 1944 et
1914 1867 1962 1933 Β

298 1984 389 2056 qui
439 1997 627 2037 servus
660 1992 764 2049 est,
817 1977 1111 2034 substantia
1158 1988 1263 2033 est.
1312 1978 1541 2049 Duplum
1583 1987 1638 2033 et
1670 1980 1881 2049 triplum

297 2072 592 2133 secundum
624 2072 998 2142 quantitatem,
1031 2071 1144 2124 haec
1166 2069 1305 2124 enim
1339 2070 1393 2123 in
1432 2070 1727 2139 quantitate
1756 2085 1884 2125 con-

297 2168 522 2233 sistunt,
557 2164 781 2231 scientia
812 2176 942 2229 vero
967 2170 1019 2217 et
1047 2158 1325 2216 inscientia
1348 2161 1641 2216 secundum
1666 2160 1886 2230 qualita-

303 2269 428 2315 tem.
463 2256 768 2313 Secundum
810 2255 951 2310 enim
1002 2256 1096 2308 bas
1139 2255 1326 2322 quales
1374 2254 1621 2318 dicimur,
1653 2255 1884 2312 scientes

299 2352 511 2417 scilicet
541 2360 701 2420 atque
732 2349 907 2413 inscii.
932 2348 1195 2414 Quocirca
1224 2346 1476 2416 quoniam
1517 2357 1712 2416 praeter
1741 2347 1883 2402 aliud

300 2446 779 2517 praedicameutum
810 2457 905 2510 per
935 2456 993 2497 se
1024 2440 1245 2495 relativa
1278 2440 1453 2493 nullus
1484 2439 1764 2509 intelliget,
1795 2455 1883 2495 se-

299 2536 531 2595 cundum
580 2551 643 2597 ea
676 2535 1087 2607 prmdicamenta
1124 2533 1191 2587 de
1222 2533 1413 2602 quibus
1460 2532 1609 2587 intell
1633 2534 1775 2602 gitur
1800 2548 1886 2587 re-

300 2628 450 2701 latio,
479 2625 772 2691 secuudum
804 2640 866 2680 ea
896 2625 1091 2679 dicitur
1108 2625 1374 2679 contraria
1400 2639 1554 2693 posse
1576 2622 1883 2692 suscipere:

303 2731 360 2781 ιιι
385 2719 636 2775 Socrates
664 2717 779 2787 ipse
806 2716 1020 2789 quidem
1052 2717 1346 2771 substant'a
1379 2724 1485 2778 est,
1513 2714 1607 2770 sed
1635 2714 1887 2770 substan-

304 2814 375 2867 tia
426 2811 756 2867 contrarium
809 2827 912 2866 non
947 2811 1157 2878 recipit.
1208 2804 1364 2863 Pater
1392 2824 1520 2863 velo
1549 2818 1708 2877 atque
1750 2809 1888 2864 illius

303 2903 596 2959 secundum
649 2900 1001 2957 substantiam
1058 2898 1413 2970 praedicatur,
1464 2916 1569 2955 non
1610 2910 1693 2955 est
1743 2902 1886 2957 enim

306 3008 458 3077 pater
488 3006 645 3076 atque
674 2995 814 3051 illius
837 2995 939 3051 nisi
970 2995 1020 3049 in
1045 2995 1339 3050 substantia
1364 2994 1451 3050 sit.
1479 2993 1736 3062 Quoi-ires
1756 3013 1889 3067 quo-

304 3089 445 3155 niam
489 3088 776 3142 secundum
832 3087 1187 3142 substantiam
1240 3087 1449 3152 dicitur,
1502 3088 1887 3144 contrarietate

302 3191 465 3235 caret.
502 3180 701 3234 Rursus
728 3179 945 3259 duplum
974 3179 1056 3234 vel
1086 3179 1363 3235 dimidium
1395 3181 1688 3235 Secundum
1718 3197 1885 3253 quan-

304 3277 506 3328 titatem
539 3272 753 3335 dicitur,
787 3242 1058 3342 quantitas
1086 3288 1216 3327 vero
1250 3274 1517 3328 contraria
1547 3291 1650 3329 non
1689 3242 1886 3333 habere
1910 3242 1957 3306 δ

302 3373 597 3420 menstrata
621 3373 730 3427 est;
750 3364 905 3435 igitur
928 3379 1025 3418 nec
1040 3362 1256 3433 duplum
1280 3373 1438 3434 atque
1459 3360 1736 3419 dimidium
1759 3382 1887 3421 con-

304 3455 484 3513 trariis
512 3464 724 3529 pugnat.
770 3455 1005 3531 Qualitas
1031 3469 1158 3509 vero
1192 3455 1383 3523 recipit
1422 3459 1885 3525 contrarietatem;
1914 3448 1920 3457 ’

304 3551 500 3605 bonum
542 3552 685 3605 enim
727 3560 779 3604 et
812 3549 1010 3604 malum
1040 3548 1333 3604 secundum
1380 3550 1689 3620 qualitatem
1720 3567 1887 3622 oppo-

305 3653 525 3707 nuntur,
558 3642 754 3695 bonum
800 3641 957 3712 igitur
1000 3652 1054 3695 et
1086 3640 1282 3694 malum
1330 3641 1613 3695 contrariis
1643 3658 1748 3697 non
1794 3658 1887 3696 ca-

304 3744 446 3791 rent.
504 3734 666 3806 lgitur
717 3733 1008 3788 secundum
1052 3748 1172 3805 qua:
1215 3732 1626 3807 pradieamettta
1668 3734 1888 3789 relativa

302 3828 575 3894 dicuntur,
609 3826 653 3881 si
688 3826 774 3880 illa
805 3827 1101 3895 suscipiunt
1135 3827 1427 3890 contraria,
1462 3834 1517 3880 et
1552 3826 1744 3881 relatio
1770 3842 1888 3882 sus-

304 3923 455 3992 cipit.
484 3919 577 3977 Sin
624 3934 754 3975 vero
797 3919 886 3973 illa
934 3919 1078 3988 prius
1106 3917 1393 3989 repudiaut
1420 3920 1885 3987 Contrarietatem,

304 4028 407 4091 nec
436 4011 563 4075 illud
605 4012 670 4067 a‘d
700 4010 900 4083 aliquid
926 4010 1065 4084 quod
1092 4012 1384 4066 secundum
1412 4024 1475 4067 ea
1531 4012 1731 4067 dicitur
1780 4012 1887 4067 ulla

307 4120 542 4185 unquam
572 4091 950 4159 contrarietate
996 4104 1271 4158 dividitur.
1305 4104 1481 4173 Quare
1528 4105 1726 4161 habere
1754 4120 1884 4161 cnn-

307 4188 769 4255 traria‘relationis
788 4196 1059 4266 proprium
1085 4212 1188 4249 non
1213 4204 1316 4260 est,
1342 4208 1463 4250 nam
1494 4210 1667 4264 neque
1696 4198 1747 4252 in
1774 4199 1887 4252 sola

306 4288 573 4345 relatione
594 4298 676 4353 est
709 4288 893 4358 (habet
921 4288 1063 4343 enim
1096 4288 1196 4343 hoc
1232 4303 1443 4359 quoque
1485 4290 1758 4361 qualitas),
1794 4304 1891 4347 nec

307 4385 363 4439 in
392 4383 640 4438 omnibus
668 4383 733 4437 ad
762 4382 961 4452 aliquid
993 4381 1320 4437 considerari
1349 4389 1547 4451 putest.
1578 4382 1707 4450 Quae
1747 4386 1889 4439 enim

303 4460 598 4529 secundum
652 4473 776 4527 talia
826 4472 1233 4541 prmdicamenta
1281 4472 1529 4527 dicuntur
1575 4472 1641 4527 ad
1691 4474 1889 4544 aliquid

304 4582 426 4637 qua:
458 4582 561 4620 non
590 4565 855 4634 recipiunt
885 4563 1340 4628 contrarietatem,
1364 4570 1421 4617 ut
1449 4562 1739 4618 secundum
1764 4567 1890 4620 sub-

302 4659 554 4714 stantiam
595 4665 744 4727 pater
781 4669 831 4712 et
877 4656 1036 4720 illitis,
1076 4655 1162 4710 vel
1192 4656 1487 4711 secundum
1532 4659 1883 4727 quantitatem

304 4740 522 4821 duplum
540 4759 595 4804 et
616 4748 872 4819 medium,
897 4750 948 4801 in
973 4747 1169 4802 talibus
1192 4746 1431 4803 relativis
1444 4749 1712 4803 contraria
1734 4750 1885 4804 nullo

303 4842 465 4897 modo
494 4845 856 4911 reperiuntur.
886 4839 1039 4909 Quod
1072 4854 1199 4895 vero
1227 4854 1398 4909 neque
1435 4841 1534 4895 soli
1564 4855 1739 4910 neque
1766 4855 1885 4895 ont-

304 4935 461 4990 nibus
490 4935 650 4998 inest,
700 4932 801 4987 hoc
841 4932 1113 5002 proprium
1154 4946 1258 4987 non
1300 4941 1424 4997 est;
1467 4946 1572 4987 non
1597 4941 1681 4986 est
1725 4931 1887 5001 igitur

310 5020 583 5097 proprium
614 5023 890 5079 relationis
920 5022 1117 5078 habere
1144 5022 1430 5077 contraria.

388 5116 629 5171 Videntur
657 5127 821 5171 autem
856 5118 1019 5187 magis
1054 5123 1101 5169 et
1143 5117 1313 5169 minus
1352 5114 1565 5169 relative
1595 5116 1883 5185 iuseipere:

301 5212 470 5269 simile
513 5213 645 5265 enim
683 5222 729 5265 et
786 5209 1033 5263 dissimile
1087 5210 1251 5280 magis
1287 5218 1336 5263 et
1375 5209 1542 5263 minus
1581 5209 1768 5262 dicitur
1794 5250 1809 5274 ,
1840 5218 1889 5263 et

300 5300 496 5377 tequale
520 5313 565 5358 et
591 5301 840 5373 iquuale
872 5300 1032 5372 magis
1061 5309 1108 5355 et
1136 5301 1305 5354 minus
1324 5298 1531 5361 dieitur,
1555 5313 1673 5353 eum
1694 5309 1890 5355 utrum-

299 5414 397 5469 que
429 5399 491 5451 sit
521 5394 817 5459 relativum,
848 5393 1013 5448 simile
1040 5393 1174 5446 enim
1211 5391 1369 5445 alicui
1402 5391 1567 5445 simile
1587 5392 1804 5469 dicitur,
1844 5399 1889 5446 et

299 5490 551 5558 ianuale
589 5488 744 5542 alicui
789 5474 1061 5553 iniri/uale.
1104 5483 1218 5539 Non
1260 5494 1432 5538 autem
1470 5484 1642 5540 omnia
1680 5486 1893 5540 relative

302 5580 585 5651 suscipiunt
631 5581 792 5651 magis
835 5588 882 5632 et
923 5578 1088 5630 minus
1115 5617 1129 5641 ,
1173 5575 1363 5645 duplex
1407 5577 1541 5630 euim
1571 5593 1669 5631 ιιοη
1708 5578 1893 5637 dicitur

305 5675 472 5744 magis
495 5683 539 5725 et
566 5673 753 5736 minus,
783 5671 993 5741 duplex,
1030 5685 1117 5721 nec
1145 5670 1327 5722 talium
1348 5670 1532 5722 uilitas.

362 5764 642 5833 Quaeritur
666 5776 806 5818 nunc
826 5776 893 5816 an
928 5762 1203 5817 relationis
1231 5762 1300 5816 sit
1322 5762 1598 5832 proprium
1621 5765 1893 5833 suscipere

300 5859 475 5932 magis
501 5869 557 5925 et
583 5858 789 5925 minus;
816 5857 907 5915 sed
937 5857 989 5913 in
1022 5856 1122 5914 tice
1154 5857 1240 5914 ills
1266 5857 1402 5914 ratio
1424 5866 1690 5921 servatur,
1708 5872 1894 5927 quem-

1977 881 2158 951 quale,
2184 881 2405 949 suscipit
2430 889 2480 935 et
2508 881 2675 950 magis
2700 892 2751 935 et
2776 881 2970 936 minus.
3003 880 3203 937 Dicitur
3223 872 3367 935 enim
3391 881 3558 952 nugis

1980 971 2185 1051 mquale
2215 979 2267 1024 et
2294 969 2469 1024 minus
2498 968 2720 1040 mquale.
2759 970 2956 1024 Eodem
2980 969 3138 1023 modo
3162 970 3427 1037 etsimile,
3446 985 3560 1024 ma-

1978 1067 2059 1136 gis
2088 1064 2261 1119 simile
2290 1072 2344 1118 et
2372 1062 2549 1117 minus
2578 1062 2753 1116 simile
2784 1060 2997 1115 dicitur.
3038 1060 3141 1116 Sed
3184 1060 3231 1115 si
3262 1061 3400 1117 torte
3440 1061 3579 1131 quis

1982 1158 2125 1212 dicat
2142 1173 2154 1211 :
2171 1171 2267 1212 cur
2283 1170 2401 1211 cum
2418 1154 2722 1225 quantitatis
2753 1154 2821 1208 sit
2846 1154 2948 1209 dici
2973 1153 3178 1223 nauale
3200 1161 3256 1208 et
3280 1153 3561 1224 inaequale,

1980 1259 2033 1307 et
2063 1250 2328 1321 quantitas
2349 1247 2515 1317 magis
2543 1254 2702 1313 atque
2733 1247 2908 1301 minus
2936 1260 3040 1298 non
3065 1245 3340 1313 suscipiat,
3359 1246 3567 1313 male

1981 1352 2035 1398 et
2066 1340 2325 1410 inaequale
2363 1347 2416 1393 et
2445 1337 2745 1392 intensione
2778 1347 2983 1392 crescat
3018 1345 3071 1390 et
3115 1336 3427 1391 remissione
3465 1337 3565 1393 mi-

1954 1436 2207 1492 ‘nuatur?
2257 1434 2548 1491 Dicendum
2581 1440 2665 1487 est
2690 1432 2937 1501 quoniam
2965 1430 3411 1499 quemadmodum
3439 1429 3566 1485 sub-

1984 1529 2173 1584 stantia
2205 1529 2314 1595 ipsa
2348 1540 2441 1596 per
2464 1530 2526 1580 se
2556 1527 2607 1578 in
2634 1539 2700 1579 eo
2725 1523 2869 1593 quod
2898 1522 3192 1577 substantia
3226 1531 3308 1576 est
3340 1534 3449 1579 non
3483 1528 3569 1581 est

1986 1614 2288 1690 propiium,
2326 1618 2425 1688 ipsi
2473 1627 2647 1671 tamen
2685 1615 2960 1686 proprium
3005 1623 3089 1668 est
3116 1614 3380 1668 contraria
3412 1626 3567 1681 posse

1985 1710 2283 1781 suscipere,
2307 1698 2376 1766 ita
2408 1721 2461 1766 et
2490 1708 2858 1780 in‘quantitate
2882 1708 3271 1770 consideratur,
3294 1706 3566 1776 proprium

1988 1805 2130 1859 enim
2167 1813 2289 1870 est,
2338 1818 2442 1857 non
2484 1801 2582 1855 hoc
2614 1802 2787 1871 ipsum
2824 1801 2974 1869 cuius
3003 1810 3085 1857 est
3116 1800 3385 1869 proprium
3415 1839 3431 1863 ,
3472 1798 3568 1861 sed

1986 1896 2229 1966 quzrdam
2261 1898 2364 1948 alia
2413 1895 2748 1949 extrinsecus
2778 1894 3009 1962 qualitas
3039 1893 3338 1961 passiuque.
3387 1890 3573 1949 Passio,

1988 1988 2130 2044 enim
2172 1985 2445 2056 qualitatis
2481 1994 2596 2050 est,
2636 1992 2692 2039 et
2734 1982 2979 2053 quaedam
3017 1982 3243 2050 qualitas
3288 1980 3488 2047 aequale
3515 1987 3570 2047 et

1988 2079 2248 2149 inzrquale
2282 2076 2389 2131 dici
2427 2085 2640 2146 potest:
2682 2070 2827 2144 quod
2864 2073 3117 2143 quoniam
3158 2088 3264 2127 non
3305 2080 3386 2141 est
3427 2070 3573 2143 idem

1987 2171 2258 2242 praprium
2280 2168 2421 2239 quod
2444 2178 2525 2222 est
2548 2167 2679 2222 illud
2697 2166 2850 2236 cujus
2872 2175 2953 2220 est
2972 2165 3265 2234 proprium,
3289 2170 3345 2231 et
3364 2162 3571 2235 gequalg

1988 2264 2070 2318 Vel
2113 2261 2373 2331 inzequale
2407 2259 2541 2323 diei,
2576 2266 2795 2314 nonest
2835 2257 3099 2328 quantitas
3143 2256 3294 2322 cujus
3333 2264 3415 2313 est
3450 2268 3571 2323 pro—

1988 2355 2161 2426 prium
2189 2394 2202 2417 ,
2236 2353 2329 2407 sed
2360 2351 2606 2419 uitandam
2649 2350 2875 2419 qualitas
2923 2357 2977 2401 et
3021 2348 3196 2417 passio
3241 2346 3571 2416 quantitatis.

1990 2448 2115 2503 litec
2143 2450 2327 2501 autem”
2352 2445 2546 2500 dicitur
2572 2444 2640 2497 ad
2680 2442 2911 2510 aliquid’,
2954 2443 3127 2511 ipsum
3158 2441 3301 2505 enim
3326 2438 3468 2511 quod
3492 2447 3572 2499 est

1988 2542 2208 2597 alterius
2235 2540 2442 2600 dicitur,
2478 2538 2681 2608 aequale
2706 2539 2849 2591 enim
2877 2535 3066 2605 aequali
3095 2534 3299 2603 aequale
3323 2533 3573 2613 dicimus,

1988 2640 2044 2689 et
2071 2631 2321 2686 similiter
2363 2630 2539 2684 simile
2586 2628 2775 2681 similis
2821 2627 3014 2681 simile.
3065 2624 3168 2685 Sed
3215 2638 3321 2687 nun
3361 2622 3571 2707 capilqu

1990 2726 2170 2781 omnia
2218 2725 2437 2779 relative
2490 2721 2659 2791 magis
2687 2729 2740 2775 et
2779 2720 2976 2781 minus.
3018 2716 3203 2775 Nullus
3226 2716 3371 2781 enim
3404 2722 3572 2789 potest

1990 2817 2168 2873 dicere
2193 2816 2363 2884 magis
2388 2822 2443 2869 et
2466 2814 2643 2868 minus
2671 2811 2887 2880 duplum
2919 2824 3040 2865 esse
3063 2808 3435 2875 aliquidznam
3462 2806 3572 2877 sive

1992 2909 2242 2964 denarius
2264 2906 2332 2963 ad
2353 2906 2653 2977 quinarium
2680 2910 3041 2973 comparetur,
3065 2900 3179 2957 sive
3207 2896 3571 2968 qualerttariut

1992 3003 2057 3057 ad
2092 3001 2379 3063 binarium,
2402 3013 2559 3068 aeque
2585 3007 2805 3065 uterque
2833 2994 3024 3063 duplus
3050 3003 3154 3061 est,
3177 3007 3329 3060 mque
3355 2998 3571 3059 uterque

1992 3094 2273 3151 medietas.
2324 3090 2563 3158 Qualitas
2594 3101 2809 3158 quoque
2849 3086 3037 3155 recipit
3078 3085 3243 3151 magis
3286 3092 3339 3145 et
3379 3082 3572 3152 minus,

1993 3188 2222 3243 dicimus
2250 3185 2394 3239 enim
2439 3180 2606 3250 magis
2636 3180 2815 3234 album
2844 3189 2899 3233 et
2940 3178 3117 3234 minus
3158 3176 3353 3237 album.
3403 3174 3572 3241 Quare

1989 3282 2237 3351 quoniam
2266 3290 2442 3346 neque
2465 3272 2613 3328 omni
2638 3272 2884 3331 relationi
2911 3285 3089 3341 neque
3115 3270 3218 3329 soli
3241 3269 3378 3325 inest
3407 3270 3572 3329 susci:

1991 3388 2114 3443 pere
2166 3370 2334 3440 magis
2391 3380 2442 3423 et
2496 3366 2690 3431 minus,
2752 3374 2809 3422 et
2869 3376 2963 3431 per
3013 3363 3329 3433 qualitatem
3386 3360 3573 3425 relatio

1989 3465 2207 3533 suscipit
2235 3473 2288 3518 et
2312 3462 2482 3530 magis
2521 3467 2577 3513 et
2607 3459 2805 3521 minus,
2856 3456 3133 3521 relationis
3166 3455 3436 3525 proprian
3469 3468 3573 3519 non

1990 3566 2070 3611 est
2117 3556 2393 3623 suscipere
2422 3552 2589 3620 magis
2617 3559 2672 3604 et
2700 3550 2897 3605 minus.

2067 3645 2256 3698 Omnia
2286 3653 2452 3697 autem
2481 3643 2699 3696 relativo
2738 3640 2805 3697 ad
2844 3637 3185 3703 conuertenda
3228 3638 3489 3705 dicuntur,
3523 3647 3574 3699 ut

1988 3756 2161 3795 servus
2190 3736 2413 3801 domini,
2455 3745 2505 3801 et
2541 3735 2774 3791 dominus
2810 3733 2939 3801 servi
2970 3733 3238 3803 dominus,
3281 3741 3326 3785 rt
3365 3732 3573 3802 duplum

1989 3830 2189 3885 dimidii
2210 3827 2451 3898 duplum,
2474 3837 2524 3887 et
2545 3826 2817 3881 dimidium
2842 3825 2983 3895 dupli
3012 3822 3304 3887 dimidium,
3336 3824 3574 3892 et.majus

1990 3924 2185 3978 mitiore
2213 3921 2378 3990 tuaqu
2396 3960 2409 3987 ι
2433 3928 2481 3974 et
2511 3920 2677 3977 minus
2703 3918 2898 3987 majore
2925 3917 3125 3989 minus,
3158 3913 3390 3971 similiter
3411 3898 3574 3975 eum»

1988 4027 2037 4072 et
2068 4019 2120 4069 iu
2150 4015 2287 4069 aliis.
2332 4012 2437 4067 Sed
2466 4028 2588 4073 casu
2618 4011 2887 4081 aliquoties
2916 4006 3158 4076 cli/ferunt
3187 4007 3465 4060 secundum
3497 4004 3573 4071 lo-

1988 4110 2262 4171 cutionem,
2290 4116 2343 4171 ut
2370 4106 2584 4165 scientia
2614 4103 2804 4165 scibilt's
2832 4103 2905 4156 rei
2934 4100 3141 4165 scientia
3174 4100 3378 4165 dicitur,
3404 4108 3448 4167 et
3476 4097 3574 4165 sei-

1990 4201 2086 4255 bile
2113 4199 2321 4261 scientia
2344 4198 2540 4264 scibile,
2566 4206 2615 4253 et
2650 4212 2823 4263 sensus
2850 4192 3101 4261 sensibilis
3130 4204 3327 4267 sensus,
3350 4202 3394 4245 et
3419 4191 3572 4244 sensi-

1991 4293 2091 4349 bile
2118 4308 2267 4351 sensu
2295 4288 2547 4353 sensibile.
2584 4354 2587 4357 λ
2820 4362 2823 4365 ν

2062 4384 2216 4443 Clara
2249 4384 2362 4441 haec
2386 4389 2469 4441 est
2497 4378 2841 4451 proponentis
2869 4389 2923 4441 cl
2953 4392 3057 4445 ῃοιι
3103 4378 3332 4435 involuta
3361 4385 3574 4430 senten-

1992 4474 2083 4530 tis.
2130 4474 2262 4531 Dicit
2292 4473 2435 4537 enim
2466 4471 2645 4537 omnia
2680 4470 2899 4545 relative
2944 4470 3009 4529 ad
3054 4471 3414 4533 convertenda
3447 4458 3576 4534 diri,

1991 4566 2130 4634 quod
2164 4566 2278 4634 ipse
2307 4563 2534 4632 propriis
2557 4560 2803 4629 patefecit
2826 4562 3112 4627 exemplis.
3142 4561 3311 4615 Omne
3339 4563 3480 4616 enim
3511 4561 3576 4616 ad

1992 4659 2188 4728 aliquid
2217 4659 2285 4719 ita
2316 4655 2381 4721 ad
2411 4655 2552 4713 aliud
2578 4652 2920 4724 praedicatur,
2948 4661 3003 4705 ut
3030 4650 3157 4706 illud
3188 4652 3253 4706 ad
3277 4652 3417 4723 quod
3445 4667 3576 4723 prae-

1990 4751 2198 4809 dicstur
2220 4750 2463 4809 uideatur
2491 4760 2649 4815 posse
2677 4747 2939 4817 converti,
2970 4753 3024 4799 et
3056 4745 3155 4807 hoc
3181 4756 3264 4807 est
3294 4744 3434 4829 quod
3466 4746 3537 4801 ait
3561 4763 3576 4799 :

1990 4841 2180 4899 Omnia
2229 4838 2448 4899 relativa
2490 4836 2557 4901 ad
2605 4836 2967 4899 convertentia
3011 4835 3281 4901 dicuntur.
3323 4834 3576 4892 Converti

1992 4942 2170 4995 autem
2201 4941 2316 4997 est,
2351 4940 2405 4998 ιιι
2436 4930 2483 4984 si
2515 4928 2682 5000 pritna
2713 4943 2798 4991 res
2830 4928 3022 4995 dicitur
3057 4927 3121 4981 ad
3151 4928 3459 4995 secundam.
3493 4942 3576 4981 se-

1995 5024 2166 5079 cunda
2197 5036 2383 5083 rursus
2412 5021 2619 5085 dicatur
2654 5019 2719 5079 ad
2750 5020 2995 5091 primam.
3044 5018 3276 5073 Ponatur
3302 5018 3442 5075 enim
3472 5019 3577 5087 pri-

1995 5130 2116 5173 mus
2144 5122 2312 5184 pater,
2347 5111 2611 5173 secundus
2639 5110 2797 5185 (ilius,
2828 5120 2881 5165 et
2912 5108 3118 5175 dicatur
3146 5109 3245 5163 ltoc
3276 5107 3456 5170 modo,
3490 5122 3579 5176 pa-

1962 5244 1965 5247 -
1998 5220 2079 5264 ter
2106 5207 2199 5262 ﬁlii
2230 5213 2379 5275 pater
2405 5215 2518 5275 est;
2561 5202 2609 5257 id
2641 5217 2828 5257 rursus
2854 5202 3090 5257 converti
3128 5211 3320 5270 potest,
3354 5209 3410 5252 ut
3435 5198 3579 5269 prius

1997 5316 2256 5372 pellamus
2298 5299 2498 5371 lilium,
2530 5309 2579 5363 et
2614 5298 2737 5365 talis
2765 5298 2834 5353 sit
2871 5295 3211 5371 praedicatio,
3250 5295 3389 5349 lilius
3420 5296 3579 5360 patris

2000 5395 2157 5455 filius.
2182 5393 2323 5453 Erae
2347 5401 2495 5462 pater
2517 5390 2580 5453 ad
2606 5388 2759 5445 talem
2789 5389 2999 5459 dicitur,
3029 5388 3079 5442 id
3103 5396 3181 5440 est
3209 5386 3272 5439 ad
3303 5386 3466 5439 lilium
3490 5387 3577 5454 qui

1996 5486 2351 5545 Convenitur:
2382 5491 2432 5537 et
2461 5482 2600 5537 illius
2630 5482 2719 5551 qui
2748 5480 2940 5535 dicitur
2970 5479 3033 5532 avl
3069 5486 3293 5551 patrem,
3326 5477 3388 5529 ail
3422 5476 3578 5531 talem

1996 5593 2109 5635 rem
2137 5577 2332 5641 dicitur
2386 5587 2502 5642 qua:
2533 5574 2646 5642 ipsa
2672 5586 2879 5642 quoque
2907 5569 3268 5637 convertitur,
3299 5577 3353 5620 ut
3380 5567 3444 5631 dc
3477 5568 3578 5621 ηιιο

1994 5673 2339 5746 prmiticetur.
2372 5669 2671 5735 Omniaque
2693 5664 2916 5723 relativa
2940 5664 3039 5717 hoc
3070 5661 3229 5731 modo
3255 5670 3398 5729 sunt,
3423 5676 3579 5717 omne

1994 5765 2138 5828 enim
2161 5761 2440 5829 relativum
2462 5759 2527 5827 ad
2552 5758 2654 5825 tale
2674 5755 2876 5833 aliquid
2901 5754 3222 5839 praedicatur
3244 5754 3384 5835 quod
3408 5752 3580 5832 ipsum

1998 5860 2051 5915 in
2075 5854 2447 5923 ormdicatfpne
2467 5850 2707 5915 converti
2725 5847 2921 5920 possit.
2946 5846 3051 5907 Sed
3076 5862 3171 5905 nec
3196 5848 3371 5919 olnnia
3394 5844 3582 5901 dicun.
