4022 6328
1138 241 1207 251 ..ρ

499 339 603 397 225

1722 332 1831 385 ax.
1875 332 2080 389 uane.
2125 332 2275 389 sev.
2312 334 2533 413 nomn

3660 336 3761 397 εει

501 464 584 510 tur
610 450 902 510 secundum
932 448 1174 505 eamdem
1200 445 1363 501 vocis
1388 444 1757 514 prolationem.
1792 447 1906 502 Alia
1932 447 2074 503 enim
2103 450 2157 512 Α
2181 450 2610 529 praedicatonem
2648 452 2833 520 faciat,
2880 453 3159 509 conversio
3188 467 3294 511 non
3334 453 3603 525 procedit;
3645 470 3762 526 quae

500 555 623 602 sunt
649 558 769 615 qua:
792 541 990 598 eisdem
1013 537 1223 609 casibus
1247 544 1648 599 convertuntur,
1670 546 1727 592 ut
1747 536 1946 592 dictum
1975 547 2078 606 est,

501 646 651 708 pater
697 634 840 691 enim
869 632 960 688 ﬁlii
1004 638 1153 702 pater
1190 638 1308 696 est,
1338 637 1394 685 et
1429 629 1569 685 illius
1608 631 1772 700 patris
1807 630 1948 686 ﬁlius
1975 641 2077 687 est.

500 730 612 786 Atia
646 742 772 784 vero
802 740 924 797 qua;
971 738 1076 779 non
1121 722 1324 780 eisdem
1350 763 1365 791 ,
1407 734 1466 779 ut
1504 723 1723 779 scientia
1770 723 1968 781 scibilis
2003 726 2080 781 rei

499 820 719 875 scicntia
751 815 973 874 est:ltic
999 815 1266 888 genitivus
1296 825 1381 873 est
1407 815 1635 872 medius.
1672 815 1879 895 Scibile,
1902 825 2097 897 autem

497 912 713 967 scientia
737 910 924 967 scibile
951 910 1166 968 est:ltic
1185 910 1443 981 septimus
1455 908 1888 987 praedicationem
1912 904 2098 975 tenet.’

497 1006 613 1061 Alia
644 1021 773 1061 vero
802 1005 949 1061 nullo
977 1005 1058 1077 (ut
1083 1019 1241 1075 supra
1266 1005 1466 1061 dictum
1491 1006 1613 1076 est)
1642 1020 1769 1061 casu
1796 1007 2079 1074 conjuncta

498 1097 711 1155 sibimet
745 1105 1160 1165 convertuntur,
1199 1107 1258 1153 ut
1295 1112 1447 1153 mons
1488 1112 1710 1168 magnus
1753 1098 1817 1153 ad
1859 1112 2078 1168 parvum

497 1188 711 1255 dicitur,
730 1200 781 1245 et
806 1206 999 1261 parvus
1016 1190 1082 1245 ad
1105 1205 1373 1261 magnum.
1400 1190 1539 1259 Ergo
1560 1192 1738 1245 omnia
1767 1191 1988 1245 relativa
2011 1189 2079 1244 ad

496 1285 858 1341 convertentia
886 1284 1137 1339 dicuntur
1157 1322 1174 1349 ,
1218 1281 1462 1352 quamvis
1501 1296 1608 1337 non
1638 1282 1839 1338 eisdem
1868 1281 2080 1338 casibus

497 1386 893 1442 convertantur,
919 1375 1059 1448 quod
1098 1374 1210 1445 ipse
1237 1374 1312 1430 ait
1335 1374 1551 1429 dicens:
1586 1373 1689 1430 Sed
1726 1388 1851 1430 casu
1876 1374 2081 1445 aliquo—

498 1473 596 1528 ties
609 1471 859 1526 diﬁ‘erunt
878 1469 1171 1525 secundum
1194 1467 1535 1524 locutionem.
1561 1466 1710 1534 Quod
1734 1481 1861 1523 vero
1877 1465 2080 1523 addidit

499 1567 656 1621 nimis
687 1566 969 1637 diligenter
999 1563 1266 1633 adjectum
1293 1572 1393 1618 est.

567 1672 627 1722 At
655 1684 769 1723 vero
797 1668 1062 1738 aliquoties
1087 1680 1188 1718 non
1218 1663 1465 1719 videbitur
1490 1663 1749 1731 converti,
1780 1663 1875 1717 nisi
1904 1678 2081 1743 conve-

495 1767 688 1820 nienter
711 1766 777 1817 ad
802 1765 938 1831 quod
966 1763 1155 1817 dicitur
1174 1762 1479 1833 assignetur.
1515 1759 1577 1814 Si
1610 1766 1774 1830 peccet
1806 1759 1849 1812 is
1878 1760 1963 1827 qui
1991 1776 2077 1812 as-

2190 552 2363 600 tameu
2388 556 2471 600 est
2499 548 2611 614 ipsa
2637 544 3006 601 convenientia
3030 560 3131 617 qua
3158 550 3362 615 possint
3388 562 3600 618 semper
3620 548 3763 603 rela-

2185 636 2289 691 tiva
2318 637 2596 705 converti,
2631 636 2934 709 hujusmodi
2973 647 3075 695 est.
3115 637 3249 696 Cum
3287 640 3429 697 enim
3468 641 3591 696 dico
3625 640 3765 696 alam
3808 628 3811 631 ’

2182 730 2299 785 avis
2329 744 2450 787 esse
2474 731 2633 799 alam,
2668 747 2772 788 non
2802 733 3152 800 convertitur,
3180 742 3241 789 ut
3266 736 3378 790 avis
3405 735 3502 790 ala:
3530 736 3602 791 sit
3627 734 3766 805 avis,

2182 824 2382 895 idcirco
2412 825 2553 899 quod
2594 841 2701 882 non
2731 834 2813 883 est
2843 829 3222 885 convenienter
3252 829 3385 885 facta
3424 829 3765 899 pradicatio:

2183 933 2289 973 non
2311 920 2452 975 enim
2482 919 2534 974 in
2561 935 2627 976 eo
2648 920 2788 992 quod
2812 921 2925 977 avis
2944 932 3045 989 est,
3073 923 3125 977 in
3151 938 3217 978 eo
3237 923 3395 980 habet
3416 924 3577 986 alam;
3601 926 3769 983 multa

2181 1010 2322 1063 enim
2354 1019 2474 1065 sunt
2506 1026 2624 1082 qua:
2651 1009 2847 1067 habent
2874 1012 3035 1078 alam,
3066 1027 3198 1068 aves
3227 1023 3401 1070 tamen
3431 1015 3576 1070 nullo
3604 1015 3770 1072 modo
3821 1086 3827 1092 ,

2181 1100 2553 1167 nominantur,
2582 1110 2638 1157 ut
2664 1116 2793 1174 apes
2829 1111 2951 1159 sunt
2980 1109 3036 1160 et
3070 1104 3499 1175 vespertiliones,
3530 1114 3584 1161 et
3610 1107 3770 1177 quid-

2180 1191 2307 1264 quid
2332 1200 2414 1246 est
2442 1192 2585 1248 aliud
2616 1194 2751 1260 tale,
2785 1193 2984 1249 habere
3012 1194 3226 1265 quidem
3256 1194 3482 1251 dicimus
3511 1196 3648 1263 alas,
3674 1211 3771 1253 eas

2181 1294 2359 1341 tamen
2382 1299 2509 1341 aves
2537 1276 2645 1341 non
2687 1285 2932 1342 dicimus.
2970 1287 3145 1353 Quare
3174 1303 3279 1343 non
3310 1289 3361 1343 in
3393 1304 3456 1344 eo
3485 1290 3626 1359 quod
3652 1290 3771 1345 avis

2179 1384 2295 1443 est,
2325 1376 2376 1431 in
2403 1392 2470 1433 eo
2497 1387 2576 1432 est
2603 1377 2721 1447 ejus
2749 1378 2830 1432 ala
2853 1419 2869 1445 ,
2900 1379 2993 1434 sed
3022 1380 3074 1434 in
3105 1394 3172 1435 eo
3198 1380 3339 1451 quod
3365 1381 3504 1435 alata
3538 1392 3655 1448 est;
3687 1383 3770 1437 id-

2180 1469 2325 1525 circo
2346 1469 2486 1524 enim
2510 1468 2646 1524 alam
2671 1470 2849 1536 habet,
2874 1471 3124 1541 quoniam
3152 1474 3288 1527 alata
3308 1479 3391 1528 est
3408 1491 3420 1527 :
3437 1483 3491 1527 et
3508 1474 3770 1545 quidquid

2180 1561 2341 1616 fuerit
2367 1562 2565 1616 alatum
2589 1605 2603 1629 ,
2634 1562 2746 1615 alas
2774 1560 3009 1619 habebit.
3040 1563 3216 1631 Quare
3244 1564 3316 1619 ita
3344 1564 3481 1620 facta
3507 1566 3770 1635 praedica-

2181 1653 2254 1708 tio
2293 1652 2435 1710 illam
2480 1653 2880 1709 conversionem
2928 1654 3124 1710 retinet
3170 1665 3329 1727 atque
3368 1657 3639 1725 custodit,
3682 1659 3770 1716 ala

2182 1747 2322 1801 enim
2353 1745 2477 1801 alati
2519 1745 2603 1801 ala
2636 1754 2720 1800 cst
2740 1788 2755 1814 ,
2787 1755 2840 1800 et
2871 1746 3067 1801 alatum
3092 1747 3175 1802 ala
3202 1748 3398 1802 alatum
3427 1758 3528 1804 est.
3563 1748 3771 1807 Eodem

494 1859 683 1931 signat,
705 1867 758 1911 ut
778 1858 861 1911 ala
880 1856 1223 1926 siassignetur
1243 1852 1368 1919 avis,
1393 1867 1493 1906 non
1513 1854 1817 1906 convertitur
1836 1851 1942 1905 avis
1957 1851 2075 1919 alte,
2108 1841 2156 1904 Β
2182 1856 2393 1915 quoque
2420 1840 2580 1895 modo
2612 1840 2680 1895 de
2700 1841 2880 1925 capite
2901 1858 2912 1893 :
2947 1841 2992 1895 si
3022 1842 3139 1912 quis
3164 1841 3309 1901 dicat
3333 1851 3495 1912 caput
3524 1843 3773 1901 animali:

494 1968 652 2023 neque
675 1952 806 2005 en'm
838 1951 980 2020 prius
1009 1947 1357 2002 convenienter
1382 1944 1693 2014 assignatum
1722 1952 1818 2008 est,
1843 1945 1928 1997 ala
1950 1944 2079 2009 avis;

495 2058 655 2114 neque
684 2043 817 2095 enim
849 2043 900 2095 in
938 2056 998 2093 eo
1028 2032 1165 2106 quod
1184 2038 1289 2092 avis
1314 2046 1419 2101 est,
1455 2037 1509 2089 in
1542 2052 1602 2091 eo
1626 2036 1731 2091 avis
1759 2035 1845 2088 ala
1871 2035 2078 2097 dicitur,

493 2133 581 2188 sed
610 2132 662 2185 in
688 2147 746 2185 eo
772 2130 908 2199 quod
930 2130 1067 2183 alata
1092 2139 1183 2183 est.
1228 2127 1514 2182 Multorum
1556 2127 1689 2180 enim
1726 2126 1947 2180 aliorum
1983 2126 2080 2180 alte

491 2235 627 2289 sunt,
652 2240 765 2293 qua:
793 2238 894 2276 non
921 2231 1037 2276 sunt
1054 2236 1205 2275 aves:
1230 2235 1391 2289 quare
1416 2219 1459 2273 si
1480 2219 1767 2289 assignetur
1785 2219 2079 2273 convenien-

491 2328 587 2381 ter,
620 2316 949 2379 convertitur,
979 2322 1033 2366 ut
1059 2315 1144 2367 ala
1174 2314 1302 2366 alati
1326 2313 1432 2379 ala,
1461 2322 1509 2365 et
1535 2312 1728 2365 alatum
1752 2311 1837 2364 ala
1862 2310 2073 2367 alatum.

488 2407 767 2475 Aliquoties
786 2414 956 2459 autem
983 2404 1197 2474 forsitan
1225 2412 1271 2458 et
1297 2404 1505 2457 nomina
1527 2403 1717 2472 ﬁngere
1739 2418 1938 2456 necesse
1960 2405 2073 2471 erit,

487 2501 530 2556 si
571 2514 670 2553 non
705 2498 859 2569 fuerit
895 2498 1114 2566 positum
1149 2511 1353 2559 nomen,
1378 2505 1423 2549 et
1458 2496 1525 2548 ad
1558 2496 1694 2565 quod
1727 2497 2077 2550 convenienter

486 2592 799 2663 assignetur,
823 2599 879 2644 ut
899 2604 1097 2653 remus,
1132 2589 1174 2641 si
1206 2588 1347 2640 navis
1377 2588 1680 2657 assignetur,
1713 2602 1811 2641 non
1837 2588 1931 2641 erit
1956 2603 2077 2640 con—

485 2686 689 2742 veniens
718 2683 1012 2754 assignatio.
1046 2680 1225 2751 Neque
1250 2680 1382 2733 enim
1409 2680 1461 2733 in
1490 2694 1549 2733 eo
1574 2678 1711 2748 quod
1743 2687 1815 2732 est
1832 2679 1994 2745 navis,
2020 2679 2074 2732 in

484 2794 539 2833 eo
582 2780 695 2850 ejus
732 2792 900 2831 remus
941 2775 1157 2838 dicitur,
1209 2782 1327 2827 sunt
1369 2773 1502 2825 enim
1533 2786 1682 2825 naves
1702 2788 1916 2841 quorum
1947 2772 2074 2825 remi

484 2885 582 2927 non
602 2880 720 2926 sunt
743 2887 760 2925 :
786 2885 944 2939 quare
964 2884 1065 2923 non
1095 2868 1421 2933 convertitur,
1441 2866 1581 2919 navis
1604 2865 1737 2919 enint
1764 2880 1865 2918 non
1887 2864 2072 2918 dicitur

482 2970 605 3025 remi
631 2970 791 3022 navis.
808 2966 912 3021 Sed
938 2968 1068 3036 forte
1090 2962 1459 3018 Convenientior
1487 2960 1763 3031 assignatio
1787 2959 1901 3025 erit,
1930 2959 1974 3012 si
1999 2960 2072 3013 sic

483 3059 859 3127 quodammodo
885 3058 1196 3127 assignetur,
1230 3069 1395 3107 remus
1421 3052 1615 3105 remitte
1655 3052 1727 3105 rei
1754 3067 1949 3109 tamus.
1982 3060 2070 3105 aut

482 3150 653 3219 aliqua
677 3149 826 3202 modo
856 3148 1005 3201 aliter
1029 3162 1046 3201 :
1075 3162 1255 3199 nomen
1277 3144 1411 3198 enim
1443 3158 1544 3195 non
1574 3149 1648 3193 est
1681 3141 1926 3207 positum;
1947 3158 2067 3197 con-

484 3243 691 3297 vertitur
718 3254 884 3296 autem
915 3241 959 3294 si
988 3239 1337 3293 convenienter
1358 3234 1658 3304 assignetur,
1681 3235 1910 3288 remitam
1931 3237 2064 3289 enim
2093 3217 2140 3283 C

483 3351 619 3388 remo
644 3335 877 3388 remitum
907 3343 999 3387 est.
1034 3331 1281 3386 Similiter
1312 3338 1479 3382 autem
1501 3337 1545 3383 et
1572 3330 1623 3382 in
1649 3330 1795 3395 aliis,
1829 3340 1882 3382 ut
1909 3342 2064 3399 caput

483 3429 853 3485 conuenientius
884 3427 1173 3497 assignatur
1198 3423 1437 3491 capitati,
1467 3439 1621 3492 quam
1649 3424 1693 3477 si
1719 3424 1954 3477 animalis
1978 3441 2065 3478 as-

480 3524 725 3592 signetur;
748 3536 904 3588 neque
925 3520 1057 3573 enim
1078 3518 1129 3570 in
1154 3532 1212 3570 eo
1232 3518 1366 3586 quod
1388 3516 1582 3569 animal
1601 3526 1696 3582 est,
1720 3526 1873 3585 caput
1893 3516 2061 3584 habet,

477 3616 638 3671 multa
665 3615 797 3669 enim
823 3621 941 3667 sunt
968 3594 1213 3665 animalia
1245 3626 1359 3680 qua
1386 3611 1556 3681 capita
1583 3627 1685 3665 non
1714 3611 1917 3667 habent.

466 3716 467 3719 “
547 3728 715 3797 Supra
757 3728 867 3797 jam
904 3726 970 3779 de
1007 3722 1350 3777 relativorum
1383 3723 1733 3778 conversione
1763 3724 2059 3792 proposuit,

476 3814 713 3889 dixitque
742 3817 995 3889 quidquid
1027 3825 1109 3872 est
1140 3815 1205 3871 ad
1243 3815 1440 3886 aliquid
1463 3857 1476 3880 ,
1505 3816 1586 3871 vel
1617 3816 1821 3870 eisdem
1848 3815 2060 3869 casibus

478 3911 559 3966 vel
581 3909 949 3976 dissimilibus,
976 3918 1147 3963 tamen
1174 3906 1237 3962 ad
1265 3908 1625 3962 converteutia
1649 3907 1753 3961 dici
1776 3907 1907 3962 :ltoc
1934 3922 2061 3963 vero

475 4003 672 4061 idcirco
716 4001 893 4057 evenit
939 4000 1081 4073 quod
1124 4014 1285 4057 omne
1314 3998 1379 4053 ad
1408 3997 1609 4067 aliquid
1651 3984 1772 4052 esse
1809 4013 1963 4052 suum
1994 4014 2060 4053 ex

474 4092 695 4150 alterius
725 4091 1032 4147 habitudine
1067 4102 1120 4147 et
1164 4089 1560 4159 comparatione
1607 4089 1808 4153 trahit;
1844 4089 1983 4159 quod
2014 4090 2059 4144 si

477 4196 701 4257 utraque
722 4187 1014 4242 secundum
1039 4186 1102 4241 ad
1128 4185 1325 4255 aliquid
1350 4184 1455 4238 sint
1479 4183 1745 4253 opposita,
1770 4183 1833 4237 ad
1860 4182 2058 4254 aliquid

475 4286 866 4348 nuncupantur,
884 4293 1088 4346 sequam
1108 4278 1214 4332 vim
1236 4276 1475 4331 vocabuli
1501 4276 2059 4346 nuncupationemque

473 4370 681 4426 sortita.
715 4366 846 4423 Nam
869 4368 912 4421 si
941 4376 1089 4436 pater
1110 4377 1161 4420 et
1188 4365 1326 4420 ﬁlius
1353 4367 1563 4436 utrique
1592 4366 1657 4419 ad
1684 4366 1883 4437 aliquid
1910 4376 2055 4433 sunt,

470 4462 516 4518 si
548 4470 697 4532 pater
718 4460 784 4515 ad
810 4460 973 4514 ﬁlium
999 4459 1336 4529 praedicatur,
1360 4458 1611 4529 quoniam
1634 4458 1697 4512 ad
1721 4458 1921 4529 aliquid
1950 4469 2054 4524 est,

471 4554 613 4611 ﬁlius
643 4567 875 4624 quoque,
908 4553 1029 4623 quia
1059 4550 1124 4605 ad
1160 4550 1355 4620 aliquid
1389 4558 1503 4615 est,
1536 4549 1601 4604 ad
1619 4551 1884 4616 quoddam
1917 4552 2056 4606 aliud

2182 1942 2265 1991 est
2291 1942 2470 2004 caput,
2508 1948 2613 1989 non
2640 1932 3020 1989 convenienter
3045 1934 3150 1987 vim
3181 1934 3579 2004 praedicationis
3607 1944 3767 2007 apta-

2181 2027 2281 2093 bit;
2313 2042 2420 2082 non
2445 2028 2587 2083 enim
2619 2027 2672 2083 in
2701 2042 2765 2083 eo
2793 2026 2932 2097 quod
2961 2027 3159 2083 animal
3184 2036 3286 2097 est,
3315 2031 3367 2085 in
3395 2044 3461 2086 eo
3489 2030 3649 2087 habet
3675 2048 3771 2088 ca-

2181 2128 2294 2191 put,
2323 2120 2489 2176 multa
2517 2120 2660 2176 enim
2691 2131 2813 2177 sunt
2846 2120 3092 2176 animalia
3119 2136 3238 2193 quae
3267 2121 3442 2193 capite
3467 2116 3677 2193 caren‘t,
3710 2136 3771 2181 ut

2179 2221 2380 2280 ostrea,
2407 2222 2460 2269 et
2488 2216 2792 2287 conchylia,
2820 2224 2876 2271 et
2903 2224 3096 2272 caetera
3126 2215 3453 2286 hujusmodi.
3487 2217 3651 2289 Igitur
3681 2219 3769 2274 di-

2179 2306 2407 2361 cendum
2438 2316 2519 2361 est
2558 2317 2716 2380 caput
2742 2309 2986 2378 capitatae
3015 2307 3093 2364 rei
3123 2322 3243 2363 esse
3270 2318 3450 2379 caput,
3482 2318 3536 2364 et
3564 2310 3769 2378 capita-

2181 2408 2286 2453 tam
2316 2414 2429 2455 rem
2461 2401 2636 2472 capite
2659 2415 2779 2457 esse
2806 2402 3111 2472 capitatam.
3164 2386 3393 2458 Videsne
3418 2402 3769 2473 quemadmo-

2178 2493 2304 2549 dum
2333 2495 2660 2549 conveniens
2708 2492 3019 2564 praadicatio
3056 2494 3318 2548 alternam
3349 2494 3398 2547 in
3433 2508 3493 2549 se
3519 2495 3769 2552 vocabuli

2177 2587 2582 2643 conversionem
2612 2588 3081 2658 reversionemque
3109 2586 3435 2643 reddiderit?
3457 2587 3529 2642 Ita
3552 2603 3769 2660 quoque

2176 2678 2559 2751 speculandum
2591 2688 2673 2735 est
2696 2685 2755 2736 ἐι
2781 2680 2851 2736 de
2876 2680 2985 2736 alio
3022 2679 3275 2749 exemplo
3302 2680 3443 2749 quod
3475 2680 3589 2750 ipse
3636 2697 3766 2752 pro-

2177 2774 2374 2844 posuit.
2410 2773 2608 2829 Bemus
2639 2772 2784 2829 enim
2825 2773 2870 2829 si
2912 2775 3063 2828 navls
3101 2786 3284 2827 remus
3320 2771 3529 2828 dicatur
3553 2815 3568 2839 ,
3616 2775 3766 2829 nullo

2175 2867 2336 2921 modo
2365 2866 2720 2935 convertitur,
2762 2875 2819 2922 ut
2845 2868 2995 2923 navis
3020 2868 3154 2923 remi
3185 2867 3334 2923 navis
3366 2883 3486 2924 esse
3509 2868 3763 2925 nomine-

2176 2967 2277 3015 tur.
2310 2958 2446 3014 Sunt
2469 2958 2614 3014 enim
2638 2957 2879 3029 quadam
2905 2973 3065 3013 naves
3091 2974 3212 3029 quae
3239 2959 3399 3015 remis
3423 2958 3635 3029 penitus
3657 2975 3764 3018 non

2175 3060 2414 3118 utuntur,
2445 3058 2505 3106 ut
2544 3050 2730 3106 lintres
2772 3065 2905 3120 quas
2948 3050 3065 3105 solo
3093 3050 3343 3122 subigunt
3367 3060 3529 3106 conto
3553 3094 3568 3119 ,
3599 3061 3657 3107 et
3685 3052 3764 3108 id-

2172 3146 2320 3201 circo
2348 3160 2454 3201 non
2480 3144 2829 3200 convertitur.
2882 3142 3174 3198 Dicendum
3222 3152 3306 3199 est
3351 3144 3507 3214 igitur
3553 3158 3761 3200 remum

2174 3238 2380 3293 remitte
2405 3235 2487 3292 rei
2516 3250 2634 3291 esse
2664 3249 2892 3303 remum,
2925 3243 2980 3290 et
3008 3235 3251 3289 remitam
3294 3248 3409 3289 rem
3441 3250 3593 3290 remo
3638 3250 3762 3292 esse

2174 3332 2444 3387 remitam.
2472 3329 2702 3386 Necesse
2725 3343 2945 3400 quoque
2971 3329 3073 3383 erit
3101 3343 3295 3384 nomen
3328 3329 3547 3399 ﬁngere,
3581 3330 3626 3385 si
3659 3345 3760 3400 po-

2116 3424 2125 3437 '
2158 3425 2333 3497 situm
2365 3439 2470 3479 non
2497 3425 2601 3478 sit:
2625 3436 2746 3477 nam
2769 3421 3216 3492 quemadmodum
3244 3421 3381 3476 ﬁlius
3399 3424 3562 3492 patris
3588 3422 3756 3493 ﬁlius,

2172 3525 2225 3571 et
2252 3524 2402 3585 pater
2430 3514 2521 3568 ﬁlii
2552 3523 2725 3582 pater,
2759 3513 3034 3583 reciproca
3071 3514 3425 3569 conversione
3457 3513 3757 3584 prazdican-

2171 3618 2275 3676 tur,
2309 3616 2365 3663 et
2391 3616 2675 3677 utrumque
2717 3620 2911 3661 nomen
2935 3607 2988 3662 in
3016 3622 3113 3662 usu
3160 3617 3281 3673 est,
3317 3607 3416 3672 sic,
3449 3608 3491 3662 si
3522 3607 3757 3666 defuerit

2170 3716 2364 3758 nomen
2394 3741 2410 3767 ,
2440 3700 2556 3772 ipse
2583 3700 2676 3755 tibi
2706 3698 2906 3770 aliquid
2931 3698 3151 3755 debebis
3177 3699 3432 3770 efﬁngere
3455 3741 3471 3767 ,
3519 3710 3575 3755 ut
3606 3702 3659 3757 in
3688 3717 3755 3757 eo

2168 3797 2310 3864 quod
2341 3804 2456 3867 est,
2496 3795 2578 3849 ala
2606 3794 2733 3849 alati
2760 3795 2841 3850 ala
2869 3810 2885 3860 ;
2917 3794 3112 3850 alatum
3138 3797 3280 3849 enim
3309 3796 3522 3851 naviter
3551 3796 3750 3853 factum

2167 3900 2284 3955 est,
2311 3900 2365 3945 et
2393 3902 2661 3959 nunquam
2684 3897 2807 3961 ante
2835 3887 3054 3943 dictum.
3087 3886 3203 3956 Quo
3233 3898 3409 3942 autem
3436 3887 3595 3945 modo
3629 3905 3754 3961 pos.

2168 3983 2336 4039 simus
2364 3983 2577 4037 nomina
2605 3981 2718 4051 ipsa
2746 3980 3052 4050 conﬁngere
3069 4022 3084 4047 ,
3110 3981 3361 4053 quoniam
3387 3984 3752 4044 necessarium

2168 4090 2287 4132 esse
2326 4073 2633 4145 posuimus,
2663 4081 2834 4128 artem
2874 4088 3087 4144 quoque
3121 4073 3477 4145 componendi
3505 4082 3752 4147 sequenti

2166 4168 2355 4223 ordine
2400 4166 2851 4223 demonstremus.
2903 4166 3011 4223 Sed
3061 4168 3161 4222 hoc
3198 4166 3496 4223 faciendum
3543 4180 3666 4241 est,
3704 4173 3751 4229 si

2167 4260 2313 4329 prius
2342 4258 2471 4313 illud
2503 4274 2814 4329 purgavero,
2848 4258 2988 4329 quod
3018 4259 3235 4330 quidam
3266 4269 3451 4315 contra
3480 4260 3750 4319 Aristote-

2167 4353 2269 4407 lem
2301 4348 2549 4421 culpandi
2602 4350 2777 4404 studio
2822 4359 3045 4418 ponunt.
3094 4350 3258 4406 Aiunt
3303 4352 3448 4407 enim
3490 4368 3597 4409 non
3628 4370 3751 4411 esse

2132 4498 2133 4501 η
2169 4442 2334 4497 solius
2365 4440 2639 4497 relationis
2668 4441 2732 4494 ad
2764 4443 3185 4497 convertentiam
3218 4442 3344 4498 dici.
3371 4444 3428 4499 Si
3455 4445 3573 4516 quis
3604 4447 3746 4502 enim

2165 4536 2244 4589 sic
2271 4534 2441 4589 dicat:
2469 4548 2587 4587 cum
2624 4531 2706 4588 sol
2732 4547 2894 4603 super
2924 4545 3119 4590 terram
3148 4543 3249 4599 est,
3276 4534 3391 4590 dies
3417 4546 3521 4603 est,
3548 4546 3601 4592 et
3626 4552 3748 4593 cum

470 4620 872 4719 medicabitur,
905 4620 1000 4699 sed
1036 4643 1234 4697 nullius
1265 4650 1349 4697 est
1378 4642 1520 4697 ﬁlius
1548 4642 1647 4697 nisi
1677 4644 1863 4712 patris.
1916 4644 2055 4711 Ergo

2169 4628 2278 4684 dies
2303 4638 2387 4683 est
2409 4642 2571 4696 super
2597 4637 2789 4682 terram
2812 4667 2827 4691 ,
2855 4627 2937 4682 sol
2963 4637 3044 4682 est
3065 4668 3079 4693 ,
3109 4628 3370 4699 recipiunt
3396 4628 3509 4685 hac
3533 4645 3747 4701 quoque

470 4738 584 4792 haec
612 4736 868 4791 vocabula
906 4750 969 4790 es
1011 4734 1267 4788 alterutra
1308 4732 1699 4802 nuncupatione
1736 4734 2053 4803 principium

471 4837 711 4885 sumunt.
747 4827 1006 4897 Quocirca
1036 4841 1154 4897 quae
1193 4825 1291 4880 sibi
1321 4824 1547 4880 invicem
1577 4824 1927 4879 substantiam
1958 4825 2052 4879 do—

467 4932 615 4985 nant,
639 4928 784 4976 recte
810 4920 875 4974 ad
903 4936 960 4974 se
984 4920 1207 4975 invicem
1236 4919 1610 4988 praedicantur,
1632 4929 1687 4974 et
1712 4918 1815 4973 hoc
1834 4918 2049 4989 quidem

384 5088 387 5091 ν
464 5015 517 5070 in
549 5015 797 5069 omnibus
827 5014 1063 5069 relativis
1097 5021 1305 5069 constat
1331 5013 1575 5085 intelligi.
1610 5012 1714 5068 Sed
1748 5011 2048 5081 hujusmodi

463 5108 744 5163 conversio
796 5122 901 5162 non
956 5121 1062 5162 uno
1091 5107 1251 5162 modo
1279 5151 1292 5173 ,
1345 5122 1443 5162 nec
1489 5104 1891 5176 quomodolibet
1932 5104 2045 5160 ﬁeri

462 5210 655 5271 potest;
688 5201 787 5256 nisi
815 5202 956 5257 enim
985 5201 1366 5255 convenienter
1389 5199 1639 5271 quaelibet
1667 5199 1752 5253 illa
1782 5213 1869 5251 res
1894 5198 1961 5251 ad
1992 5196 2045 5252 id

459 5295 599 5363 quod
630 5294 825 5351 dicitur
854 5294 1201 5365 praedicetur,
1249 5294 1550 5364 hujusmodi
1592 5293 1873 5349 conversio
1901 5293 2044 5347 nulla

459 5388 663 5441 ratione
689 5386 1037 5441 convertitur.
1070 5385 1201 5438 Cum
1223 5386 1365 5438 enim
1388 5385 1594 5439 dicatur
1622 5395 1777 5455 caput
1802 5385 2046 5440 animalis

458 5487 617 5549 caput
642 5477 746 5535 dici
777 5495 883 5535 non
907 5484 1098 5549 potest,
1129 5477 1535 5547 animal‘capitis
1561 5478 1775 5533 animal.
1808 5477 1951 5548 Ergo
1974 5481 2042 5533 ita

459 5569 723 5627 redditum
766 5571 909 5627 nulla
950 5570 1156 5625 ratione
1203 5568 1548 5623 convertitur.
1601 5568 1772 5639 Atque
1819 5569 1917 5624 hoc
1964 5580 2045 5625 cst

458 5662 597 5733 quod
626 5662 727 5728 ait,
760 5679 865 5718 non
899 5661 1065 5718 videri
1104 5661 1156 5716 in
1186 5657 1437 5715 omnibus
1465 5659 1703 5715 relativis
1731 5673 1889 5730 posse
1915 5674 2047 5717 con-

456 5755 593 5810 verti
618 5795 632 5818 .
663 5754 761 5809 nisi
789 5753 1168 5810 convenienter
1196 5752 1262 5807 ad
1303 5751 1446 5823 quod
1487 5750 1681 5807 dicitur
1718 5752 2037 5823 assignetur.

457 5844 514 5904 Si
543 5844 682 5901 enim
713 5854 894 5914 peccet
922 5846 968 5900 is
998 5846 1084 5916 qui
1114 5845 1377 5913 assignat,
1413 5854 1466 5902 ut
1495 5860 1598 5901 non
1628 5846 2033 5903 convenientem

2161 4725 2613 4790 conversionem,
2662 4739 2783 4794 quae
2818 4725 3077 4780 confessae
3114 4739 3143 4778 a
3180 4725 3522 4781 relativorum
3553 4725 3744 4782 deﬁni-

2161 4819 2305 4873 tione
2333 4827 2603 4887 segregata
2635 4826 2779 4874 sunt.
2806 4818 2918 4872 Non
2950 4818 3109 4889 igitur
3139 4818 3191 4873 in
3217 4819 3344 4873 solis
3370 4818 3631 4887 relativis,
3664 4822 3744 4876 in-

2158 4912 2637 4984 quiunt,caditista
2664 4916 2963 4968 conversio.
2987 4912 3094 4969 Sed
3117 4913 3407 4970 Jamblicus
3429 4914 3560 4969 duas
3586 4913 3744 4983 hujus

2160 5005 2239 5061 rei
2271 5005 2490 5075 pratulit
2516 5004 2831 5071 solutiones,
2866 5020 3023 5059 unam
3054 5019 3392 5076 pervacuam,
3425 5005 3584 5060 aliam
3612 5021 3743 5061 vero

2159 5097 2465 5167 perlortem.
2483 5096 2571 5152 Ait
2595 5098 2737 5152 enim
2778 5097 2909 5152 nihil
2940 5096 3157 5153 ofﬁcere
3184 5098 3251 5153 ad
3280 5098 3584 5154 Aristotelis
3612 5114 3741 5154 sen-

2149 5188 2390 5253 tentiam,
2439 5190 2482 5244 si
2528 5197 2582 5244 et
2625 5189 2727 5243 alia
2766 5186 3178 5257 convertantur;
3224 5205 3330 5246 non
3371 5192 3514 5248 enim
3567 5190 3738 5264 inquit

2149 5285 2462 5342 Aristoteles
2479 5284 2607 5340 solis
2628 5284 2731 5338 hoc
2758 5284 2993 5341 relativis
3015 5300 3156 5349 esse,
3171 5285 3288 5350 sed,
3314 5286 3559 5342 omnibus
3587 5301 3738 5342 nam-

2150 5396 2257 5453 que
2275 5380 2377 5435 hoc
2398 5379 2634 5435 relativls
2657 5378 2816 5443 inest,
2842 5392 2941 5435 nec
2965 5379 3074 5435 ulla
3097 5380 3303 5437 ratione
3326 5381 3509 5453 negari
3534 5391 3732 5453 potest:

2150 5475 2398 5547 quocirca
2428 5472 2679 5545 quoniam
2722 5486 2829 5527 non
2861 5470 2997 5527 dixit
3026 5473 3342 5529 Aristoteles
3370 5476 3497 5530 solis
3526 5474 3627 5530 hoc
3658 5476 3735 5531 iu-

2148 5583 2268 5625 esse
2296 5568 2570 5633 relativis,
2600 5565 2813 5621 illorum
2855 5566 3078 5636 quaestio
3112 5567 3269 5637 hujus
3299 5568 3538 5639 praeclari
3565 5570 3733 5637 philo-

2154 5661 2308 5733 sophi
2337 5660 2663 5717 sententiam
2693 5671 2799 5713 non
2831 5666 3091 5714 moratur.
3132 5656 3239 5715 Sed
3268 5660 3370 5714 hoc
3396 5659 3570 5729 potius
3595 5662 3732 5716 acci-

2146 5755 2324 5811 dentis
2354 5763 2438 5811 est
2465 5768 2624 5825 quam
2652 5759 2860 5807 natura:
2883 5791 2900 5818 ,
2938 5758 2996 5807 et
3026 5750 3103 5807 'ad
3149 5751 3294 5807 aliud
3340 5750 3732 5822 quodammodo

2145 5847 2405 5917 refugium
2426 5843 2795 5902 concurrentis
2831 5843 3009 5915 potius
3038 5858 3194 5915 quam
3226 5857 3291 5900 ex
3326 5845 3437 5917 ipsa
3465 5844 3728 5904 Aristote-
