4030 6336
268 368 369 425 2‘25

1274 359 1338 415 ΙΝ
1375 354 1807 413 CATEGORIAS
1853 348 2292 407 ARISTOTELIS
2329 347 2455 403 LIB.
2501 345 2562 401 Il.

3421 341 3525 396 226

271 480 340 535 lis
390 475 703 532 auctoritate
751 473 1013 529 dictorum
1069 470 1185 540 ejus
1240 468 1451 539 aliquod
1488 447 1851 536 propugnacu-
1882 463 1932 524 Α
1959 461 2337 518 convenienter
2365 467 2599 529 aptetur,
2634 456 2935 528 tingendum
2965 456 3050 512 est
3085 469 3280 513 nomen
3307 454 3526 521 alatum,

273 572 380 630 lum
413 568 786 639 comparantis.
834 566 1005 621 Aliam
1034 579 1162 619 vero
1189 561 1363 617 attulit
1389 573 1601 615 causam
1637 572 1851 628 prorsus

273 676 488 730 gravem
525 675 539 712 ε
572 659 644 713 ait
693 657 836 714 enim
884 654 1155 726 proprium
1184 667 1307 708 esse
1353 652 1454 707 hoc
1487 651 1851 714 relativorum,

275 770 384 821 non
415 752 706 810 secundum
735 765 884 806 suam
912 748 1396 819 nuncupationem,
1438 745 1531 801 sed
1563 743 1854 800 secundum

224 832 236 859 ⁵
276 846 506 916 aliquam
529 842 914 906 habitudinem,
940 840 1127 897 eodem
1149 837 1307 893 modo
1329 835 1691 902 converti.Qui
1716 835 1855 889 enim
1885 828 1887 830 ’

279 937 408 994 dicit
434 953 551 993 cum
580 935 660 992 sol
689 944 770 992 est
795 948 954 1004 super
980 942 1206 996 terram.
1240 932 1356 986 dies
1380 938 1482 997 est,
1518 939 1570 983 et
1597 944 1717 983 cum
1745 927 1857 982 dies

282 1041 385 1096 est,
417 1030 496 1084 sol
523 1037 603 1084 est
630 1042 793 1098 super
819 1036 1047 1082 terram:
1081 1023 1282 1080 nullam
1318 1021 1679 1075 habitudinem
1711 1034 1860 1074 mon-

281 1130 432 1186 strat,
458 1120 552 1175 sed
586 1118 955 1175 tantummodo
979 1116 1413 1187 consequentiam
1442 1112 1692 1168 ostendit.
1725 1112 1861 1168 Con-

284 1216 521 1286 sequitur
549 1220 690 1272 enim
716 1230 876 1286 super
898 1226 1093 1272 terram
1125 1215 1290 1270 solem
1323 1229 1441 1268 esse
1466 1227 1585 1267 cum
1616 1211 1729 1265 dies
1757 1217 1860 1273 est,

286 1317 340 1362 et
367 1323 486 1363 cum
532 1308 614 1364 sol
663 1323 828 1380 super
872 1317 1067 1363 terram
1111 1322 1298 1362 cursus
1327 1317 1486 1376 agat,
1531 1305 1670 1358 diem
1701 1317 1860 1367 esse;

287 1416 404 1455 cum
433 1415 561 1456 vero
589 1400 778 1472 aliquis
805 1400 932 1454 dicit
963 1399 1102 1454 ﬁlius
1134 1399 1298 1468 patris
1327 1399 1483 1463 ﬁlius,
1511 1406 1560 1452 et
1592 1405 1740 1465 pater
1771 1394 1863 1448 ﬁlii

288 1502 457 1561 pater,
486 1492 844 1548 habitudinem
856 1502 908 1546 et
928 1493 1375 1562 comparationem
1402 1499 1453 1544 et
1477 1488 1867 1559 quodammodo

289 1585 668 1640 continentiam
691 1587 1036 1654 utrorumque
1059 1584 1311 1638 declarat.
1337 1584 1510 1651 Atque
1534 1581 1634 1635 hoc
1659 1595 1868 1650 quoque

292 1676 345 1732 in
379 1676 475 1730 alia
508 1676 692 1746 quavis
719 1676 975 1730 relatione
1001 1683 1243 1744 spectare
1270 1674 1413 1728 licet.
1448 1671 1705 1740 Quocirca
1735 1685 1868 1740 quo-

293 1770 435 1823 niam
485 1767 659 1822 omnia
702 1767 766 1822 ad
808 1767 1006 1836 aliquid
1055 1767 1342 1822 secundum
1391 1764 1676 1835 quamdam
1713 1764 1779 1816 ad
1811 1775 1869 1816 se

1956 557 2096 629 quod
2121 559 2289 627 ipsum
2319 571 2383 612 ex
2413 555 2497 609 ala
2525 554 2921 609 denominatum
2952 562 3055 618 est,
3084 564 3241 622 atque
3264 551 3364 605 hoc
3391 548 3530 604 idem

1957 661 2013 708 et
2040 653 2092 707 in
2122 651 2330 707 caeteris
2359 649 2594 706 relativis
2621 649 2746 704 licet
2773 647 3013 718 intelligi.

2034 754 2173 809 Nam
2212 755 2256 809 si
2285 754 2351 808 ad
2380 752 2635 825 quodlibet
2669 751 2814 806 aliud
2852 751 3201 822 assignentur,
3245 757 3290 800 et
3331 763 3431 800 non
3470 744 3538 798 ad

1960 848 2091 903 illud
2121 848 2186 901 ad
2215 848 2352 917 quod
2392 846 2610 912 dicitur,
2652 861 2752 899 non
2790 851 3166 899 convertuntur.
3218 840 3344 894 Dico
3371 847 3539 892 autem

1961 941 2199 1008 quoniam
2236 955 2323 992 nec
2352 954 2527 992 eorum
2561 952 2672 1005 qua:
2707 935 3048 989 indubitanter
3084 930 3423 988 convertibilia
3456 929 3539 982 di-

1963 1044 2168 1098 cuntur,
2192 1043 2238 1087 et
2262 1032 2444 1103 quibus
2466 1031 2670 1084 nomina
2693 1029 2855 1098 posita
2877 1037 3013 1092 sunt,
3038 1027 3195 1079 ullum
3215 1023 3540 1088 convertitur,

1965 1125 2010 1179 si
2036 1129 2104 1178 ad
2125 1124 2322 1193 aliquid
2350 1139 2521 1177 eorum
2546 1136 2661 1191 qua:
2689 1128 2804 1174 sunt
2836 1118 3113 1172 accidentia
3136 1115 3476 1185 assignentur,
3497 1120 3545 1164 et

1966 1231 2067 1270 non
2092 1214 2160 1269 ad
2199 1231 2258 1268 ca
2287 1215 2355 1268 ad
2399 1230 2512 1282 qua:
2541 1214 2814 1266 dicuntur:
2848 1220 2899 1263 ut
2926 1223 3128 1271 seri-us,
3151 1206 3194 1261 si
3224 1205 3415 1258 domini
3446 1218 3548 1255 non

1967 1308 2258 1378 assignetur
2282 1323 2472 1371 servus,
2501 1307 2586 1360 sed
2610 1303 2850 1368 hominis,
2875 1301 2953 1356 vel
2978 1301 3187 1372 bipedis,
3218 1306 3303 1351 aut
3332 1296 3550 1365 alicujus

1969 1400 2168 1462 talium,
2192 1414 2293 1452 non
2321 1398 2649 1452 convertitur.
2685 1395 2805 1450 Non
2834 1395 2968 1450 enim
2998 1403 3070 1447 cst
3101 1391 3394 1446 conveniens
3421 1387 3550 1442 assi-

1971 1491 2164 1561 gnatia.

2046 1599 2201 1655 Aliud
2247 1614 2460 1670 quoque
2507 1607 2876 1670 argumentum
2923 1596 3109 1667 dedit,
3170 1595 3215 1651 si
3270 1594 3554 1652 relationes

1974 1695 2355 1748 convenienter
2405 1708 2508 1748 non
2560 1692 2888 1759 reddantur,
2940 1706 3045 1746 non
3095 1704 3248 1760 posse
3293 1690 3554 1745 converti.

1983 1787 2234 1843 Fortasse
2264 1788 2404 1842 enim
2446 1787 2566 1857 quis
2600 1786 2741 1842 dicat
2771 1785 2909 1840 alam
2944 1793 2998 1839 et
3025 1791 3183 1853 caput
3212 1797 3316 1838 non
3348 1796 3466 1836 esse
3492 1780 3557 1835 ad

295 1862 524 1917 invicem
558 1861 921 1916 habitudinem
954 1861 1441 1930 continentiamque
1479 1860 1746 1924 dicuntur,
1791 1872 1875 1912 se-
1904 1849 1952 1912 Β
1980 1879 2216 1950 aliquid:
2247 1879 2386 1950 quod
2419 1849 2613 1948 δίψης
2644 1878 2744 1933 hoc
2771 1893 2981 1948 quoque
3009 1849 3285 1942 οοπίρεαει,
3321 1874 3448 1929 ξιιυά
3481 1885 3558 1928 ω.

295 1957 525 2011 cundum
553 1953 928 2010 continentiam
975 1969 1183 2024 quoque
1213 1965 1266 2009 et
1297 1954 1656 2008 habitudinem
1688 1967 1873 2006 eorum

297 2050 574 2105 conversio
607 2048 847 2105 facienda
873 2058 985 2114 est,
1018 2065 1118 2118 qua
1151 2049 1201 2103 in
1237 2062 1295 2103 re
1326 2062 1422 2102 nos
1463 2061 1672 2116 quoque
1700 2045 1876 2114 gravi-

301 2151 381 2196 tcr
424 2141 652 2196 dicentis
695 2140 935 2195 Jamblici
977 2141 1275 2195 auctoritati
1321 2139 1682 2194 concedimus.
1731 2136 1878 2190 Nunc

301 2251 428 2290 vero
453 2251 568 2305 quae
585 2235 758 2288 sitars
782 2234 1009 2305 fingendi
1033 2237 1243 2290 nomina
1273 2234 1438 2288 sicubi
1467 2233 1679 2298 desunt,
1699 2232 1881 2286 dicen-

304 2326 428 2380 dum
449 2327 678 2392 videtur,
702 2341 857 2396 quam
885 2327 997 2396 ipse
1020 2326 1331 2380 Aristoteles
1351 2324 1432 2378 his
1452 2324 1626 2378 verbis
1651 2323 1828 2377 tradit.

377 2427 467 2480 Sic
494 2435 659 2479 autem
686 2427 898 2494 fortasse
923 2427 1037 2496 quis
1061 2426 1211 2496 facile
1239 2435 1399 2479 sumet
1421 2426 1472 2478 in
1499 2424 1677 2494 quibus
1705 2441 1882 2478 nomen

308 2528 378 2574 est
399 2521 639 2588 positum,
666 2519 710 2571 si
738 2519 798 2572 ab
824 2519 902 2571 his
946 2534 1059 2588 qua:
1083 2519 1245 2588 prima
1271 2527 1386 2571 sunt
1420 2517 1498 2571 his
1527 2517 1593 2570 ad
1618 2532 1727 2585 qua:
1761 2533 1883 2570 con-

309 2621 566 2664 vertuntur
595 2611 800 2663 nomina
831 2619 1016 2679 ponat,
1053 2621 1106 2663 ut
1133 2611 1184 2662 in
1236 2609 1314 2663 his
1341 2624 1452 2680 qua:
1487 2609 1621 2661 dicta
1656 2618 1791 2676 sunt,
1824 2609 1886 2662 ab

312 2705 395 2757 ala
426 2705 640 2769 alatum,
672 2722 701 2755 a
734 2719 869 2756 remo
905 2704 1155 2756 remitum.
1197 2702 1380 2754 Omnia
1409 2717 1528 2770 ergo
1555 2716 1667 2769 qua:
1700 2700 1766 2753 ad
1791 2699 1889 2753 ali-

313 2797 432 2864 quid
454 2797 720 2860 dicuutur,
749 2796 791 2849 si
824 2795 1166 2862 convenienter
1196 2796 1537 2863 assignentur,
1575 2793 1642 2846 ad
1674 2808 1886 2847 conver-

313 2889 520 2943 tentiam
549 2889 804 2941 dicuntur.

388 2988 644 3055 Quoniam
674 2996 798 3042 sunt
825 3001 945 3056 quae
979 2985 1046 3040 ita
1078 2985 1323 3040 dicuntur
1351 2985 1414 3040 ad
1445 2985 1640 3055 aliquid
1662 3031 1676 3054 ,
1707 2993 1765 3040 ut
1790 2983 1890 3041 nisi

316 3085 694 3140 convenienter
737 3089 984 3154 aptentur
1022 3080 1298 3136 conversio
1336 3080 1476 3134 nulla
1507 3081 1610 3148 sit,
1642 3079 1694 3134 in
1723 3081 1894 3135 omni-

316 3173 418 3231 bus
437 3184 610 3230 autem
631 3173 695 3229 ad
716 3174 913 3244 aliquid
935 3173 1336 3228 conversionem
1360 3172 1655 3242 exspectari
1678 3186 1896 3227 necesse

1982 1987 2102 2026 men
2127 1971 2306 2027 nullus
2329 1985 2523 2042 negare
2551 1973 2764 2041 poterit,
2789 1970 2916 2039 quin
2944 1983 3127 2024 servus
3149 1978 3238 2023 aut
3262 1968 3400 2022 ﬁlius
3421 1981 3560 2022 scm-

1980 2079 2075 2133 per
2105 2065 2169 2118 ad
2211 2063 2353 2118 aliud
2385 2063 2759 2132 prtedicentur.
2822 2061 2964 2132 Ergo
3002 2061 3058 2116 in
3091 2060 3190 2115 hac
3217 2074 3427 2130 quoque
3481 2073 3561 2125 re,

1987 2170 2106 2225 qua:
2147 2157 2406 2211 confessae
2447 2156 2666 2210 relativa
2709 2164 2791 2210 est
2818 2197 2831 2219 ,
2874 2155 3006 2224 perit
3049 2153 3321 2208 relationis
3354 2151 3563 2221 propria

1982 2248 2302 2315 conversio,
2333 2248 2378 2303 si
2407 2263 2510 2304 non
2540 2247 2923 2303 convenienter
2963 2254 3017 2300 et
3063 2245 3128 2299 ad
3161 2245 3292 2300 illud
3323 2243 3387 2299 ad
3423 2241 3565 2314 quod

1983 2340 2201 2409 pr0prie
2257 2339 2807 2418 diciturpssignetur.
2851 2337 2980 2393 Nam
3013 2353 3133 2393 cum
3164 2335 3234 2392 sit
3261 2337 3327 2390 ad
3365 2333 3565 2404 aliquid

1985 2445 2172 2488 servus
2200 2474 2213 2496 ,
2257 2433 2357 2486 nisi
2398 2432 2599 2487 domini
2631 2433 2903 2497 reddatur,
2943 2430 2995 2486 id
3023 2439 3124 2494 est,
3157 2428 3224 2484 ad
3258 2427 3311 2485 id
3335 2427 3402 2484 ad
3426 2425 3568 2498 quod

1987 2523 2367 2580 convenienter
2388 2523 2603 2588 dicitur,
2631 2524 2773 2578 nulla
2803 2525 2901 2578 hac
2929 2524 3135 2578 ratione
3155 2521 3437 2577 conversio
3461 2528 3569 2576 est.

1989 2613 2206 2670 Dicatur
2231 2631 2358 2686 ergo
2379 2598 2565 2670 semis
2592 2615 2846 2681 hominis,
2876 2615 2958 2671 vel
2989 2629 3176 2670 servus
3207 2613 3433 2684 bipedis,
3463 2626 3571 2668 non

1989 2709 2355 2776 convertitur,
2389 2717 2447 2763 ut
2477 2709 2619 2764 dicat
2658 2708 2776 2777 quis
2814 2707 3056 2778 bipedem
3100 2721 3219 2763 esse
3261 2707 3440 2770 servi,
3481 2712 3572 2762 aut

1993 2799 2264 2856 hominem
2293 2817 2412 2858 esse
2459 2803 2619 2858 servi.
2668 2802 2867 2858 Eodem
2898 2816 3109 2872 quoque
3138 2802 3297 2857 modo
3341 2801 3409 2856 de
3441 2800 3568 2855 ﬁlio.

1994 2891 2480 2964 Ergoiquaecunque
2493 2905 2612 2948 sunt
2631 2893 2982 2958 extrinsecus,
3003 2892 3047 2948 si
3075 2891 3141 2948 ad
3163 2907 3223 2948 ea
3246 2891 3298 2946 id
3324 2889 3464 2961 quod
3490 2897 3574 2948 est

1995 2987 2062 3041 ad
2093 2986 2294 3058 aliquid
2333 2988 2670 3058 praedicetur,
2698 2988 2839 3043 nulla
2871 2989 3150 3044 conversio
3179 2985 3450 3053 εει.ουοᾶ
3475 3000 3571 3041 au-

2002 3085 2109 3132 tem
2142 3076 2217 3132 ait
2241 3078 2556 3148 accidentia,
2591 3094 2695 3134 non
2729 3079 2868 3148 quod
2897 3079 3060 3135 homo
3091 3079 3158 3134 sit
3189 3077 3456 3144 accidens,
3486 3086 3577 3136 aut

2001 3169 2173 3241 bipes,
2201 3172 2500 3228 differentia
2533 3173 2765 3229 heminis
2791 3174 3094 3230 accidenter
3115 3173 3265 3239 insit,
3294 3171 3389 3229 sed
3415 3171 3578 3227 inter-

317 3276 421 3332 est,
446 3283 562 3337 quae
585 3266 652 3322 sit
675 3266 790 3320 hzec
813 3264 1200 3330 convenientia,
1225 3273 1273 3318 et
1299 3262 1742 3334 quemadmodum
1767 3261 1901 3317 assi-
1924 3233 1976 3301 θ
2005 3262 2131 3318 dum
2156 3264 2556 3320 consuetudinis
2573 3266 2924 3322 Aristotelicze
2943 3274 3048 3332 est,
3065 3280 3185 3336 quas
3204 3263 3441 3321 secundo
3462 3264 3580 3321 loco

319 3360 470 3430 gnari
486 3360 770 3415 relationes
785 3367 1048 3426 Oporteat,
1065 3357 1177 3428 ipse
1194 3358 1538 3412 demonstrat.
1555 3357 1607 3414 Si
1620 3357 1744 3428 quid
1757 3357 1899 3413 enim

318 3451 512 3508 dicitur
536 3451 601 3507 ad
646 3451 842 3522 aliquid
869 3450 1008 3521 quod
1048 3450 1292 3506 converti
1324 3467 1426 3506 non
1460 3452 1652 3520 possit,
1685 3450 1753 3506 ab
1786 3451 1902 3521 ipso

323 3545 461 3616 quod
484 3545 677 3600 dicitur
691 3545 735 3600 si
753 3543 1112 3600 denominatio
1129 3545 1204 3610 ﬁt,
1226 3559 1346 3598 mox
1359 3545 1714 3599 convertitur:
1735 3550 1793 3598 ut
1819 3544 1902 3599 ala

323 3637 513 3692 dicitur
541 3638 675 3705 avis,
713 3645 767 3692 et
796 3645 938 3692 recta
969 3636 1179 3704 quidem
1210 3645 1292 3691 est
1321 3634 1434 3691 haec
1451 3635 1779 3705 praedicatio,
1810 3637 1903 3692 sed

323 3728 390 3784 ad
415 3738 655 3784 naturam
677 3729 952 3784 relationis
969 3729 1281 3799 incongrua.
1297 3727 1446 3783 Nunc
1472 3727 1631 3797 igitur
1651 3729 1902 3798 quoniam

325 3823 427 3878 dici
460 3838 562 3879 non
593 3831 768 3894 potest
797 3825 910 3878 avis
939 3824 1068 3891 alae,
1100 3823 1294 3878 dicitur
1321 3830 1495 3878 autem
1525 3823 1608 3876 ala
1647 3823 1758 3878 avis
1780 3864 1794 3887 ,
1837 3823 1904 3879 ab

325 3916 439 3985 ipsa
464 3914 860 3986 praedicatione,
887 3931 1005 3984 quae
1031 3915 1097 3968 ad
1127 3913 1270 3969 aliud
1302 3913 1639 3984 praedicatur,
1666 3913 1709 3968 si
1737 3913 1904 3970 deno-

328 4006 550 4061 minatio
580 4006 668 4072 ﬁt,
698 4020 822 4060 mox
865 4004 1005 4061 redit
1044 4013 1294 4060 consueta
1338 4005 1617 4059 conversio
1646 4004 1903 4059 relativis.

326 4097 461 4154 Nam
485 4112 604 4154 cum
630 4098 824 4153 dicitur
850 4096 930 4150 ala
960 4097 1093 4166 avis,
1122 4105 1178 4150 ut
1204 4095 1410 4150 dicatur
1436 4095 1548 4150 avis
1575 4095 1694 4163 alae,
1725 4097 1906 4150 incon-

330 4190 554 4246 veniens
581 4200 686 4258 est;
711 4192 757 4246 si
787 4204 916 4246 vero
942 4204 1008 4244 ex
1039 4189 1117 4243 ala
1150 4189 1240 4243 ﬁat
1270 4187 1654 4254 denominatio,
1682 4197 1737 4241 ut
1763 4188 1907 4242 dica-

327 4289 416 4336 tur
445 4281 526 4336 ala
554 4281 700 4346 alati,
732 4281 810 4335 sic
838 4281 1118 4336 conversio
1147 4289 1344 4334 manet.
1395 4279 1606 4333 Alatum
1649 4278 1792 4332 enim
1825 4279 1905 4332 ala

326 4374 528 4428 alatum
566 4388 686 4430 esse
721 4373 978 4437 dicimus,
1015 4374 1152 4429 sicut
1180 4373 1314 4428 alam
1349 4373 1470 4427 alati
1501 4386 1622 4428 esse
1645 4372 1804 4426 alam.
1843 4371 1909 4427 Et

326 4464 432 4520 hoc
456 4465 594 4520 idem
624 4465 676 4520 in
703 4480 854 4522 remo
881 4465 1082 4521 evenit.
1112 4465 1242 4520 Nam
1264 4465 1520 4534 quoniam
1547 4479 1730 4520 remus
1758 4466 1910 4519 navis

327 4556 554 4624 dicitur,
591 4566 648 4614 et
675 4559 808 4614 remi
837 4558 990 4613 navis
1020 4566 1077 4612 ut
1102 4558 1171 4612 sit
1209 4558 1350 4613 nulla
1379 4559 1587 4613 ratione
1638 4559 1909 4614 converti-

2004 3364 2059 3410 et
2085 3357 2420 3413 extrinseCtis
2461 3358 2851 3428 praedicantur,
2896 3359 3076 3416 dicere
3115 3359 3408 3415 secundum
3441 3358 3582 3415 acci-

2005 3447 2137 3504 dens
2160 3451 2456 3519 praedicari.
2489 3452 2687 3507 Servus
2709 3461 2885 3507 autem
2915 3451 3058 3522 prius
3079 3452 3146 3507 ad
3172 3451 3450 3508 dominum
3475 3457 3582 3517 est,

2006 3544 2244 3598 secundo
2284 3559 2414 3599 vero
2445 3544 2563 3600 loco
2591 3544 2656 3599 ad
2689 3543 2980 3599 hominem.
3027 3544 3231 3599 Idcirco
3269 3545 3411 3599 enim
3440 3543 3582 3614 quod

2007 3634 2254 3690 dominus
2282 3635 2445 3692 homo
2475 3645 2575 3702 est,
2611 3636 2729 3692 ideo
2758 3651 2944 3692 servus
2974 3637 3037 3691 ad
3071 3635 3340 3690 hominem
3369 3635 3580 3690 dicitur.

2009 3725 2076 3780 Et
2106 3726 2304 3782 idcirco
2332 3729 2455 3798 quia
2483 3727 2726 3782 dominus
2751 3728 2902 3796 bipes
2926 3736 3008 3782 est
3027 3769 3040 3793 ,
3073 3725 3194 3782 ideo
3223 3740 3409 3782 servus
3439 3725 3584 3796 bipes

2007 3819 2091 3875 dis
2127 3819 2340 3875 dicitur.
2389 3821 2528 3891 Ergo
2571 3821 2860 3876 secundum
2906 3820 3154 3877 accidens
3192 3820 3324 3876 dixit
3353 3819 3586 3876 secundo

2010 3914 2149 3981 loco,
2176 3917 2359 3971 volens
2386 3916 2678 3971 ostendere
2705 3927 3014 3972 extraneam
3041 3924 3097 3972 et
3125 3931 3230 3972 non
3259 3913 3586 3971 convenien-

2009 4015 2115 4063 tem
2145 4007 2256 4063 ﬁeri
2285 4008 2734 4079 praadicationem,
2768 4009 2810 4064 si
2853 4009 2970 4080 quis
2998 4007 3063 4063 ad
3094 4008 3366 4064 hominem
3397 4007 3482 4063 vel
3508 4005 3588 4063 bl-

2009 4103 2200 4173 pedem
2236 4118 2446 4158 servum
2474 4112 2527 4158 et
2558 4118 2660 4157 non
2698 4101 2764 4156 ad
2797 4100 3071 4156 dominum
3112 4099 3326 4156 referat.
3371 4097 3588 4156 Manilo.

2011 4205 2151 4250 stum
2184 4194 2343 4265 igitur
2369 4205 2451 4249 est
2475 4195 2724 4265 quoniam
2755 4195 2806 4249 in
2835 4194 2916 4249 his
2946 4209 3156 4265 quoque
3184 4208 3302 4264 qua:
3331 4192 3590 4249 confessa

2011 4295 2136 4342 sunt
2176 4287 2242 4341 ad
2281 4287 2513 4357 aliquid,
2545 4288 2681 4342 etin
2721 4286 2911 4358 quibus
2954 4286 3168 4341 nomina
3205 4293 3347 4342 sunt.
3389 4285 3592 4341 Nomen

2012 4378 2153 4434 enim
2181 4386 2234 4435 et
2263 4380 2403 4434 servi
2433 4388 2486 4434 et
2515 4377 2717 4433 domini
2749 4376 2802 4432 in
2835 4393 2932 4434 usu
2962 4386 3072 4446 est,
3111 4391 3214 4432 non
3247 4369 3594 4447 quemadmo-

2015 4472 2140 4527 dum
2181 4472 2232 4526 iu
2277 4486 2427 4527 remo
2470 4481 2560 4525 aut
2604 4471 2654 4525 in
2697 4469 2815 4536 ala,
2849 4469 2934 4524 ubi
2971 4483 3143 4538 neque
3181 4469 3379 4524 alatum
3422 4479 3594 4538 neque

2015 4567 2263 4622 remitum
2299 4581 2493 4622 nomen
2543 4565 2659 4629 luit,
2699 4564 2798 4619 nisi
2832 4565 2944 4635 ipse
2985 4565 3208 4633 lingeret
3255 4562 3594 4617 Aristoteles.

328 4662 436 4720 tur,
461 4653 506 4708 si
527 4667 593 4708 ex
614 4653 1248 4737 remoﬁsitdenominatio,
1276 4655 1452 4710 statim
1477 4655 1651 4711 reddit
1674 4671 1740 4711 ex
1764 4671 1913 4712 more
1937 4619 1993 4682 Β
2015 4658 2149 4716 Cum
2171 4675 2296 4730 ergo
2320 4659 2433 4715 haec
2452 4658 2522 4713 ita
2549 4657 2672 4724 sint,
2689 4655 3026 4712 manifestum
3048 4665 3132 4711 est
3152 4654 3399 4726 quoniam
3423 4654 3467 4708 si
3489 4668 3596 4710 non

278 4751 288 4784 ι
328 4744 628 4800 conversio.
663 4745 895 4802 Dicimus
918 4747 1062 4801 enim
1085 4761 1206 4802 esse
1232 4761 1437 4802 remum
1459 4749 1666 4804 remitte
1693 4748 1771 4804 rei
1793 4763 1914 4804 esse

328 4851 560 4904 remum,
583 4849 636 4892 et
657 4836 757 4893 hoc
782 4837 853 4892 illi
879 4839 1228 4894 convertitur.
1257 4838 1464 4894 Remita
1491 4841 1632 4894 enim
1656 4854 1741 4896 res
1764 4855 1915 4896 remo

282 4918 284 4920 ’
329 4931 522 4986 remita
566 4940 664 4986 est.
722 4932 862 5002 Ergo
904 4949 969 4988 ex
1007 4950 1071 4989 eo
1111 4935 1250 5003 quod
1292 4936 1438 5005 prius
1472 4934 1686 4999 dicitur,
1722 4950 1916 4991 nomen

333 5021 638 5093 ﬁngendum
669 5034 778 5092 est,
823 5025 960 5079 sicut
995 5041 1061 5080 ex
1097 5041 1162 5081 eo
1202 5026 1342 5096 quod
1384 5036 1464 5081 est
1504 5028 1586 5082 ala
1614 5068 1629 5094 ,
1664 5030 1916 5098 quoniam

335 5111 484 5181 prius
508 5113 573 5167 ad
603 5129 752 5171 avem
793 5131 897 5170 non
937 5116 1133 5172 dicitur
1156 5160 1170 5184 ,
1221 5119 1341 5188 quia
1391 5120 1503 5174 avis
1542 5120 1608 5174 ad
1638 5123 1774 5175 alam
1806 5135 1913 5178 non

334 5208 686 5275 convertitur,
718 5209 1082 5264 denominatio
1113 5210 1246 5264 facta
1275 5219 1386 5280 est,
1422 5221 1478 5265 ut
1505 5212 1776 5268 diceretur
1803 5214 1914 5267 ala-

334 5305 472 5354 tum.
524 5299 693 5370 Atque
743 5300 840 5355 hoc
888 5311 970 5356 est
1012 5302 1151 5370 quod
1178 5302 1289 5369 ait,
1320 5304 1365 5358 si
1395 5303 1461 5358 ab
1487 5302 1570 5358 his
1597 5320 1716 5374 qua:
1743 5304 1915 5374 prima

333 5400 464 5445 sunt
508 5391 588 5446 his
629 5392 694 5446 ad
743 5409 860 5464 quae
916 5405 1298 5451 convertuntur
1355 5399 1566 5452 nomina
1625 5409 1910 5468 ponantur.

333 5469 512 5538 Prima
562 5501 789 5556 namque
818 5487 1124 5556 praedicatio
1149 5497 1232 5543 est
1260 5489 1328 5542 ab
1357 5490 1461 5544 ala.
1511 5488 1744 5546 Dicimus
1773 5493 1915 5548 enim

334 5577 478 5633 alam
529 5581 670 5645 avis,
717 5589 770 5634 et
817 5581 916 5636 hoc
944 5581 1230 5651 quaerimus
1256 5590 1312 5636 ut
1339 5581 1405 5636 ad
1438 5582 1576 5636 alam
1605 5583 1916 5652 praedicatio

335 5683 696 5728 convertatur.
740 5675 876 5745 Ergo
907 5676 974 5730 ab
1003 5691 1066 5730 co
1105 5677 1245 5745 quod
1294 5677 1438 5745 prius
1479 5675 1695 5744 dicitur,
1737 5679 1809 5734 illi
1847 5681 1916 5736 ad

337 5767 478 5836 quod
517 5769 843 5824 convertitur
887 5785 1075 5825 nomen
1120 5769 1421 5839 ﬁngendum
1463 5781 1576 5835 est,
1614 5780 1669 5825 ut
1705 5786 1765 5826 ea
1798 5788 1916 5843 quae

342 5861 490 5928 prius
519 5857 711 5917 dicitur
755 5860 835 5916 ala
863 5901 876 5928 ,
909 5862 986 5918 rei
1017 5863 1081 5918 ad
1127 5879 1284 5934 quant
1335 5863 1662 5920 convertitur
1711 5864 1789 5921 sic
1857 5873 1914 5922 ut

2018 4750 2399 4808 convenienter
2444 4759 2777 4822 aptarentur,
2833 4747 3240 4805 conversionem
3289 4745 3598 4820 praedicatio

2025 4860 2129 4900 non
2167 4851 2392 4898 teneret.

2092 4961 2320 5031 Amplius
2341 4960 2384 5014 si
2407 4964 2756 5016 convenienter
2776 4962 3061 5032 assignetur
3081 4959 3135 5015 id
3150 4959 3218 5014 ad
3237 4958 3375 5030 quod
3391 4956 3597 5018 dicitur,

2021 5053 2252 5109 omnibus
2275 5053 2391 5108 aliis
2412 5054 2810 5122 circumscriptis
2830 5069 3138 5124 quaecunque
3156 5052 3437 5106 accidentia
3460 5055 3598 5112 sunt,

2018 5145 2195 5198 relicto
2215 5144 2327 5200 solo
2342 5145 2432 5200 illo
2453 5146 2521 5198 ad
2536 5147 2674 5216 quod
2686 5145 3000 5216 assignatum
3022 5153 3116 5207 est,
3134 5158 3328 5214 semper
3346 5140 3412 5195 ad
3433 5140 3601 5207 ipsum

2020 5237 2371 5292 convenienter
2404 5238 2626 5291 dicetur:
2653 5245 2706 5290 ut
2732 5237 2776 5290 si
2796 5252 2966 5291 servus
3000 5235 3200 5289 dicatur
3224 5233 3292 5286 ad
3313 5229 3602 5299 dominum,

2021 5330 2413 5400 circumscriptis
2427 5330 2541 5384 aliis
2562 5329 2792 5384 omnibus
2806 5344 2917 5399 qute
2933 5336 3050 5383 sunt
3067 5325 3351 5381 accidentia
3371 5322 3602 5389 domino,

2023 5430 2076 5474 ut
2095 5438 2200 5477 esse
2221 5423 2468 5493 bipedem,
2489 5423 2566 5476 vel
2585 5422 2807 5477 scientia:
2822 5419 3212 5490 susceptibilem,
3228 5415 3307 5471 vel
3325 5414 3601 5481 hominem,

2022 5513 2194 5568 relicto
2239 5513 2350 5568 solo
2389 5513 2622 5579 domino,
2661 5529 2858 5577 semper
2883 5527 3053 5566 servus
3093 5511 3284 5563 dicetur
3315 5507 3382 5561 ad
3415 5507 3601 5576 ipsum,

2019 5622 2190 5661 servus
2214 5608 2349 5661 enim
2369 5607 2562 5660 domini
2583 5622 2753 5660 servus
2785 5605 2992 5660 dicitur.
3028 5603 3089 5658 Si
3117 5613 3284 5658 autem
3305 5619 3406 5657 non
3427 5616 3606 5657 convc-

2021 5701 2215 5754 nienter
2240 5700 2486 5754 reddatur
2513 5699 2566 5752 id
2588 5700 2654 5752 ad
2685 5699 2823 5769 quod
2856 5698 3061 5761 dicitur,
3085 5697 3474 5768 circumscriptis
3497 5711 3606 5750 om-

2021 5793 2166 5862 nibus
2203 5792 2342 5856 aliis,
2374 5791 2644 5860 relictoque
2680 5790 2769 5843 illo
2799 5789 2908 5842 solo
2939 5791 3007 5842 ad
3037 5789 3170 5860 quod
3211 5791 3465 5845 redditum
3506 5797 3600 5854 est,

2022 5903 2120 5941 non
2151 5889 2344 5942 dicetur
2380 5887 2446 5941 ad
2479 5885 2653 5940 aliud:
2676 5886 2960 5956 assignetur
2991 5888 3122 5943 enim
3155 5904 3325 5945 servus
3360 5883 3600 5955 hominis,
