4022 6328
524 308 622 369 ’ὶὲῚ
652 334 659 359 έ
1716 317 1827 373 AN.
1867 317 2066 377 MANL.

2171 319 2269 376 εν.
2304 320 2532 380 ΒΟΕἸῚΙ
3148 354 3155 361 ο
3673 326 3778 385 228

528 440 574 485 et
592 432 683 485 ala
717 432 840 496 avis,
862 432 1404 497 circumscribatur-que
1440 430 1505 486 ab
1552 430 1751 486 homine
1799 448 1903 487 esse
1940 432 2105 487 domi-
2128 435 2180 497 Α
2207 435 2430 504 aequalia
2469 450 2593 497 esse
2620 443 2847 506 oportet.
2880 435 3013 492 Nam
3039 436 3084 493 si
3124 450 3225 493 una
3270 451 3357 493 res
3393 436 3642 507 amplior,
3672 440 3776 493 alia

528 536 682 589 nam,
720 538 820 579 non
859 525 1080 594 amplius
1117 540 1289 579 servus
1325 524 1395 577 ad
1433 524 1683 579 hominem
1721 522 1950 594 dicetur,
1988 539 2103 577 cum
2204 526 2365 584 fuerit
2388 529 2582 596 minor,
2618 529 3025 585 conversionem
3054 544 3159 585 non
3198 529 3417 596 habent,
3446 545 3567 585 nam
3614 529 3667 585 in
3710 543 3778 587 eo

525 618 659 668 enim
693 617 926 669 dominus
962 632 1061 668 non
1090 616 1181 680 sit,
1206 628 1376 669 servus
1410 630 1511 669 non
1541 624 1635 671 est.
1666 613 1917 672 Similiter
1935 624 2121 675 autem,
2202 620 2343 689 quod
2382 632 2466 676 est
2503 623 2587 677 ala
2629 624 2764 691 svis,
2796 622 2974 678 minus
3010 632 3097 679 est
3138 622 3252 678 avis
3303 622 3408 688 ala,
3439 621 3604 676 multa
3630 623 3776 692 enim

523 716 569 759 et
589 708 652 760 de
670 722 792 764 ave:
811 706 1070 760 adimatur
1100 705 1165 759 ab
1183 720 1242 763 ea
1270 706 1461 759 elatam
1494 721 1618 772 esse,
1642 721 1745 760 non
1763 706 1857 760 erit
1880 704 2100 774 amplius

521 797 608 851 ala
636 799 703 851 ad
735 796 949 865 aliquid,
978 812 1095 849 cum
1127 788 1259 849 enim
1291 811 1392 855 non
1420 796 1485 849 sit
1525 794 1744 863 alutam,
1775 811 1866 849 nec
1892 795 1976 850 ala
2003 794 2099 848 erit

517 889 759 959 alisttjus.
801 887 973 952 Quare
1010 898 1206 957 oportet
1241 888 1504 959 assignare
1547 888 1601 941 id
1636 891 1707 942 ad
1741 888 1879 959 quod
1921 903 2097 942 conve-

518 982 709 1032 nienter
750 978 959 1033 dicitur.
1002 978 1073 1031 Ac
1110 978 1153 1033 si
1192 979 1259 1031 sit
1297 990 1477 1033 nomen
1515 981 1759 1049 positum,
1790 978 1962 1050 facilis
1984 988 2096 1049 erit

515 1072 789 1141 assignatio
807 1088 826 1138 ;
847 1073 927 1128 sin
952 1082 1118 1126 autem
1139 1088 1238 1125 non
1266 1071 1350 1137 sit,
1380 1074 1596 1140 fortasse
1630 1073 1723 1129 erit
1755 1076 2093 1127 necessarium

514 1165 704 1235 [ingere
726 1181 939 1231 nomen;
962 1165 1101 1219 sisic
1128 1174 1299 1221 autem
1327 1166 1630 1230 reddantur,
1646 1165 1966 1235 manifestum
1994 1176 2090 1233 est,

512 1262 747 1330 quoniam
770 1261 939 1315 alienis
954 1260 1165 1316 relativo
1183 1260 1460 1313 cormersim
1482 1260 1730 1313 dicentur.

583 1360 741 1415 Miud
790 1374 999 1429 quoque
1051 1358 1286 1417 validum
1344 1357 1550 1413 addidit
1604 1366 1978 1425 argumentum
2032 1351 2083 1408 in

511 1453 655 1508 omni
686 1452 976 1506 secundum
1010 1451 1074 1505 ad
1101 1450 1323 1520 aliquid,
1358 1448 1735 1519 prmdicatione
1769 1448 1936 1502 solam
1965 1462 2085 1505 esse

2202 721 2329 764 sunt
2355 725 2473 781 quas
2499 714 2613 768 alas
2642 713 2843 779 habent
2883 723 2938 769 et
2976 729 3105 777 aves
3140 729 3246 771 non
3273 725 3433 781 sunt;
3456 725 3617 786 atque
3651 716 3775 774 ideo

2198 806 2479 860 conversio
2515 822 2621 862 non
2666 808 2746 863 lit.
2792 806 2861 863 Et
2901 808 2952 862 in
2982 822 3051 865 eo
3076 807 3216 879 quod
3246 818 3337 879 est
3372 823 3554 871 renus
3598 809 3772 875 navis,

2197 897 2370 967 major
2397 908 2477 954 est
2506 900 2661 957 navis
2692 914 2867 967 remo,
2901 900 3082 969 multa
3104 901 3248 957 enim
3288 916 3450 957 naves
3478 908 3606 959 sunt
3640 915 3773 970 qua-
3833 901 3839 913 '

2195 1003 2313 1044 rum
2354 992 2484 1048 remi
2518 1007 2623 1047 non
2660 1002 2821 1058 sunt;
2849 1008 3014 1063 quare
3053 994 3106 1059 in
3146 992 3231 1049 bis
3271 992 3415 1049 nulla
3438 1002 3619 1063 potest
3647 1008 3769 1050 esse

2195 1082 2494 1138 conversio.
2523 1083 2581 1139 Si
2603 1098 2733 1143 vero
2751 1085 2859 1140 sint
2884 1085 3112 1155 aequalia
3142 1094 3200 1149 ut
3231 1085 3373 1142 ﬁlius
3399 1095 3562 1156 atque
3591 1097 3765 1155 pater,

2193 1176 2479 1230 conversio
2528 1191 2631 1230 non
2676 1175 2829 1247 fugit.
2861 1176 3142 1248 Nunquam
3172 1176 3314 1231 enim
3355 1182 3438 1231 est
3476 1176 3616 1232 (ilius
3664 1176 3767 1233 nisi

2192 1266 2379 1333 patris,
2415 1275 2470 1321 et
2511 1280 2697 1322 rursus
2731 1282 3001 1338 nunquam
3038 1278 3191 1337 pater
3223 1260 3302 1323 est
3332 1268 3435 1323 nisi
3465 1254 3581 1322 lilii.
3623 1268 3767 1337 Quo-

2188 1359 2327 1411 circa
2376 1358 2597 1431 aequalia
2660 1372 2781 1412 esse
2821 1368 3033 1428 oportet
3072 1374 3405 1430 quascunque
3449 1360 3517 1427 ad
3563 1346 3767 1426 aliquid
3856 1381 3865 1390 ’

2189 1448 2562 1515 praedicantur.
2595 1449 2795 1504 Horum
2826 1464 2955 1505 vero
2984 1450 3030 1505 si
3057 1467 3252 1507 nomen
3291 1450 3362 1507 sit
3384 1454 3641 1523 positum,
3673 1469 3764 1523 po-

508 1544 885 1616 assignationis
914 1542 1339 1599 convenientiam
1369 1541 1766 1612 requirendam.
1797 1542 1912 1607 Quo
1939 1541 2082 1595 enim
2184 1537 2303 1592 sitis
2335 1539 2643 1595 nominibus
2672 1541 2749 1595 uti
2779 1552 3008 1611 oportet.
3058 1542 3115 1598 Si
3145 1558 3274 1599 vero
3305 1559 3500 1599 nomen
3530 1547 3763 1613 positum

508 1646 855 1708 permanente
893 1636 1100 1692 cunctis
1154 1635 1273 1690 aliis
1336 1632 1682 1704 pereuntibus
1737 1616 2081 1687 relativorum
2187 1641 2293 1679 twn
2339 1626 2430 1694 sit.
2457 1641 2524 1682 ex
2563 1626 2647 1683 his
2676 1643 2797 1699 Quae
2830 1628 2882 1683 in
2929 1630 3096 1700 prima
3129 1631 3507 1700 praedicatione
3530 1643 3656 1689 sunt
3685 1642 3762 1703 (ut

506 1728 816 1798 praedicatio
838 1736 1066 1793 constat,
1096 1734 1149 1780 et
1174 1732 1281 1796 quo
1304 1734 1559 1794 pereunte
1578 1725 1785 1781 cunctis
1813 1723 1930 1778 aliis
1961 1738 2086 1793 pcr-
2182 1720 2430 1788 superius
2454 1719 2654 1775 dictum
2692 1721 2796 1792 est)
2826 1736 3021 1777 nomen
3057 1732 3269 1801 oportet
3309 1726 3583 1795 efﬁngere.
3612 1726 3762 1794 Quod

503 1819 858 1886 manentibus,
895 1818 961 1874 ad
996 1802 1198 1889 aliquid
1238 1818 1550 1888 praedicatio
1586 1832 1691 1871 non
1723 1824 1922 1882 manet,
1950 1813 2079 1870 illud
2108 1809 2158 1872 Β
2184 1811 2229 1868 si
2260 1814 2331 1869 ita
2360 1813 2654 1869 reddantur
2682 1822 2738 1868 ut
2760 1829 2923 1871 omne
2949 1815 3015 1871 ad
3055 1815 3256 1886 aliquid
3285 1821 3672 1874 convenienter
3697 1819 3777 1875 ad

502 1924 584 1975 est
632 1914 698 1970 ad
724 1913 866 1984 quod
894 1912 1275 1987 convenienter
1308 1911 1538 1967 nominis
1575 1910 1765 1966 relatio
1795 1906 2075 1987 referatur.

500 2005 598 2074 Qui
635 2006 777 2061 enim
818 1984 1069 2060 dominus
1097 2015 1199 2069 est,
1232 2001 1373 2057 idem
1406 2011 1460 2057 et
1506 2001 1665 2056 homo
1694 2009 1797 2067 est,
1830 1984 2078 2069 idemque

498 2100 675 2171 bipes,
702 2099 843 2156 idem
871 2113 1081 2171 quoque
1108 2097 1347 2154 scientia:
1373 2098 1753 2169 perceptibilis.
1772 2096 1848 2153 Ad
1863 2096 2077 2168 quodli-

498 2192 589 2249 bet
622 2191 783 2263 igitur
819 2191 1006 2247 horum
1035 2205 1225 2247 servus
1258 2206 1361 2247 non
1395 2190 1787 2267 praedicabitur,
1819 2192 1865 2245 si
1904 2189 2077 2245 domi-

496 2300 599 2349 nos
636 2300 743 2343 non
771 2284 875 2353 sit;
914 2283 1054 2357 quod
1091 2283 1139 2339 si
1169 2284 1417 2339 dominus
1447 2284 1535 2351 sit,
1566 2283 1771 2339 etiamsi
1800 2282 2077 2353 quodlibet

496 2375 691 2435 borum
718 2385 922 2447 pereat,
959 2375 1090 2431 nihil
1128 2374 1349 2447 impedit
1388 2372 1841 2445 prtedidﬁtionem.
1874 2364 2076 2429 Praedi-

496 2478 648 2527 cetur
669 2446 812 2526 enim
841 2483 1034 2525 servus
1061 2468 1127 2523 ad
1156 2446 1450 2537 dominum,
1480 2476 1535 2523 et
1558 2468 1628 2527 ab
1646 2482 1712 2523 eo
1742 2477 1937 2524 caetera
1979 2483 2075 2541 pe-

493 2565 775 2629 rimantur.
832 2565 1061 2621 Pereant
1105 2567 1246 2621 enim
1275 2564 1344 2620 ab
1373 2580 1439 2619 eo
1479 2563 1625 2636 quod
1668 2576 1759 2623 est.
1796 2565 1981 2631 homo,
2009 2578 2073 2621 ae

494 2655 665 2726 bipes,
692 2657 831 2727 quod
881 2655 1123 2713 scientiae
1166 2657 1558 2727 pereeptibilis,
1590 2657 1672 2712 his
1707 2658 1953 2712 omnibus
1981 2672 2075 2726 pe-

492 2748 792 2817 reuntibus,
818 2748 1068 2813 dominus
1102 2748 1249 2805 solus
1286 2758 1634 2820 permaneat;
1673 2749 1884 2805 caeteris
1912 2750 2074 2820 igitur

490 2839 856 2909 pereuntibus,
881 2853 1072 2895 servus
1095 2848 1268 2895 tamen
1289 2838 1637 2895 nihilominus
1658 2839 1852 2896 dicitur
1875 2838 1941 2894 ad
1970 2826 2070 2893 do-

492 2931 718 3002 minum,
773 2932 841 2986 ad
896 2932 1167 3005 hominem
1219 2947 1350 2987 vero
1399 2947 1503 2986 non
1550 2933 1765 2998 dicitur,
1806 2940 2069 3015 pereunte

490 3026 631 3081 enim
658 3025 860 3082 domini
890 3023 1126 3093 nomine,
1154 3025 1296 3099 servi
1328 3024 1393 3077 ad
1426 3023 1698 3078 hominem
1735 3023 1879 3077 nulla
1928 3036 2070 3090 prae-

490 3116 684 3174 dicatio
711 3125 815 3184 est,
841 3116 981 3186 quod
1011 3116 1055 3170 si
1085 3114 1152 3170 ad
1190 3114 1466 3170 dominum
1496 3129 1684 3170 servus
1725 3129 1831 3169 non
1860 3112 2068 3169 refera-

2183 1907 2326 1977 quod
2352 1907 2546 1962 dicitur
2574 1908 2916 1977 prmdicetur,
2956 1917 3009 1964 et
3037 1909 3259 1980 aequalis
3300 1910 3401 1967 erit
3430 1910 3763 1981 praedicatio,

2180 2006 2236 2051 et
2261 2010 2383 2053 mox
2421 1998 2795 2073 conversionis
2850 2000 3128 2069 reciproca
3167 2009 3354 2056 natura
3396 2001 3760 2073 subsequitur.

2179 2088 2400 2145 Constat
2441 2089 2601 2160 igitur
2645 2091 2821 2146 omnia
2852 2091 3073 2146 relativa
3117 2091 3184 2147 ad
3228 2096 3594 2150 convertentia
3635 2095 3760 2154 dici.

2181 2180 2274 2233 His
2298 2180 2439 2236 aliud
2472 2182 2741 2252 proprium
2760 2183 2959 2252 Juugit.

2260 2281 2509 2337 Videntur
2539 2294 2710 2337 autent
2734 2282 2802 2336 ad
2831 2284 3031 2355 aliquid
3064 2287 3216 2340 simul
3244 2303 3352 2361 esse
3381 2298 3587 2358 natura,
3625 2302 3673 2345 et
3711 2293 3761 2349 in

2178 2374 2408 2446 pluribus
2438 2375 2643 2445 quidem
2666 2390 2841 2430 verum
2867 2387 2964 2431 est.
2993 2375 3056 2431 In
3088 2377 3342 2449 aliquibus
3384 2392 3553 2434 autem
3589 2396 3760 2435 verum

2177 2480 2278 2519 non
2306 2475 2417 2522 est:
2448 2468 2601 2520 simul
2630 2469 2762 2521 enim
2796 2468 3013 2540 duplum
3039 2478 3135 2538 est,
3163 2480 3211 2524 et
3234 2471 3543 2539 dimidium;
3572 2484 3619 2528 et
3647 2489 3760 2529 cunt

2176 2558 2242 2623 sit
2270 2558 2567 2627 dimidium,
2598 2559 2816 2630 duplum
2844 2568 2957 2625 est;
2984 2570 3171 2616 etcum
3202 2562 3266 2615 sit
3304 2563 3559 2632 dominus,
3591 2582 3760 2623 servus

2174 2659 2278 2716 est;
2303 2658 2351 2704 et
2381 2665 2495 2717 cum
2520 2654 2585 2706 sit
2607 2666 2799 2719 servus,
2830 2652 3069 2707 dominus
3090 2664 3182 2709 est.
3212 2652 3462 2709 Similiter
3485 2667 3655 2711 autem
3684 2659 3761 2714 his

2173 2755 2220 2800 et
2244 2746 2373 2813 alia,
2395 2747 2549 2800 simul
2570 2746 2723 2801 etiam
2748 2746 2989 2817 auferunt
3020 2746 3127 2800 lure
3153 2764 3258 2801 sese
3286 2749 3517 2804 invicem.
3543 2751 3605 2805 Si
3631 2752 3760 2805 enim

2174 2854 2273 2892 nou
2297 2840 2363 2893 sit
2388 2839 2627 2909 duplum,
2660 2856 2764 2895 non
2793 2850 2866 2894 est
2890 2836 3180 2907 dimidiuni,
3210 2852 3257 2896 et
3280 2844 3325 2896 si
3364 2859 3462 2896 no:
3498 2854 3572 2898 est
3603 2844 3759 2899 dimi-

2172 2929 2339 2997 dium,
2363 2941 2464 2984 nan
2490 2940 2564 2985 est
2590 2933 2829 3001 duplum,
2862 2935 3095 2988 similiter
3118 2945 3284 2989 autem
3313 2943 3361 2988 et
3388 2938 3441 2989 in
3470 2938 3590 2992 aliis
3613 2954 3756 3011 quie-

2170 3036 2368 3092 cunque
2404 3025 2528 3077 talia
2556 3033 2691 3078 sunt.
3608 3021 3615 3027 ’

2245 3122 2344 3177 llla
2365 3123 2524 3178 simul
2556 3138 2676 3180 esse
2710 3123 2961 3183 dicuntur
2988 3143 3322 3201 quaecunque
3368 3130 3669 3207 talia‘sunt,
3702 3124 3758 3193 ut

484 3217 596 3283 tur.
626 3219 918 3279 pereatque
948 3207 1149 3261 domini
1175 3221 1391 3287 ωηιξη,
1426 3207 1672 3283 omnibus
1698 3206 1820 3262 aliis
1848 3182 2142 3263 maﬂOB-c
2176 3228 2285 3279 uno
2315 3216 2487 3285 posito
2509 3215 2750 3285 quolibet
2782 3219 2924 3275 aliud
2962 3182 3267 3278 necessario
3294 3182 3675 3295 subsequatur:
3704 3182 3758 3287 ξι

486 3300 650 3366 tibus,
681 3314 789 3355 nos:
819 3300 923 3355 erit
960 3299 1288 3369 praedicatio.
1318 3298 1607 3355 Auferatur
1643 3299 1786 3354 enim
1823 3300 2070 3355 dominus

489 3399 542 3447 et
568 3400 779 3446 maneat
817 3389 997 3471 homo,
1026 3398 1081 3446 et
1116 3374 1290 3465 bipes,
1323 3400 1373 3471 et
1412 3388 1649 3445 scientiae
1680 3374 2064 3469 perceptibilis,

484 3496 594 3540 non
632 3490 807 3553 potest
847 3470 952 3538 dici
992 3496 1181 3538 servus
1211 3470 1462 3549 hominis,
1505 3480 1588 3536 vel
1618 3495 1806 3538 servus
1838 3480 2064 3551 bipedis.

489 3573 716 3632 Domino
744 3577 887 3632 enim
910 3591 1015 3631 non
1044 3581 1295 3631 manente
1321 3586 1507 3629 servus
1536 3572 1743 3629 interit:
1767 3588 1934 3645 quare
1949 3588 2065 3628 ma-

482 3677 649 3747 nente
674 3668 892 3725 domino
921 3668 987 3723 ad
1018 3667 1159 3737 quod
1190 3681 1376 3723 servus
1415 3665 1795 3721 convenienter
1830 3674 2063 3736 aptatur,

486 3759 691 3814 cunctis
720 3759 839 3814 aliis
868 3759 1237 3829 pereuntibus,
1271 3758 1579 3829 praedicatio
1613 3767 1831 3824 manet;
1858 3758 2069 3812 sublato

485 3864 615 3905 vero
658 3851 895 3920 domino,
942 3850 1007 3903 ad
1032 3865 1189 3918 quem
1231 3858 1313 3904 est
1350 3847 1699 3904 conveniens.
1729 3848 2062 3920 praedicatio,

482 3941 691 3997 cunctis
710 3941 831 3996 aliis
864 3930 1203 3996 manentibus
1247 3937 1556 4011 praedicatio
1591 3954 1695 3994 non
1724 3950 1826 3994 est.
1860 3924 2061 3995 Eodem

481 4030 645 4091 modo
668 4031 834 4086 etiam
864 4032 931 4087 de
978 4030 1096 4099 ala;
1133 4031 1233 4086 nisi
1262 4011 1405 4085 enim
1436 4029 1503 4085 ad
1532 4030 1731 4085 elatum
1772 4026 2057 4100 referatur,

483 4127 690 4182 cunctis
726 4126 846 4182 aliis
884 4116 1225 4181 manentibus
1254 4126 1455 4195 integra
1483 4123 1793 4195 praedicatio
1818 4138 1925 4178 non
1952 4114 2056 4179 est.

482 4217 633 4277 Adeo
654 4232 763 4274 non
793 4219 964 4274 solum
994 4214 1098 4272 non
1126 4217 1471 4283 convertitur,
1506 4216 1600 4272 sed
1633 4231 1729 4271 nec
1753 4215 2060 4286 prmdicatio

484 4311 590 4366 ulla
612 4311 734 4379 erit,
761 4310 864 4366 nisi
894 4310 1081 4367 relatio
1106 4309 1156 4365 ei
1183 4300 1246 4364 ad
1270 4307 1411 4381 quod
1434 4308 1819 4364 convenienter
1863 4306 2061 4362 dicitur

484 4405 800 4477 assignetur.
849 4403 1021 4459 Simul
1052 4403 1209 4459 etiam
1252 4398 1367 4457 haec
1410 4416 1620 4473 quoque
1642 4416 1729 4455 ars
1767 4394 1850 4455 est
1894 4398 1948 4454 et
1978 4401 2057 4455 via

480 4496 758 4559 noscendi,
781 4509 902 4551 cum
929 4494 980 4549 in
1006 4504 1191 4548 natura
1216 4482 1382 4546 multa
1414 4486 1563 4559 sun’l,
1586 4491 1651 4545 ad
1672 4490 1813 4561 q'uOd
1843 4491 2057 4563 potissi-

2174 3325 2280 3365 uuo
2310 3310 2550 3381 quolibet
2586 3322 2871 3385 perempto
2899 3313 3043 3369 aliud
3084 3317 3258 3373 modis
3288 3319 3536 3377 omnibus
3569 3319 3757 3383 interi-

2170 3411 2369 3466 matur,
2400 3410 2457 3455 ut
2487 3412 2639 3471 pater
2662 3413 2716 3458 et
2752 3403 2913 3459 lilius.
2945 3404 3075 3461 Nam
3118 3421 3241 3462 cum
3276 3420 3428 3479 pater
3452 3420 3553 3478 est,
3589 3412 3756 3471 illium

2164 3507 2384 3577 quaque
2427 3508 2546 3549 esse
2578 3509 2798 3551 necesse
2823 3506 2944 3557 est:
2983 3513 3105 3553 eum
3150 3501 3221 3554 sit
3270 3500 3433 3568 illius,
3466 3512 3619 3572 pater
3651 3515 3755 3562 est.

2167 3581 2375 3641 Rursus
2409 3587 2452 3640 si
2485 3596 2670 3656 pereat
2704 3588 2865 3655 ﬁlius,
2899 3599 3101 3660 patrem
3133 3607 3345 3663 quoque
3374 3595 3551 3663 perire
3584 3584 3755 3654 mani-

2171 3674 2367 3730 festum
2395 3687 2499 3745 est,
2525 3694 2630 3731 non
2660 3678 2800 3749 quod
2838 3690 3021 3749 pereat
3051 3683 3163 3753 ipsa
3190 3683 3514 3755 substantia,
3540 3697 3599 3742 ut
3622 3704 3754 3759 per-

2167 3776 2329 3822 eunte
2358 3768 2586 3826 Hectore
2616 3770 2860 3826 Priamus
2884 3783 3082 3841 pereat,
3110 3775 3201 3829 sed
3225 3777 3364 3845 perit
3393 3776 3504 3848 ipsa
3537 3766 3752 3837 relatio.

2168 3861 2305 3931 Ergo
2328 3864 2577 3931 quoniam
2610 3862 2691 3916 vel
2719 3862 3039 3933 interempto
3070 3868 3235 3935 patris
3261 3866 3499 3936 nomine,
3531 3869 3625 3924 ﬁlii
3656 3886 3752 3927 no-

2165 3968 2287 4007 men
2319 3940 2475 4022 perit,
2507 3954 2715 4009 sublato
2744 3971 2957 4025 quoque
2994 3958 3085 4012 ﬁlii
3119 3961 3332 4015 nomine
3357 3972 3551 4019 nomen
3584 3966 3753 4035 patris

2167 4045 2325 4113 perit.
2360 4045 2541 4100 Posito
2571 4045 2732 4100 etiam
2759 4055 2911 4115 patre
2933 4047 2984 4101 in
3012 4049 3415 4121 substantiaque
3430 4054 3749 4120 constituto,

2162 4134 2256 4190 lilii
2301 4149 2514 4207 quoque
2560 4150 2754 4191 nomen
2811 4137 3063 4206 infertur,
3096 4149 3151 4195 et
3195 4142 3370 4211 posito
3399 4130 3495 4198 lilii
3534 4142 3752 4203 nomine

2160 4228 2401 4298 sequitur
2433 4228 2601 4297 patris
2630 4238 2684 4284 et
2719 4243 2747 4282 a
2783 4230 2947 4298 patris
2981 4214 3197 4286 nomine
3227 4248 3495 4303 nunquam
3526 4250 3750 4306 separa-

2162 4328 2266 4386 tur,
2300 4320 2500 4376 idcirco
2521 4331 2673 4390 pater
2703 4330 2757 4376 et
2794 4321 2936 4376 ﬁlius
2970 4304 3125 4377 simul
3157 4339 3277 4381 esse
3302 4325 3576 4401 dicuntur.
3592 4304 3749 4401 ZErg‘o

2160 4413 2318 4467 simul
2350 4427 2411 4468 ea
2435 4423 2559 4487 sunt
2586 4428 2705 4485 quae
2736 4427 2793 4467 se
2834 4414 3058 4469 invicem
3090 4416 3173 4471 vel
3205 4416 3521 4474 interimunt
3548 4422 3633 4476 vel
3668 4422 3748 4479 in-

2161 4500 2363 4569 ferunt,
2395 4512 2446 4556 et
2474 4503 2540 4557 de
2565 4503 2645 4557 his
2673 4503 2885 4570 quidem
2910 4508 3026 4575 ipse
3056 4494 3320 4573 posterius
3353 4494 3744 4575 tractal.‘Nunc

480 4604 626 4647 mum
654 4576 843 4644 relatio
874 4588 1209 4658 praedicetur.
1240 4580 1370 4639 Nam
1398 4599 1515 4639 cum
1550 4584 1599 4638 in
1627 4582 1848 4640 domino
1879 4584 1966 4652 sit,
2000 4596 2054 4641 et
2079 4563 2139 4643 ί)
2162 4605 2338 4646 autem
2381 4593 2484 4647 hoc
2522 4608 2730 4664 quoque
2772 4563 2953 4650 inesse
2993 4595 3225 4652 relativis
3261 4601 3526 4668 exposuit,
3559 4600 3746 4658 dicens

479 4684 663 4748 homo,
696 4688 749 4735 et
771 4679 987 4744 animal,
1018 4686 1072 4732 et
1101 4675 1394 4745 disciplinae
1420 4673 1853 4748 perceptibile,et
1878 4677 2049 4749 bipes,

479 4772 532 4827 in
556 4786 711 4827 servo
740 4772 949 4840 quoque
994 4766 1154 4834 idem,
1205 4767 1273 4821 ad
1301 4768 1441 4837 quod
1485 4767 1673 4824 horum
1719 4778 1813 4825 aut
1849 4770 2050 4824 domini

478 4877 673 4919 nomen
700 4874 789 4915 aut
806 4861 945 4915 servi
968 4859 1169 4914 referre
1197 4860 1479 4929 possimus,
1508 4861 1584 4917 sic
1600 4862 1917 4918 oStenditu‘r.
1936 4860 2051 4927 Qua

476 4954 621 5011 enim
652 4954 717 5009 ‘r'e
748 4954 1002 5007 manente
1036 4952 1262 5007 subistis
1291 4956 1499 5009 actem
1532 4956 1851 5024 praedicatio
1878 4954 2045 5018 valet,

474 5048 529 5103 e't
578 5052 687 5118 qua
724 5048 785 5101 re
818 5046 1030 5101 sublata
1054 5047 1271 5101 caeteris
1303 5048 1672 5114 inmanibus,
1706 5045 2052 5113 inter-cipim-

470 5134 806 5208 'p’r:edtcattb,
850 5138 920 5193 ad
952 5134 1086 5193 strue
1128 5138 1316 5196 rehtio
1356 5140 1658 5196 remissiore
1708 5138 2049 5209 praedicatur.

470 5220 568 5286 llis
594 5229 757 5300 igitur
776 5228 967 5299 possitis
984 5230 1153 5287 totius
1172 5230 1472 5302 argumenti
1492 5231 1600 5285 vim
1618 5229 2052 5297 sermonumque

472 5322 767 5391 concludit,
810 5323 885 5380 an
924 5324 1070 5380 enim
1096 5341 1111 5379 :
1136 5325 1320 5379 orariis
1347 5324 1679 5395 quaecunque
1722 5322 1795 5376 ed
1831 5320 2042 5390 ληίτιῇά

472 5416 598 5472 son't
624 5418 772 5489 aqua
802 5418 1184 5489 praedicatione
1210 5416 1449 5473 converti
1471 5432 1486 5471 :
1516 5416 1628 5471 hoc
1650 5420 1827 5471 autem
1852 5415 2047 5485 hujus-

475 5510 621 5567 mOtli
646 5518 748 5570 est.
770 5510 1111 5583 Quaecunque
1136 5511 1282 5566 cnim
1310 5508 1378 5564 al
1412 5520 1471 5565 se
1502 5509 1735 5563 invieem
1766 5506 2046 5579 aequaliter

476 5604 850 5678 praedicantur,
874 5604 936 5661 et
959 5601 1313 5660 conversione
1336 5601 1477 5657 facta
1518 5610 1913 5671 retorquentur,
1952 5600 2047 5656 iiii

468 5690 661 5771 tequall
696 5700 888 5755 natum
926 5710 973 5751 et
1012 5694 1347 5751 dimensione
1376 5691 1594 5748 fundata
1641 5700 1787 5759 sunt,
1820 5698 1875 5748 ut
1921 5700 2047 5749 sunt

472 5792 685 5873 propria
714 5800 768 5848 et
792 5788 994 5862 species
1040 5787 1283 5845 Relativa
1306 5800 1525 5871 quoque
1551 5796 1610 5844 ut
1638 5794 2042 5853 convertantur,

2156 4684 2393 4763 relativis
2414 4700 2627 4754 quoque
2652 4702 2771 4741 esse
2794 4696 2848 4739 ut
2874 4684 3031 4742 simul
3061 4687 3165 4743 sint
3187 4706 3200 4756 ;
3231 4705 3352 4744 nam
3376 4704 3495 4745 cum
3522 4690 3743 4763 duplum

2155 4779 2245 4844 sit,
2265 4776 2542 4833 dimidium
2563 4787 2665 4843 est,
2691 4790 2877 4835 etcum
2893 4764 3635 4853 dimidium,duplumdilujus
3650 4802 3743 4841 au-

2158 4880 2647 4940 temat‘gumeutum
2662 4880 2764 4938 est,
2784 4872 2924 4941 quod
2939 4872 3258 4941 interempto
3282 4873 3444 4945 duplo
3466 4872 3742 4933 dimidium

2158 4968 2316 5035 perit.
2344 4965 2544 5021 Rursus
2563 4982 2772 5035 quoque
2796 4966 2954 5035 duplo
2976 4967 3287 5031 constituto,
3308 4968 3586 5024 dimidium
3616 4985 3743 5026 con-

2156 5044 2595 5136 stituitur.lgit_ur
2619 5058 2870 5129 quoniam
2894 5052 3109 5128 duplum
3134 5068 3295 5131 atque
3308 5061 3583 5117 dimidium
3604 5056 3740 5121 rela~

2159 5150 2262 5206 tiva
2276 5162 2419 5220 sunt,
2436 5150 2782 5207 etbaecsimul
2802 5150 2927 5205 sunt
2944 5161 3150 5216 natura,
3178 5150 3229 5205 id
3253 5152 3458 5223 estipsa
3486 5158 3738 5222 essentia,

2156 5238 2210 5298 et
2235 5242 2332 5296 hoc
2354 5240 2691 5296 manifestum
2716 5252 2797 5294 est
2820 5256 3030 5311 quoque
3052 5234 3286 5297 relativis
3307 5232 3571 5310 accidere,
3595 5253 3655 5299 ut
3670 5246 3737 5302 si-

2148 5330 2263 5388 mul
2290 5334 2480 5386 natura
2493 5345 2611 5385 esse
2624 5328 2926 5385 videantur.
2943 5329 3082 5384 Idem
3104 5345 3315 5402 quoque
3337 5338 3421 5389 est
3444 5320 3499 5388 iu
3518 5348 3583 5389 eo
3596 5335 3737 5405 quod

2153 5433 2236 5480 est
2264 5438 2450 5480 servus
2485 5429 2541 5478 et
2575 5421 2843 5509 dominus.
2884 5419 3017 5477 Nam
3048 5424 3302 5493 quoniam
3344 5424 3619 5483 alterutris
3658 5426 3735 5485 in-

2148 5515 2428 5584 teremptis
2475 5518 2696 5583 uterque
2752 5512 2981 5583 deperit,
3027 5522 3083 5569 et
3138 5514 3398 5572 alterutro
3444 5520 3735 5575 constituto

2154 5622 2378 5679 uterque
2426 5602 2698 5673 subsistit,
2746 5616 2957 5663 constat
2997 5621 3209 5663 servum
3255 5618 3414 5680 atque
3458 5610 3732 5667 dominum

2152 5720 2270 5759 eum
2307 5702 2414 5757 sit".
2442 5701 2506 5756 ad
2540 5701 2589 5754 al
2616 5702 2739 5771 quid
2773 5699 2931 5755 simul
2959 5715 3079 5755 esse
3107 5710 3315 5756 natura.
3348 5701 3453 5757 Sed
3498 5704 3611 5757 hmc
3664 5705 3732 5758 ita

2154 5811 2298 5867 sunt,
2330 5810 2387 5854 ut
2425 5802 2532 5853 sint
2574 5798 2789 5867 quidem
2825 5797 2880 5851 in
2925 5796 3177 5861 relativis,
3223 5797 3317 5853 sed
3356 5799 3603 5853 omnibus
3650 5798 3731 5857 his
