4030 6336
264 382 399 448 -m
1262 380 1321 437 tv
1361 364 1796 435 caruitnatus
1836 364 2282 429 ARISTOTELIS
2320 366 2448 429 [ΑΒ.
2495 364 2558 427 ιι.
3443 344 3554 417 sto

287 517 413 573 qua
436 508 564 556 sunt
590 497 657 553 ad
684 495 881 566 aliquid
930 498 1037 549 non
1068 498 1366 563 tequentur.
1395 490 1534 547 Sunt
1556 489 1701 545 enim
1722 499 1873 557 ψιθ-
1896 487 1948 546 Α
1978 484 2029 537 in
2060 485 2307 539 omnibus
2342 482 2583 538 relativis
2614 494 2796 536 verum
2821 488 2922 543 εει,
2956 486 3013 531 ut
3039 474 3194 530 simul
3220 487 3340 529 esse
3368 483 3558 529 natura
3582 504 3596 518 ο

292 567 416 649 dam
459 592 680 647 relativa
715 601 942 659 quorum
978 601 1142 641 unun
1182 585 1327 654 prius
1356 590 1549 638 natura
1598 580 1691 646 sit,
1730 576 1873 649 quod
1928 592 1939 655 ᾖ
1980 575 2262 629 dicantur:
2297 582 2352 629 et
2376 576 2514 629 sicut
2544 574 2732 627 falsum
2758 570 2883 624 illud
2910 578 3012 635 est,
3046 569 3096 621 in
3129 567 3284 621 nullis
3315 568 3413 618 hoc
3441 579 3563 620 esse

293 684 411 754 ipse
442 696 632 737 rursus
659 678 878 750 adjecit.

368 785 491 840 Non
526 792 697 839 autem
738 783 792 837 in
821 780 1055 836 omnibus
1076 781 1302 834 relation
1325 793 1496 833 verum
1520 775 1721 831 videtur
1770 788 1875 828 esse

296 889 353 932 ut
385 879 483 932 sint
513 875 671 931 simul
697 882 911 929 natura.
940 872 1131 929 Scibile
1161 872 1298 925 enim
1325 869 1538 925 scienti!
1564 867 1705 939 prius
1727 870 1878 945 utut-

296 971 475 1023 raliter
503 983 606 1023 asc
624 968 845 1023 videtur.
890 966 1127 1035 Namque
1144 974 1199 1018 ut
1231 964 1510 1031 plurimum
1560 962 1702 1027 prius
1731 961 1880 1013 rebus

296 1059 684 1115 subsistentibus
720 1058 961 1114 scientias
986 1057 1293 1124 accepimus.
1340 1052 1408 1108 In
1432 1055 1613 1124 paucis
1652 1066 1767 1104 vero
1804 1050 1883 1104 uel

301 1169 367 1206 nu
394 1154 461 1207 Iis
487 1154 581 1207 hoc
600 1152 715 1223 quis
739 1152 974 1222 reperiet,
997 1149 1151 1205 simul
1174 1164 1293 1204 cum
1310 1148 1472 1207 animi
1491 1146 1757 1202 scientiam
1776 1158 1884 1201 ale

301 1248 511 1315 fartam.

380 1334 661 1404 Proposuit
698 1348 806 1389 non
835 1332 891 1388 in
925 1332 1177 1387 omnibus
1218 1330 1457 1387 relativis
1489 1344 1612 1386 esse
1663 1329 1785 1393 hoc,
1825 1338 1886 1384 ut

303 1423 583 1478 videantur
610 1424 774 1479 simul
814 1438 937 1478 esse
984 1430 1168 1479 natura
1196 1422 1340 1487 gboc
1381 1431 1557 1477 autem
1588 1422 1780 1492 probat
1820 1434 1883 1474 ex

315 1518 432 1584 bis,
463 1517 605 1587 quod
653 1515 905 1587 quoniam
946 1515 1173 1570 scientia
1216 1514 1284 1569 ad
1313 1514 1516 1585 aliquid
1548 1523 1633 1569 est
1662 1512 1888 1585 (scibilis

306 1614 446 1670 enim
490 1614 567 1670 rei
608 1613 828 1670 scientia
854 1611 1096 1681 dicitur),
1128 1625 1235 1666 non
1276 1612 1472 1681 poterit
1491 1622 1611 1666 esse
1639 1609 1884 1673 scientia,

308 1708 414 1764 nisi
439 1709 510 1763 sit
532 1707 814 1776 resaiiqua
844 1721 963 1775 qua!
1004 1704 1130 1761 sciri
1160 1704 1349 1774 possit.
1393 1703 1541 1758 Hauc
1568 1710 1745 1757 autem
1780 1700 1888 1771 pri-

309 1813 454 1855 mam
501 1814 621 1855 esse
667 1812 885 1853 necesse
912 1806 1015 1859 est,
1056 1804 1115 1850 ut
1162 1798 1214 1850 in
1245 1793 1548 1850 matheseos
1582 1792 1883 1862 disciplina.

310 1892 520 1949 Scimus
548 1892 689 1946 enim
722 1890 1039 1959 triangulum
1062 1895 1172 1944 tres
1196 1886 1482 1949 interiores
1510 1884 1734 1955 angulos
1754 1884 1891 1937 duo-

306 1983 410 2041 bus
442 1985 606 2040 rectis
630 1982 841 2053 angulis
870 1996 1053 2050 aquos
1084 1980 1305 2035 habere.
1345 1978 1496 2034 [inde
1542 1991 1766 2032 necesse
1808 1983 1894 2031 est

311 2076 457 2145 prius
487 2076 649 2131 luisse
674 2073 815 2143 quod
843 2073 969 2128 sciri
1010 2080 1216 2141 posset,
1250 2080 1435 2139 postea
1482 2083 1613 2125 vero
1647 2068 1714 2123 ad
1756 2068 1893 2123 hanc

312 2181 428 2233 rem
460 2176 639 2235 aptam
674 2164 840 2219 fuisse
864 2163 1128 2218 notitiam.
1163 2163 1339 2229 Atque
1369 2160 1472 2216 hoc
1499 2168 1583 2214 est
1606 2158 1746 2229 quod
1778 2161 1852 2213 ait
1877 2175 1890 2212 :

315 2256 554 2329 Namque
596 2256 649 2310 in
702 2254 943 2324 pluribus
984 2251 1401 2308 subsistentibus
1440 2249 1600 2306 rebus
1645 2248 1897 2304 scientias

316 2349 627 2416 accipimus.
658 2344 811 2399 Prius
834 2344 977 2398 enim
1008 2343 1167 2398 rebus
1188 2341 1495 2397 constitutis
1509 2350 1565 2396 et
1589 2338 1742 2410 quasi
1758 2353 1896 2409 prm-

316 2439 503 2510 positis
528 2436 768 2499 scientiae
795 2436 935 2509 ratio
963 2436 1223 2505 sequitur.
1251 2434 1428 2501 Quare
1457 2448 1562 2489 non
1586 2442 1672 2488 est
1699 2434 1752 2488 in
1779 2448 1895 2489 om-

320 2530 478 2585 nibus
506 2528 755 2605 ‘relativis
795 2526 957 2581 simul
982 2540 1102 2581 esse
1131 2535 1342 2579 natura.
1372 2524 1503 2579 Nam
1534 2539 1654 2579 cum
1678 2523 1898 2578 scientia

322 2629 378 2678 et
425 2620 611 2675 scibile
653 2617 877 2673 relativa
921 2617 1050 2683 sint,
1081 2615 1350 2684 antiquius
1389 2624 1472 2670 est
1523 2615 1709 2670 scibile
1740 2627 1901 2684 quam

323 2712 565 2770 scientia.
604 2710 757 2779 Quod
788 2725 914 2765 vero
957 2708 1298 2778 interposuit,
1343 2708 1393 2761 in
1438 2707 1619 2777 paucis
1649 2707 1791 2761 enim
1819 2704 1903 2761 vel

325 2801 492 2856 nullis
517 2800 619 2855 hoc
641 2800 759 2869 quis
789 2797 1079 2868 perspiciet
1104 2797 1263 2851 simul
1290 2810 1410 2852 cum
1432 2794 1603 2849 scibili
1628 2795 1903 2851 scientiam

326 2882 545 2959 laetam,
572 2892 677 2947 tale
693 2900 794 2946 est.
814 2890 1080 2957 Quasdam
1098 2906 1326 2960 namque
1349 2905 1435 2945 res
1454 2889 1663 2945 animus
1680 2890 1780 2944 sibi
1795 2891 1909 2959 ipse

327 2980 605 3058 conﬁngit,
633 2993 694 3040 ut
713 2985 1030 3048 cliimeram,
1082 2984 1165 3038 vel
1195 2992 1529 3049 centaurum,
1559 2982 1640 3037 vel
1670 2981 1772 3037 alia
1804 2981 1907 3039 bu-

331 3077 589 3149 jusmodi,
615 3092 733 3146 qua:
762 3085 886 3131 tunc
909 3077 1171 3141 sciuntur,
1204 3090 1325 3129 cum
1356 3088 1420 3129 ea
1446 3072 1546 3127 sibi
1575 3072 1786 3136 animus
1810 3071 1908 3127 lin-

332 3172 505 3228 xerit.
530 3169 680 3225 Tunc
701 3180 879 3224 autem
908 3184 1028 3223 esse
1061 3166 1341 3238 incipiunt,
1370 3165 1583 3237 quando
1604 3165 1830 3235 primum
1856 3164 1908 3219 in

331 3256 584 3343 opinione
625 3269 930 3317 versantur.
975 3246 1127 3314 Tunc
1175 3260 1335 3328 igitur
1383 3260 1642 3325 sciuntur,
1690 3273 1811 3312 cum
1860 3258 1912 3312 in

332 3355 590 3427 opinione
617 3363 829 3408 versata
865 3353 995 3419 sint,
1023 3361 1077 3406 et
1119 3352 1234 3405 haec
1264 3350 1423 3405 simul
1475 3349 1672 3405 habent
1709 3366 1827 3406 esse
1863 3359 1918 3405 et

335 3450 487 3507 sciri.
516 3440 649 3503 Nam
674 3449 925 3515 quoniam
946 3446 998 3499 in
1021 3446 1274 3514 opinione
1301 3451 1617 3509 nascuntur,
1650 3459 1771 3499 mox
1798 3458 1919 3499 esse

336 3544 623 3614 incipiunt,
653 3542 748 3597 sed
770 3555 889 3595 cum
916 3540 966 3593 in
991 3539 1197 3592 ratione
1221 3546 1367 3606 sunt,
1391 3546 1518 3591 tunc
1535 3550 1721 3592 eorum
1748 3536 1921 3590 scicn-

338 3638 412 3693 tia
443 3637 669 3708 capitur.
712 3620 878 3705 lgitur
909 3646 1028 3685 mox
1060 3641 1119 3684 ut
1145 3628 1367 3695 fuerint,
1412 3638 1539 3683 mox
1578 3629 1840 3691 sciuntur,
1864 3633 1925 3681 et

336 3740 423 3785 est
440 3744 624 3784 eorum
647 3725 872 3782 scientia
889 3738 1011 3778 cum
1034 3721 1346 3778 earumdem
1364 3719 1595 3775 essentia
1618 3718 1920 3789 conjuncta.

336 3806 579 3889 Namque
606 3826 891 3885 antequam
920 3813 1153 3869 chimera
1201 3809 1513 3882 ﬁngeretur,
1548 3806 1684 3864 sicut
1721 3808 1831 3878 ipsa
1868 3807 1919 3863 in

340 3910 488 3969 nulla
521 3909 775 3981 opinione
809 3904 1004 3974 fuerat,
1040 3907 1111 3959 ita
1151 3918 1362 3974 quoque
1398 3903 1514 3971 ejus
1554 3901 1774 3956 scientia
1816 3917 1920 3955 non

343 4012 481 4060 erat.
531 3984 819 4072 Postquam
859 4013 986 4054 vero
1036 3996 1149 4067 ipsa
1197 3996 1491 4050 animarum
1545 3994 1925 4065 imaginatione

345 4095 636 4151 constituta
672 4103 774 4156 est.
817 4091 932 4161 ejus
971 4104 1183 4161 quoque
1219 4092 1338 4142 dum
1382 4086 1495 4156 ipsa
1544 4078 1923 4154 imaginatione

350 4182 571 4243 soientia
598 4186 884 4239 consecuta
910 4187 994 4236 est
1026 4195 1042 4233 :
1073 4187 1232 4248 atque
1262 4176 1385 4232 ideo
1412 4178 1487 4231 ait
1511 4175 1564 4230 in
1612 4175 1793 4246 paucis
1824 4174 1927 4229 hoc

349 4278 512 4349 posse
535 4274 784 4345 perspici,
808 4282 865 4329 ut
888 4269 1047 4327 simul
1072 4283 1192 4325 cum
1224 4267 1444 4324 scientia
1488 4256 1675 4321 Scibile
1726 4265 1815 4330 sit,
1868 4268 1927 4319 ut

347 4371 405 4427 in
450 4366 550 4423 hac
588 4366 773 4423 eadem
818 4365 1077 4427 chimera,
1119 4376 1238 4431 quae
1280 4364 1402 4416 eum
1448 4359 1510 4413 sit
1554 4352 1775 4425 scibilis,
1806 4358 1927 4411 cum

316 4456 572 4519 scientia
604 4468 725 4515 nata
758 4467 858 4514 est.
896 4448 999 4512 Sed
1042 4454 1292 4524 quoniam
1338 4450 1469 4506 nihil
1511 4448 1652 4521 quod
1702 4452 1757 4505 in
1803 4448 1930 4505 sub-

1984 665 2240 731 relativis,
2276 666 2346 719 ita
2378 664 2567 718 falsum
2586 672 2669 719 est
2697 676 2882 718 rursus
2907 662 2956 715 in
2988 658 3254 714 omnibus.
3283 655 3390 712 Sed
3420 655 3563 711 hunc

1985 765 2262 811 tractatum
2297 756 2505 826 longius
2536 757 2685 811 texit.

2050 859 2285 925 Amplius
2315 859 2489 912 scibile
2514 858 2717 928 quidem
2736 857 2990 911 sublatum
3035 853 3189 908 simul
3211 856 3377 922 aufert
3402 850 3565 905 scien-

1982 951 2126 1015 tiam,
2177 950 2387 1004 scientia
2416 965 2529 1003 vero
2572 950 2723 1002 simul
2755 964 2853 1001 non
2887 954 3053 1014 aufert
3101 942 3295 998 scibile.
3344 941 3483 996 Nam
3520 942 3566 995 si

1980 1042 2156 1096 scibile
2184 1059 2282 1095 non
2308 1043 2395 1109 sit,
2424 1057 2526 1094 non
2552 1052 2626 1094 est
2654 1040 2895 1103 scientia;
2918 1039 3127 1091 scientia
3151 1051 3264 1091 vero
3284 1035 3330 1088 si
3350 1050 3448 1088 non
3478 1033 3564 1100 sit,

1983 1132 2112 1187 nihil
2136 1134 2364 1202 prohibet
2403 1149 2508 1186 esse
2553 1132 2747 1195 scibile,
2790 1134 2921 1183 telut
2961 1127 3141 1181 circuli
3168 1130 3478 1197 quadratum
3523 1125 3567 1178 si

1985 1226 2137 1279 modo
2166 1235 2238 1279 est
2275 1225 2488 1301 scibi’is,
2530 1222 2741 1277 scientia
2777 1222 3024 1297 siquidem
3050 1223 3163 1295 ejus
3199 1219 3424 1274 nondum
3466 1227 3564 1287 est,

1984 1321 2100 1388 ipsa
2124 1334 2238 1374 vero
2268 1321 2461 1375 scibilis
2486 1331 2578 1374 est.

2056 1420 2296 1474 Diximus
2326 1420 2417 1474 illa
2449 1435 2567 1474 esse
2587 1418 2766 1485 simul,
2793 1430 3121 1487 quascunque
3146 1414 3405 1471 alterutro
3423 1426 3551 1467 con-

1988 1513 2192 1576 stituto,
2227 1511 2310 1567 vel
2340 1512 2600 1567 alterutro
2633 1512 2975 1579 interempto,
3001 1508 3161 1563 simul
3197 1516 3416 1576 utraque
3438 1519 3567 1560 con-

1988 1604 2363 1669 stituerentur,
2385 1603 2462 1656 vel
2490 1602 2647 1657 etiam
2667 1603 3077 1671 perimerentur.
3102 1600 3403 1655 Constituto
3423 1598 3566 1652 enim

1988 1703 2051 1749 ut
2089 1686 2157 1748 sit
2190 1704 2363 1763 pater,
2398 1693 2752 1749 constituetur
2780 1707 2899 1747 esse
2938 1693 3096 1758 ﬁlius,
3129 1700 3185 1745 et
3220 1700 3368 1760 pater
3410 1687 3567 1744 simul

1992 1786 2157 1841 infert
2198 1787 2548 1843 substantiam
2578 1786 2693 1840 lilii.
2726 1785 2929 1840 Eodem
2968 1798 3181 1854 quoque
3225 1780 3386 1837 modo
3431 1781 3569 1835 illius

1994 1880 2155 1935 simul
2192 1880 2357 1934 infert
2401 1866 2720 1934 vocabulum
2762 1864 2948 1948 patris,
2978 1891 3087 1932 non
3131 1884 3215 1932 est
3241 1874 3384 1931 enim
3431 1872 3573 1927 ﬁlius

1995 1969 2098 2024 nisi
2141 1970 2327 2039 patris.
2371 1970 2574 2025 Eodem
2613 1972 2835 2040 quoque
2855 1968 3012 2024 modo
3046 1968 3225 2023 altero
3253 1968 3574 2033 interempto

1995 2073 2283 2133 utrumque
2320 2063 2501 2133 perire
2532 2076 2756 2118 necesse
2785 2072 2889 2128 est,
2916 2062 3147 2117 alterum
3189 2070 3366 2116 autem
3404 2060 3576 2114 altero

1998 2152 2143 2223 prius
2173 2154 2356 2209 multis
2383 2154 2580 2210 dicitur
2601 2154 2797 2221 modis;
2830 2153 2925 2210 sed
2956 2153 3096 2224 quod
3122 2168 3261 2208 nunc
3288 2152 3578 2221 qua-rimus

1997 2246 2105 2299 tale
2129 2254 2232 2301 est.
2254 2244 2389 2300 Nam
2417 2244 2594 2316 priora
2622 2245 2711 2300 itis
2740 2260 2861 2300 esse
2880 2244 3151 2311 dicuntur,
3183 2257 3301 2313 quas
3330 2243 3444 2312 ipsa
3464 2244 3580 2311 qui-

1998 2337 2121 2393 dem
2153 2346 2430 2409 perempta
2453 2353 2543 2394 res
2559 2339 2693 2393 alias
2718 2339 2935 2405 tollunt,
2968 2342 3079 2408 ipsa
3101 2350 3230 2392 vero
3252 2337 3392 2391 illata
3420 2343 3581 2404 atque

2000 2430 2291 2486 constituta
2342 2431 2507 2486 simul
2545 2445 2635 2487 res
2663 2430 2794 2486 alias
2827 2446 2932 2486 non
2972 2432 3229 2496 inierunt,
3256 2436 3423 2484 ut‘est
3444 2440 3583 2482 unus

2002 2534 2165 2594 atque
2178 2524 2309 2579 duo.
2334 2523 2658 2594 Interempto
2672 2525 2816 2579 enim
2826 2538 2956 2587 uno,
2976 2524 3087 2578 duo
3097 2530 3310 2594 quoque
3332 2525 3580 2591 pereunt.

2005 2616 2161 2671 Unde
2186 2615 2329 2670 enim
2358 2620 2443 2671 est
2485 2617 2646 2670 unius
2690 2618 2744 2669 in
2776 2613 2982 2669 duobus
3020 2616 3332 2683 geminatio,
3364 2615 3407 2668 si
3448 2626 3586 2667 unus

2007 2707 2271 2763 intereat?
2298 2706 2600 2763 Constituto
2630 2722 2759 2761 vero
2787 2718 2951 2777 atque
2996 2709 3171 2776 posito
3217 2717 3276 2761 ut
3319 2709 3389 2760 sit
3424 2718 3585 2770 unus,

2006 2797 2242 2853 nondtun
2270 2797 2377 2867 duo
2391 2788 2548 2853 'sunt.
2582 2797 2824 2852 Nondum
2858 2807 2944 2852 est
2969 2799 3111 2851 enim
3142 2797 3276 2851 tacta
3319 2798 3475 2850 unius
3498 2808 3589 2864 ge-

2008 2889 2251 2946 minatio.
2281 2889 2421 2959 Erga
2449 2888 2694 2944 dicuntur
2734 2889 2828 2943 iita
2868 2890 3049 2959 priora
3089 2902 3229 2957 esse,
3260 2900 3592 2958 quaecunque

2010 2982 2111 3037 alia
2143 2982 2307 3038 simul
2331 2982 2546 3052 quidem
2584 2982 2734 3037 illata
2766 2983 3166 3049 noninferunt,
3195 2982 3293 3039 sed
3326 2983 3593 3051 perimunt

2013 3073 2352 3142 interempta.
2386 3073 2586 3131 Scilnle
2612 3089 2743 3140 emo
2770 3083 2827 3130 et
2850 3074 3130 3132 scientiam
3160 3088 3265 3128 non
3292 3078 3410 3129 esse
3435 3072 3595 3130 simul

2014 3174 2104 3229 illa
2150 3188 2244 3229 res
2296 3175 2506 3244 pt'obu,
2564 3174 2703 3243 quod
2737 3176 2781 3229 si
2810 3177 2932 3245 quis
2966 3190 3081 3230 rem
3126 3176 3367 3233 scibilem
3420 3175 3593 3243 tollat,

2016 3267 2297 3321 scientiam
2312 3282 2526 3337 quoque
2545 3269 2842 3325 sustulerit.
2859 3268 3007 3323 Nulla
3030 3279 3203 3339 potest
3217 3270 3356 3324 enim
3374 3267 3596 3325 scientia

2014 3370 2356 3428 permanere,
2380 3361 2425 3415 si
2456 3375 2543 3416 res
2563 3376 2682 3431 qua:
2712 3362 2839 3417 sciri
2865 3364 3035 3431 possit
3050 3364 3301 3417 intereat.
3330 3364 3398 3419 At
3420 3364 3467 3417 si
3490 3362 3598 3419 sci-

2018 3451 2129 3507 bile
2156 3467 2281 3507 esse
2306 3455 2628 3519 constituas,
2662 3466 2772 3507 non
2804 3455 3023 3508 omnino
3054 3454 3278 3509 scientia
3319 3454 3600 3524 consean

2018 3551 2128 3597 tur.
2160 3543 2463 3599 hiantibus
2506 3546 2649 3597 enini
2696 3559 2758 3598 ea
2808 3545 2959 3601 nobis
2996 3558 3115 3614 qum
3158 3556 3306 3600 nunc
3356 3547 3601 3602 novimus

2019 3646 2199 3702 erant,
2224 3638 2355 3692 etin
2381 3652 2497 3693 sua:
2522 3647 2729 3693 natura!
2750 3639 3044 3694 substantia
3074 3636 3481 3709 permanebant,
3502 3641 3602 3697 sed

2021 3742 2208 3782 eorum
2257 3729 2397 3798 apud
2445 3743 2546 3784 nos
2589 3730 2807 3784 scientia
2858 3744 2965 3784 non
3002 3741 3137 3783 erat.
3191 3730 3366 3785 Multae
3391 3740 3604 3801 quaque

2022 3827 2149 3874 sunt
2171 3828 2335 3885 artes,
2365 3836 2498 3890 quas
2530 3836 2652 3876 esse
2679 3821 2894 3891 quidem
2926 3823 2978 3877 in
3009 3836 3119 3876 sua:
3158 3819 3362 3877 natura:
3400 3824 3606 3880 ratione

2026 3912 2406 3982 perspicimus,
2442 3928 2668 3982 quarum
2718 3915 2994 3983 neglectus
3040 3915 3318 3971 scientiam
3366 3915 3601 3969 sustulit.

2027 4003 2356 4075 Multumque
2382 4021 2481 4073 ego
2505 4008 2617 4076 ipse
2641 4006 2749 4075 jam
2783 4015 2959 4061 metuo
2994 4022 3063 4061 ne
3115 4005 3215 4061 hoc
3238 4006 3518 4061 verissime
3537 4007 3605 4063 de

2029 4095 2283 4151 omnibus
2327 4097 2519 4151 studiis
2562 4097 2873 4153 liberalibus
2914 4097 3140 4153 dicatur.
3172 4098 3433 4164 Quocirca
3472 4099 3517 4153 si
3557 4107 3610 4158 et

2031 4191 2311 4245 scientiam
2342 4192 2608 4245 sublatum
2637 4191 2827 4246 scibile
2850 4190 3086 4261 perimit,
3114 4200 3169 4248 et
3191 4190 3393 4246 illatum
3423 4191 3612 4249 scibile

2030 4284 2309 4340 scientiam
2351 4299 2455 4338 non
2503 4282 2682 4347 infert,
2729 4298 2901 4353 neque
2929 4281 3225 4348 constituit,
3254 4282 3402 4351 prius
3431 4291 3514 4339 est
3558 4282 3612 4338 id

2031 4374 2171 4444 quod
2215 4375 2339 4430 sciri
2384 4384 2559 4444 potest
2603 4389 2761 4444 quam
2808 4373 2935 4428 illud
2978 4373 3118 4443 quod
3160 4375 3614 4443 comprehendere

2032 4467 2286 4524 videlicet
2314 4477 2472 4539 atque
2495 4466 2779 4536 complecti
2807 4466 3013 4521 notitia.
3042 4466 3157 4535 Ipse
3187 4475 3366 4521 autem
3390 4466 3452 4521 ad
3477 4466 3614 4525 hanc

348 4554 547 4611 stantia
584 4567 688 4607 non
739 4555 1035 4621 permanet,
1079 4561 1253 4617 neque
1305 4545 1360 4600 in
1398 4544 1624 4599 veritate
1662 4543 1912 4599 consistit

2035 4573 2147 4615 rem
2192 4559 2628 4615 obscurissimum
2678 4556 3038 4613 commodavit
3087 4556 3414 4625 exemplum.
3465 4557 3617 4614 Solet

348 4644 475 4700 sciri
504 4650 683 4712 potest
708 4640 950 4711 (scientia
979 4637 1120 4694 enim
1150 4646 1233 4692 est
1260 4651 1439 4691 rerum
1472 4650 1590 4706 qua:
1622 4640 1747 4690 sunt
1774 4636 1924 4689 com-

350 4734 646 4808 prehensio
674 4730 956 4800 veritatis),
980 4737 1035 4786 et
1079 4727 1337 4801 quidquid
1378 4727 1481 4783 sibi
1518 4727 1728 4782 animus
1757 4725 1929 4796 lingit,

350 4828 439 4886 vel
486 4827 861 4899 imaginatione
904 4824 1123 4895 reperit,
1171 4838 1290 4877 cum
1332 4822 1388 4876 in
1428 4819 1718 4875 substantia
1771 4828 1932 4887 atque

352 4925 584 4981 veritate
608 4923 954 4977 constitutum
978 4934 1086 4973 non
1107 4918 1195 4983 sit,
1223 4915 1349 4970 illud
1381 4928 1538 4984 posse
1567 4914 1692 4969 sciri
1722 4927 1828 4969 non
1853 4912 1931 4967 di-

356 5017 521 5082 citur,
548 5027 708 5084 atque
751 5013 873 5067 ideo
912 5027 1016 5065 non
1064 5018 1146 5065 est
1173 5022 1359 5064 eorum
1407 5003 1629 5061 scientia
1656 5005 1761 5059 ulla
1814 5019 1932 5073 quas

350 5106 477 5164 sola
496 5106 880 5176 imaginat‘ene
907 5103 1221 5159 subsistunt.
1249 5100 1454 5155 Idcirco
1478 5100 1656 5168 itaque
1685 5097 1935 5154 dubitans

356 5204 517 5271 dixit,
538 5205 594 5259 in
622 5197 801 5273 paucis
828 5203 970 5258 enim
992 5200 1073 5256 rel
1098 5199 1279 5255 nullis.
1312 5199 1434 5253 Haec
1458 5199 1600 5254 enim
1629 5199 1742 5266 ipsa
1770 5198 1934 5266 pauca

354 5298 437 5353 ita
474 5296 700 5365 quiaque
734 5295 989 5366 reperiet,
1019 5301 1077 5346 ut
1114 5291 1159 5345 si
1202 5290 1266 5344 ad
1299 5305 1481 5345 veram
1517 5290 1779 5343 rationem
1808 5302 1936 5342 exa-

358 5385 820 5455 minationemque
856 5383 1223 5447 contenderit,
1266 5380 1406 5435 nulla
1451 5394 1571 5436 esse
1623 5378 1933 5450 perpendat.

359 5478 513 5549 Quod
538 5480 581 5534 si
605 5472 882 5550 quisquam
906 5475 1162 5531 cliimerte
1187 5474 1361 5545 aliqua
1394 5484 1511 5527 esse
1544 5473 1820 5527 scientiam
1852 5471 1934 5526 di-

359 5583 465 5635 cat.
500 5586 620 5642 ante
658 5582 766 5625 non
807 5578 909 5636 est,
940 5578 1242 5639 quanquam
1282 5565 1384 5620 hoc
1426 5566 1614 5618 falsum
1644 5564 1737 5629 sit,
1762 5572 1948 5619 tamen

362 5669 471 5722 irae
498 5674 710 5738 quoque
741 5674 1000 5722 concesso
1034 5666 1201 5735 pauca
1227 5668 1384 5715 erunt
1426 5662 1477 5713 in
1500 5660 1697 5729 quibus
1723 5657 1948 5713 scientia

358 5772 489 5815 cum
510 5758 690 5815 scibiii
717 5758 877 5813 simul
901 5764 1086 5816 natura
1112 5753 1204 5809 sit.
1231 5751 1405 5807 luitis
1431 5750 1573 5806 enim
1604 5747 1769 5804 rebus
1795 5757 1949 5807 ante-

366 5850 560 5909 positis
584 5860 643 5907 et
664 5847 973 5906 constitutis
999 5846 1217 5904 scientia
1246 5842 1504 5899 nascitur.
1536 5841 1797 5910 Quocirca
1840 5855 1952 5898 non

2034 4649 2176 4706 enim
2209 4651 2263 4705 in
2284 4650 2574 4721 geometria
2625 4646 2927 4718 hujusmodi
2958 4662 3079 4703 esse
3092 4648 3418 4727 propositio.
3448 4648 3615 4705 Jube-

2036 4759 2157 4798 mur
2178 4744 2319 4798 enim
2352 4741 2629 4811 proposito
2673 4750 2900 4812 quatuor
2928 4740 3156 4796 laterum
3186 4740 3383 4810 spatio,
3414 4742 3619 4811 aequale

2036 4832 2356 4904 triangulum
2402 4833 2751 4902 constituere,
2800 4841 2855 4888 et
2892 4832 3115 4887 facimus
3156 4832 3257 4888 hoc
3296 4832 3478 4890 modo.
3538 4832 3620 4891 Sit

2037 4934 2269 4996 quatuor
2312 4924 2536 4980 laterum
2571 4924 2797 4994 spatium
2824 4941 2854 4977 a
2876 4923 2927 4989 ὁ,
2955 4933 3169 4994 oportet
3186 4939 3316 4994 ergo
3335 4941 3367 4978 a
3390 4924 3418 4978 ιι
3445 4925 3621 4993 spatio

2042 5016 2246 5087 mquale
2278 5017 2597 5087 triangu'um
2633 5016 2981 5082 constituere,
3010 5008 3068 5071 et
3102 5026 3159 5071 ut
3197 5017 3266 5071 sit
3293 5016 3509 5087 duplum
3534 5032 3567 5069 a
3594 5017 3623 5070 ὁ

2042 5111 2214 5179 spatio
2241 5125 2270 5163 ε
2296 5110 2330 5163 d
2367 5126 2395 5163 e
2427 5109 2456 5180 f
2482 5108 2733 5178 spatium.
2783 5108 3018 5183 Dugatur
3056 5109 3321 5179 angularia
3355 5124 3383 5161 ε
3423 5112 3467 5179 f.
3500 5107 3624 5163 dico

2041 5201 2291 5272 quoniam
2322 5219 2347 5254 c
2375 5200 2409 5254 ά
2438 5203 2466 5271 f
2488 5200 2805 5269 triangulum
2831 5201 3035 5270 mquale
3056 5210 3136 5255 est
3163 5217 3195 5253 a
3226 5199 3253 5253 b
3282 5200 3475 5269 spatio,
3496 5215 3625 5270 quo-

2042 5293 2186 5346 niam
2214 5309 2241 5345 c
2265 5292 2301 5345 ά
2321 5308 2349 5345 e
2371 5284 2645 5363 {spatium
2666 5291 2883 5362 duplum
2906 5300 2989 5349 est
3015 5308 3045 5345 a
3073 5284 3100 5345 li
3126 5290 3328 5362 spatio:
3352 5308 3384 5346 a
3409 5292 3438 5346 ὁ
3470 5294 3626 5364 igitur

2046 5400 2072 5438 c
2098 5385 2132 5438 ά
2159 5402 2185 5439 e
2214 5384 2418 5454 {spatii
2454 5384 2713 5441 medietas
2742 5394 2845 5449 est,
2880 5380 3150 5456 angularia
3178 5383 3319 5439 enim
3348 5388 3376 5456 f
3400 5402 3430 5439 ε
3459 5394 3624 5442 totum

2050 5495 2075 5531 ε
2105 5477 2138 5530 d
2169 5493 2196 5530 e
2225 5476 2497 5547 [spatium
2532 5474 2762 5532 medium
2791 5476 2996 5533 dividit.
3028 5476 3156 5543 Quae
3183 5484 3359 5531 autem
3390 5478 3628 5546 ejusdem

2054 5581 2178 5625 sunt
2208 5562 2403 5634 media,
2438 5569 2536 5624 sibi
2565 5562 2783 5638 alqunliu
2821 5579 2963 5634 sunt,
2992 5586 3018 5622 c
3049 5570 3082 5620 ά
3117 5566 3326 5639 [igitur
3366 5582 3418 5625 et
3462 5589 3488 5624 c
3535 5590 3561 5627 e
3613 5573 3629 5641 j

2055 5652 2374 5733 triangulum
2426 5680 2455 5714 a
2500 5662 2527 5714 ὁ
2570 5665 2742 5731 ε’ρςιιίο
2780 5660 2982 5730 :equnle
3026 5670 3127 5714 cst.
3163 5660 3437 5730 Proposito
3470 5665 3630 5737 igitur

2053 5748 2228 5825 spatio
2252 5762 2286 5808 α
2306 5752 2358 5822 b,
2390 5758 2601 5824 aequum
2633 5752 2948 5823 triangulum
2978 5752 3325 5811 constitutum
3356 5752 3438 5815 est
3472 5774 3499 5813 c
3529 5759 3564 5813 ά
3590 5762 3632 5828 Ῑ,

2053 5842 2197 5915 quod
2226 5846 2508 5913 Oportebat
2534 5840 2729 5899 facere.
2775 5840 2972 5897 Eodem
3004 5856 3216 5912 quoque
3253 5847 3412 5913 modo
3444 5847 3632 5912 utimi-
