4022 6328
1296 449 1365 508 lllj
1579 466 1602 497 τι

920 773 944 808 c
988 761 1071 826 nth
1297 775 1374 810 tm
1591 761 1676 826 liiij

1054 1073 1085 1120 υ
1301 1077 1367 1135 iiij

669 1191 699 1240 d
1289 1202 1367 1259 viij
1950 1219 1977 1254 ε

587 1261 689 1621 nul
791 1416 928 1479 .xvt
1269 1272 1648 1628 E//
1728 1422 1806 1458 κνι
1968 1274 2065 1634 lini

672 1628 694 1675 ι
1277 1637 1354 1697 viij
1465 1628 1975 1690 ”__—‘_’é

537 1754 643 1802 tum
666 1757 748 1803 est
768 1751 809 1803 si
839 1751 906 1805 sit
932 1753 1257 1821 propositum
1281 1756 1482 1811 circulo
1503 1774 1713 1829 aequum
1748 1762 1861 1816 lieri
1885 1760 2115 1831 quadra-

536 1849 661 1893 tum.
712 1841 1038 1907 Quadratum
1079 1859 1206 1914 ergo
1243 1857 1326 1902 est
1355 1850 1494 1918 quod
1526 1825 1820 1922 aequalibus
1857 1825 2193 1911 lateribus.B

535 1948 718 1989 oumcs
746 1945 970 2004 quatuor
992 1940 1214 2007 angulos
1244 1957 1424 2012 aequos
1449 1944 1631 2012 habet,
1666 1947 1718 2002 id
1733 1956 2029 2016 estrectos,
2060 1961 2114 2005 et

535 2024 837 2080 Aristotelis
875 2028 1087 2097 quidem
1121 2034 1448 2103 temporibus
1505 2054 1610 2094 non
1642 2039 1806 2096 fuisse
1839 2044 2110 2099 inventum

533 2118 757 2173 videtur.
786 2119 910 2176 Post
935 2139 1063 2179 vero
1085 2137 1357 2195 repertum
1375 2139 1479 2197 est,
1503 2132 1657 2202 cujus
1679 2135 1929 2204 quoniam
1955 2139 2110 2209 longa

531 2207 913 2266 demonstratio
941 2223 1042 2283 est,
1077 2220 1533 2286 praetermittenda
1554 2226 1846 2296 est.Atque
1882 2227 1981 2285 hoc
2006 2207 2106 2297 est,

529 2301 666 2370 quod
708 2303 798 2368 ait,
842 2305 984 2360 velut
1028 2308 1212 2364 circuli
1257 2312 1582 2381 quadratura
1614 2335 1626 2370 :
1661 2333 1783 2372 nam
1813 2320 1954 2376 sicut
2000 2337 2112 2376 ma-

530 2405 686 2448 nente
724 2395 1005 2465 quadrato,
1041 2399 1176 2457 linea
1222 2418 1318 2473 per
1348 2407 1623 2478 obliquum
1653 2411 1812 2466 ducta
1847 2414 2107 2484 triangula

528 2482 691 2553 ﬁgura
724 2485 1059 2555 producitur;
1096 2492 1164 2545 ita
1209 2493 1410 2550 circulo
1441 2513 1544 2553 non
1575 2509 1778 2556 mutato
1807 2491 2112 2574 circumpo-

527 2573 642 2630 sitis
671 2579 900 2648 angulis,
929 2581 1017 2651 qui
1049 2591 1102 2637 et
1132 2583 1296 2654 ipsius
1323 2587 1508 2643 circuli
1540 2589 1798 2648 lateribus
1833 2573 2111 2665 :equaliter

526 2673 845 2744 diriguntur,
880 2678 1121 2747 quadrati
1153 2681 1321 2757 lorma
1354 2687 1648 2758 consurgit,
1681 2689 1824 2759 quod
1870 2691 1888 2762 (
1914 2701 1971 2745 ut
2016 2707 2109 2763 po-

527 2764 748 2837 tuimus)
777 2769 1081 2839 conjectura
1111 2771 1467 2842 depinximus.
1498 2777 1629 2833 Cum
1657 2780 1798 2834 enim
1825 2781 1985 2836 alicui
2007 2785 2109 2838 cir-

523 2859 642 2915 culo
671 2876 876 2933 aaquum
904 2866 1219 2935 quadratum
1247 2871 1608 2936 constituitur,
1645 2873 1697 2928 in
1727 2875 2107 2944 quadraturam

522 2952 706 3008 circuli
752 2954 892 3010 illius
946 2973 1195 3013 mensura
1241 2961 1520 3032 redigitur.
1551 2963 1702 3020 Nunc
1735 2981 1862 3036 ergo
1900 2967 2002 3022 hoc
2027 2976 2108 3022 est

521 3047 662 3114 quod
684 3047 834 3116 dicit,
860 3057 916 3103 ut
940 3049 1124 3105 circuli
1151 3052 1492 3120 quadratura,
1522 3055 1574 3109 id
1594 3067 1676 3112 est
1699 3059 1836 3127 atqui
1861 3059 2105 3129 quadrati

521 3139 582 3194 ad
615 3143 868 3198 circulum
901 3145 1212 3199 constitutio
1253 3147 1298 3200 si
1340 3148 1455 3202 lieri
1498 3158 1694 3217 potest,
1737 3160 1790 3206 et
1829 3151 1873 3206 si
1909 3167 1995 3207 res
2025 3163 2106 3210 est

519 3247 637 3303 qua:
661 3234 782 3289 sciri
821 3236 1009 3304 possit,
1052 3238 1275 3293 scientia
1321 3237 1534 3309 quidem
1580 3241 1698 3311 ejus
1738 3243 1971 3299 nondmn
2021 3245 2103 3299 in-

519 3333 678 3380 venta
717 3335 820 3380 est.
863 3326 1107 3384 Nondum
1146 3331 1289 3386 enim
1333 3333 1616 3405 quisquam
1661 3337 1761 3391 sub
1814 3337 2101 3394 Aristotele

519 3430 730 3486 aequum
759 3417 1075 3488 quadratum
1109 3421 1312 3479 circulo
1352 3427 1722 3484 constituerat.
1755 3428 1907 3498 Quod
1936 3431 1980 3485 si
2019 3443 2102 3487 est
2163 3450 2165 3453 ·

517 3507 687 3580 aliqua
729 3509 844 3579 ejus
883 3511 1105 3569 scientia
1150 3531 1268 3586 quae
1309 3518 1545 3576 nondum
1579 3531 1790 3592 reperta
1821 3532 1925 3591 est,
1954 3535 2099 3583 certe

515 3603 663 3671 prius
688 3613 772 3660 est
809 3605 952 3676 quod
987 3608 1113 3664 sciri
1157 3612 1346 3680 possit,
1379 3623 1501 3683 post
1531 3631 1659 3671 vero
1688 3617 1929 3672 scientia.
1966 3618 2095 3675 Nam
2162 3619 2166 3624 ’

515 3712 636 3756 clm
667 3707 845 3767 posset
885 3701 1174 3758 Aristotele
1204 3705 1326 3760 vivo
1353 3706 1478 3762 sciri
1525 3707 1708 3764 circuli
1750 3712 2094 3780 quadratura,

515 3789 657 3843 nulla
695 3797 872 3846 tamen
923 3793 1096 3849 adhuc
1140 3796 1256 3865 cjus
1302 3799 1523 3854 scientia
1554 3813 1763 3872 reperta
1802 3815 1905 3871 εει,
1939 3815 2098 3874 atque

515 3877 636 3935 ideo
667 3882 812 3951 prius
832 3893 948 3940 erat
967 3886 1110 3956 quod
1140 3888 1263 3943 sciri
1295 3899 1496 3959 posset,
1522 3908 1678 3962 quam
1704 3894 1870 3963 ipsius
1898 3897 1973 3951 rei
1993 3897 2094 3952 ulla

515 3970 720 4028 notitia.

582 4075 835 4147 Amplius,
877 4080 1088 4134 aliimali
1129 4083 1332 4151 quidem
1368 4084 1587 4152 sublato,
1613 4103 1713 4140 non
1750 4100 1822 4143 est
1859 4090 2088 4157 scientia,

514 4165 763 4220 scibilium
792 4184 907 4224 vero
933 4171 1159 4241 plurima
1183 4189 1288 4227 esse
1317 4177 1583 4247 contingit.

587 4269 746 4324 Addit
769 4271 910 4326 aliud
937 4273 1160 4329 validius
1176 4287 1568 4347 argumentum,
1595 4281 1739 4352 prius
1762 4299 1882 4340 esse
1907 4284 2091 4341 scibile

511 4361 752 4418 scientia.
785 4363 914 4420 Illud
947 4366 1088 4420 enim
1118 4376 1298 4422 notum
1331 4380 1413 4424 est
1442 4371 1484 4426 si
1518 4387 1549 4441 p
1571 4391 1609 4426 -r
1638 4374 1894 4429 desidiam
1927 4377 2091 4433 disci-

512 4453 654 4524 plina
683 4453 956 4526 depereat,
988 4458 1206 4514 interire
1222 4460 1432 4531 quidem
1457 4465 1756 4533 scientiam,
1783 4469 1876 4523 sed
1907 4469 2091 4525 scibile

510 4560 840 4615 permanere.
861 4549 1058 4606 Scibile
1079 4563 1256 4608 autem
1280 4554 1399 4610 dico
1420 4557 1558 4627 quod
1585 4560 1706 4614 sciri
1732 4561 1916 4630 possit.

509 4638 553 4694 si
581 4641 799 4695 omnino
824 4642 1017 4700 animal
1046 4659 1150 4700 non
1180 4645 1269 4714 sit,
1303 4662 1421 4702 cum
1453 4652 1571 4720 quis
1600 4651 1739 4708 scire
1772 4655 1937 4723 possit
1966 4669 2081 4709 om-

508 4729 636 4785 nino
669 4746 773 4786 non
804 4732 984 4796 fuerit;
1011 4737 1232 4791 scientia
1263 4739 1475 4808 quidem
1508 4742 1619 4812 ipsa
1654 4744 1890 4801 funditus
1918 4748 2081 4802 inter-

507 4820 602 4875 lbit
635 4839 646 4874 :
683 4822 813 4878 nihil
843 4837 1020 4882 tamen
1054 4827 1299 4896 prohibet
1322 4846 1442 4888 esse
1480 4850 1540 4889 ea
1571 4852 1689 4906 qua:
1736 4849 2083 4907 permanente

507 4915 720 4970 animali
766 4919 934 4988 possit
979 4919 1296 4992 inquirentis
1336 4928 1547 4984 animus
1592 4933 1832 4988 scientia:
1877 4933 2084 4990 ratione

505 5009 810 5078 complecti.

577 5118 824 5177 Similiter
850 5121 928 5178 Itis
954 5141 1062 5179 sese
1088 5124 1274 5184 habent
1317 5140 1363 5185 et
1403 5148 1462 5187 ea
1501 5151 1614 5203 qua:
1652 5135 1715 5189 de
1751 5155 1898 5193 sensu
1943 5151 2083 5209 sunt,

577 5213 684 5243 υἷι-
725 5217 850 5243 με...
897 5221 1038 5243 μμι-.-
1084 5237 1227 5243 ..-__.__
1267 5240 1324 5243 __,
1363 5242 1366 5243 ,
1469 5242 1476 5243 ,
1503 5227 1549 5243 -ι
1590 5237 1598 5243 .
1872 5231 1904 5243 η
1954 5233 1995 5243 ..

2359 5118 2388 5119 η
2414 5118 2422 5119 ,
2449 5118 2480 5134 ν,
2692 5118 2850 5125 ---π
2881 5118 3038 5143 -.νη
3072 5118 3132 5131 ..-
3167 5118 3286 5136 ......,
3322 5118 3524 5148 νων...
3569 5118 3776 5150 γυνη..

2203 5168 2321 5210 sunt
2351 5157 2432 5213 ha:
2463 5174 2549 5214 res
2577 5177 2696 5229 quae
2735 5177 3064 5234 componunt
3092 5170 3289 5240 aliquid
3324 5171 3436 5243 ipsa
3477 5173 3776 5232 substantia

2140 5298 2142 5300 ,
2189 5261 2344 5316 quam
2373 5263 2719 5320 compOnunt.
2756 5255 2993 5326 Namque
3021 5275 3142 5314 cum
3180 5277 3374 5332 corpus
3411 5264 3661 5321 animalis
3708 5266 3776 5324 sit

505 5213 684 5268 sensile
719 5217 853 5270 enim
895 5221 1038 5288 prius
1076 5237 1231 5291 quant
1259 5240 1434 5280 sensus
1465 5227 1665 5281 videtur
1693 5246 1815 5284 esse.
1865 5231 2083 5288 Sublato

503 5306 636 5360 enim
661 5309 830 5364 sensili
858 5310 1012 5368 simul
1059 5318 1290 5388 aufertur
1317 5336 1493 5374 sensus
1517 5337 1536 5375 :
1553 5338 1728 5376 sensus
1755 5341 1869 5380 vero
1899 5330 2087 5382 sensile

503 5411 605 5456 non
631 5401 786 5456 simul
813 5405 1210 5475 aufert.Sensus
1238 5412 1372 5465 enim
1399 5414 1535 5466 circa
1571 5431 1751 5483 corpus
1784 5428 1829 5470 et
1876 5419 1925 5471 in
1945 5420 2082 5488 [cor-

505 5509 624 5562 pore
647 5506 782 5563 sunt,
809 5498 1032 5555 sensibili
1059 5515 1228 5556 autem
1258 5516 1538 5575 perempto,
1565 5520 1880 5578 peremptum
1927 5522 1996 5566 est
2037 5523 2081 5566 et

504 5598 704 5658 corpus,
731 5594 913 5646 sensile
951 5594 1083 5648 enim
1122 5605 1191 5648 est
1239 5604 1284 5648 et
1323 5611 1552 5666 corpus;
1589 5613 1703 5652 cum
1740 5617 1856 5654 vero
1900 5619 2081 5672 corpus

504 5693 608 5732 non
628 5683 709 5749 sit,
742 5683 972 5739 sublatus
994 5697 1074 5740 est
1097 5697 1144 5741 et
1171 5702 1366 5743 sensus.
1400 5691 1572 5757 Quare
1594 5693 1750 5749 simul
1779 5701 1947 5769 aufert
1968 5716 2083 5755 sen-

505 5771 598 5826 sile
627 5790 845 5842 sensum,
894 5765 1088 5834 sensus.
1115 5801 1226 5836 vero
1267 5786 1448 5841 sensile
1508 5806 1606 5843 non
1651 5793 1805 5847 tolld.
1857 5795 2080 5853 Animali

501 5864 638 5917 enim
660 5882 935 5937 perempto,
964 5887 1136 5930 sensus
1165 5878 1366 5946 quidem
1411 5897 1692 5955 perminuas
1722 5899 1809 5955 est,
1849 5895 2080 5950 sensibile

1772 345 1878 401 AN.
1922 345 2124 402 MANL.
2170 346 2320 404 SEV.
2362 349 2586 407 BOETII

3710 363 3810 421 252

2146 464 2196 523 Α
2227 473 2398 517 autem
2419 482 2540 531 non,
2571 477 2642 520 est
2668 475 2836 520 autem
2858 467 3063 538 sensile,
3089 478 3143 523 ut
3159 485 3343 541 corpus
3365 473 3610 544 calidum,
3637 475 3804 548 dulce,

2227 572 2457 611 aurarum
2477 566 2524 610 et
2546 557 2653 611 alia
2679 561 2849 612 omnia
2875 577 3185 632 quaecunque
3212 564 3419 620 sensilia
3441 577 3574 622 sunt.

2297 660 2349 714 Id
2381 676 2613 731 namque
2645 666 2890 734 proponit
2929 669 3177 725 sensibus
3217 672 3464 728 inveniri.
3495 675 3633 732 Dicit
3661 678 3801 735 enim

2223 766 2382 806 sensu
2413 755 2560 823 prius
2599 771 2719 814 esse
2759 761 3034 826 sensibile,
3066 766 3207 834 quod
3247 770 3518 824 communi
3565 774 3801 841 priorum

2222 842 2540 902 dilﬁnitione
2567 849 2843 918 probabile
2864 869 2984 909 esse
3007 858 3302 915 conStituit.
3328 861 3536 918 Dictum
3553 874 3800 922 estnam-

2222 952 2326 1005 que
2370 938 2457 992 illa
2495 955 2616 997 esse
2660 945 2833 1013 priora
2871 962 2988 1016 qua:
3023 948 3180 1004 simul
3218 951 3430 1022 quidem
3486 956 3801 1028 interempta

2224 1029 2571 1100 perimerent,
2605 1050 2710 1091 non
2756 1049 2932 1094 autem
2973 1043 3130 1098 sin:ul
3160 1045 3278 1101 aliis
3320 1048 3653 1122 interemptis
3692 1053 3800 1120 ipsa

2223 1123 2490 1193 deperire,
2508 1137 2566 1184 ut
2581 1129 2764 1186 orbem
2788 1133 2914 1188 solis
2938 1136 3086 1204 prius
3102 1137 3326 1196 dicimus
3344 1145 3564 1214 proprio
3579 1145 3798 1213 lumine,

2224 1218 2432 1274 sublan
2460 1222 2600 1277 enim
2633 1224 2785 1294 orbe,
2819 1227 2994 1284 lumen
3035 1231 3163 1287 illud
3192 1235 3332 1305 quod
3362 1237 3429 1292 ab
3455 1253 3518 1294 eo
3547 1251 3626 1296 est
3657 1243 3796 1312 peni~

2222 1319 2306 1365 tus
2333 1328 2436 1367 non
2466 1318 2723 1383 manebit;
2747 1319 3173 1379 sublatolumine
3201 1327 3353 1397 solis,
3377 1330 3521 1385 orbis
3545 1334 3794 1390 manebit.

2223 1403 2296 1458 Ita
2325 1420 2536 1476 quoque
2565 1425 2706 1465 nunc
2736 1413 2786 1466 in
2814 1415 3178 1485 sensibilibus,
3211 1427 3371 1491 atque
3411 1423 3463 1478 in
3498 1424 3613 1494 ipso
3641 1441 3796 1482 sensu

2222 1511 2340 1550 esse
2381 1500 2679 1569 proposuit,
2721 1504 2932 1561 sublato
2962 1508 3104 1577 quod
3145 1511 3329 1566 sentiri
3379 1514 3568 1582 possit,
3614 1533 3800 1574 sensus

2224 1588 2439 1642 omnino
2468 1590 2710 1648 sublatus
2728 1604 2828 1650 est.
2857 1597 3038 1668 Neque
3060 1601 3202 1656 enim
3225 1617 3346 1659 esse
3369 1607 3565 1672 poterit
3584 1623 3797 1678 sensus,

2218 1694 2338 1734 cum
2364 1682 2508 1751 quod
2536 1685 2706 1754 possit
2734 1690 2934 1745 sentire
2962 1706 3065 1747 non
3098 1693 3318 1751 invenit.
3349 1696 3503 1764 Quod
3533 1700 3578 1754 si
3606 1715 3795 1759 sensus

2219 1778 2438 1830 omnino
2467 1775 2742 1848 depereat,
2778 1781 3032 1840 sensibile
3062 1787 3434 1854 permanebit;
3468 1799 3520 1846 et
3559 1791 3663 1848 hoc
3691 1794 3796 1850 evi»

2223 1868 2472 1927 dentibus
2499 1874 2675 1929 lirmat
2710 1878 2992 1948 exemplis.
3021 1881 3151 1936 Nam
3198 1899 3319 1939 cum
3352 1901 3412 1940 ea
3445 1903 3564 1958 qua:
3587 1900 3711 1945 sunt
3749 1891 3796 1949 in

2217 1962 2402 2032 rebus,
2447 1965 2530 2020 vel
2588 1966 2902 2038 incorporea
2953 1970 3080 2037 sint,
3121 1975 3204 2029 vel
3251 1985 3397 2033 certe
3434 1993 3718 2049 corporea,
3749 1992 3795 2039 et

2216 2057 2473 2128 quidquid
2504 2059 2569 2114 ad
2601 2063 2844 2133 corporis
2887 2068 3162 2123 materiam
3214 2071 3402 2128 referri
3437 2081 3645 2144 potest,
3699 2078 3796 2135 hoc

2217 2163 2470 2205 sensuum
2499 2155 2741 2210 varietati
2768 2158 3062 2228 subjaceat,
3095 2162 3349 2234 quidquid
3395 2166 3458 2220 ad
3489 2167 3795 2240 incorpora-

2215 2238 2279 2295 lia
2313 2243 2613 2302 intellectus
2644 2249 2848 2306 ratione
2870 2261 2923 2307 et
2945 2255 3310 2322 speculatione
3360 2268 3621 2317 teneatur.
3668 2265 3795 2322 Cum

2214 2331 2280 2386 sit
2304 2348 2495 2390 sensus
2524 2340 2697 2394 onmis
2738 2341 2788 2394 in
2820 2357 3068 2413 corpore,
3099 2347 3142 2401 si
3181 2363 3373 2418 corpus
3403 2351 3651 2421 intereat,
3678 2371 3794 2412 cum

2214 2425 2429 2480 omnino
2451 2441 2646 2498 corpus
2669 2445 2773 2486 non
2798 2434 2889 2501 sit,
2915 2436 3163 2505 quoniam
3185 2455 3304 2510 quae
3333 2453 3458 2498 sunt
3479 2446 3792 2520 incorporea

2211 2516 2396 2570 sentiri
2428 2533 2536 2573 non
2560 2531 2804 2590 possunt,
2838 2534 2892 2579 et
2918 2542 3036 2596 quae
3064 2529 3251 2586 sentiri
3277 2543 3519 2602 poterant
3546 2516 3793 2597 interem-

2212 2617 2298 2676 pta
2322 2619 2466 2679 sunt,
2501 2613 2719 2668 omnino
2741 2629 2929 2671 sensus
2958 2622 3239 2677 evertitur.
3270 2625 3374 2681 Sed
3407 2629 3451 2683 si
3489 2643 3680 2688 sensus
3703 2648 3793 2690 au-

2210 2699 2432 2773 feratur,
2465 2709 2736 2766 sensibilis
2773 2717 3160 2782 permanebunt
3192 2738 3203 2772 :
3237 2730 3291 2776 et
3322 2728 3573 2792 quoniam
3605 2744 3791 2788 sensus

2210 2797 2516 2855 animalium
2550 2803 2824 2861 cll'ectivus
2856 2818 2954 2872 εει,
2983 2825 3130 2880 aequa
3167 2813 3250 2869 est
3288 2824 3635 2891 utrorumque
3670 2840 3791 2894 per-

2211 2890 2372 2958 ditio;
2404 2894 2518 2950 sive
2539 2897 2680 2951 enim
2705 2901 2983 2958 sustuleris
2997 2905 3215 2975 animal,
3237 2923 3425 2965 sensus
3451 2915 3662 2983 peribit,
3683 2917 3790 2976 sive

2211 2998 2398 3039 sensus
2427 2998 2756 3057 evertantur,
2785 2995 3036 3052 animalia
3060 3014 3268 3069 quoque
3292 3004 3497 3060 sublata
3518 3017 3663 3062 sunt.
3688 3009 3789 3068 Sed

2209 3079 2408 3134 eversis
2438 3089 2595 3151 atque
2644 3085 2977 3157 interemptis
3019 3095 3342 3152 animalibus
3387 3114 3510 3156 cum
3562 3105 3788 3175 prOpriis

2207 3171 2475 3238 sensibus,
2508 3189 2821 3244 permanent
2837 3196 3060 3253 corpora
3077 3203 3196 3258 quas
3217 3190 3393 3246 anima
3415 3209 3520 3248 non
3550 3197 3787 3265 utuntur,

2205 3263 2344 3330 quod
2375 3265 2422 3319 si
2462 3266 2684 3324 sublatis
2723 3273 3042 3331 animalibus
3081 3280 3433 3353 sensibusque
3472 3263 3785 3357 deperditis,

2202 3371 2425 3426 corpora
2450 3359 2736 3418 inanimata
2769 3367 3088 3438 subsistunt,
3117 3388 3237 3426 eum
3273 3389 3495 3445 corpora
3539 3379 3649 3435 sint
3669 3397 3787 3452 quas

2203 3452 2391 3506 sentiri
2423 3466 2677 3525 possunt,
2713 3460 2962 3516 animalia
2993 3479 3112 3534 qua:
3136 3468 3338 3523 sentire
3379 3471 3589 3528 valeant
3624 3473 3670 3530 si
3707 3476 3784 3532 in-

2202 3553 2464 3616 terempta
2494 3549 2622 3618 sint,
2654 3565 2902 3611 manente
2931 3558 3167 3613 sensibili
3209 3575 3401 3618 sensus
3437 3579 3659 3622 eversus
3686 3579 3781 3624 est.

2200 3638 2314 3696 Non
2368 3641 2528 3713 igitur
2553 3645 2691 3700 sicut
2717 3649 2984 3706 sensibilis
3015 3654 3355 3726 interemptio
3383 3659 3572 3714 sensus
3602 3662 3784 3720 interi.

2200 3736 2312 3802 mit,
2344 3738 2421 3793 sic
2444 3754 2694 3797 sensuum
2720 3746 3074 3813 perditionem
3121 3753 3412 3808 csstinctio
3444 3755 3780 3813 sensibilium

2199 3832 2499 3889 comitatur.
2529 3833 2584 3889 ld
2616 3852 2742 3891 vero
2765 3838 2926 3892 etiam
2957 3839 3056 3895 hoc
3099 3844 3408 3912 probabitur
3442 3859 3780 3918 argumento,

2199 3932 2320 3978 ante
2346 3926 2488 3979 enim
2514 3943 2671 3996 quam
2703 3938 2821 3986 aetu
2853 3932 2967 4000 ipso
2993 3934 3191 4004 aliquid
3240 3939 3556 4007 sentiamus,
3591 3957 3781 4001 sensus

2199 4030 2302 4070 non
2332 4027 2433 4072 est.
2457 4017 2587 4073 Nam
2649 4021 2956 4094 priusquam
2989 4025 3142 4081 dulce
3181 4028 3384 4097 aliquid
3412 4031 3782 4102 degustemus,

2195 4112 2424 4179 gustatio
2453 4112 2564 4182 ipsa
2589 4113 2883 4171 dulcedinis
2917 4133 3020 4173 non
3045 4128 3157 4185 est;
3183 4122 3324 4190 quod
3369 4133 3544 4180 autem
3575 4129 3780 4197 gnstari

2199 4203 2382 4272 possit,
2409 4205 2458 4260 id
2477 4215 2578 4273 est,
2614 4211 2740 4278 mel,
2765 4212 2846 4265 vel
2881 4213 3154 4282 quodlibet
3171 4216 3312 4270 aliud
3329 4221 3559 4288 propria:
3575 4233 3781 4281 natura:

2196 4297 2401 4353 ratione
2447 4303 2710 4356 consistit.
2759 4302 3020 4368 Quocirca
3067 4307 3212 4376 prius
3252 4322 3370 4363 esse
3409 4311 3550 4380 quod
3590 4316 3779 4371 sentiri

2198 4393 2380 4472 possit,
2412 4405 2530 4464 post
2561 4411 2686 4451 vero
2711 4412 2901 4452 sensus
2935 4399 3222 4456 Aristotele
3257 4412 3474 4460 auctore
3516 4406 3778 4465 ﬁrmatur.

2268 4497 2500 4567 Amplius
2529 4515 2705 4553 sensus
2732 4501 2933 4569 quidem
2955 4502 3108 4555 simul
3139 4520 3252 4556 cum
3285 4517 3485 4562 sensalo
3512 4509 3593 4577 ﬁt,
3625 4513 3780 4567 simul

1936 4562 2086 4630 Q‘wd
2114 4598 2165 4660 ι)
2191 4588 2323 4642 enim
2364 4562 2423 4642 iet
2472 4592 2666 4645 animal
2699 4593 2756 4661 ﬁt
2797 4603 2842 4646 et
2884 4611 3082 4648 sensus.
3119 4596 3319 4652 Sensile
3358 4609 3526 4655 anlem
3556 4616 3674 4658 ante
3707 4615 3778 4660 est

2190 4697 2342 4748 quam
2378 4699 2552 4736 sensus
2584 4694 2728 4738 esset.
2764 4684 2907 4757 Ignis
2932 4689 3064 4740 enim
3103 4699 3152 4741 et
3197 4706 3329 4759 aqua
3367 4703 3414 4746 et
3453 4695 3555 4747 alia
3593 4699 3773 4766 hujus.

2192 4777 2351 4843 modi,
2382 4794 2441 4831 ex
2464 4779 2645 4844 quibus
2674 4781 2840 4851 ipsum
2869 4783 3064 4835 animal
3095 4792 3315 4853 ronslat,
3345 4797 3602 4844 antesunt
3625 4809 3777 4860 quam

2147 4927 2152 4930 _
2187 4869 2377 4920 animal
2402 4870 2464 4921 sil
2489 4872 2716 4940 omnino,
2745 4875 2820 4927 vel
2845 4891 3042 4929 sensus.
3072 4875 3243 4940 Quare
3257 4879 3399 4947 prius
3421 4884 3604 4937 sensile
3621 4902 3776 4955 quam

2145 5011 2149 5016 ,
2185 4976 2359 5015 sensus
2390 4979 2495 5015 esse
2517 4964 2728 5021 videtur.

2258 5063 2313 5116 ln
2342 5067 2653 5134 compositis
2692 5070 2851 5125 rebus
2881 5083 3039 5143 atque
3071 5091 3134 5131 ex
3167 5077 3286 5136 aliis
3322 5078 3524 5148 junctis
3569 5081 3777 5150 priores

2190 5353 2255 5393 ex
2279 5339 2420 5409 igne,
2450 5358 2594 5409 aere,
2627 5361 2758 5415 aqua
2790 5359 2842 5403 et
2868 5359 3029 5419 terra,
3062 5354 3237 5423 priora
3261 5356 3376 5412 haec
3398 5373 3517 5414 esse
3548 5375 3774 5417 necesse

2190 5443 2269 5488 est
2297 5450 2453 5504 quam
2492 5438 2664 5507 ipsum
2697 5442 2767 5495 sit
2808 5444 3006 5500 animal
3056 5448 3197 5518 quod
3231 5449 3318 5506 illa
3346 5453 3612 5508 elementa
3644 5468 3773 5510 con~

2181 5526 2429 5596 jungunt.
2461 5530 2570 5586 Hoc
2598 5549 2806 5605 quoque
2834 5537 2994 5593 etiam
3033 5541 3086 5595 in
3133 5543 3252 5598 aliis
3291 5554 3452 5614 patet,
3485 5561 3606 5601 nam
3647 5564 3769 5603 cum

2184 5620 2254 5674 sit
2280 5620 2412 5676 liber
2437 5637 2504 5678 ex
2527 5627 2791 5696 versibus,
2825 5629 2971 5700 prior
2991 5642 3073 5688 est
3097 5650 3342 5692 versuum
3372 5647 3558 5694 natura
3605 5654 3768 5709 quam

2129 5760 2134 5763 _
2187 5713 2327 5768 libri.
2358 5715 2596 5786 Cumque
2639 5737 2826 5778 versus
2865 5734 3073 5782 constet
3105 5728 3283 5785 verbis
3329 5739 3491 5800 atque
3532 5731 3765 5788 nomini-

2127 5849 2132 5864 .
2185 5807 2303 5875 bus,
2335 5822 2384 5865 et
2417 5815 2626 5870 centeris
2655 5830 2784 5884 quas
2816 5820 3145 5888 grammatici
3180 5833 3354 5891 partes
3379 5825 3638 5881 orationis
3666 5841 3763 5880 vo-

2184 5909 2326 5967 cant,
2355 5901 2464 5958 haec
2493 5918 2553 5958 ex
2589 5906 2777 5973 quibus
2819 5909 2929 5979 ipse
2957 5927 3139 5968 versus
3173 5925 3377 5971 constat
3420 5931 3574 5973 versu
3643 5918 3760 5988 ipso
