  <div class='ocr_page' id='page_1' title='image "/cluster/home/n/w/nwhite01/storage/ocr_20150623/64/hvd.32044024222309/124.png"; bbox 0 0 4030 6336; ppageno 0'>
   <div class='ocr_carea' id='block_1_1' title="bbox 213 291 326 350">
    <p class='ocr_par' dir='ltr' id='par_1_1' title="bbox 213 291 326 350">
     <span class='ocr_line' id='line_1_1' title="bbox 213 291 326 350; baseline 0.035 -3"><span class='ocrx_word' id='word_1_1' title='bbox 213 291 326 350; x_wconf 74' lang='grc'><strong>235</strong></span> 
     </span>
    </p>
   </div>
   <div class='ocr_carea' id='block_1_2' title="bbox 1164 262 2457 351">
    <p class='ocr_par' dir='ltr' id='par_1_2' title="bbox 1164 262 2457 351">
     <span class='ocr_line' id='line_1_2' title="bbox 1164 262 2457 351; baseline 0.001 -3"><span class='ocrx_word' id='word_1_2' title='bbox 1164 294 1229 351; x_wconf 80' lang='lat' dir='ltr'><strong>lN</strong></span> <span class='ocrx_word' id='word_1_3' title='bbox 1266 291 1698 351; x_wconf 77' lang='lat' dir='ltr'><strong>CATEGOBlAS</strong></span> <span class='ocrx_word' id='word_1_4' title='bbox 1735 262 2184 350; x_wconf 73' lang='lat' dir='ltr'><strong>ARISTOTELIS</strong></span> <span class='ocrx_word' id='word_1_5' title='bbox 2223 290 2352 349; x_wconf 81' lang='lat' dir='ltr'><strong>un.</strong></span> <span class='ocrx_word' id='word_1_6' title='bbox 2392 291 2457 349; x_wconf 81' lang='grc' dir='ltr'>ιι.</span> 
     </span>
    </p>
   </div>
   <div class='ocr_carea' id='block_1_3' title="bbox 3364 289 3471 346">
    <p class='ocr_par' dir='ltr' id='par_1_3' title="bbox 3364 289 3471 346">
     <span class='ocr_line' id='line_1_3' title="bbox 3364 289 3471 346; baseline -0.009 0"><span class='ocrx_word' id='word_1_7' title='bbox 3364 289 3471 346; x_wconf 68' lang='grc'><strong>254</strong></span> 
     </span>
    </p>
   </div>
   <div class='ocr_carea' id='block_1_4' title="bbox 194 402 3473 482">
    <p class='ocr_par' dir='ltr' id='par_1_4' title="bbox 194 402 3473 482">
     <span class='ocr_line' id='line_1_4' title="bbox 194 402 3473 482; baseline -0.001 -19"><span class='ocrx_word' id='word_1_8' title='bbox 194 408 378 477; x_wconf 87' lang='lat' dir='ltr'><strong>priora</strong></span> <span class='ocrx_word' id='word_1_9' title='bbox 402 422 524 465; x_wconf 72' lang='lat' dir='ltr'><strong>esse</strong></span> <span class='ocrx_word' id='word_1_10' title='bbox 539 421 760 465; x_wconf 85' lang='lat' dir='ltr'><strong>necesse</strong></span> <span class='ocrx_word' id='word_1_11' title='bbox 785 416 888 465; x_wconf 91' lang='lat' dir='ltr'><strong>est.</strong></span> <span class='ocrx_word' id='word_1_12' title='bbox 917 407 1176 476; x_wconf 79' lang='lat' dir='ltr'><strong>Quocirca</strong></span> <span class='ocrx_word' id='word_1_13' title='bbox 1200 422 1391 465; x_wconf 77' lang='lat' dir='ltr'><strong>sensus</strong></span> <span class='ocrx_word' id='word_1_14' title='bbox 1415 423 1626 479; x_wconf 87' lang='lat' dir='ltr'><strong>quoque</strong></span> <span class='ocrx_word' id='word_1_15' title='bbox 1648 406 1778 480; x_wconf 85' lang='lat' dir='ltr'><strong>ipsis</strong></span> <span class='ocrx_word' id='word_1_16' title='bbox 1804 407 1855 469; x_wconf 79' lang='grc' dir='ltr'>Α</span> <span class='ocrx_word' id='word_1_17' title='bbox 1875 404 1966 476; x_wconf 84' lang='lat' dir='ltr'><strong>jus</strong></span> <span class='ocrx_word' id='word_1_18' title='bbox 2000 420 2207 482; x_wconf 79' lang='lat' dir='ltr'><strong>manus,</strong></span> <span class='ocrx_word' id='word_1_19' title='bbox 2239 413 2287 460; x_wconf 79' lang='lat' dir='ltr'><strong>ct</strong></span> <span class='ocrx_word' id='word_1_20' title='bbox 2324 404 2580 476; x_wconf 75' lang='lat' dir='ltr'><strong>quoddam</strong></span> <span class='ocrx_word' id='word_1_21' title='bbox 2622 410 2802 473; x_wconf 85' lang='lat' dir='ltr'><strong>caput,</strong></span> <span class='ocrx_word' id='word_1_22' title='bbox 2851 418 2953 459; x_wconf 84' lang='lat' dir='ltr'><strong>non</strong></span> <span class='ocrx_word' id='word_1_23' title='bbox 3009 402 3200 459; x_wconf 83' lang='lat' dir='ltr'><strong>dicitur</strong></span> <span class='ocrx_word' id='word_1_24' title='bbox 3247 402 3473 478; x_wconf 82' lang='lat' dir='ltr'><strong>alicujus</strong></span> 
     </span>
    </p>
   </div>
   <div class='ocr_carea' id='block_1_5' title="bbox 192 500 1780 577">
    <p class='ocr_par' dir='ltr' id='par_1_5' title="bbox 192 500 1780 577">
     <span class='ocr_line' id='line_1_5' title="bbox 192 500 1780 577; baseline -0.003 -18"><span class='ocrx_word' id='word_1_25' title='bbox 192 500 306 574; x_wconf 67' lang='lat' dir='ltr'><strong>jam</strong></span> <span class='ocrx_word' id='word_1_26' title='bbox 325 502 640 577; x_wconf 74' lang='lat' dir='ltr'><strong>compositis</strong></span> <span class='ocrx_word' id='word_1_27' title='bbox 661 503 981 559; x_wconf 85' lang='lat' dir='ltr'><strong>animalibus</strong></span> <span class='ocrx_word' id='word_1_28' title='bbox 1007 502 1335 572; x_wconf 76' lang='lat' dir='ltr'><strong>supervenit.</strong></span> <span class='ocrx_word' id='word_1_29' title='bbox 1359 501 1491 557; x_wconf 80' lang='lat' dir='ltr'><strong>Nam</strong></span> <span class='ocrx_word' id='word_1_30' title='bbox 1512 515 1635 557; x_wconf 90' lang='lat' dir='ltr'><strong>cum</strong></span> <span class='ocrx_word' id='word_1_31' title='bbox 1663 500 1780 556; x_wconf 76' lang='lat' dir='ltr'><strong>ani-</strong></span> 
     </span>
    </p>
   </div>
   <div class='ocr_carea' id='block_1_6' title="bbox 196 593 1782 666">
    <p class='ocr_par' dir='ltr' id='par_1_6' title="bbox 196 593 1782 666">
     <span class='ocr_line' id='line_1_6' title="bbox 196 593 1782 666; baseline -0.003 -14"><span class='ocrx_word' id='word_1_32' title='bbox 196 596 309 652; x_wconf 90' lang='lat' dir='ltr'><strong>mal</strong></span> <span class='ocrx_word' id='word_1_33' title='bbox 347 604 558 652; x_wconf 89' lang='lat' dir='ltr'><strong>constet</strong></span> <span class='ocrx_word' id='word_1_34' title='bbox 596 611 664 652; x_wconf 80' lang='lat' dir='ltr'><strong>ex</strong></span> <span class='ocrx_word' id='word_1_35' title='bbox 702 604 931 666; x_wconf 82' lang='lat' dir='ltr'><strong>quatuor</strong></span> <span class='ocrx_word' id='word_1_36' title='bbox 971 593 1272 661; x_wconf 85' lang='lat' dir='ltr'><strong>elementis,</strong></span> <span class='ocrx_word' id='word_1_37' title='bbox 1317 603 1373 649; x_wconf 83' lang='lat' dir='ltr'><strong>et</strong></span> <span class='ocrx_word' id='word_1_38' title='bbox 1411 607 1531 649; x_wconf 90' lang='lat' dir='ltr'><strong>cum</strong></span> <span class='ocrx_word' id='word_1_39' title='bbox 1586 603 1782 649; x_wconf 85' lang='lat' dir='ltr'><strong>sensus</strong></span> 
     </span>
    </p>
   </div>
   <div class='ocr_carea' id='block_1_7' title="bbox 194 683 1781 761">
    <p class='ocr_par' dir='ltr' id='par_1_7' title="bbox 194 683 1781 761">
     <span class='ocr_line' id='line_1_7' title="bbox 194 683 1781 761; baseline -0.004 -15"><span class='ocrx_word' id='word_1_40' title='bbox 194 703 412 761; x_wconf 81' lang='lat' dir='ltr'><strong>semper</strong></span> <span class='ocrx_word' id='word_1_41' title='bbox 462 699 709 745; x_wconf 91' lang='lat' dir='ltr'><strong>naturam</strong></span> <span class='ocrx_word' id='word_1_42' title='bbox 760 687 1071 744; x_wconf 84' lang='lat' dir='ltr'><strong>animalium</strong></span> <span class='ocrx_word' id='word_1_43' title='bbox 1116 686 1420 752; x_wconf 86' lang='lat' dir='ltr'><strong>comitetur,</strong></span> <span class='ocrx_word' id='word_1_44' title='bbox 1477 698 1598 741; x_wconf 93' lang='lat' dir='ltr'><strong>cum</strong></span> <span class='ocrx_word' id='word_1_45' title='bbox 1649 683 1781 755; x_wconf 82' lang='lat' dir='ltr'><strong>ipsis</strong></span> 
     </span>
    </p>
   </div>
   <div class='ocr_carea' id='block_1_8' title="bbox 195 775 1781 846">
    <p class='ocr_par' dir='ltr' id='par_1_8' title="bbox 195 775 1781 846">
     <span class='ocr_line' id='line_1_8' title="bbox 195 775 1781 846; baseline -0.004 -9"><span class='ocrx_word' id='word_1_46' title='bbox 195 781 515 837; x_wconf 83' lang='lat' dir='ltr'><strong>animalibus</strong></span> <span class='ocrx_word' id='word_1_47' title='bbox 539 795 730 837; x_wconf 89' lang='lat' dir='ltr'><strong>sensus</strong></span> <span class='ocrx_word' id='word_1_48' title='bbox 760 781 876 837; x_wconf 80' lang='lat' dir='ltr'><strong>ﬁeri</strong></span> <span class='ocrx_word' id='word_1_49' title='bbox 905 790 960 837; x_wconf 90' lang='lat' dir='ltr'><strong>et</strong></span> <span class='ocrx_word' id='word_1_50' title='bbox 986 781 1136 836; x_wconf 87' lang='lat' dir='ltr'><strong>nasci</strong></span> <span class='ocrx_word' id='word_1_51' title='bbox 1162 793 1387 835; x_wconf 85' lang='lat' dir='ltr'><strong>necesse</strong></span> <span class='ocrx_word' id='word_1_52' title='bbox 1414 785 1517 834; x_wconf 90' lang='lat' dir='ltr'><strong>est.</strong></span> <span class='ocrx_word' id='word_1_53' title='bbox 1549 775 1703 846; x_wconf 85' lang='lat' dir='ltr'><strong>Quod</strong></span> <span class='ocrx_word' id='word_1_54' title='bbox 1733 776 1781 832; x_wconf 87' lang='lat' dir='ltr'><strong>si</strong></span> 
     </span>
    </p>
   </div>
   <div class='ocr_carea' id='block_1_9' title="bbox 196 868 1780 942">
    <p class='ocr_par' dir='ltr' id='par_1_9' title="bbox 196 868 1780 942">
     <span class='ocr_line' id='line_1_9' title="bbox 196 868 1780 942; baseline -0.004 -13"><span class='ocrx_word' id='word_1_55' title='bbox 196 888 320 929; x_wconf 89' lang='lat' dir='ltr'><strong>cum</strong></span> <span class='ocrx_word' id='word_1_56' title='bbox 368 873 704 942; x_wconf 87' lang='lat' dir='ltr'><strong>animalibus,</strong></span> <span class='ocrx_word' id='word_1_57' title='bbox 754 872 807 927; x_wconf 89' lang='lat' dir='ltr'><strong>id</strong></span> <span class='ocrx_word' id='word_1_58' title='bbox 854 880 939 928; x_wconf 89' lang='lat' dir='ltr'><strong>est</strong></span> <span class='ocrx_word' id='word_1_59' title='bbox 982 870 1295 941; x_wconf 87' lang='lat' dir='ltr'><strong>compositis</strong></span> <span class='ocrx_word' id='word_1_60' title='bbox 1349 868 1531 935; x_wconf 82' lang='lat' dir='ltr'><strong>rebus,</strong></span> <span class='ocrx_word' id='word_1_61' title='bbox 1587 880 1780 923; x_wconf 86' lang='lat' dir='ltr'><strong>sensus</strong></span> 
     </span>
    </p>
   </div>
   <div class='ocr_carea' id='block_1_10' title="bbox 196 959 1802 1036">
    <p class='ocr_par' dir='ltr' id='par_1_10' title="bbox 196 959 1802 1036">
     <span class='ocr_line' id='line_1_10' title="bbox 196 959 1802 1036; baseline -0.002 -18"><span class='ocrx_word' id='word_1_62' title='bbox 196 965 455 1028; x_wconf 87' lang='lat' dir='ltr'><strong>nascitur,</strong></span> <span class='ocrx_word' id='word_1_63' title='bbox 476 963 615 1020; x_wconf 87' lang='lat' dir='ltr'><strong>sicut</strong></span> <span class='ocrx_word' id='word_1_64' title='bbox 634 963 852 1019; x_wconf 88' lang='lat' dir='ltr'><strong>animali</strong></span> <span class='ocrx_word' id='word_1_65' title='bbox 880 964 1057 1034; x_wconf 86' lang='lat' dir='ltr'><strong>priora</strong></span> <span class='ocrx_word' id='word_1_66' title='bbox 1078 972 1203 1019; x_wconf 91' lang='lat' dir='ltr'><strong>sunt</strong></span> <span class='ocrx_word' id='word_1_67' title='bbox 1221 977 1283 1019; x_wconf 87' lang='lat' dir='ltr'><strong>ea</strong></span> <span class='ocrx_word' id='word_1_68' title='bbox 1306 976 1372 1018; x_wconf 80' lang='lat' dir='ltr'><strong>ex</strong></span> <span class='ocrx_word' id='word_1_69' title='bbox 1392 960 1584 1030; x_wconf 88' lang='lat' dir='ltr'><strong>quibus</strong></span> <span class='ocrx_word' id='word_1_70' title='bbox 1601 959 1779 1029; x_wconf 89' lang='lat' dir='ltr'><strong>ipsum</strong></span> <span class='ocrx_word' id='word_1_71' title='bbox 1797 1032 1802 1036; x_wconf 24' lang='grc' dir='ltr'><strong><em>η</em></strong></span> 
     </span>
    </p>
   </div>
   <div class='ocr_carea' id='block_1_11' title="bbox 197 1049 1779 1126">
    <p class='ocr_par' dir='ltr' id='par_1_11' title="bbox 197 1049 1779 1126">
     <span class='ocr_line' id='line_1_11' title="bbox 197 1049 1779 1126; baseline -0.003 -17"><span class='ocrx_word' id='word_1_72' title='bbox 197 1057 395 1112; x_wconf 84' lang='lat' dir='ltr'><strong>anitnal</strong></span> <span class='ocrx_word' id='word_1_73' title='bbox 424 1065 653 1121; x_wconf 85' lang='lat' dir='ltr'><strong>constat,</strong></span> <span class='ocrx_word' id='word_1_74' title='bbox 686 1056 764 1112; x_wconf 90' lang='lat' dir='ltr'><strong>sic</strong></span> <span class='ocrx_word' id='word_1_75' title='bbox 799 1069 1011 1126; x_wconf 86' lang='lat' dir='ltr'><strong>quoque</strong></span> <span class='ocrx_word' id='word_1_76' title='bbox 1053 1069 1217 1111; x_wconf 90' lang='lat' dir='ltr'><strong>sensu</strong></span> <span class='ocrx_word' id='word_1_77' title='bbox 1263 1053 1355 1123; x_wconf 87' lang='lat' dir='ltr'><strong>qui</strong></span> <span class='ocrx_word' id='word_1_78' title='bbox 1398 1066 1519 1107; x_wconf 88' lang='lat' dir='ltr'><strong>cum</strong></span> <span class='ocrx_word' id='word_1_79' title='bbox 1562 1049 1779 1105; x_wconf 86' lang='lat' dir='ltr'><strong>animali</strong></span> 
     </span>
    </p>
   </div>
   <div class='ocr_carea' id='block_1_12' title="bbox 198 1141 1781 1217">
    <p class='ocr_par' dir='ltr' id='par_1_12' title="bbox 198 1141 1781 1217">
     <span class='ocr_line' id='line_1_12' title="bbox 198 1141 1781 1217; baseline -0.006 -14"><span class='ocrx_word' id='word_1_80' title='bbox 198 1148 458 1211; x_wconf 87' lang='lat' dir='ltr'><strong>nascitur,</strong></span> <span class='ocrx_word' id='word_1_81' title='bbox 484 1146 569 1202; x_wconf 89' lang='lat' dir='ltr'><strong>illa</strong></span> <span class='ocrx_word' id='word_1_82' title='bbox 600 1146 780 1217; x_wconf 87' lang='lat' dir='ltr'><strong>priora</strong></span> <span class='ocrx_word' id='word_1_83' title='bbox 812 1155 955 1212; x_wconf 87' lang='lat' dir='ltr'><strong>sunt,</strong></span> <span class='ocrx_word' id='word_1_84' title='bbox 987 1160 1050 1201; x_wconf 81' lang='lat' dir='ltr'><strong>ex</strong></span> <span class='ocrx_word' id='word_1_85' title='bbox 1078 1144 1271 1215; x_wconf 87' lang='lat' dir='ltr'><strong>quibus</strong></span> <span class='ocrx_word' id='word_1_86' title='bbox 1297 1141 1545 1199; x_wconf 89' lang='lat' dir='ltr'><strong>animalis</strong></span> <span class='ocrx_word' id='word_1_87' title='bbox 1590 1149 1781 1196; x_wconf 89' lang='lat' dir='ltr'><strong>natura</strong></span> 
     </span>
    </p>
   </div>
   <div class='ocr_carea' id='block_1_13' title="bbox 196 1222 1783 1310">
    <p class='ocr_par' dir='ltr' id='par_1_13' title="bbox 196 1222 1783 1310">
     <span class='ocr_line' id='line_1_13' title="bbox 196 1222 1783 1310; baseline -0.005 -16"><span class='ocrx_word' id='word_1_88' title='bbox 196 1238 559 1310; x_wconf 76' lang='lat' dir='ltr'><strong>conjungitur.</strong></span> <span class='ocrx_word' id='word_1_89' title='bbox 589 1222 941 1308; x_wconf 73' lang='lat' dir='ltr'><strong>Cdnjungitur</strong></span> <span class='ocrx_word' id='word_1_90' title='bbox 978 1247 1153 1292; x_wconf 89' lang='lat' dir='ltr'><strong>autem</strong></span> <span class='ocrx_word' id='word_1_91' title='bbox 1193 1236 1389 1291; x_wconf 90' lang='lat' dir='ltr'><strong>animal</strong></span> <span class='ocrx_word' id='word_1_92' title='bbox 1437 1243 1597 1304; x_wconf 89' lang='lat' dir='ltr'><strong>atque</strong></span> <span class='ocrx_word' id='word_1_93' title='bbox 1632 1248 1783 1288; x_wconf 82' lang='lat' dir='ltr'><strong>com-</strong></span> 
     </span>
    </p>
   </div>
   <div class='ocr_carea' id='block_1_14' title="bbox 198 1324 1783 1403">
    <p class='ocr_par' dir='ltr' id='par_1_14' title="bbox 198 1324 1783 1403">
     <span class='ocr_line' id='line_1_14' title="bbox 198 1324 1783 1403; baseline -0.003 -18"><span class='ocrx_word' id='word_1_94' title='bbox 198 1330 417 1403; x_wconf 83' lang='lat' dir='ltr'><strong>ponitur</strong></span> <span class='ocrx_word' id='word_1_95' title='bbox 468 1344 535 1385; x_wconf 79' lang='lat' dir='ltr'><strong>ex</strong></span> <span class='ocrx_word' id='word_1_96' title='bbox 572 1338 799 1399; x_wconf 87' lang='lat' dir='ltr'><strong>quatuor</strong></span> <span class='ocrx_word' id='word_1_97' title='bbox 839 1328 1137 1384; x_wconf 80' lang='lat' dir='ltr'><strong>elementis.</strong></span> <span class='ocrx_word' id='word_1_98' title='bbox 1183 1327 1422 1395; x_wconf 78' lang='lat' dir='ltr'><strong>Quatuor</strong></span> <span class='ocrx_word' id='word_1_99' title='bbox 1470 1327 1629 1396; x_wconf 77' lang='lat' dir='ltr'><strong>igitur</strong></span> <span class='ocrx_word' id='word_1_100' title='bbox 1673 1324 1783 1380; x_wconf 85' lang='lat' dir='ltr'><strong>ele-</strong></span> 
     </span>
    </p>
   </div>
   <div class='ocr_carea' id='block_1_15' title="bbox 197 1419 1859 1491">
    <p class='ocr_par' dir='ltr' id='par_1_15' title="bbox 197 1419 1859 1491">
     <span class='ocr_line' id='line_1_15' title="bbox 197 1419 1859 1491; baseline -0.002 -15"><span class='ocrx_word' id='word_1_101' title='bbox 197 1430 380 1476; x_wconf 88' lang='lat' dir='ltr'><strong>menta</strong></span> <span class='ocrx_word' id='word_1_102' title='bbox 405 1435 566 1476; x_wconf 89' lang='lat' dir='ltr'><strong>sensu</strong></span> <span class='ocrx_word' id='word_1_103' title='bbox 597 1421 773 1491; x_wconf 84' lang='lat' dir='ltr'><strong>priora</strong></span> <span class='ocrx_word' id='word_1_104' title='bbox 804 1431 949 1486; x_wconf 88' lang='lat' dir='ltr'><strong>sunt,</strong></span> <span class='ocrx_word' id='word_1_105' title='bbox 978 1420 1071 1476; x_wconf 89' lang='lat' dir='ltr'><strong>sed</strong></span> <span class='ocrx_word' id='word_1_106' title='bbox 1097 1430 1326 1489; x_wconf 88' lang='lat' dir='ltr'><strong>quatuor</strong></span> <span class='ocrx_word' id='word_1_107' title='bbox 1362 1419 1629 1475; x_wconf 77' lang='lat' dir='ltr'><strong>elementa</strong></span> <span class='ocrx_word' id='word_1_108' title='bbox 1657 1432 1781 1473; x_wconf 85' lang='lat' dir='ltr'><strong>cor-</strong></span> <span class='ocrx_word' id='word_1_109' title='bbox 1858 1456 1859 1459; x_wconf 60' lang='grc' dir='ltr'><strong>η</strong></span> 
     </span>
    </p>
   </div>
   <div class='ocr_carea' id='block_1_16' title="bbox 198 1505 1785 1582">
    <p class='ocr_par' dir='ltr' id='par_1_16' title="bbox 198 1505 1785 1582">
     <span class='ocr_line' id='line_1_16' title="bbox 198 1505 1785 1582; baseline -0.006 -13"><span class='ocrx_word' id='word_1_110' title='bbox 198 1527 333 1582; x_wconf 85' lang='lat' dir='ltr'><strong>pora</strong></span> <span class='ocrx_word' id='word_1_111' title='bbox 358 1521 505 1582; x_wconf 89' lang='lat' dir='ltr'><strong>sunt,</strong></span> <span class='ocrx_word' id='word_1_112' title='bbox 528 1527 726 1582; x_wconf 90' lang='lat' dir='ltr'><strong>corpus</strong></span> <span class='ocrx_word' id='word_1_113' title='bbox 752 1526 881 1566; x_wconf 89' lang='lat' dir='ltr'><strong>vero</strong></span> <span class='ocrx_word' id='word_1_114' title='bbox 907 1525 1069 1567; x_wconf 87' lang='lat' dir='ltr'><strong>omne</strong></span> <span class='ocrx_word' id='word_1_115' title='bbox 1090 1510 1345 1566; x_wconf 88' lang='lat' dir='ltr'><strong>sensibile</strong></span> <span class='ocrx_word' id='word_1_116' title='bbox 1365 1505 1466 1565; x_wconf 86' lang='lat' dir='ltr'><strong>est.</strong></span> <span class='ocrx_word' id='word_1_117' title='bbox 1505 1508 1661 1563; x_wconf 88' lang='lat' dir='ltr'><strong>Prius</strong></span> <span class='ocrx_word' id='word_1_118' title='bbox 1686 1507 1785 1577; x_wconf 76' lang='lat' dir='ltr'><strong>igi-</strong></span> 
     </span>
    </p>
   </div>
   <div class='ocr_carea' id='block_1_17' title="bbox 200 1600 1783 1673">
    <p class='ocr_par' dir='ltr' id='par_1_17' title="bbox 200 1600 1783 1673">
     <span class='ocr_line' id='line_1_17' title="bbox 200 1600 1783 1673; baseline 0 -18"><span class='ocrx_word' id='word_1_119' title='bbox 200 1609 288 1657; x_wconf 85' lang='lat' dir='ltr'><strong>tur</strong></span> <span class='ocrx_word' id='word_1_120' title='bbox 314 1600 567 1657; x_wconf 82' lang='lat' dir='ltr'><strong>sensibile</strong></span> <span class='ocrx_word' id='word_1_121' title='bbox 595 1617 752 1673; x_wconf 90' lang='lat' dir='ltr'><strong>quam</strong></span> <span class='ocrx_word' id='word_1_122' title='bbox 797 1614 987 1657; x_wconf 88' lang='lat' dir='ltr'><strong>sensus</strong></span> <span class='ocrx_word' id='word_1_123' title='bbox 1016 1610 1117 1656; x_wconf 91' lang='lat' dir='ltr'><strong>cst.</strong></span> <span class='ocrx_word' id='word_1_124' title='bbox 1151 1600 1354 1673; x_wconf 69' lang='lat' dir='ltr'><strong>Seusus</strong></span> <span class='ocrx_word' id='word_1_125' title='bbox 1384 1600 1527 1655; x_wconf 91' lang='lat' dir='ltr'><strong>enim</strong></span> <span class='ocrx_word' id='word_1_126' title='bbox 1554 1614 1675 1654; x_wconf 89' lang='lat' dir='ltr'><strong>cum</strong></span> <span class='ocrx_word' id='word_1_127' title='bbox 1723 1613 1783 1656; x_wconf 87' lang='lat' dir='ltr'><strong>re</strong></span> 
     </span>
    </p>
   </div>
   <div class='ocr_carea' id='block_1_18' title="bbox 160 1659 1782 1763">
    <p class='ocr_par' dir='ltr' id='par_1_18' title="bbox 160 1659 1782 1763">
     <span class='ocr_line' id='line_1_18' title="bbox 160 1659 1782 1763; baseline -0.001 -16"><span class='ocrx_word' id='word_1_128' title='bbox 160 1758 169 1761; x_wconf 19' lang='grc' dir='ltr'><strong>μ</strong></span> <span class='ocrx_word' id='word_1_129' title='bbox 200 1692 503 1763; x_wconf 88' lang='lat' dir='ltr'><strong>composita</strong></span> <span class='ocrx_word' id='word_1_130' title='bbox 530 1694 782 1759; x_wconf 85' lang='lat' dir='ltr'><strong>nascitur,</strong></span> <span class='ocrx_word' id='word_1_131' title='bbox 816 1692 901 1747; x_wconf 88' lang='lat' dir='ltr'><strong>illa</strong></span> <span class='ocrx_word' id='word_1_132' title='bbox 924 1707 1056 1748; x_wconf 91' lang='lat' dir='ltr'><strong>vero</strong></span> <span class='ocrx_word' id='word_1_133' title='bbox 1082 1707 1202 1762; x_wconf 64' lang='lat' dir='ltr'><strong>quae</strong></span> <span class='ocrx_word' id='word_1_134' title='bbox 1225 1659 1554 1762; x_wconf 58' lang='lat' dir='ltr'><strong>lomponunt</strong></span> <span class='ocrx_word' id='word_1_135' title='bbox 1579 1700 1632 1746; x_wconf 90' lang='lat' dir='ltr'><strong>et</strong></span> <span class='ocrx_word' id='word_1_136' title='bbox 1658 1706 1782 1747; x_wconf 86' lang='lat' dir='ltr'><strong>seu-</strong></span> 
     </span>
    </p>
   </div>
   <div class='ocr_carea' id='block_1_19' title="bbox 1882 492 3475 570">
    <p class='ocr_par' dir='ltr' id='par_1_19' title="bbox 1882 492 3475 570">
     <span class='ocr_line' id='line_1_19' title="bbox 1882 492 3475 570; baseline -0.003 -17"><span class='ocrx_word' id='word_1_137' title='bbox 1882 497 2143 570; x_wconf 84' lang='lat' dir='ltr'><strong>quoddam</strong></span> <span class='ocrx_word' id='word_1_138' title='bbox 2173 505 2349 567; x_wconf 87' lang='lat' dir='ltr'><strong>caput,</strong></span> <span class='ocrx_word' id='word_1_139' title='bbox 2380 494 2470 552; x_wconf 79' lang='lat' dir='ltr'><strong>sed</strong></span> <span class='ocrx_word' id='word_1_140' title='bbox 2493 495 2715 570; x_wconf 75' lang='lat' dir='ltr'><strong>alicujus</strong></span> <span class='ocrx_word' id='word_1_141' title='bbox 2744 505 2917 562; x_wconf 83' lang='lat' dir='ltr'><strong>caput.</strong></span> <span class='ocrx_word' id='word_1_142' title='bbox 2952 492 3200 551; x_wconf 76' lang='lat' dir='ltr'><strong>Similiter</strong></span> <span class='ocrx_word' id='word_1_143' title='bbox 3219 502 3390 549; x_wconf 85' lang='lat' dir='ltr'><strong>autem</strong></span> <span class='ocrx_word' id='word_1_144' title='bbox 3423 501 3475 549; x_wconf 81' lang='lat' dir='ltr'><strong>et</strong></span> 
     </span>
    </p>
   </div>
   <div class='ocr_carea' id='block_1_20' title="bbox 1881 584 3470 661">
    <p class='ocr_par' dir='ltr' id='par_1_20' title="bbox 1881 584 3470 661">
     <span class='ocr_line' id='line_1_20' title="bbox 1881 584 3470 661; baseline -0.003 -18"><span class='ocrx_word' id='word_1_145' title='bbox 1881 590 1936 643; x_wconf 86' lang='lat' dir='ltr'><strong>in</strong></span> <span class='ocrx_word' id='word_1_146' title='bbox 1955 588 2191 645; x_wconf 81' lang='lat' dir='ltr'><strong>secundis</strong></span> <span class='ocrx_word' id='word_1_147' title='bbox 2216 586 2533 652; x_wconf 80' lang='lat' dir='ltr'><strong>substantiis,</strong></span> <span class='ocrx_word' id='word_1_148' title='bbox 2557 596 2712 661; x_wconf 78' lang='lat' dir='ltr'><strong>atque</strong></span> <span class='ocrx_word' id='word_1_149' title='bbox 2753 584 2847 641; x_wconf 80' lang='lat' dir='ltr'><strong>hoc</strong></span> <span class='ocrx_word' id='word_1_150' title='bbox 2875 585 3075 655; x_wconf 72' lang='lat' dir='ltr'><strong>quidem</strong></span> <span class='ocrx_word' id='word_1_151' title='bbox 3116 585 3170 640; x_wconf 90' lang='lat' dir='ltr'><strong>in</strong></span> <span class='ocrx_word' id='word_1_152' title='bbox 3214 585 3470 657; x_wconf 88' lang='lat' dir='ltr'><strong>pluribus,</strong></span> 
     </span>
    </p>
   </div>
   <div class='ocr_carea' id='block_1_21' title="bbox 1883 676 3473 752">
    <p class='ocr_par' dir='ltr' id='par_1_21' title="bbox 1883 676 3473 752">
     <span class='ocr_line' id='line_1_21' title="bbox 1883 676 3473 752; baseline -0.003 -16"><span class='ocrx_word' id='word_1_153' title='bbox 1883 688 1941 736; x_wconf 88' lang='lat' dir='ltr'><strong>ut</strong></span> <span class='ocrx_word' id='word_1_154' title='bbox 1970 681 2123 736; x_wconf 83' lang='lat' dir='ltr'><strong>homo</strong></span> <span class='ocrx_word' id='word_1_155' title='bbox 2152 695 2253 736; x_wconf 87' lang='lat' dir='ltr'><strong>non</strong></span> <span class='ocrx_word' id='word_1_156' title='bbox 2284 678 2471 734; x_wconf 87' lang='lat' dir='ltr'><strong>dicitur</strong></span> <span class='ocrx_word' id='word_1_157' title='bbox 2513 677 2741 752; x_wconf 81' lang='lat' dir='ltr'><strong>alicujus</strong></span> <span class='ocrx_word' id='word_1_158' title='bbox 2776 676 2947 747; x_wconf 83' lang='lat' dir='ltr'><strong>homo,</strong></span> <span class='ocrx_word' id='word_1_159' title='bbox 2984 692 3074 732; x_wconf 88' lang='lat' dir='ltr'><strong>nec</strong></span> <span class='ocrx_word' id='word_1_160' title='bbox 3113 677 3200 732; x_wconf 88' lang='lat' dir='ltr'><strong>bos</strong></span> <span class='ocrx_word' id='word_1_161' title='bbox 3247 676 3473 747; x_wconf 81' lang='lat' dir='ltr'><strong>alicujus</strong></span> 
     </span>
    </p>
   </div>
   <div class='ocr_carea' id='block_1_22' title="bbox 1884 768 3473 845">
    <p class='ocr_par' dir='ltr' id='par_1_22' title="bbox 1884 768 3473 845">
     <span class='ocr_line' id='line_1_22' title="bbox 1884 768 3473 845; baseline -0.003 -17"><span class='ocrx_word' id='word_1_162' title='bbox 1884 776 1995 840; x_wconf 90' lang='lat' dir='ltr'><strong>bos,</strong></span> <span class='ocrx_word' id='word_1_163' title='bbox 2027 788 2119 830; x_wconf 80' lang='lat' dir='ltr'><strong>nec</strong></span> <span class='ocrx_word' id='word_1_164' title='bbox 2139 773 2337 845; x_wconf 82' lang='lat' dir='ltr'><strong>lignum</strong></span> <span class='ocrx_word' id='word_1_165' title='bbox 2366 772 2588 844; x_wconf 85' lang='lat' dir='ltr'><strong>alicujus</strong></span> <span class='ocrx_word' id='word_1_166' title='bbox 2618 770 2835 843; x_wconf 81' lang='lat' dir='ltr'><strong>lignum,</strong></span> <span class='ocrx_word' id='word_1_167' title='bbox 2863 768 2953 826; x_wconf 82' lang='lat' dir='ltr'><strong>sed</strong></span> <span class='ocrx_word' id='word_1_168' title='bbox 2972 770 3195 844; x_wconf 83' lang='lat' dir='ltr'><strong>alicujus</strong></span> <span class='ocrx_word' id='word_1_169' title='bbox 3221 770 3473 840; x_wconf 83' lang='lat' dir='ltr'><strong>possessio</strong></span> 
     </span>
    </p>
   </div>
   <div class='ocr_carea' id='block_1_23' title="bbox 1884 861 3475 934">
    <p class='ocr_par' dir='ltr' id='par_1_23' title="bbox 1884 861 3475 934">
     <span class='ocr_line' id='line_1_23' title="bbox 1884 861 3475 934; baseline -0.003 -15"><span class='ocrx_word' id='word_1_170' title='bbox 1884 864 2094 921; x_wconf 83' lang='lat' dir='ltr'><strong>dicitur.</strong></span> <span class='ocrx_word' id='word_1_171' title='bbox 2139 861 2208 919; x_wconf 89' lang='lat' dir='ltr'><strong>In</strong></span> <span class='ocrx_word' id='word_1_172' title='bbox 2238 863 2536 933; x_wconf 82' lang='lat' dir='ltr'><strong>huiusmodi</strong></span> <span class='ocrx_word' id='word_1_173' title='bbox 2574 878 2694 934; x_wconf 82' lang='lat' dir='ltr'><strong>ergo</strong></span> <span class='ocrx_word' id='word_1_174' title='bbox 2734 864 3061 933; x_wconf 80' lang='lat' dir='ltr'><strong>manifestum</strong></span> <span class='ocrx_word' id='word_1_175' title='bbox 3114 869 3191 916; x_wconf 84' lang='lat' dir='ltr'><strong>est</strong></span> <span class='ocrx_word' id='word_1_176' title='bbox 3232 862 3475 930; x_wconf 80' lang='lat' dir='ltr'><strong>quoniam</strong></span> 
     </span>
    </p>
   </div>
   <div class='ocr_carea' id='block_1_24' title="bbox 1883 953 3475 1027">
    <p class='ocr_par' dir='ltr' id='par_1_24' title="bbox 1883 953 3475 1027">
     <span class='ocr_line' id='line_1_24' title="bbox 1883 953 3475 1027; baseline -0.003 -16"><span class='ocrx_word' id='word_1_177' title='bbox 1883 974 1987 1013; x_wconf 84' lang='lat' dir='ltr'><strong>non</strong></span> <span class='ocrx_word' id='word_1_178' title='bbox 2008 968 2083 1013; x_wconf 83' lang='lat' dir='ltr'><strong>cst</strong></span> <span class='ocrx_word' id='word_1_179' title='bbox 2110 958 2178 1012; x_wconf 80' lang='lat' dir='ltr'><strong>ad</strong></span> <span class='ocrx_word' id='word_1_180' title='bbox 2208 956 2428 1027; x_wconf 89' lang='lat' dir='ltr'><strong>aliquid.</strong></span> <span class='ocrx_word' id='word_1_181' title='bbox 2457 955 2525 1011; x_wconf 84' lang='lat' dir='ltr'><strong>In</strong></span> <span class='ocrx_word' id='word_1_182' title='bbox 2550 954 2808 1023; x_wconf 86' lang='lat' dir='ltr'><strong>aliquibus</strong></span> <span class='ocrx_word' id='word_1_183' title='bbox 2829 971 2945 1010; x_wconf 78' lang='lat' dir='ltr'><strong>vero</strong></span> <span class='ocrx_word' id='word_1_184' title='bbox 2975 956 3213 1011; x_wconf 80' lang='lat' dir='ltr'><strong>secundis</strong></span> <span class='ocrx_word' id='word_1_185' title='bbox 3234 953 3475 1008; x_wconf 80' lang='lat' dir='ltr'><strong>substan-</strong></span> 
     </span>
    </p>
   </div>
   <div class='ocr_carea' id='block_1_25' title="bbox 1846 1046 3475 1119">
    <p class='ocr_par' dir='ltr' id='par_1_25' title="bbox 1846 1046 3475 1119">
     <span class='ocr_line' id='line_1_25' title="bbox 1846 1046 3475 1119; baseline -0.004 -13"><span class='ocrx_word' id='word_1_186' title='bbox 1846 1098 1849 1099; x_wconf 39' lang='grc' dir='ltr'><em>ν</em></span> <span class='ocrx_word' id='word_1_187' title='bbox 1886 1051 1968 1105; x_wconf 88' lang='lat' dir='ltr'><strong>tiis</strong></span> <span class='ocrx_word' id='word_1_188' title='bbox 2003 1051 2153 1105; x_wconf 80' lang='lat' dir='ltr'><strong>habet</strong></span> <span class='ocrx_word' id='word_1_189' title='bbox 2182 1051 2408 1119; x_wconf 86' lang='lat' dir='ltr'><strong>aliquam</strong></span> <span class='ocrx_word' id='word_1_190' title='bbox 2439 1048 2827 1114; x_wconf 78' lang='lat' dir='ltr'><strong>dubitationem,</strong></span> <span class='ocrx_word' id='word_1_191' title='bbox 2861 1056 2918 1101; x_wconf 89' lang='lat' dir='ltr'><strong>ut</strong></span> <span class='ocrx_word' id='word_1_192' title='bbox 2953 1056 3108 1116; x_wconf 87' lang='lat' dir='ltr'><strong>caput</strong></span> <span class='ocrx_word' id='word_1_193' title='bbox 3133 1046 3355 1117; x_wconf 73' lang='lat' dir='ltr'><strong>alicujus</strong></span> <span class='ocrx_word' id='word_1_194' title='bbox 3385 1062 3475 1099; x_wconf 84' lang='lat' dir='ltr'><strong>ca-</strong></span> 
     </span>
    </p>
   </div>
   <div class='ocr_carea' id='block_1_26' title="bbox 1885 1138 3473 1215">
    <p class='ocr_par' dir='ltr' id='par_1_26' title="bbox 1885 1138 3473 1215">
     <span class='ocr_line' id='line_1_26' title="bbox 1885 1138 3473 1215; baseline -0.004 -18"><span class='ocrx_word' id='word_1_195' title='bbox 1885 1152 1977 1212; x_wconf 89' lang='lat' dir='ltr'><strong>put</strong></span> <span class='ocrx_word' id='word_1_196' title='bbox 2004 1143 2225 1209; x_wconf 81' lang='lat' dir='ltr'><strong>dicitur,</strong></span> <span class='ocrx_word' id='word_1_197' title='bbox 2254 1151 2301 1197; x_wconf 82' lang='lat' dir='ltr'><strong>et</strong></span> <span class='ocrx_word' id='word_1_198' title='bbox 2332 1157 2516 1215; x_wconf 75' lang='lat' dir='ltr'><strong>titanas</strong></span> <span class='ocrx_word' id='word_1_199' title='bbox 2555 1139 2780 1212; x_wconf 80' lang='lat' dir='ltr'><strong>alicujus</strong></span> <span class='ocrx_word' id='word_1_200' title='bbox 2814 1154 2994 1192; x_wconf 83' lang='lat' dir='ltr'><strong>manus</strong></span> <span class='ocrx_word' id='word_1_201' title='bbox 3029 1138 3235 1201; x_wconf 86' lang='lat' dir='ltr'><strong>dicitur,</strong></span> <span class='ocrx_word' id='word_1_202' title='bbox 3281 1146 3328 1190; x_wconf 87' lang='lat' dir='ltr'><strong>et</strong></span> <span class='ocrx_word' id='word_1_203' title='bbox 3367 1138 3473 1191; x_wconf 85' lang='lat' dir='ltr'><strong>sin-</strong></span> 
     </span>
    </p>
   </div>
   <div class='ocr_carea' id='block_1_27' title="bbox 1885 1230 3472 1306">
    <p class='ocr_par' dir='ltr' id='par_1_27' title="bbox 1885 1230 3472 1306">
     <span class='ocr_line' id='line_1_27' title="bbox 1885 1230 3472 1306; baseline -0.003 -19"><span class='ocrx_word' id='word_1_204' title='bbox 1885 1233 2010 1306; x_wconf 86' lang='lat' dir='ltr'><strong>gula</strong></span> <span class='ocrx_word' id='word_1_205' title='bbox 2052 1233 2371 1306; x_wconf 83' lang='lat' dir='ltr'><strong>Itujusmodi.</strong></span> <span class='ocrx_word' id='word_1_206' title='bbox 2422 1233 2593 1300; x_wconf 80' lang='lat' dir='ltr'><strong>Quare</strong></span> <span class='ocrx_word' id='word_1_207' title='bbox 2620 1231 2729 1287; x_wconf 64' lang='lat' dir='ltr'><strong>hac</strong></span> <span class='ocrx_word' id='word_1_208' title='bbox 2763 1230 2979 1301; x_wconf 84' lang='lat' dir='ltr'><strong>fortasse</strong></span> <span class='ocrx_word' id='word_1_209' title='bbox 3026 1231 3092 1284; x_wconf 85' lang='lat' dir='ltr'><strong>ad</strong></span> <span class='ocrx_word' id='word_1_210' title='bbox 3130 1230 3327 1301; x_wconf 87' lang='lat' dir='ltr'><strong>aliquid</strong></span> <span class='ocrx_word' id='word_1_211' title='bbox 3367 1245 3472 1284; x_wconf 83' lang='lat' dir='ltr'><strong>esse</strong></span> 
     </span>
    </p>
   </div>
   <div class='ocr_carea' id='block_1_28' title="bbox 1882 1326 2141 1382">
    <p class='ocr_par' dir='ltr' id='par_1_28' title="bbox 1882 1326 2141 1382">
     <span class='ocr_line' id='line_1_28' title="bbox 1882 1326 2141 1382; baseline 0.008 -3"><span class='ocrx_word' id='word_1_212' title='bbox 1882 1326 2141 1382; x_wconf 76' lang='lat' dir='ltr'><strong>uidentur.</strong></span> 
     </span>
    </p>
   </div>
   <div class='ocr_carea' id='block_1_29' title="bbox 1956 1432 3470 1509">
    <p class='ocr_par' dir='ltr' id='par_1_29' title="bbox 1956 1432 3470 1509">
     <span class='ocr_line' id='line_1_29' title="bbox 1956 1432 3470 1509; baseline -0.004 -15"><span class='ocrx_word' id='word_1_213' title='bbox 1956 1440 2153 1494; x_wconf 86' lang='lat' dir='ltr'><strong>Contra</strong></span> <span class='ocrx_word' id='word_1_214' title='bbox 2183 1453 2248 1493; x_wconf 85' lang='lat' dir='ltr'><strong>ea</strong></span> <span class='ocrx_word' id='word_1_215' title='bbox 2278 1453 2400 1509; x_wconf 71' lang='lat' dir='ltr'><strong>qua:</strong></span> <span class='ocrx_word' id='word_1_216' title='bbox 2439 1435 2684 1507; x_wconf 87' lang='lat' dir='ltr'><strong>superius</strong></span> <span class='ocrx_word' id='word_1_217' title='bbox 2705 1435 2970 1506; x_wconf 86' lang='lat' dir='ltr'><strong>disputata</strong></span> <span class='ocrx_word' id='word_1_218' title='bbox 3010 1442 3135 1492; x_wconf 88' lang='lat' dir='ltr'><strong>sunt</strong></span> <span class='ocrx_word' id='word_1_219' title='bbox 3164 1432 3470 1501; x_wconf 85' lang='lat' dir='ltr'><strong>lmjusmodi</strong></span> 
     </span>
    </p>
   </div>
   <div class='ocr_carea' id='block_1_30' title="bbox 1888 1526 3469 1604">
    <p class='ocr_par' dir='ltr' id='par_1_30' title="bbox 1888 1526 3469 1604">
     <span class='ocr_line' id='line_1_30' title="bbox 1888 1526 3469 1604; baseline -0.005 -16"><span class='ocrx_word' id='word_1_220' title='bbox 1888 1532 2084 1589; x_wconf 89' lang='lat' dir='ltr'><strong>nodum</strong></span> <span class='ocrx_word' id='word_1_221' title='bbox 2140 1532 2452 1604; x_wconf 74' lang='lat' dir='ltr'><strong>qumstionis</strong></span> <span class='ocrx_word' id='word_1_222' title='bbox 2498 1530 2769 1601; x_wconf 90' lang='lat' dir='ltr'><strong>opposuit,</strong></span> <span class='ocrx_word' id='word_1_223' title='bbox 2816 1528 3065 1599; x_wconf 88' lang='lat' dir='ltr'><strong>quoniam</strong></span> <span class='ocrx_word' id='word_1_224' title='bbox 3109 1527 3250 1583; x_wconf 88' lang='lat' dir='ltr'><strong>enim</strong></span> <span class='ocrx_word' id='word_1_225' title='bbox 3298 1526 3469 1596; x_wconf 84' lang='lat' dir='ltr'><strong>prima</strong></span> 
     </span>
    </p>
   </div>
   <div class='ocr_carea' id='block_1_31' title="bbox 1887 1620 3471 1688">
    <p class='ocr_par' dir='ltr' id='par_1_31' title="bbox 1887 1620 3471 1688">
     <span class='ocr_line' id='line_1_31' title="bbox 1887 1620 3471 1688; baseline -0.004 -9"><span class='ocrx_word' id='word_1_226' title='bbox 1887 1624 2134 1681; x_wconf 84' lang='lat' dir='ltr'><strong>dillinitio</strong></span> <span class='ocrx_word' id='word_1_227' title='bbox 2175 1624 2521 1679; x_wconf 88' lang='lat' dir='ltr'><strong>relativorum</strong></span> <span class='ocrx_word' id='word_1_228' title='bbox 2565 1624 2754 1687; x_wconf 86' lang='lat' dir='ltr'><strong>luerat,</strong></span> <span class='ocrx_word' id='word_1_229' title='bbox 2789 1622 2873 1676; x_wconf 89' lang='lat' dir='ltr'><strong>illa</strong></span> <span class='ocrx_word' id='word_1_230' title='bbox 2916 1635 3037 1675; x_wconf 88' lang='lat' dir='ltr'><strong>esse</strong></span> <span class='ocrx_word' id='word_1_231' title='bbox 3072 1620 3290 1675; x_wconf 87' lang='lat' dir='ltr'><strong>relativa</strong></span> <span class='ocrx_word' id='word_1_232' title='bbox 3320 1632 3471 1688; x_wconf 63' lang='lat' dir='ltr'><strong>quae-</strong></span> 
     </span>
    </p>
   </div>
   <div class='ocr_carea' id='block_1_32' title="bbox 1887 1712 3468 1786">
    <p class='ocr_par' dir='ltr' id='par_1_32' title="bbox 1887 1712 3468 1786">
     <span class='ocr_line' id='line_1_32' title="bbox 1887 1712 3468 1786; baseline -0.006 -14"><span class='ocrx_word' id='word_1_233' title='bbox 1887 1731 2100 1786; x_wconf 91' lang='lat' dir='ltr'><strong>cunque</strong></span> <span class='ocrx_word' id='word_1_234' title='bbox 2137 1716 2239 1772; x_wconf 91' lang='lat' dir='ltr'><strong>hoc</strong></span> <span class='ocrx_word' id='word_1_235' title='bbox 2285 1716 2457 1786; x_wconf 91' lang='lat' dir='ltr'><strong>ipsum</strong></span> <span class='ocrx_word' id='word_1_236' title='bbox 2488 1716 2629 1785; x_wconf 91' lang='lat' dir='ltr'><strong>quod</strong></span> <span class='ocrx_word' id='word_1_237' title='bbox 2658 1722 2843 1769; x_wconf 87' lang='lat' dir='ltr'><strong>essent</strong></span> <span class='ocrx_word' id='word_1_238' title='bbox 2874 1712 3101 1768; x_wconf 90' lang='lat' dir='ltr'><strong>aliorum</strong></span> <span class='ocrx_word' id='word_1_239' title='bbox 3141 1712 3468 1777; x_wconf 87' lang='lat' dir='ltr'><strong>dicerentur,</strong></span> 
     </span>
    </p>
   </div>
   <div class='ocr_carea' id='block_1_33' title="bbox 200 1783 3473 1874">
    <p class='ocr_par' dir='ltr' id='par_1_33' title="bbox 200 1783 3473 1874">
     <span class='ocr_line' id='line_1_33' title="bbox 200 1783 3473 1874; baseline -0.001 -34"><span class='ocrx_word' id='word_1_240' title='bbox 200 1784 379 1840; x_wconf 89' lang='lat' dir='ltr'><strong>sibilia</strong></span> <span class='ocrx_word' id='word_1_241' title='bbox 407 1793 554 1851; x_wconf 89' lang='lat' dir='ltr'><strong>sunt,</strong></span> <span class='ocrx_word' id='word_1_242' title='bbox 579 1792 634 1841; x_wconf 86' lang='lat' dir='ltr'><strong>et</strong></span> <span class='ocrx_word' id='word_1_243' title='bbox 671 1785 846 1854; x_wconf 87' lang='lat' dir='ltr'><strong>priora</strong></span> <span class='ocrx_word' id='word_1_244' title='bbox 886 1785 1003 1854; x_wconf 86' lang='lat' dir='ltr'><strong>ipso</strong></span> <span class='ocrx_word' id='word_1_245' title='bbox 1043 1784 1365 1854; x_wconf 90' lang='lat' dir='ltr'><strong>composito.</strong></span> <span class='ocrx_word' id='word_1_246' title='bbox 1401 1783 1782 1840; x_wconf 76' lang='lat' dir='ltr'><strong>Universaliter</strong></span> <span class='ocrx_word' id='word_1_247' title='bbox 1809 1785 1860 1848; x_wconf 82' lang='grc' dir='ltr'><strong>Β</strong></span> <span class='ocrx_word' id='word_1_248' title='bbox 1886 1783 2182 1862; x_wconf 60' lang='lat' dir='ltr'><strong>secu&#39;ndum</strong></span> <span class='ocrx_word' id='word_1_249' title='bbox 2219 1783 2357 1860; x_wconf 52' lang='grc' dir='ltr'><strong>ωδε</strong></span> <span class='ocrx_word' id='word_1_250' title='bbox 2386 1783 2764 1860; x_wconf 54' lang='grc' dir='ltr'><strong>ἀίίίίξιίιίοηθηι</strong></span> <span class='ocrx_word' id='word_1_251' title='bbox 2797 1813 3017 1874; x_wconf 70' lang='lat' dir='ltr'><strong>possum</strong></span> <span class='ocrx_word' id='word_1_252' title='bbox 3052 1803 3293 1872; x_wconf 60' lang='lat' dir='ltr'><strong>quaedam</strong></span> <span class='ocrx_word' id='word_1_253' title='bbox 3344 1802 3473 1856; x_wconf 71' lang='lat' dir='ltr'><strong>sub.</strong></span> 
     </span>
    </p>
   </div>
   <div class='ocr_carea' id='block_1_34' title="bbox 202 1874 1825 1946">
    <p class='ocr_par' dir='ltr' id='par_1_34' title="bbox 202 1874 1825 1946">
     <span class='ocr_line' id='line_1_34' title="bbox 202 1874 1825 1946; baseline -0.001 -13"><span class='ocrx_word' id='word_1_254' title='bbox 202 1876 352 1933; x_wconf 86' lang='lat' dir='ltr'><strong>enim</strong></span> <span class='ocrx_word' id='word_1_255' title='bbox 381 1875 427 1931; x_wconf 90' lang='lat' dir='ltr'><strong>si</strong></span> <span class='ocrx_word' id='word_1_256' title='bbox 468 1891 586 1946; x_wconf 72' lang='lat' dir='ltr'><strong>quae</strong></span> <span class='ocrx_word' id='word_1_257' title='bbox 612 1874 732 1931; x_wconf 69' lang='lat' dir='ltr'><strong>dum</strong></span> <span class='ocrx_word' id='word_1_258' title='bbox 783 1890 872 1932; x_wconf 90' lang='lat' dir='ltr'><strong>res</strong></span> <span class='ocrx_word' id='word_1_259' title='bbox 912 1876 1017 1930; x_wconf 91' lang='lat' dir='ltr'><strong>sint</strong></span> <span class='ocrx_word' id='word_1_260' title='bbox 1058 1875 1235 1939; x_wconf 91' lang='lat' dir='ltr'><strong>simul,</strong></span> <span class='ocrx_word' id='word_1_261' title='bbox 1270 1889 1390 1930; x_wconf 91' lang='lat' dir='ltr'><strong>cum</strong></span> <span class='ocrx_word' id='word_1_262' title='bbox 1415 1875 1666 1945; x_wconf 73' lang='lat' dir='ltr'><strong>quaelibet</strong></span> <span class='ocrx_word' id='word_1_263' title='bbox 1694 1890 1784 1932; x_wconf 90' lang='lat' dir='ltr'><strong>res</strong></span> <span class='ocrx_word' id='word_1_264' title='bbox 1818 1924 1825 1931; x_wconf 95' lang='lat'><strong>.</strong></span> 
     </span>
    </p>
   </div>
   <div class='ocr_carea' id='block_1_35' title="bbox 202 1966 1784 2040">
    <p class='ocr_par' dir='ltr' id='par_1_35' title="bbox 202 1966 1784 2040">
     <span class='ocr_line' id='line_1_35' title="bbox 202 1966 1784 2040; baseline -0.002 -14"><span class='ocrx_word' id='word_1_265' title='bbox 202 1985 309 2026; x_wconf 88' lang='lat' dir='ltr'><strong>una</strong></span> <span class='ocrx_word' id='word_1_266' title='bbox 336 1984 519 2025; x_wconf 89' lang='lat' dir='ltr'><strong>earum</strong></span> <span class='ocrx_word' id='word_1_267' title='bbox 551 1968 697 2040; x_wconf 90' lang='lat' dir='ltr'><strong>prior</strong></span> <span class='ocrx_word' id='word_1_268' title='bbox 722 1968 810 2034; x_wconf 89' lang='lat' dir='ltr'><strong>sit,</strong></span> <span class='ocrx_word' id='word_1_269' title='bbox 848 1977 903 2025; x_wconf 91' lang='lat' dir='ltr'><strong>et</strong></span> <span class='ocrx_word' id='word_1_270' title='bbox 943 1969 1111 2024; x_wconf 90' lang='lat' dir='ltr'><strong>altera</strong></span> <span class='ocrx_word' id='word_1_271' title='bbox 1149 1968 1295 2038; x_wconf 90' lang='lat' dir='ltr'><strong>prior</strong></span> <span class='ocrx_word' id='word_1_272' title='bbox 1335 1966 1458 2037; x_wconf 91' lang='lat' dir='ltr'><strong>erit,</strong></span> <span class='ocrx_word' id='word_1_273' title='bbox 1489 1976 1548 2022; x_wconf 90' lang='lat' dir='ltr'><strong>ut</strong></span> <span class='ocrx_word' id='word_1_274' title='bbox 1584 1966 1784 2023; x_wconf 90' lang='lat' dir='ltr'><strong>animal</strong></span> 
     </span>
    </p>
   </div>
   <div class='ocr_carea' id='block_1_36' title="bbox 202 2060 1786 2133">
    <p class='ocr_par' dir='ltr' id='par_1_36' title="bbox 202 2060 1786 2133">
     <span class='ocr_line' id='line_1_36' title="bbox 202 2060 1786 2133; baseline -0.001 -16"><span class='ocrx_word' id='word_1_275' title='bbox 202 2073 379 2133; x_wconf 24' lang='lat' dir='ltr'><strong>atque,</strong></span> <span class='ocrx_word' id='word_1_276' title='bbox 416 2075 629 2129; x_wconf 88' lang='lat' dir='ltr'><strong>sensus,</strong></span> <span class='ocrx_word' id='word_1_277' title='bbox 671 2076 792 2117; x_wconf 90' lang='lat' dir='ltr'><strong>cum</strong></span> <span class='ocrx_word' id='word_1_278' title='bbox 843 2072 1068 2133; x_wconf 89' lang='lat' dir='ltr'><strong>utraque</strong></span> <span class='ocrx_word' id='word_1_279' title='bbox 1114 2060 1275 2118; x_wconf 86' lang='lat' dir='ltr'><strong>simul</strong></span> <span class='ocrx_word' id='word_1_280' title='bbox 1329 2071 1475 2128; x_wconf 72' lang='lat' dir='ltr'><strong>sunt,</strong></span> <span class='ocrx_word' id='word_1_281' title='bbox 1519 2060 1786 2131; x_wconf 90' lang='lat' dir='ltr'><strong>simulque</strong></span> 
     </span>
    </p>
   </div>
   <div class='ocr_carea' id='block_1_37' title="bbox 173 2153 1788 2226">
    <p class='ocr_par' dir='ltr' id='par_1_37' title="bbox 173 2153 1788 2226">
     <span class='ocr_line' id='line_1_37' title="bbox 173 2153 1788 2226; baseline -0.002 -14"><span class='ocrx_word' id='word_1_282' title='bbox 173 2165 516 2223; x_wconf 55' lang='lat' dir='ltr'><strong>,nascuntur,</strong></span> <span class='ocrx_word' id='word_1_283' title='bbox 543 2171 664 2211; x_wconf 92' lang='lat' dir='ltr'><strong>cum</strong></span> <span class='ocrx_word' id='word_1_284' title='bbox 692 2162 924 2226; x_wconf 90' lang='lat' dir='ltr'><strong>quatuor</strong></span> <span class='ocrx_word' id='word_1_285' title='bbox 950 2155 1216 2211; x_wconf 90' lang='lat' dir='ltr'><strong>elementa</strong></span> <span class='ocrx_word' id='word_1_286' title='bbox 1245 2168 1366 2225; x_wconf 62' lang='lat' dir='ltr'><strong>quas</strong></span> <span class='ocrx_word' id='word_1_287' title='bbox 1392 2164 1520 2210; x_wconf 90' lang='lat' dir='ltr'><strong>sunt</strong></span> <span class='ocrx_word' id='word_1_288' title='bbox 1557 2153 1788 2209; x_wconf 87' lang='lat' dir='ltr'><strong>sensibi-</strong></span> 
     </span>
    </p>
   </div>
   <div class='ocr_carea' id='block_1_38' title="bbox 206 2248 1787 2320">
    <p class='ocr_par' dir='ltr' id='par_1_38' title="bbox 206 2248 1787 2320">
     <span class='ocr_line' id='line_1_38' title="bbox 206 2248 1787 2320; baseline -0.001 -15"><span class='ocrx_word' id='word_1_289' title='bbox 206 2250 277 2306; x_wconf 90' lang='lat' dir='ltr'><strong>lia</strong></span> <span class='ocrx_word' id='word_1_290' title='bbox 301 2249 474 2320; x_wconf 88' lang='lat' dir='ltr'><strong>priora</strong></span> <span class='ocrx_word' id='word_1_291' title='bbox 502 2249 613 2304; x_wconf 92' lang='lat' dir='ltr'><strong>sint</strong></span> <span class='ocrx_word' id='word_1_292' title='bbox 629 2264 787 2320; x_wconf 91' lang='lat' dir='ltr'><strong>quam</strong></span> <span class='ocrx_word' id='word_1_293' title='bbox 810 2248 1037 2316; x_wconf 82' lang='lat' dir='ltr'><strong>animal,</strong></span> <span class='ocrx_word' id='word_1_294' title='bbox 1052 2250 1215 2304; x_wconf 89' lang='lat' dir='ltr'><strong>scnsu</strong></span> <span class='ocrx_word' id='word_1_295' title='bbox 1237 2262 1448 2319; x_wconf 91' lang='lat' dir='ltr'><strong>quoque</strong></span> <span class='ocrx_word' id='word_1_296' title='bbox 1472 2262 1592 2303; x_wconf 89' lang='lat' dir='ltr'><strong>esse</strong></span> <span class='ocrx_word' id='word_1_297' title='bbox 1610 2249 1787 2318; x_wconf 84' lang='lat' dir='ltr'><strong>priora</strong></span> 
     </span>
    </p>
   </div>
   <div class='ocr_carea' id='block_1_39' title="bbox 207 2341 1789 2415">
    <p class='ocr_par' dir='ltr' id='par_1_39' title="bbox 207 2341 1789 2415">
     <span class='ocr_line' id='line_1_39' title="bbox 207 2341 1789 2415; baseline -0.003 -14"><span class='ocrx_word' id='word_1_298' title='bbox 207 2358 432 2401; x_wconf 90' lang='lat' dir='ltr'><strong>necesse</strong></span> <span class='ocrx_word' id='word_1_299' title='bbox 460 2352 560 2414; x_wconf 88' lang='lat' dir='ltr'><strong>est,</strong></span> <span class='ocrx_word' id='word_1_300' title='bbox 592 2342 846 2415; x_wconf 88' lang='lat' dir='ltr'><strong>quocirca</strong></span> <span class='ocrx_word' id='word_1_301' title='bbox 885 2342 1151 2398; x_wconf 85' lang='lat' dir='ltr'><strong>conclusit</strong></span> <span class='ocrx_word' id='word_1_302' title='bbox 1175 2341 1400 2398; x_wconf 90' lang='lat' dir='ltr'><strong>dicens:</strong></span> <span class='ocrx_word' id='word_1_303' title='bbox 1434 2341 1610 2409; x_wconf 87' lang='lat' dir='ltr'><strong>Quare</strong></span> <span class='ocrx_word' id='word_1_304' title='bbox 1638 2341 1789 2413; x_wconf 89' lang='lat' dir='ltr'><strong>prius</strong></span> 
     </span>
    </p>
   </div>
   <div class='ocr_carea' id='block_1_40' title="bbox 209 2432 1791 2506">
    <p class='ocr_par' dir='ltr' id='par_1_40' title="bbox 209 2432 1791 2506">
     <span class='ocr_line' id='line_1_40' title="bbox 209 2432 1791 2506; baseline -0.003 -15"><span class='ocrx_word' id='word_1_305' title='bbox 209 2450 368 2506; x_wconf 90' lang='lat' dir='ltr'><strong>quam</strong></span> <span class='ocrx_word' id='word_1_306' title='bbox 388 2448 579 2490; x_wconf 89' lang='lat' dir='ltr'><strong>sensus</strong></span> <span class='ocrx_word' id='word_1_307' title='bbox 601 2433 855 2490; x_wconf 86' lang='lat' dir='ltr'><strong>sensibile</strong></span> <span class='ocrx_word' id='word_1_308' title='bbox 872 2447 993 2490; x_wconf 86' lang='lat' dir='ltr'><strong>esse</strong></span> <span class='ocrx_word' id='word_1_309' title='bbox 1014 2433 1242 2489; x_wconf 91' lang='lat' dir='ltr'><strong>videtur.</strong></span> <span class='ocrx_word' id='word_1_310' title='bbox 1268 2432 1375 2490; x_wconf 90' lang='lat' dir='ltr'><strong>Sed</strong></span> <span class='ocrx_word' id='word_1_311' title='bbox 1391 2433 1632 2503; x_wconf 88' lang='lat' dir='ltr'><strong>quidam,</strong></span> <span class='ocrx_word' id='word_1_312' title='bbox 1655 2448 1791 2503; x_wconf 90' lang='lat' dir='ltr'><strong>quo-</strong></span> 
     </span>
    </p>
   </div>
   <div class='ocr_carea' id='block_1_41' title="bbox 212 2525 1793 2599">
    <p class='ocr_par' dir='ltr' id='par_1_41' title="bbox 212 2525 1793 2599">
     <span class='ocr_line' id='line_1_41' title="bbox 212 2525 1793 2599; baseline -0.002 -15"><span class='ocrx_word' id='word_1_313' title='bbox 212 2543 334 2584; x_wconf 89' lang='lat' dir='ltr'><strong>rum</strong></span> <span class='ocrx_word' id='word_1_314' title='bbox 364 2527 691 2599; x_wconf 86' lang='lat' dir='ltr'><strong>Porphyrius</strong></span> <span class='ocrx_word' id='word_1_315' title='bbox 715 2541 928 2598; x_wconf 89' lang='lat' dir='ltr'><strong>quoque</strong></span> <span class='ocrx_word' id='word_1_316' title='bbox 955 2540 1095 2582; x_wconf 91' lang='lat' dir='ltr'><strong>unus</strong></span> <span class='ocrx_word' id='word_1_317' title='bbox 1124 2534 1231 2593; x_wconf 89' lang='lat' dir='ltr'><strong>est,</strong></span> <span class='ocrx_word' id='word_1_318' title='bbox 1256 2536 1500 2582; x_wconf 88' lang='lat' dir='ltr'><strong>astruunt</strong></span> <span class='ocrx_word' id='word_1_319' title='bbox 1531 2526 1586 2582; x_wconf 93' lang='lat' dir='ltr'><strong>in</strong></span> <span class='ocrx_word' id='word_1_320' title='bbox 1615 2525 1793 2581; x_wconf 88' lang='lat' dir='ltr'><strong>omni-</strong></span> 
     </span>
    </p>
   </div>
   <div class='ocr_carea' id='block_1_42' title="bbox 210 2615 1792 2697">
    <p class='ocr_par' dir='ltr' id='par_1_42' title="bbox 210 2615 1792 2697">
     <span class='ocr_line' id='line_1_42' title="bbox 210 2615 1792 2697; baseline -0.004 -20"><span class='ocrx_word' id='word_1_321' title='bbox 210 2619 314 2691; x_wconf 86' lang='lat' dir='ltr'><strong>bus</strong></span> <span class='ocrx_word' id='word_1_322' title='bbox 340 2635 523 2697; x_wconf 84' lang='lat' dir='ltr'><strong>verum</strong></span> <span class='ocrx_word' id='word_1_323' title='bbox 544 2632 671 2687; x_wconf 84' lang='lat' dir='ltr'><strong>esse</strong></span> <span class='ocrx_word' id='word_1_324' title='bbox 698 2618 953 2686; x_wconf 90' lang='lat' dir='ltr'><strong>relativis,</strong></span> <span class='ocrx_word' id='word_1_325' title='bbox 982 2626 1041 2673; x_wconf 90' lang='lat' dir='ltr'><strong>ut</strong></span> <span class='ocrx_word' id='word_1_326' title='bbox 1066 2618 1223 2674; x_wconf 90' lang='lat' dir='ltr'><strong>simul</strong></span> <span class='ocrx_word' id='word_1_327' title='bbox 1248 2626 1440 2673; x_wconf 88' lang='lat' dir='ltr'><strong>natura</strong></span> <span class='ocrx_word' id='word_1_328' title='bbox 1461 2618 1592 2684; x_wconf 90' lang='lat' dir='ltr'><strong>sint,</strong></span> <span class='ocrx_word' id='word_1_329' title='bbox 1622 2615 1792 2672; x_wconf 85' lang='lat' dir='ltr'><strong>veluti</strong></span> 
     </span>
    </p>
   </div>
   <div class='ocr_carea' id='block_1_43' title="bbox 211 2709 1796 2784">
    <p class='ocr_par' dir='ltr' id='par_1_43' title="bbox 211 2709 1796 2784">
     <span class='ocr_line' id='line_1_43' title="bbox 211 2709 1796 2784; baseline -0.004 -15"><span class='ocrx_word' id='word_1_330' title='bbox 211 2713 629 2784; x_wconf 17' lang='lat' dir='ltr'><strong>ipsum‘quoque</strong></span> <span class='ocrx_word' id='word_1_331' title='bbox 661 2725 879 2768; x_wconf 87' lang='lat' dir='ltr'><strong>sensum</strong></span> <span class='ocrx_word' id='word_1_332' title='bbox 914 2718 970 2766; x_wconf 86' lang='lat' dir='ltr'><strong>et</strong></span> <span class='ocrx_word' id='word_1_333' title='bbox 1014 2709 1293 2766; x_wconf 87' lang='lat' dir='ltr'><strong>scientiam</strong></span> <span class='ocrx_word' id='word_1_334' title='bbox 1336 2723 1445 2765; x_wconf 94' lang='lat' dir='ltr'><strong>non</strong></span> <span class='ocrx_word' id='word_1_335' title='bbox 1485 2709 1796 2780; x_wconf 65' lang='lat' dir='ltr'><strong>praecedere</strong></span> 
     </span>
    </p>
   </div>
   <div class='ocr_carea' id='block_1_44' title="bbox 214 2801 1865 2875">
    <p class='ocr_par' dir='ltr' id='par_1_44' title="bbox 214 2801 1865 2875">
     <span class='ocr_line' id='line_1_44' title="bbox 214 2801 1865 2875; baseline -0.002 -17"><span class='ocrx_word' id='word_1_336' title='bbox 214 2803 579 2875; x_wconf 87' lang='lat' dir='ltr'><strong>scibileatque</strong></span> <span class='ocrx_word' id='word_1_337' title='bbox 601 2801 880 2870; x_wconf 87' lang='lat' dir='ltr'><strong>sensibile,</strong></span> <span class='ocrx_word' id='word_1_338' title='bbox 895 2801 990 2858; x_wconf 91' lang='lat' dir='ltr'><strong>sed</strong></span> <span class='ocrx_word' id='word_1_339' title='bbox 1014 2802 1171 2857; x_wconf 91' lang='lat' dir='ltr'><strong>simul</strong></span> <span class='ocrx_word' id='word_1_340' title='bbox 1196 2815 1335 2869; x_wconf 86' lang='lat' dir='ltr'><strong>esse,</strong></span> <span class='ocrx_word' id='word_1_341' title='bbox 1357 2816 1515 2871; x_wconf 90' lang='lat' dir='ltr'><strong>quam</strong></span> <span class='ocrx_word' id='word_1_342' title='bbox 1543 2801 1795 2872; x_wconf 89' lang='lat' dir='ltr'><strong>quoniam</strong></span> <span class='ocrx_word' id='word_1_343' title='bbox 1862 2810 1865 2811; x_wconf 71' lang='lat'><strong><em>&#39;</em></strong></span> 
     </span>
    </p>
   </div>
   <div class='ocr_carea' id='block_1_45' title="bbox 215 2892 1793 2965">
    <p class='ocr_par' dir='ltr' id='par_1_45' title="bbox 215 2892 1793 2965">
     <span class='ocr_line' id='line_1_45' title="bbox 215 2892 1793 2965; baseline -0.003 -14"><span class='ocrx_word' id='word_1_344' title='bbox 215 2894 395 2952; x_wconf 86' lang='lat' dir='ltr'><strong>brevis</strong></span> <span class='ocrx_word' id='word_1_345' title='bbox 423 2902 505 2950; x_wconf 91' lang='lat' dir='ltr'><strong>est</strong></span> <span class='ocrx_word' id='word_1_346' title='bbox 526 2894 716 2962; x_wconf 90' lang='lat' dir='ltr'><strong>oratio,</strong></span> <span class='ocrx_word' id='word_1_347' title='bbox 746 2907 850 2949; x_wconf 93' lang='lat' dir='ltr'><strong>non</strong></span> <span class='ocrx_word' id='word_1_348' title='bbox 872 2893 1134 2965; x_wconf 68' lang='lat' dir='ltr'><strong>gravabor</strong></span> <span class='ocrx_word' id='word_1_349' title='bbox 1164 2907 1455 2963; x_wconf 89' lang='lat' dir='ltr'><strong>apponere.</strong></span> <span class='ocrx_word' id='word_1_350' title='bbox 1488 2892 1578 2948; x_wconf 83' lang='lat' dir='ltr'><strong>Ait</strong></span> <span class='ocrx_word' id='word_1_351' title='bbox 1605 2892 1750 2948; x_wconf 86' lang='lat' dir='ltr'><strong>enim</strong></span> <span class='ocrx_word' id='word_1_352' title='bbox 1776 2908 1793 2947; x_wconf 92' lang='lat'><strong>:</strong></span> 
     </span>
    </p>
   </div>
   <div class='ocr_carea' id='block_1_46' title="bbox 214 2984 1797 3058">
    <p class='ocr_par' dir='ltr' id='par_1_46' title="bbox 214 2984 1797 3058">
     <span class='ocr_line' id='line_1_46' title="bbox 214 2984 1797 3058; baseline -0.003 -15"><span class='ocrx_word' id='word_1_353' title='bbox 214 2986 277 3043; x_wconf 87' lang='lat' dir='ltr'><strong>Si</strong></span> <span class='ocrx_word' id='word_1_354' title='bbox 305 2986 589 3058; x_wconf 79' lang='lat' dir='ltr'><strong>cujuslibet</strong></span> <span class='ocrx_word' id='word_1_355' title='bbox 611 2986 833 3042; x_wconf 88' lang='lat' dir='ltr'><strong>scientia</strong></span> <span class='ocrx_word' id='word_1_356' title='bbox 856 3000 964 3042; x_wconf 92' lang='lat' dir='ltr'><strong>non</strong></span> <span class='ocrx_word' id='word_1_357' title='bbox 994 2985 1087 3051; x_wconf 89' lang='lat' dir='ltr'><strong>sit,</strong></span> <span class='ocrx_word' id='word_1_358' title='bbox 1115 2985 1289 3055; x_wconf 91' lang='lat' dir='ltr'><strong>ipsum</strong></span> <span class='ocrx_word' id='word_1_359' title='bbox 1312 2984 1453 3056; x_wconf 90' lang='lat' dir='ltr'><strong>quod</strong></span> <span class='ocrx_word' id='word_1_360' title='bbox 1483 3000 1576 3054; x_wconf 90' lang='lat' dir='ltr'><strong>per</strong></span> <span class='ocrx_word' id='word_1_361' title='bbox 1605 2999 1665 3040; x_wconf 92' lang='lat' dir='ltr'><strong>se</strong></span> <span class='ocrx_word' id='word_1_362' title='bbox 1695 2999 1797 3054; x_wconf 88' lang='lat' dir='ltr'><strong>po-</strong></span> 
     </span>
    </p>
   </div>
   <div class='ocr_carea' id='block_1_47' title="bbox 217 3076 1799 3148">
    <p class='ocr_par' dir='ltr' id='par_1_47' title="bbox 217 3076 1799 3148">
     <span class='ocr_line' id='line_1_47' title="bbox 217 3076 1799 3148; baseline -0.003 -13"><span class='ocrx_word' id='word_1_363' title='bbox 217 3077 351 3135; x_wconf 86' lang='lat' dir='ltr'><strong>terit</strong></span> <span class='ocrx_word' id='word_1_364' title='bbox 378 3092 691 3148; x_wconf 87' lang='lat' dir='ltr'><strong>permanere</strong></span> <span class='ocrx_word' id='word_1_365' title='bbox 726 3077 915 3133; x_wconf 90' lang='lat' dir='ltr'><strong>scibile</strong></span> <span class='ocrx_word' id='word_1_366' title='bbox 944 3092 1066 3133; x_wconf 87' lang='lat' dir='ltr'><strong>esse</strong></span> <span class='ocrx_word' id='word_1_367' title='bbox 1091 3092 1196 3133; x_wconf 94' lang='lat' dir='ltr'><strong>non</strong></span> <span class='ocrx_word' id='word_1_368' title='bbox 1244 3078 1468 3147; x_wconf 89' lang='lat' dir='ltr'><strong>poterit,</strong></span> <span class='ocrx_word' id='word_1_369' title='bbox 1499 3087 1555 3132; x_wconf 86' lang='lat' dir='ltr'><strong>ut</strong></span> <span class='ocrx_word' id='word_1_370' title='bbox 1597 3078 1642 3132; x_wconf 89' lang='lat' dir='ltr'><strong>si</strong></span> <span class='ocrx_word' id='word_1_371' title='bbox 1685 3076 1799 3131; x_wconf 82' lang='lat' dir='ltr'><strong>for-</strong></span> 
     </span>
    </p>
   </div>
   <div class='ocr_carea' id='block_1_48' title="bbox 1889 1895 3474 1979">
    <p class='ocr_par' dir='ltr' id='par_1_48' title="bbox 1889 1895 3474 1979">
     <span class='ocr_line' id='line_1_48' title="bbox 1889 1895 3474 1979; baseline -0.001 -26"><span class='ocrx_word' id='word_1_372' title='bbox 1889 1897 2099 1979; x_wconf 59' lang='lat' dir='ltr'><strong>stantiaf.</strong></span> <span class='ocrx_word' id='word_1_373' title='bbox 2140 1897 2310 1954; x_wconf 87' lang='lat' dir='ltr'><strong>videri</strong></span> <span class='ocrx_word' id='word_1_374' title='bbox 2338 1912 2460 1954; x_wconf 86' lang='lat' dir='ltr'><strong>esse</strong></span> <span class='ocrx_word' id='word_1_375' title='bbox 2504 1897 2934 1968; x_wconf 70' lang='lat' dir='ltr'><strong>relativre;quod</strong></span> <span class='ocrx_word' id='word_1_376' title='bbox 2964 1897 3008 1952; x_wconf 92' lang='lat' dir='ltr'><strong>si</strong></span> <span class='ocrx_word' id='word_1_377' title='bbox 3034 1895 3126 1965; x_wconf 88' lang='lat' dir='ltr'><strong>sit,</strong></span> <span class='ocrx_word' id='word_1_378' title='bbox 3158 1896 3474 1952; x_wconf 75' lang='lat' dir='ltr'><strong>substantias</strong></span> 
     </span>
    </p>
   </div>
   <div class='ocr_carea' id='block_1_49' title="bbox 1888 1988 3474 2047">
    <p class='ocr_par' dir='ltr' id='par_1_49' title="bbox 1888 1988 3474 2047">
     <span class='ocr_line' id='line_1_49' title="bbox 1888 1988 3474 2047; baseline -0.003 -1"><span class='ocrx_word' id='word_1_379' title='bbox 1888 1991 1945 2046; x_wconf 90' lang='lat' dir='ltr'><strong>in</strong></span> <span class='ocrx_word' id='word_1_380' title='bbox 1970 1989 2347 2047; x_wconf 83' lang='lat' dir='ltr'><strong>dillinitionem</strong></span> <span class='ocrx_word' id='word_1_381' title='bbox 2368 1990 2723 2046; x_wconf 82' lang='lat' dir='ltr'><strong>accidentium</strong></span> <span class='ocrx_word' id='word_1_382' title='bbox 2750 1998 3043 2044; x_wconf 70' lang='lat' dir='ltr'><strong>transerunt.</strong></span> <span class='ocrx_word' id='word_1_383' title='bbox 3068 1988 3199 2044; x_wconf 89' lang='lat' dir='ltr'><strong>Nam</strong></span> <span class='ocrx_word' id='word_1_384' title='bbox 3222 2003 3341 2043; x_wconf 84' lang='lat' dir='ltr'><strong>cum</strong></span> <span class='ocrx_word' id='word_1_385' title='bbox 3364 1988 3474 2043; x_wconf 86' lang='lat' dir='ltr'><strong>sint</strong></span> 
     </span>
    </p>
   </div>
   <div class='ocr_carea' id='block_1_50' title="bbox 1868 2081 3475 2153">
    <p class='ocr_par' dir='ltr' id='par_1_50' title="bbox 1868 2081 3475 2153">
     <span class='ocr_line' id='line_1_50' title="bbox 1868 2081 3475 2153; baseline -0.001 -16"><span class='ocrx_word' id='word_1_386' title='bbox 1868 2083 2189 2139; x_wconf 82' lang='lat' dir='ltr'><strong>accidentia</strong></span> <span class='ocrx_word' id='word_1_387' title='bbox 2220 2083 2470 2151; x_wconf 88' lang='lat' dir='ltr'><strong>relativa,</strong></span> <span class='ocrx_word' id='word_1_388' title='bbox 2497 2084 2542 2139; x_wconf 89' lang='lat' dir='ltr'><strong>si</strong></span> <span class='ocrx_word' id='word_1_389' title='bbox 2572 2098 2705 2153; x_wconf 88' lang='lat' dir='ltr'><strong>quas</strong></span> <span class='ocrx_word' id='word_1_390' title='bbox 2729 2083 3057 2139; x_wconf 89' lang='lat' dir='ltr'><strong>substantias</strong></span> <span class='ocrx_word' id='word_1_391' title='bbox 3080 2081 3330 2137; x_wconf 88' lang='lat' dir='ltr'><strong>relativas</strong></span> <span class='ocrx_word' id='word_1_392' title='bbox 3354 2096 3475 2136; x_wconf 88' lang='lat' dir='ltr'><strong>esse</strong></span> 
     </span>
    </p>
   </div>
   <div class='ocr_carea' id='block_1_51' title="bbox 1891 2173 3476 2246">
    <p class='ocr_par' dir='ltr' id='par_1_51' title="bbox 1891 2173 3476 2246">
     <span class='ocr_line' id='line_1_51' title="bbox 1891 2173 3476 2246; baseline -0.002 -16"><span class='ocrx_word' id='word_1_393' title='bbox 1891 2175 2256 2243; x_wconf 88' lang='lat' dir='ltr'><strong>concedimus,</strong></span> <span class='ocrx_word' id='word_1_394' title='bbox 2293 2176 2346 2230; x_wconf 90' lang='lat' dir='ltr'><strong>in</strong></span> <span class='ocrx_word' id='word_1_395' title='bbox 2370 2175 2724 2231; x_wconf 89' lang='lat' dir='ltr'><strong>accidentium</strong></span> <span class='ocrx_word' id='word_1_396' title='bbox 2764 2190 2987 2230; x_wconf 90' lang='lat' dir='ltr'><strong>numero</strong></span> <span class='ocrx_word' id='word_1_397' title='bbox 3032 2173 3305 2246; x_wconf 89' lang='lat' dir='ltr'><strong>ponendas</strong></span> <span class='ocrx_word' id='word_1_398' title='bbox 3354 2187 3476 2228; x_wconf 89' lang='lat' dir='ltr'><strong>esse</strong></span> 
     </span>
    </p>
   </div>
   <div class='ocr_carea' id='block_1_52' title="bbox 1891 2264 3476 2333">
    <p class='ocr_par' dir='ltr' id='par_1_52' title="bbox 1891 2264 3476 2333">
     <span class='ocr_line' id='line_1_52' title="bbox 1891 2264 3476 2333; baseline -0.001 -14"><span class='ocrx_word' id='word_1_399' title='bbox 1891 2264 2255 2333; x_wconf 89' lang='lat' dir='ltr'><strong>censebimus,</strong></span> <span class='ocrx_word' id='word_1_400' title='bbox 2288 2265 2383 2321; x_wconf 88' lang='lat' dir='ltr'><strong>sed</strong></span> <span class='ocrx_word' id='word_1_401' title='bbox 2424 2266 2525 2320; x_wconf 89' lang='lat' dir='ltr'><strong>hoc</strong></span> <span class='ocrx_word' id='word_1_402' title='bbox 2551 2266 2880 2321; x_wconf 86' lang='lat' dir='ltr'><strong>contrarium</strong></span> <span class='ocrx_word' id='word_1_403' title='bbox 2920 2274 3021 2320; x_wconf 90' lang='lat' dir='ltr'><strong>est.</strong></span> <span class='ocrx_word' id='word_1_404' title='bbox 3072 2265 3127 2321; x_wconf 90' lang='lat' dir='ltr'><strong>Si</strong></span> <span class='ocrx_word' id='word_1_405' title='bbox 3166 2265 3308 2319; x_wconf 87' lang='lat' dir='ltr'><strong>enim</strong></span> <span class='ocrx_word' id='word_1_406' title='bbox 3350 2264 3476 2318; x_wconf 89' lang='lat' dir='ltr'><strong>sub-</strong></span> 
     </span>
    </p>
   </div>
   <div class='ocr_carea' id='block_1_53' title="bbox 1893 2355 3465 2427">
    <p class='ocr_par' dir='ltr' id='par_1_53' title="bbox 1893 2355 3465 2427">
     <span class='ocr_line' id='line_1_53' title="bbox 1893 2355 3465 2427; baseline -0.001 -16"><span class='ocrx_word' id='word_1_407' title='bbox 1893 2357 2089 2412; x_wconf 87' lang='lat' dir='ltr'><strong>stantia</strong></span> <span class='ocrx_word' id='word_1_408' title='bbox 2120 2357 2171 2411; x_wconf 92' lang='lat' dir='ltr'><strong>in</strong></span> <span class='ocrx_word' id='word_1_409' title='bbox 2199 2357 2444 2427; x_wconf 84' lang='lat' dir='ltr'><strong>subjecto</strong></span> <span class='ocrx_word' id='word_1_410' title='bbox 2479 2372 2584 2412; x_wconf 93' lang='lat' dir='ltr'><strong>non</strong></span> <span class='ocrx_word' id='word_1_411' title='bbox 2613 2366 2718 2424; x_wconf 65' lang='lat' dir='ltr'><strong>est,</strong></span> <span class='ocrx_word' id='word_1_412' title='bbox 2752 2356 3003 2412; x_wconf 90' lang='lat' dir='ltr'><strong>accidens</strong></span> <span class='ocrx_word' id='word_1_413' title='bbox 3033 2365 3211 2411; x_wconf 89' lang='lat' dir='ltr'><strong>autem</strong></span> <span class='ocrx_word' id='word_1_414' title='bbox 3248 2356 3300 2409; x_wconf 90' lang='lat' dir='ltr'><strong>in</strong></span> <span class='ocrx_word' id='word_1_415' title='bbox 3348 2355 3465 2410; x_wconf 83' lang='lat' dir='ltr'><strong>sub-</strong></span> 
     </span>
    </p>
   </div>
   <div class='ocr_carea' id='block_1_54' title="bbox 1890 2448 3479 2519">
    <p class='ocr_par' dir='ltr' id='par_1_54' title="bbox 1890 2448 3479 2519">
     <span class='ocr_line' id='line_1_54' title="bbox 1890 2448 3479 2519; baseline -0.001 -14"><span class='ocrx_word' id='word_1_416' title='bbox 1890 2449 2037 2519; x_wconf 89' lang='lat' dir='ltr'><strong>jecto</strong></span> <span class='ocrx_word' id='word_1_417' title='bbox 2064 2458 2167 2515; x_wconf 91' lang='lat' dir='ltr'><strong>est,</strong></span> <span class='ocrx_word' id='word_1_418' title='bbox 2199 2450 2287 2519; x_wconf 90' lang='lat' dir='ltr'><strong>qui</strong></span> <span class='ocrx_word' id='word_1_419' title='bbox 2333 2450 2450 2505; x_wconf 89' lang='lat' dir='ltr'><strong>lieri</strong></span> <span class='ocrx_word' id='word_1_420' title='bbox 2492 2459 2667 2519; x_wconf 81' lang='lat' dir='ltr'><strong>potest</strong></span> <span class='ocrx_word' id='word_1_421' title='bbox 2694 2459 2750 2503; x_wconf 93' lang='lat' dir='ltr'><strong>ut</strong></span> <span class='ocrx_word' id='word_1_422' title='bbox 2779 2449 2918 2505; x_wconf 88' lang='lat' dir='ltr'><strong>idem</strong></span> <span class='ocrx_word' id='word_1_423' title='bbox 2949 2457 3004 2504; x_wconf 91' lang='lat' dir='ltr'><strong>et</strong></span> <span class='ocrx_word' id='word_1_424' title='bbox 3039 2449 3090 2503; x_wconf 94' lang='lat' dir='ltr'><strong>in</strong></span> <span class='ocrx_word' id='word_1_425' title='bbox 3130 2448 3370 2518; x_wconf 82' lang='lat' dir='ltr'><strong>subjecto</strong></span> <span class='ocrx_word' id='word_1_426' title='bbox 3408 2451 3479 2503; x_wconf 85' lang='lat' dir='ltr'><strong>sit</strong></span> 
     </span>
    </p>
   </div>
   <div class='ocr_carea' id='block_1_55' title="bbox 1878 2541 3478 2615">
    <p class='ocr_par' dir='ltr' id='par_1_55' title="bbox 1878 2541 3478 2615">
     <span class='ocr_line' id='line_1_55' title="bbox 1878 2541 3478 2615; baseline 0 -18"><span class='ocrx_word' id='word_1_427' title='bbox 1878 2553 1951 2615; x_wconf 9' lang='lat' dir='ltr'><strong>{et</strong></span> <span class='ocrx_word' id='word_1_428' title='bbox 1980 2544 2031 2597; x_wconf 90' lang='lat' dir='ltr'><strong>in</strong></span> <span class='ocrx_word' id='word_1_429' title='bbox 2063 2541 2304 2613; x_wconf 86' lang='lat' dir='ltr'><strong>subjecto</strong></span> <span class='ocrx_word' id='word_1_430' title='bbox 2334 2557 2440 2598; x_wconf 92' lang='lat' dir='ltr'><strong>non</strong></span> <span class='ocrx_word' id='word_1_431' title='bbox 2478 2543 2579 2598; x_wconf 83' lang='lat' dir='ltr'><strong>sit?</strong></span> <span class='ocrx_word' id='word_1_432' title='bbox 2610 2542 2799 2598; x_wconf 90' lang='lat' dir='ltr'><strong>Utrum</strong></span> <span class='ocrx_word' id='word_1_433' title='bbox 2836 2550 3012 2597; x_wconf 88' lang='lat' dir='ltr'><strong>autem</strong></span> <span class='ocrx_word' id='word_1_434' title='bbox 3040 2542 3208 2612; x_wconf 87' lang='lat' dir='ltr'><strong>possit</strong></span> <span class='ocrx_word' id='word_1_435' title='bbox 3231 2541 3478 2613; x_wconf 64' lang='lat' dir='ltr'><strong>quasdam</strong></span> 
     </span>
    </p>
   </div>
   <div class='ocr_carea' id='block_1_56' title="bbox 1896 2633 3479 2704">
    <p class='ocr_par' dir='ltr' id='par_1_56' title="bbox 1896 2633 3479 2704">
     <span class='ocr_line' id='line_1_56' title="bbox 1896 2633 3479 2704; baseline -0.001 -15"><span class='ocrx_word' id='word_1_436' title='bbox 1896 2634 2190 2690; x_wconf 82' lang='lat' dir='ltr'><strong>substantia</strong></span> <span class='ocrx_word' id='word_1_437' title='bbox 2209 2634 2563 2691; x_wconf 89' lang='lat' dir='ltr'><strong>accidentium</strong></span> <span class='ocrx_word' id='word_1_438' title='bbox 2585 2634 2861 2704; x_wconf 84' lang='lat' dir='ltr'><strong>suscipere</strong></span> <span class='ocrx_word' id='word_1_439' title='bbox 2889 2635 3170 2699; x_wconf 89' lang='lat' dir='ltr'><strong>rationem,</strong></span> <span class='ocrx_word' id='word_1_440' title='bbox 3197 2634 3299 2689; x_wconf 88' lang='lat' dir='ltr'><strong>hoc</strong></span> <span class='ocrx_word' id='word_1_441' title='bbox 3317 2633 3479 2688; x_wconf 87' lang='lat' dir='ltr'><strong>modo</strong></span> 
     </span>
    </p>
   </div>
   <div class='ocr_carea' id='block_1_57' title="bbox 1897 2726 3482 2798">
    <p class='ocr_par' dir='ltr' id='par_1_57' title="bbox 1897 2726 3482 2798">
     <span class='ocr_line' id='line_1_57' title="bbox 1897 2726 3482 2798; baseline -0.001 -15"><span class='ocrx_word' id='word_1_442' title='bbox 1897 2730 2250 2798; x_wconf 65' lang='lat' dir='ltr'><strong>quaerendum</strong></span> <span class='ocrx_word' id='word_1_443' title='bbox 2298 2738 2401 2783; x_wconf 86' lang='lat' dir='ltr'><strong>est.</strong></span> <span class='ocrx_word' id='word_1_444' title='bbox 2462 2726 2657 2781; x_wconf 74' lang='lat' dir='ltr'><strong>Prima:</strong></span> <span class='ocrx_word' id='word_1_445' title='bbox 2710 2741 2938 2797; x_wconf 91' lang='lat' dir='ltr'><strong>namque</strong></span> <span class='ocrx_word' id='word_1_446' title='bbox 2986 2727 3295 2781; x_wconf 67' lang='lat' dir='ltr'><strong>substantiae</strong></span> <span class='ocrx_word' id='word_1_447' title='bbox 3352 2728 3482 2796; x_wconf 65' lang='lat' dir='ltr'><strong>ipsa</strong></span> 
     </span>
    </p>
   </div>
   <div class='ocr_carea' id='block_1_58' title="bbox 1897 2819 3482 2892">
    <p class='ocr_par' dir='ltr' id='par_1_58' title="bbox 1897 2819 3482 2892">
     <span class='ocr_line' id='line_1_58' title="bbox 1897 2819 3482 2892; baseline -0.002 -16"><span class='ocrx_word' id='word_1_448' title='bbox 1897 2821 2115 2892; x_wconf 91' lang='lat' dir='ltr'><strong>quidem</strong></span> <span class='ocrx_word' id='word_1_449' title='bbox 2145 2821 2208 2875; x_wconf 91' lang='lat' dir='ltr'><strong>ad</strong></span> <span class='ocrx_word' id='word_1_450' title='bbox 2226 2819 2424 2890; x_wconf 90' lang='lat' dir='ltr'><strong>aliquid</strong></span> <span class='ocrx_word' id='word_1_451' title='bbox 2452 2834 2557 2875; x_wconf 93' lang='lat' dir='ltr'><strong>non</strong></span> <span class='ocrx_word' id='word_1_452' title='bbox 2580 2819 2851 2887; x_wconf 86' lang='lat' dir='ltr'><strong>dicuntur,</strong></span> <span class='ocrx_word' id='word_1_453' title='bbox 2882 2834 3055 2890; x_wconf 88' lang='lat' dir='ltr'><strong>neque</strong></span> <span class='ocrx_word' id='word_1_454' title='bbox 3082 2827 3258 2890; x_wconf 88' lang='lat' dir='ltr'><strong>partes</strong></span> <span class='ocrx_word' id='word_1_455' title='bbox 3285 2820 3482 2890; x_wconf 62' lang='lat' dir='ltr'><strong>prima«</strong></span> 
     </span>
    </p>
   </div>
   <div class='ocr_carea' id='block_1_59' title="bbox 1896 2913 3481 2984">
    <p class='ocr_par' dir='ltr' id='par_1_59' title="bbox 1896 2913 3481 2984">
     <span class='ocr_line' id='line_1_59' title="bbox 1896 2913 3481 2984; baseline -0.001 -15"><span class='ocrx_word' id='word_1_456' title='bbox 1896 2931 2019 2970; x_wconf 84' lang='lat' dir='ltr'><strong>rum</strong></span> <span class='ocrx_word' id='word_1_457' title='bbox 2045 2914 2465 2970; x_wconf 57' lang='lat' dir='ltr'><strong>substantiarum’</strong></span> <span class='ocrx_word' id='word_1_458' title='bbox 2489 2927 2621 2984; x_wconf 88' lang='lat' dir='ltr'><strong>quas</strong></span> <span class='ocrx_word' id='word_1_459' title='bbox 2652 2913 2793 2983; x_wconf 89' lang='lat' dir='ltr'><strong>ipsas</strong></span> <span class='ocrx_word' id='word_1_460' title='bbox 2819 2928 3028 2984; x_wconf 88' lang='lat' dir='ltr'><strong>quoque</strong></span> <span class='ocrx_word' id='word_1_461' title='bbox 3055 2914 3106 2967; x_wconf 95' lang='lat' dir='ltr'><strong>in</strong></span> <span class='ocrx_word' id='word_1_462' title='bbox 3137 2914 3322 2982; x_wconf 89' lang='lat' dir='ltr'><strong>primis</strong></span> <span class='ocrx_word' id='word_1_463' title='bbox 3351 2914 3481 2968; x_wconf 91' lang='lat' dir='ltr'><strong>sub-</strong></span> 
     </span>
    </p>
   </div>
   <div class='ocr_carea' id='block_1_60' title="bbox 1900 3006 3484 3065">
    <p class='ocr_par' dir='ltr' id='par_1_60' title="bbox 1900 3006 3484 3065">
     <span class='ocr_line' id='line_1_60' title="bbox 1900 3006 3484 3065; baseline -0.003 0"><span class='ocrx_word' id='word_1_464' title='bbox 1900 3009 2117 3065; x_wconf 91' lang='lat' dir='ltr'><strong>stantiis</strong></span> <span class='ocrx_word' id='word_1_465' title='bbox 2148 3023 2510 3065; x_wconf 89' lang='lat' dir='ltr'><strong>numeramus.</strong></span> <span class='ocrx_word' id='word_1_466' title='bbox 2550 3008 2800 3064; x_wconf 87' lang='lat' dir='ltr'><strong>Socrates</strong></span> <span class='ocrx_word' id='word_1_467' title='bbox 2828 3008 2970 3064; x_wconf 92' lang='lat' dir='ltr'><strong>enim</strong></span> <span class='ocrx_word' id='word_1_468' title='bbox 3013 3023 3116 3062; x_wconf 83' lang='lat' dir='ltr'><strong>non</strong></span> <span class='ocrx_word' id='word_1_469' title='bbox 3147 3006 3340 3062; x_wconf 90' lang='lat' dir='ltr'><strong>dicitur</strong></span> <span class='ocrx_word' id='word_1_470' title='bbox 3382 3008 3484 3061; x_wconf 85' lang='lat' dir='ltr'><strong>ali-</strong></span> 
     </span>
    </p>
   </div>
   <div class='ocr_carea' id='block_1_61' title="bbox 1902 3100 3486 3173">
    <p class='ocr_par' dir='ltr' id='par_1_61' title="bbox 1902 3100 3486 3173">
     <span class='ocr_line' id='line_1_61' title="bbox 1902 3100 3486 3173; baseline -0.001 -15"><span class='ocrx_word' id='word_1_471' title='bbox 1902 3102 2055 3173; x_wconf 84' lang='lat' dir='ltr'><strong>cujus</strong></span> <span class='ocrx_word' id='word_1_472' title='bbox 2092 3101 2281 3171; x_wconf 87' lang='lat' dir='ltr'><strong>aliquis</strong></span> <span class='ocrx_word' id='word_1_473' title='bbox 2326 3102 2597 3166; x_wconf 89' lang='lat' dir='ltr'><strong>Socrates,</strong></span> <span class='ocrx_word' id='word_1_474' title='bbox 2641 3116 2741 3156; x_wconf 85' lang='lat' dir='ltr'><strong>nec</strong></span> <span class='ocrx_word' id='word_1_475' title='bbox 2798 3102 2957 3156; x_wconf 84' lang='lat' dir='ltr'><strong>homo</strong></span> <span class='ocrx_word' id='word_1_476' title='bbox 3012 3100 3235 3170; x_wconf 85' lang='lat' dir='ltr'><strong>alicujus</strong></span> <span class='ocrx_word' id='word_1_477' title='bbox 3296 3101 3486 3171; x_wconf 86' lang='lat' dir='ltr'><strong>aliquis</strong></span> 
     </span>
    </p>
   </div>
   <div class='ocr_carea' id='block_1_62' title="bbox 200 3156 3487 3265">
    <p class='ocr_par' dir='ltr' id='par_1_62' title="bbox 200 3156 3487 3265">
     <span class='ocr_line' id='line_1_62' title="bbox 200 3156 3487 3265; baseline -0.002 -38"><span class='ocrx_word' id='word_1_478' title='bbox 200 3184 432 3247; x_wconf 78' lang='lat' dir='ltr'><strong>tuarum</strong></span> <span class='ocrx_word' id='word_1_479' title='bbox 461 3170 681 3265; x_wconf 84' lang='lat' dir='ltr'><strong>scientia</strong></span> <span class='ocrx_word' id='word_1_480' title='bbox 712 3178 935 3265; x_wconf 52' lang='lat' dir='ltr'><strong>pereat,‘</strong></span> <span class='ocrx_word' id='word_1_481' title='bbox 953 3170 1083 3241; x_wconf 62' lang='lat' dir='ltr'><strong>ipse</strong></span> <span class='ocrx_word' id='word_1_482' title='bbox 1108 3168 1338 3227; x_wconf 80' lang='lat' dir='ltr'><strong>fortasse</strong></span> <span class='ocrx_word' id='word_1_483' title='bbox 1373 3170 1557 3265; x_wconf 66' lang='lat' dir='ltr'><strong>formae</strong></span> <span class='ocrx_word' id='word_1_484' title='bbox 1582 3184 1800 3265; x_wconf 88' lang='lat' dir='ltr'><strong>perma-</strong></span> <span class='ocrx_word' id='word_1_485' title='bbox 1824 3156 1873 3222; x_wconf 89' lang='lat' dir='ltr'><strong>C</strong></span> <span class='ocrx_word' id='word_1_486' title='bbox 1906 3156 2089 3261; x_wconf 53' lang='lat' dir='ltr'><strong>ho&#39;mo’</strong></span> <span class='ocrx_word' id='word_1_487' title='bbox 2120 3156 2219 3251; x_wconf 55' lang='grc' dir='ltr'><strong>πέρ</strong></span> <span class='ocrx_word' id='word_1_488' title='bbox 2244 3194 2341 3249; x_wconf 71' lang='lat' dir='ltr'><strong>bos</strong></span> <span class='ocrx_word' id='word_1_489' title='bbox 2362 3194 2589 3262; x_wconf 65' lang='lat' dir='ltr'><strong>alicujus</strong></span> <span class='ocrx_word' id='word_1_490' title='bbox 2610 3193 2802 3264; x_wconf 64' lang='lat' dir='ltr'><strong>aliquis</strong></span> <span class='ocrx_word' id='word_1_491' title='bbox 2824 3194 2939 3261; x_wconf 50' lang='lat' dir='ltr'><strong>bos,</strong></span> <span class='ocrx_word' id='word_1_492' title='bbox 2975 3156 3355 3265; x_wconf 60' lang='lat' dir='ltr'><strong>neque&#39;pams</strong></span> <span class='ocrx_word' id='word_1_493' title='bbox 3381 3156 3487 3263; x_wconf 61' lang='grc' dir='ltr'><strong>ίπί,</strong></span> 
     </span>
    </p>
   </div>
   <div class='ocr_carea' id='block_1_63' title="bbox 218 3247 1801 3334">
    <p class='ocr_par' dir='ltr' id='par_1_63' title="bbox 218 3247 1801 3334">
     <span class='ocr_line' id='line_1_63' title="bbox 218 3247 1801 3334; baseline -0.001 -14"><span class='ocrx_word' id='word_1_494' title='bbox 218 3272 403 3327; x_wconf 88' lang='lat' dir='ltr'><strong>neant,</strong></span> <span class='ocrx_word' id='word_1_495' title='bbox 431 3270 592 3334; x_wconf 86' lang='lat' dir='ltr'><strong>atque</strong></span> <span class='ocrx_word' id='word_1_496' title='bbox 614 3262 665 3317; x_wconf 91' lang='lat' dir='ltr'><strong>in</strong></span> <span class='ocrx_word' id='word_1_497' title='bbox 685 3263 865 3333; x_wconf 88' lang='lat' dir='ltr'><strong>priore</strong></span> <span class='ocrx_word' id='word_1_498' title='bbox 892 3247 1081 3318; x_wconf 63' lang='lat' dir='ltr'><strong>n&#39;atura</strong></span> <span class='ocrx_word' id='word_1_499' title='bbox 1101 3264 1424 3330; x_wconf 86' lang='lat' dir='ltr'><strong>consistant,</strong></span> <span class='ocrx_word' id='word_1_500' title='bbox 1445 3263 1658 3319; x_wconf 86' lang='lat' dir='ltr'><strong>scibiles</strong></span> <span class='ocrx_word' id='word_1_501' title='bbox 1674 3277 1801 3318; x_wconf 85' lang='lat' dir='ltr'><strong>vero</strong></span> 
     </span>
    </p>
   </div>
   <div class='ocr_carea' id='block_1_64' title="bbox 220 3353 1804 3439">
    <p class='ocr_par' dir='ltr' id='par_1_64' title="bbox 220 3353 1804 3439">
     <span class='ocr_line' id='line_1_64' title="bbox 220 3353 1804 3439; baseline -0.001 -26"><span class='ocrx_word' id='word_1_502' title='bbox 220 3369 332 3413; x_wconf 91' lang='lat' dir='ltr'><strong>non</strong></span> <span class='ocrx_word' id='word_1_503' title='bbox 359 3355 484 3412; x_wconf 91' lang='lat' dir='ltr'><strong>sint.</strong></span> <span class='ocrx_word' id='word_1_504' title='bbox 523 3353 656 3439; x_wconf 84' lang='lat' dir='ltr'><strong>Cum</strong></span> <span class='ocrx_word' id='word_1_505' title='bbox 685 3358 830 3412; x_wconf 88' lang='lat' dir='ltr'><strong>enim</strong></span> <span class='ocrx_word' id='word_1_506' title='bbox 858 3355 1080 3411; x_wconf 87' lang='lat' dir='ltr'><strong>scientia</strong></span> <span class='ocrx_word' id='word_1_507' title='bbox 1125 3372 1245 3427; x_wconf 69' lang='lat' dir='ltr'><strong>quas</strong></span> <span class='ocrx_word' id='word_1_508' title='bbox 1287 3356 1415 3412; x_wconf 89' lang='lat' dir='ltr'><strong>illud</strong></span> <span class='ocrx_word' id='word_1_509' title='bbox 1448 3358 1804 3427; x_wconf 86' lang='lat' dir='ltr'><strong>comprehen-</strong></span> 
     </span>
    </p>
   </div>
   <div class='ocr_carea' id='block_1_65' title="bbox 221 3448 1801 3519">
    <p class='ocr_par' dir='ltr' id='par_1_65' title="bbox 221 3448 1801 3519">
     <span class='ocr_line' id='line_1_65' title="bbox 221 3448 1801 3519; baseline 0 -16"><span class='ocrx_word' id='word_1_510' title='bbox 221 3448 355 3504; x_wconf 89' lang='lat' dir='ltr'><strong>dere</strong></span> <span class='ocrx_word' id='word_1_511' title='bbox 384 3449 572 3519; x_wconf 88' lang='lat' dir='ltr'><strong>possit,</strong></span> <span class='ocrx_word' id='word_1_512' title='bbox 600 3464 706 3504; x_wconf 91' lang='lat' dir='ltr'><strong>non</strong></span> <span class='ocrx_word' id='word_1_513' title='bbox 730 3450 821 3514; x_wconf 92' lang='lat' dir='ltr'><strong>sit,</strong></span> <span class='ocrx_word' id='word_1_514' title='bbox 844 3448 955 3518; x_wconf 91' lang='lat' dir='ltr'><strong>ipsa</strong></span> <span class='ocrx_word' id='word_1_515' title='bbox 979 3463 1191 3519; x_wconf 91' lang='lat' dir='ltr'><strong>quoque</strong></span> <span class='ocrx_word' id='word_1_516' title='bbox 1208 3448 1334 3505; x_wconf 88' lang='lat' dir='ltr'><strong>sciri</strong></span> <span class='ocrx_word' id='word_1_517' title='bbox 1363 3464 1469 3503; x_wconf 94' lang='lat' dir='ltr'><strong>non</strong></span> <span class='ocrx_word' id='word_1_518' title='bbox 1497 3458 1673 3519; x_wconf 89' lang='lat' dir='ltr'><strong>potest</strong></span> <span class='ocrx_word' id='word_1_519' title='bbox 1694 3463 1801 3505; x_wconf 90' lang='lat' dir='ltr'><strong>res.</strong></span> 
     </span>
    </p>
   </div>
   <div class='ocr_carea' id='block_1_66' title="bbox 221 3539 1802 3611">
    <p class='ocr_par' dir='ltr' id='par_1_66' title="bbox 221 3539 1802 3611">
     <span class='ocr_line' id='line_1_66' title="bbox 221 3539 1802 3611; baseline -0.002 -14"><span class='ocrx_word' id='word_1_520' title='bbox 221 3539 466 3611; x_wconf 79' lang='lat' dir='ltr'><strong>Namque</strong></span> <span class='ocrx_word' id='word_1_521' title='bbox 493 3542 670 3596; x_wconf 91' lang='lat' dir='ltr'><strong>omnis</strong></span> <span class='ocrx_word' id='word_1_522' title='bbox 713 3554 802 3597; x_wconf 88' lang='lat' dir='ltr'><strong>res</strong></span> <span class='ocrx_word' id='word_1_523' title='bbox 832 3540 1055 3596; x_wconf 88' lang='lat' dir='ltr'><strong>scientia</strong></span> <span class='ocrx_word' id='word_1_524' title='bbox 1097 3541 1286 3606; x_wconf 90' lang='lat' dir='ltr'><strong>scitur,</strong></span> <span class='ocrx_word' id='word_1_525' title='bbox 1321 3555 1442 3610; x_wconf 72' lang='lat' dir='ltr'><strong>quas</strong></span> <span class='ocrx_word' id='word_1_526' title='bbox 1481 3540 1528 3595; x_wconf 88' lang='lat' dir='ltr'><strong>si</strong></span> <span class='ocrx_word' id='word_1_527' title='bbox 1572 3555 1678 3595; x_wconf 90' lang='lat' dir='ltr'><strong>non</strong></span> <span class='ocrx_word' id='word_1_528' title='bbox 1710 3543 1802 3609; x_wconf 91' lang='lat' dir='ltr'><strong>sit,</strong></span> 
     </span>
    </p>
   </div>
   <div class='ocr_carea' id='block_1_67' title="bbox 222 3632 1807 3705">
    <p class='ocr_par' dir='ltr' id='par_1_67' title="bbox 222 3632 1807 3705">
     <span class='ocr_line' id='line_1_67' title="bbox 222 3632 1807 3705; baseline 0 -14"><span class='ocrx_word' id='word_1_529' title='bbox 222 3633 353 3691; x_wconf 77' lang='lat' dir='ltr'><strong>sciri</strong></span> <span class='ocrx_word' id='word_1_530' title='bbox 382 3650 486 3689; x_wconf 91' lang='lat' dir='ltr'><strong>non</strong></span> <span class='ocrx_word' id='word_1_531' title='bbox 523 3634 711 3704; x_wconf 85' lang='lat' dir='ltr'><strong>possit.</strong></span> <span class='ocrx_word' id='word_1_532' title='bbox 757 3632 923 3689; x_wconf 88' lang='lat' dir='ltr'><strong>Porro</strong></span> <span class='ocrx_word' id='word_1_533' title='bbox 952 3644 1128 3691; x_wconf 90' lang='lat' dir='ltr'><strong>autem</strong></span> <span class='ocrx_word' id='word_1_534' title='bbox 1155 3650 1242 3690; x_wconf 89' lang='lat' dir='ltr'><strong>res</strong></span> <span class='ocrx_word' id='word_1_535' title='bbox 1272 3650 1391 3704; x_wconf 66' lang='lat' dir='ltr'><strong>quae</strong></span> <span class='ocrx_word' id='word_1_536' title='bbox 1418 3635 1551 3690; x_wconf 87' lang='lat' dir='ltr'><strong>sciri</strong></span> <span class='ocrx_word' id='word_1_537' title='bbox 1574 3649 1680 3690; x_wconf 91' lang='lat' dir='ltr'><strong>non</strong></span> <span class='ocrx_word' id='word_1_538' title='bbox 1712 3651 1807 3705; x_wconf 79' lang='lat' dir='ltr'><strong>po-</strong></span> 
     </span>
    </p>
   </div>
   <div class='ocr_carea' id='block_1_68' title="bbox 225 3725 1804 3796">
    <p class='ocr_par' dir='ltr' id='par_1_68' title="bbox 225 3725 1804 3796">
     <span class='ocr_line' id='line_1_68' title="bbox 225 3725 1804 3796; baseline 0 -15"><span class='ocrx_word' id='word_1_539' title='bbox 225 3733 338 3781; x_wconf 89' lang='lat' dir='ltr'><strong>test</strong></span> <span class='ocrx_word' id='word_1_540' title='bbox 362 3725 563 3783; x_wconf 86' lang='lat' dir='ltr'><strong>scibilis</strong></span> <span class='ocrx_word' id='word_1_541' title='bbox 592 3740 702 3781; x_wconf 93' lang='lat' dir='ltr'><strong>non</strong></span> <span class='ocrx_word' id='word_1_542' title='bbox 727 3734 829 3781; x_wconf 91' lang='lat' dir='ltr'><strong>est.</strong></span> <span class='ocrx_word' id='word_1_543' title='bbox 873 3726 983 3781; x_wconf 91' lang='lat' dir='ltr'><strong>lloc</strong></span> <span class='ocrx_word' id='word_1_544' title='bbox 1010 3725 1151 3781; x_wconf 88' lang='lat' dir='ltr'><strong>idem</strong></span> <span class='ocrx_word' id='word_1_545' title='bbox 1187 3725 1255 3782; x_wconf 89' lang='lat' dir='ltr'><strong>de</strong></span> <span class='ocrx_word' id='word_1_546' title='bbox 1299 3740 1460 3782; x_wconf 89' lang='lat' dir='ltr'><strong>sensu</strong></span> <span class='ocrx_word' id='word_1_547' title='bbox 1488 3727 1756 3796; x_wconf 76' lang='lat' dir='ltr'><strong>gustantis</strong></span> <span class='ocrx_word' id='word_1_548' title='bbox 1788 3743 1804 3781; x_wconf 92' lang='lat'><strong>:</strong></span> 
     </span>
    </p>
   </div>
   <div class='ocr_carea' id='block_1_69' title="bbox 225 3817 1806 3889">
    <p class='ocr_par' dir='ltr' id='par_1_69' title="bbox 225 3817 1806 3889">
     <span class='ocr_line' id='line_1_69' title="bbox 225 3817 1806 3889; baseline 0.002 -16"><span class='ocrx_word' id='word_1_549' title='bbox 225 3817 273 3873; x_wconf 88' lang='lat' dir='ltr'><strong>si</strong></span> <span class='ocrx_word' id='word_1_550' title='bbox 304 3826 490 3888; x_wconf 79' lang='lat' dir='ltr'><strong>gustus</strong></span> <span class='ocrx_word' id='word_1_551' title='bbox 514 3818 657 3873; x_wconf 91' lang='lat' dir='ltr'><strong>enim</strong></span> <span class='ocrx_word' id='word_1_552' title='bbox 689 3825 891 3887; x_wconf 89' lang='lat' dir='ltr'><strong>pereat,</strong></span> <span class='ocrx_word' id='word_1_553' title='bbox 922 3819 1026 3873; x_wconf 91' lang='lat' dir='ltr'><strong>mel</strong></span> <span class='ocrx_word' id='word_1_554' title='bbox 1057 3817 1280 3874; x_wconf 75' lang='lat' dir='ltr'><strong>forsitan</strong></span> <span class='ocrx_word' id='word_1_555' title='bbox 1318 3819 1676 3888; x_wconf 87' lang='lat' dir='ltr'><strong>permanebit,</strong></span> <span class='ocrx_word' id='word_1_556' title='bbox 1704 3835 1806 3889; x_wconf 79' lang='lat' dir='ltr'><strong>gu-</strong></span> 
     </span>
    </p>
   </div>
   <div class='ocr_carea' id='block_1_70' title="bbox 226 3908 1809 3981">
    <p class='ocr_par' dir='ltr' id='par_1_70' title="bbox 226 3908 1809 3981">
     <span class='ocr_line' id='line_1_70' title="bbox 226 3908 1809 3981; baseline 0.003 -17"><span class='ocrx_word' id='word_1_557' title='bbox 226 3908 419 3965; x_wconf 80' lang='lat' dir='ltr'><strong>stabile</strong></span> <span class='ocrx_word' id='word_1_558' title='bbox 439 3916 619 3965; x_wconf 87' lang='lat' dir='ltr'><strong>autem</strong></span> <span class='ocrx_word' id='word_1_559' title='bbox 653 3924 758 3965; x_wconf 91' lang='lat' dir='ltr'><strong>non</strong></span> <span class='ocrx_word' id='word_1_560' title='bbox 784 3908 908 3965; x_wconf 84' lang='lat' dir='ltr'><strong>erit.</strong></span> <span class='ocrx_word' id='word_1_561' title='bbox 935 3908 1009 3965; x_wconf 91' lang='lat' dir='ltr'><strong>lta</strong></span> <span class='ocrx_word' id='word_1_562' title='bbox 1039 3925 1252 3981; x_wconf 90' lang='lat' dir='ltr'><strong>quoque</strong></span> <span class='ocrx_word' id='word_1_563' title='bbox 1277 3911 1498 3967; x_wconf 90' lang='lat' dir='ltr'><strong>omnino</strong></span> <span class='ocrx_word' id='word_1_564' title='bbox 1526 3912 1570 3968; x_wconf 90' lang='lat' dir='ltr'><strong>si</strong></span> <span class='ocrx_word' id='word_1_565' title='bbox 1612 3926 1809 3969; x_wconf 84' lang='lat' dir='ltr'><strong>sensus</strong></span> 
     </span>
    </p>
   </div>
   <div class='ocr_carea' id='block_1_71' title="bbox 224 3989 1809 4071">
    <p class='ocr_par' dir='ltr' id='par_1_71' title="bbox 224 3989 1809 4071">
     <span class='ocr_line' id='line_1_71' title="bbox 224 3989 1809 4071; baseline 0.003 -16"><span class='ocrx_word' id='word_1_566' title='bbox 224 4008 437 4070; x_wconf 89' lang='lat' dir='ltr'><strong>pereat,</strong></span> <span class='ocrx_word' id='word_1_567' title='bbox 467 4014 554 4056; x_wconf 91' lang='lat' dir='ltr'><strong>res</strong></span> <span class='ocrx_word' id='word_1_568' title='bbox 580 3998 794 4070; x_wconf 88' lang='lat' dir='ltr'><strong>quidem</strong></span> <span class='ocrx_word' id='word_1_569' title='bbox 819 4015 940 4071; x_wconf 73' lang='lat' dir='ltr'><strong>qua:</strong></span> <span class='ocrx_word' id='word_1_570' title='bbox 963 4002 1151 4057; x_wconf 90' lang='lat' dir='ltr'><strong>sentiri</strong></span> <span class='ocrx_word' id='word_1_571' title='bbox 1189 3989 1435 4071; x_wconf 88' lang='lat' dir='ltr'><strong>poterant</strong></span> <span class='ocrx_word' id='word_1_572' title='bbox 1474 4004 1600 4069; x_wconf 89' lang='lat' dir='ltr'><strong>sint,</strong></span> <span class='ocrx_word' id='word_1_573' title='bbox 1632 4004 1809 4059; x_wconf 59' lang='lat' dir='ltr'><strong>sensie</strong></span> 
     </span>
    </p>
   </div>
   <div class='ocr_carea' id='block_1_72' title="bbox 225 4088 1823 4166">
    <p class='ocr_par' dir='ltr' id='par_1_72' title="bbox 225 4088 1823 4166">
     <span class='ocr_line' id='line_1_72' title="bbox 225 4088 1823 4166; baseline 0.003 -18"><span class='ocrx_word' id='word_1_574' title='bbox 225 4088 367 4148; x_wconf 85' lang='lat' dir='ltr'><strong>biles</strong></span> <span class='ocrx_word' id='word_1_575' title='bbox 385 4106 514 4148; x_wconf 90' lang='lat' dir='ltr'><strong>vero</strong></span> <span class='ocrx_word' id='word_1_576' title='bbox 536 4106 640 4147; x_wconf 93' lang='lat' dir='ltr'><strong>non</strong></span> <span class='ocrx_word' id='word_1_577' title='bbox 664 4093 772 4148; x_wconf 90' lang='lat' dir='ltr'><strong>sint</strong></span> <span class='ocrx_word' id='word_1_578' title='bbox 798 4106 960 4148; x_wconf 90' lang='lat' dir='ltr'><strong>sensu</strong></span> <span class='ocrx_word' id='word_1_579' title='bbox 983 4088 1262 4162; x_wconf 86' lang='lat' dir='ltr'><strong>pereunte.</strong></span> <span class='ocrx_word' id='word_1_580' title='bbox 1294 4094 1359 4149; x_wconf 86' lang='lat' dir='ltr'><strong>Et</strong></span> <span class='ocrx_word' id='word_1_581' title='bbox 1385 4095 1610 4151; x_wconf 79' lang='lat' dir='ltr'><strong>fortasse</strong></span> <span class='ocrx_word' id='word_1_582' title='bbox 1638 4111 1823 4166; x_wconf 80' lang='lat' dir='ltr'><strong>neque</strong></span> 
     </span>
    </p>
   </div>
   <div class='ocr_carea' id='block_1_73' title="bbox 227 4180 1814 4257">
    <p class='ocr_par' dir='ltr' id='par_1_73' title="bbox 227 4180 1814 4257">
     <span class='ocr_line' id='line_1_73' title="bbox 227 4180 1814 4257; baseline 0.003 -19"><span class='ocrx_word' id='word_1_583' title='bbox 227 4180 457 4238; x_wconf 79' lang='lat' dir='ltr'><strong>scientia</strong></span> <span class='ocrx_word' id='word_1_584' title='bbox 487 4197 657 4253; x_wconf 88' lang='lat' dir='ltr'><strong>neque</strong></span> <span class='ocrx_word' id='word_1_585' title='bbox 680 4197 870 4240; x_wconf 89' lang='lat' dir='ltr'><strong>sensus</strong></span> <span class='ocrx_word' id='word_1_586' title='bbox 895 4183 1186 4240; x_wconf 90' lang='lat' dir='ltr'><strong>secundum</strong></span> <span class='ocrx_word' id='word_1_587' title='bbox 1214 4186 1509 4242; x_wconf 87' lang='lat' dir='ltr'><strong>sentientes</strong></span> <span class='ocrx_word' id='word_1_588' title='bbox 1531 4189 1814 4257; x_wconf 51' lang='lat' dir='ltr'><strong>speculans</strong></span> 
     </span>
    </p>
   </div>
   <div class='ocr_carea' id='block_1_74' title="bbox 228 4273 1815 4349">
    <p class='ocr_par' dir='ltr' id='par_1_74' title="bbox 228 4273 1815 4349">
     <span class='ocr_line' id='line_1_74' title="bbox 228 4273 1815 4349; baseline 0.003 -19"><span class='ocrx_word' id='word_1_589' title='bbox 228 4273 335 4330; x_wconf 82' lang='lat' dir='ltr'><strong>slus</strong></span> <span class='ocrx_word' id='word_1_590' title='bbox 367 4282 470 4339; x_wconf 86' lang='lat' dir='ltr'><strong>est,</strong></span> <span class='ocrx_word' id='word_1_591' title='bbox 512 4274 608 4331; x_wconf 90' lang='lat' dir='ltr'><strong>sed</strong></span> <span class='ocrx_word' id='word_1_592' title='bbox 646 4277 939 4333; x_wconf 84' lang='lat' dir='ltr'><strong>secundum</strong></span> <span class='ocrx_word' id='word_1_593' title='bbox 997 4276 1165 4347; x_wconf 89' lang='lat' dir='ltr'><strong>ipsam</strong></span> <span class='ocrx_word' id='word_1_594' title='bbox 1209 4287 1454 4333; x_wconf 89' lang='lat' dir='ltr'><strong>naturam</strong></span> <span class='ocrx_word' id='word_1_595' title='bbox 1494 4294 1613 4349; x_wconf 75' lang='lat' dir='ltr'><strong>qua:</strong></span> <span class='ocrx_word' id='word_1_596' title='bbox 1650 4293 1815 4336; x_wconf 88' lang='lat' dir='ltr'><strong>sensu</strong></span> 
     </span>
    </p>
   </div>
   <div class='ocr_carea' id='block_1_75' title="bbox 228 4364 1819 4442">
    <p class='ocr_par' dir='ltr' id='par_1_75' title="bbox 228 4364 1819 4442">
     <span class='ocr_line' id='line_1_75' title="bbox 228 4364 1819 4442; baseline 0.003 -22"><span class='ocrx_word' id='word_1_597' title='bbox 228 4364 409 4421; x_wconf 81' lang='lat' dir='ltr'><strong>valeat</strong></span> <span class='ocrx_word' id='word_1_598' title='bbox 435 4366 837 4438; x_wconf 85' lang='lat' dir='ltr'><strong>comprehendi.</strong></span> <span class='ocrx_word' id='word_1_599' title='bbox 867 4367 1107 4439; x_wconf 86' lang='lat' dir='ltr'><strong>Namque</strong></span> <span class='ocrx_word' id='word_1_600' title='bbox 1133 4382 1222 4425; x_wconf 89' lang='lat' dir='ltr'><strong>res</strong></span> <span class='ocrx_word' id='word_1_601' title='bbox 1243 4385 1576 4441; x_wconf 58' lang='lat' dir='ltr'><strong>quascunque</strong></span> <span class='ocrx_word' id='word_1_602' title='bbox 1604 4386 1698 4442; x_wconf 89' lang='lat' dir='ltr'><strong>per</strong></span> <span class='ocrx_word' id='word_1_603' title='bbox 1720 4386 1819 4426; x_wconf 88' lang='lat' dir='ltr'><strong>na-</strong></span> 
     </span>
    </p>
   </div>
   <div class='ocr_carea' id='block_1_76' title="bbox 229 4459 1820 4534">
    <p class='ocr_par' dir='ltr' id='par_1_76' title="bbox 229 4459 1820 4534">
     <span class='ocr_line' id='line_1_76' title="bbox 229 4459 1820 4534; baseline 0.004 -21"><span class='ocrx_word' id='word_1_604' title='bbox 229 4466 404 4513; x_wconf 87' lang='lat' dir='ltr'><strong>turam</strong></span> <span class='ocrx_word' id='word_1_605' title='bbox 436 4459 702 4514; x_wconf 85' lang='lat' dir='ltr'><strong>sensibilis</strong></span> <span class='ocrx_word' id='word_1_606' title='bbox 728 4468 828 4528; x_wconf 91' lang='lat' dir='ltr'><strong>est,</strong></span> <span class='ocrx_word' id='word_1_607' title='bbox 855 4474 972 4516; x_wconf 90' lang='lat' dir='ltr'><strong>eam</strong></span> <span class='ocrx_word' id='word_1_608' title='bbox 1001 4476 1215 4533; x_wconf 91' lang='lat' dir='ltr'><strong>quoque</strong></span> <span class='ocrx_word' id='word_1_609' title='bbox 1245 4462 1301 4516; x_wconf 92' lang='lat' dir='ltr'><strong>iu</strong></span> <span class='ocrx_word' id='word_1_610' title='bbox 1331 4471 1517 4518; x_wconf 89' lang='lat' dir='ltr'><strong>natura</strong></span> <span class='ocrx_word' id='word_1_611' title='bbox 1548 4478 1666 4531; x_wconf 88' lang='lat' dir='ltr'><strong>sua,</strong></span> <span class='ocrx_word' id='word_1_612' title='bbox 1691 4480 1820 4534; x_wconf 85' lang='lat' dir='ltr'><strong>pro-</strong></span> 
     </span>
    </p>
   </div>
   <div class='ocr_carea' id='block_1_77' title="bbox 230 4549 1814 4625">
    <p class='ocr_par' dir='ltr' id='par_1_77' title="bbox 230 4549 1814 4625">
     <span class='ocr_line' id='line_1_77' title="bbox 230 4549 1814 4625; baseline 0.006 -22"><span class='ocrx_word' id='word_1_613' title='bbox 230 4549 407 4619; x_wconf 92' lang='lat' dir='ltr'><strong>prium</strong></span> <span class='ocrx_word' id='word_1_614' title='bbox 459 4564 675 4606; x_wconf 87' lang='lat' dir='ltr'><strong>sensum</strong></span> <span class='ocrx_word' id='word_1_615' title='bbox 727 4567 834 4622; x_wconf 91' lang='lat' dir='ltr'><strong>quo</strong></span> <span class='ocrx_word' id='word_1_616' title='bbox 876 4554 1063 4609; x_wconf 90' lang='lat' dir='ltr'><strong>sentiri</strong></span> <span class='ocrx_word' id='word_1_617' title='bbox 1111 4555 1300 4625; x_wconf 89' lang='lat' dir='ltr'><strong>possit,</strong></span> <span class='ocrx_word' id='word_1_618' title='bbox 1343 4554 1542 4612; x_wconf 84' lang='lat' dir='ltr'><strong>habere</strong></span> <span class='ocrx_word' id='word_1_619' title='bbox 1591 4570 1814 4613; x_wconf 88' lang='lat' dir='ltr'><strong>necesse</strong></span> 
     </span>
    </p>
   </div>
   <div class='ocr_carea' id='block_1_78' title="bbox 231 4640 1812 4716">
    <p class='ocr_par' dir='ltr' id='par_1_78' title="bbox 231 4640 1812 4716">
     <span class='ocr_line' id='line_1_78' title="bbox 231 4640 1812 4716; baseline 0.004 -19"><span class='ocrx_word' id='word_1_620' title='bbox 231 4649 338 4697; x_wconf 89' lang='lat' dir='ltr'><strong>est.</strong></span> <span class='ocrx_word' id='word_1_621' title='bbox 367 4640 432 4695; x_wconf 87' lang='lat' dir='ltr'><strong>Et</strong></span> <span class='ocrx_word' id='word_1_622' title='bbox 460 4641 813 4712; x_wconf 84' lang='lat' dir='ltr'><strong>quodcunque</strong></span> <span class='ocrx_word' id='word_1_623' title='bbox 856 4644 983 4699; x_wconf 90' lang='lat' dir='ltr'><strong>sciri</strong></span> <span class='ocrx_word' id='word_1_624' title='bbox 1031 4655 1207 4716; x_wconf 86' lang='lat' dir='ltr'><strong>potest</strong></span> <span class='ocrx_word' id='word_1_625' title='bbox 1252 4661 1345 4716; x_wconf 88' lang='lat' dir='ltr'><strong>per</strong></span> <span class='ocrx_word' id='word_1_626' title='bbox 1373 4656 1639 4713; x_wconf 87' lang='lat' dir='ltr'><strong>naturam,</strong></span> <span class='ocrx_word' id='word_1_627' title='bbox 1671 4663 1812 4704; x_wconf 86' lang='lat' dir='ltr'><strong>nun-</strong></span> 
     </span>
    </p>
   </div>
   <div class='ocr_carea' id='block_1_79' title="bbox 231 4734 1815 4809">
    <p class='ocr_par' dir='ltr' id='par_1_79' title="bbox 231 4734 1815 4809">
     <span class='ocr_line' id='line_1_79' title="bbox 231 4734 1815 4809; baseline 0.006 -22"><span class='ocrx_word' id='word_1_628' title='bbox 231 4747 393 4805; x_wconf 84' lang='lat' dir='ltr'><strong>quam</strong></span> <span class='ocrx_word' id='word_1_629' title='bbox 436 4736 603 4804; x_wconf 87' lang='lat' dir='ltr'><strong>possit</strong></span> <span class='ocrx_word' id='word_1_630' title='bbox 650 4734 874 4805; x_wconf 87' lang='lat' dir='ltr'><strong>addisci,</strong></span> <span class='ocrx_word' id='word_1_631' title='bbox 908 4737 1009 4793; x_wconf 90' lang='lat' dir='ltr'><strong>nisi</strong></span> <span class='ocrx_word' id='word_1_632' title='bbox 1058 4737 1304 4807; x_wconf 61' lang='lat' dir='ltr'><strong>quaedam</strong></span> <span class='ocrx_word' id='word_1_633' title='bbox 1352 4740 1470 4809; x_wconf 91' lang='lat' dir='ltr'><strong>ejus</strong></span> <span class='ocrx_word' id='word_1_634' title='bbox 1526 4740 1578 4795; x_wconf 90' lang='lat' dir='ltr'><strong>in</strong></span> <span class='ocrx_word' id='word_1_635' title='bbox 1624 4750 1815 4796; x_wconf 87' lang='lat' dir='ltr'><strong>natura</strong></span> 
     </span>
    </p>
   </div>
   <div class='ocr_carea' id='block_1_80' title="bbox 230 4825 1816 4902">
    <p class='ocr_par' dir='ltr' id='par_1_80' title="bbox 230 4825 1816 4902">
     <span class='ocr_line' id='line_1_80' title="bbox 230 4825 1816 4902; baseline 0.005 -19"><span class='ocrx_word' id='word_1_636' title='bbox 230 4825 458 4883; x_wconf 86' lang='lat' dir='ltr'><strong>scientia</strong></span> <span class='ocrx_word' id='word_1_637' title='bbox 475 4838 800 4884; x_wconf 84' lang='lat' dir='ltr'><strong>versaretur.</strong></span> <span class='ocrx_word' id='word_1_638' title='bbox 833 4829 957 4884; x_wconf 64' lang='lat' dir='ltr'><strong>llaec</strong></span> <span class='ocrx_word' id='word_1_639' title='bbox 978 4828 1324 4902; x_wconf 86' lang='lat' dir='ltr'><strong>Porphyrius.</strong></span> <span class='ocrx_word' id='word_1_640' title='bbox 1351 4832 1454 4889; x_wconf 88' lang='lat' dir='ltr'><strong>Sed</strong></span> <span class='ocrx_word' id='word_1_641' title='bbox 1477 4842 1578 4890; x_wconf 84' lang='lat' dir='ltr'><strong>nos</strong></span> <span class='ocrx_word' id='word_1_642' title='bbox 1602 4835 1669 4891; x_wconf 91' lang='lat' dir='ltr'><strong>ad</strong></span> <span class='ocrx_word' id='word_1_643' title='bbox 1690 4835 1816 4891; x_wconf 82' lang='lat' dir='ltr'><strong>Ari-</strong></span> 
     </span>
    </p>
   </div>
   <div class='ocr_carea' id='block_1_81' title="bbox 232 4918 1817 4998">
    <p class='ocr_par' dir='ltr' id='par_1_81' title="bbox 232 4918 1817 4998">
     <span class='ocr_line' id='line_1_81' title="bbox 232 4918 1817 4998; baseline 0.006 -23"><span class='ocrx_word' id='word_1_644' title='bbox 232 4918 443 4975; x_wconf 85' lang='lat' dir='ltr'><strong>stotelis</strong></span> <span class='ocrx_word' id='word_1_645' title='bbox 472 4919 713 4975; x_wconf 90' lang='lat' dir='ltr'><strong>ordinem</strong></span> <span class='ocrx_word' id='word_1_646' title='bbox 746 4929 1056 4993; x_wconf 77' lang='lat' dir='ltr'><strong>textumque</strong></span> <span class='ocrx_word' id='word_1_647' title='bbox 1098 4923 1398 4981; x_wconf 84' lang='lat' dir='ltr'><strong>veniamus.</strong></span> <span class='ocrx_word' id='word_1_648' title='bbox 1440 4925 1679 4998; x_wconf 88' lang='lat' dir='ltr'><strong>Namque</strong></span> <span class='ocrx_word' id='word_1_649' title='bbox 1726 4927 1817 4985; x_wconf 86' lang='lat' dir='ltr'><strong>ille</strong></span> 
     </span>
    </p>
   </div>
   <div class='ocr_carea' id='block_1_82' title="bbox 231 5010 1189 5085">
    <p class='ocr_par' dir='ltr' id='par_1_82' title="bbox 231 5010 1189 5085">
     <span class='ocr_line' id='line_1_82' title="bbox 231 5010 1189 5085; baseline 0.002 -17"><span class='ocrx_word' id='word_1_650' title='bbox 231 5010 431 5081; x_wconf 82' lang='lat' dir='ltr'><strong>adjecit</strong></span> <span class='ocrx_word' id='word_1_651' title='bbox 459 5027 667 5084; x_wconf 70' lang='lat' dir='ltr'><strong>quoque</strong></span> <span class='ocrx_word' id='word_1_652' title='bbox 695 5013 827 5069; x_wconf 90' lang='lat' dir='ltr'><strong>alias</strong></span> <span class='ocrx_word' id='word_1_653' title='bbox 844 5014 1189 5085; x_wconf 66' lang='lat' dir='ltr'><strong>quaestiones.</strong></span> 
     </span>
    </p>
   </div>
   <div class='ocr_carea' id='block_1_83' title="bbox 241 5108 1816 5186">
    <p class='ocr_par' dir='ltr' id='par_1_83' title="bbox 241 5108 1816 5186">
     <span class='ocr_line' id='line_1_83' title="bbox 241 5108 1816 5186; baseline 0.008 -20"><span class='ocrx_word' id='word_1_654' title='bbox 241 5108 258 5115; x_wconf 73' lang='grc'><strong><em>”</em></strong></span> <span class='ocrx_word' id='word_1_655' title='bbox 311 5112 477 5169; x_wconf 84' lang='lat' dir='ltr'><strong>Habet</strong></span> <span class='ocrx_word' id='word_1_656' title='bbox 502 5123 670 5169; x_wconf 85' lang='lat' dir='ltr'><strong>autem</strong></span> <span class='ocrx_word' id='word_1_657' title='bbox 697 5117 1043 5186; x_wconf 79' lang='lat' dir='ltr'><strong>qua&#39;stioncnt,</strong></span> <span class='ocrx_word' id='word_1_658' title='bbox 1076 5128 1244 5174; x_wconf 89' lang='lat' dir='ltr'><strong>utrum</strong></span> <span class='ocrx_word' id='word_1_659' title='bbox 1269 5120 1418 5176; x_wconf 88' lang='lat' dir='ltr'><strong>nulla</strong></span> <span class='ocrx_word' id='word_1_660' title='bbox 1442 5121 1727 5178; x_wconf 83' lang='lat' dir='ltr'><strong>substantia</strong></span> <span class='ocrx_word' id='word_1_661' title='bbox 1746 5124 1816 5178; x_wconf 81' lang='lat' dir='ltr'><strong>ad</strong></span> 
     </span>
    </p>
   </div>
   <div class='ocr_carea' id='block_1_84' title="bbox 237 5211 1818 5297">
    <p class='ocr_par' dir='ltr' id='par_1_84' title="bbox 237 5211 1818 5297">
     <span class='ocr_line' id='line_1_84' title="bbox 237 5211 1818 5297; baseline 0.006 -28"><span class='ocrx_word' id='word_1_662' title='bbox 237 5211 437 5286; x_wconf 83' lang='lat' dir='ltr'><strong>aliquid</strong></span> <span class='ocrx_word' id='word_1_663' title='bbox 454 5214 672 5284; x_wconf 82' lang='lat' dir='ltr'><strong>dicatur,</strong></span> <span class='ocrx_word' id='word_1_664' title='bbox 704 5218 1131 5297; x_wconf 74' lang='lat' dir='ltr'><strong>quemadmodum</strong></span> <span class='ocrx_word' id='word_1_665' title='bbox 1165 5219 1385 5288; x_wconf 82' lang='lat' dir='ltr'><strong>videtur,</strong></span> <span class='ocrx_word' id='word_1_666' title='bbox 1414 5222 1457 5276; x_wconf 89' lang='lat' dir='ltr'><strong>si</strong></span> <span class='ocrx_word' id='word_1_667' title='bbox 1494 5221 1591 5275; x_wconf 85' lang='lat' dir='ltr'><strong>hoc</strong></span> <span class='ocrx_word' id='word_1_668' title='bbox 1618 5223 1818 5279; x_wconf 86' lang='lat' dir='ltr'><strong>contin-</strong></span> 
     </span>
    </p>
   </div>
   <div class='ocr_carea' id='block_1_85' title="bbox 234 5305 1821 5381">
    <p class='ocr_par' dir='ltr' id='par_1_85' title="bbox 234 5305 1821 5381">
     <span class='ocr_line' id='line_1_85' title="bbox 234 5305 1821 5381; baseline 0.006 -21"><span class='ocrx_word' id='word_1_669' title='bbox 234 5315 321 5381; x_wconf 78' lang='lat' dir='ltr'><strong>gat</strong></span> <span class='ocrx_word' id='word_1_670' title='bbox 345 5305 627 5361; x_wconf 86' lang='lat' dir='ltr'><strong>secundum</strong></span> <span class='ocrx_word' id='word_1_671' title='bbox 666 5309 917 5378; x_wconf 82' lang='lat' dir='ltr'><strong>quasdam</strong></span> <span class='ocrx_word' id='word_1_672' title='bbox 949 5310 1198 5366; x_wconf 83' lang='lat' dir='ltr'><strong>secundas</strong></span> <span class='ocrx_word' id='word_1_673' title='bbox 1228 5312 1569 5379; x_wconf 80' lang='lat' dir='ltr'><strong>substantias;</strong></span> <span class='ocrx_word' id='word_1_674' title='bbox 1606 5331 1725 5369; x_wconf 83' lang='lat' dir='ltr'><strong>nam</strong></span> <span class='ocrx_word' id='word_1_675' title='bbox 1765 5316 1821 5371; x_wconf 87' lang='lat' dir='ltr'><strong>in</strong></span> 
     </span>
    </p>
   </div>
   <div class='ocr_carea' id='block_1_86' title="bbox 233 5398 1821 5477">
    <p class='ocr_par' dir='ltr' id='par_1_86' title="bbox 233 5398 1821 5477">
     <span class='ocr_line' id='line_1_86' title="bbox 233 5398 1821 5477; baseline 0.005 -24"><span class='ocrx_word' id='word_1_676' title='bbox 233 5398 416 5471; x_wconf 86' lang='lat' dir='ltr'><strong>primis</strong></span> <span class='ocrx_word' id='word_1_677' title='bbox 449 5399 746 5455; x_wconf 85' lang='lat' dir='ltr'><strong>substantiis</strong></span> <span class='ocrx_word' id='word_1_678' title='bbox 784 5416 956 5455; x_wconf 83' lang='lat' dir='ltr'><strong>verum</strong></span> <span class='ocrx_word' id='word_1_679' title='bbox 993 5411 1087 5471; x_wconf 88' lang='lat' dir='ltr'><strong>est,</strong></span> <span class='ocrx_word' id='word_1_680' title='bbox 1142 5419 1265 5457; x_wconf 86' lang='lat' dir='ltr'><strong>nam</strong></span> <span class='ocrx_word' id='word_1_681' title='bbox 1299 5421 1458 5476; x_wconf 81' lang='lat' dir='ltr'><strong>neque</strong></span> <span class='ocrx_word' id='word_1_682' title='bbox 1503 5412 1610 5460; x_wconf 88' lang='lat' dir='ltr'><strong>tota</strong></span> <span class='ocrx_word' id='word_1_683' title='bbox 1660 5423 1821 5477; x_wconf 83' lang='lat' dir='ltr'><strong>neque</strong></span> 
     </span>
    </p>
   </div>
   <div class='ocr_carea' id='block_1_87' title="bbox 233 5490 1824 5567">
    <p class='ocr_par' dir='ltr' id='par_1_87' title="bbox 233 5490 1824 5567">
     <span class='ocr_line' id='line_1_87' title="bbox 233 5490 1824 5567; baseline 0.008 -26"><span class='ocrx_word' id='word_1_684' title='bbox 233 5501 410 5561; x_wconf 80' lang='lat' dir='ltr'><strong>partes</strong></span> <span class='ocrx_word' id='word_1_685' title='bbox 436 5491 505 5546; x_wconf 85' lang='lat' dir='ltr'><strong>ad</strong></span> <span class='ocrx_word' id='word_1_686' title='bbox 531 5490 732 5563; x_wconf 86' lang='lat' dir='ltr'><strong>aliquid</strong></span> <span class='ocrx_word' id='word_1_687' title='bbox 770 5492 1031 5561; x_wconf 86' lang='lat' dir='ltr'><strong>dicuntur,</strong></span> <span class='ocrx_word' id='word_1_688' title='bbox 1060 5511 1179 5548; x_wconf 85' lang='lat' dir='ltr'><strong>nam</strong></span> <span class='ocrx_word' id='word_1_689' title='bbox 1206 5495 1392 5567; x_wconf 86' lang='lat' dir='ltr'><strong>aliquis</strong></span> <span class='ocrx_word' id='word_1_690' title='bbox 1431 5496 1583 5550; x_wconf 84' lang='lat' dir='ltr'><strong>homo</strong></span> <span class='ocrx_word' id='word_1_691' title='bbox 1610 5514 1711 5553; x_wconf 86' lang='lat' dir='ltr'><strong>non</strong></span> <span class='ocrx_word' id='word_1_692' title='bbox 1740 5500 1824 5553; x_wconf 88' lang='lat' dir='ltr'><strong>di-</strong></span> 
     </span>
    </p>
   </div>
   <div class='ocr_carea' id='block_1_88' title="bbox 234 5584 1823 5663">
    <p class='ocr_par' dir='ltr' id='par_1_88' title="bbox 234 5584 1823 5663">
     <span class='ocr_line' id='line_1_88' title="bbox 234 5584 1823 5663; baseline 0.006 -24"><span class='ocrx_word' id='word_1_693' title='bbox 234 5584 368 5639; x_wconf 79' lang='lat' dir='ltr'><strong>citur</strong></span> <span class='ocrx_word' id='word_1_694' title='bbox 390 5584 613 5656; x_wconf 87' lang='lat' dir='ltr'><strong>alicujus</strong></span> <span class='ocrx_word' id='word_1_695' title='bbox 637 5585 824 5656; x_wconf 84' lang='lat' dir='ltr'><strong>aliquis</strong></span> <span class='ocrx_word' id='word_1_696' title='bbox 853 5586 1024 5656; x_wconf 79' lang='lat' dir='ltr'><strong>homo,</strong></span> <span class='ocrx_word' id='word_1_697' title='bbox 1051 5603 1209 5657; x_wconf 83' lang='lat' dir='ltr'><strong>neque</strong></span> <span class='ocrx_word' id='word_1_698' title='bbox 1237 5587 1423 5659; x_wconf 86' lang='lat' dir='ltr'><strong>aliquis</strong></span> <span class='ocrx_word' id='word_1_699' title='bbox 1452 5590 1560 5655; x_wconf 89' lang='lat' dir='ltr'><strong>bos,</strong></span> <span class='ocrx_word' id='word_1_700' title='bbox 1597 5591 1823 5663; x_wconf 74' lang='lat' dir='ltr'><strong>alicujus</strong></span> 
     </span>
    </p>
   </div>
   <div class='ocr_carea' id='block_1_89' title="bbox 232 5675 1824 5753">
    <p class='ocr_par' dir='ltr' id='par_1_89' title="bbox 232 5675 1824 5753">
     <span class='ocr_line' id='line_1_89' title="bbox 232 5675 1824 5753; baseline 0.004 -22"><span class='ocrx_word' id='word_1_701' title='bbox 232 5677 421 5748; x_wconf 89' lang='lat' dir='ltr'><strong>aliquis</strong></span> <span class='ocrx_word' id='word_1_702' title='bbox 460 5677 569 5733; x_wconf 88' lang='lat' dir='ltr'><strong>bos.</strong></span> <span class='ocrx_word' id='word_1_703' title='bbox 604 5675 854 5733; x_wconf 81' lang='lat' dir='ltr'><strong>Similiter</strong></span> <span class='ocrx_word' id='word_1_704' title='bbox 874 5688 1045 5734; x_wconf 79' lang='lat' dir='ltr'><strong>autem</strong></span> <span class='ocrx_word' id='word_1_705' title='bbox 1070 5688 1117 5735; x_wconf 89' lang='lat' dir='ltr'><strong>et</strong></span> <span class='ocrx_word' id='word_1_706' title='bbox 1158 5688 1329 5751; x_wconf 83' lang='lat' dir='ltr'><strong>partes</strong></span> <span class='ocrx_word' id='word_1_707' title='bbox 1356 5697 1375 5736; x_wconf 89' lang='lat'><strong><em>:</em></strong></span> <span class='ocrx_word' id='word_1_708' title='bbox 1409 5681 1644 5753; x_wconf 67' lang='lat' dir='ltr'><strong>quadam</strong></span> <span class='ocrx_word' id='word_1_709' title='bbox 1686 5684 1824 5738; x_wconf 77' lang='lat' dir='ltr'><strong>enim</strong></span> 
     </span>
    </p>
   </div>
   <div class='ocr_carea' id='block_1_90' title="bbox 232 5768 1824 5844">
    <p class='ocr_par' dir='ltr' id='par_1_90' title="bbox 232 5768 1824 5844">
     <span class='ocr_line' id='line_1_90' title="bbox 232 5768 1824 5844; baseline 0.004 -19"><span class='ocrx_word' id='word_1_710' title='bbox 232 5786 419 5826; x_wconf 86' lang='lat' dir='ltr'><strong>manus</strong></span> <span class='ocrx_word' id='word_1_711' title='bbox 448 5786 553 5831; x_wconf 78' lang='lat' dir='ltr'><strong>non</strong></span> <span class='ocrx_word' id='word_1_712' title='bbox 575 5768 762 5825; x_wconf 86' lang='lat' dir='ltr'><strong>dicitur</strong></span> <span class='ocrx_word' id='word_1_713' title='bbox 789 5771 1011 5844; x_wconf 86' lang='lat' dir='ltr'><strong>alicujus</strong></span> <span class='ocrx_word' id='word_1_714' title='bbox 1042 5772 1277 5844; x_wconf 61' lang='lat' dir='ltr'><strong>quadam</strong></span> <span class='ocrx_word' id='word_1_715' title='bbox 1298 5787 1500 5841; x_wconf 87' lang='lat' dir='ltr'><strong>manus,</strong></span> <span class='ocrx_word' id='word_1_716' title='bbox 1531 5774 1620 5831; x_wconf 84' lang='lat' dir='ltr'><strong>sed</strong></span> <span class='ocrx_word' id='word_1_717' title='bbox 1662 5776 1824 5831; x_wconf 84' lang='lat' dir='ltr'><strong>alicu-</strong></span> 
     </span>
    </p>
   </div>
   <div class='ocr_carea' id='block_1_91' title="bbox 525 5863 1138 5940">
    <p class='ocr_par' dir='ltr' id='par_1_91' title="bbox 525 5863 1138 5940">
     <span class='ocr_line' id='line_1_91' title="bbox 525 5863 1138 5940; baseline -0.007 -7"><span class='ocrx_word' id='word_1_718' title='bbox 525 5863 800 5940; x_wconf 72' lang='lat' dir='ltr'><strong>Psraos.</strong></span> <span class='ocrx_word' id='word_1_719' title='bbox 854 5863 1058 5933; x_wconf 81' lang='lat' dir='ltr'><strong>LXIV</strong></span> <span class='ocrx_word' id='word_1_720' title='bbox 1075 5911 1090 5929; x_wconf 95' lang='lat'><strong>.</strong></span> <span class='ocrx_word' id='word_1_721' title='bbox 1131 5910 1138 5917; x_wconf 89' lang='grc'><strong>-</strong></span> 
     </span>
    </p>
   </div>
   <div class='ocr_carea' id='block_1_92' title="bbox 1904 3284 3488 3356">
    <p class='ocr_par' dir='ltr' id='par_1_92' title="bbox 1904 3284 3488 3356">
     <span class='ocr_line' id='line_1_92' title="bbox 1904 3284 3488 3356; baseline -0.003 -14"><span class='ocrx_word' id='word_1_722' title='bbox 1904 3302 2112 3343; x_wconf 87' lang='lat' dir='ltr'><strong>marum</strong></span> <span class='ocrx_word' id='word_1_723' title='bbox 2138 3286 2554 3341; x_wconf 78' lang='lat' dir='ltr'><strong>substantiarum</strong></span> <span class='ocrx_word' id='word_1_724' title='bbox 2586 3300 2704 3355; x_wconf 74' lang='lat' dir='ltr'><strong>qua:</strong></span> <span class='ocrx_word' id='word_1_725' title='bbox 2736 3285 2865 3354; x_wconf 75' lang='lat' dir='ltr'><strong>ipsa:</strong></span> <span class='ocrx_word' id='word_1_726' title='bbox 2893 3300 3105 3356; x_wconf 79' lang='lat' dir='ltr'><strong>quoque</strong></span> <span class='ocrx_word' id='word_1_727' title='bbox 3138 3293 3261 3339; x_wconf 90' lang='lat' dir='ltr'><strong>sunt</strong></span> <span class='ocrx_word' id='word_1_728' title='bbox 3301 3284 3488 3353; x_wconf 64' lang='lat' dir='ltr'><strong>prima:</strong></span> 
     </span>
    </p>
   </div>
   <div class='ocr_carea' id='block_1_93' title="bbox 1904 3374 3489 3444">
    <p class='ocr_par' dir='ltr' id='par_1_93' title="bbox 1904 3374 3489 3444">
     <span class='ocr_line' id='line_1_93' title="bbox 1904 3374 3489 3444; baseline -0.001 -13"><span class='ocrx_word' id='word_1_729' title='bbox 1904 3375 2239 3431; x_wconf 66' lang='lat' dir='ltr'><strong>substantias.</strong></span> <span class='ocrx_word' id='word_1_730' title='bbox 2274 3375 2449 3444; x_wconf 86' lang='lat' dir='ltr'><strong>Caput</strong></span> <span class='ocrx_word' id='word_1_731' title='bbox 2478 3376 2620 3430; x_wconf 90' lang='lat' dir='ltr'><strong>enim</strong></span> <span class='ocrx_word' id='word_1_732' title='bbox 2655 3374 2990 3433; x_wconf 78' lang='lat' dir='ltr'><strong>non.dicitur</strong></span> <span class='ocrx_word' id='word_1_733' title='bbox 3019 3376 3243 3443; x_wconf 77' lang='lat' dir='ltr'><strong>al‘cujus</strong></span> <span class='ocrx_word' id='word_1_734' title='bbox 3269 3374 3489 3443; x_wconf 72' lang='lat' dir='ltr'><strong>aliquod</strong></span> 
     </span>
    </p>
   </div>
   <div class='ocr_carea' id='block_1_94' title="bbox 1906 3467 3491 3539">
    <p class='ocr_par' dir='ltr' id='par_1_94' title="bbox 1906 3467 3491 3539">
     <span class='ocr_line' id='line_1_94' title="bbox 1906 3467 3491 3539; baseline -0.002 -15"><span class='ocrx_word' id='word_1_735' title='bbox 1906 3478 2083 3539; x_wconf 89' lang='lat' dir='ltr'><strong>caput,</strong></span> <span class='ocrx_word' id='word_1_736' title='bbox 2115 3467 2210 3523; x_wconf 89' lang='lat' dir='ltr'><strong>sed</strong></span> <span class='ocrx_word' id='word_1_737' title='bbox 2240 3475 2442 3522; x_wconf 89' lang='lat' dir='ltr'><strong>tantum</strong></span> <span class='ocrx_word' id='word_1_738' title='bbox 2474 3467 2700 3537; x_wconf 89' lang='lat' dir='ltr'><strong>alicujus</strong></span> <span class='ocrx_word' id='word_1_739' title='bbox 2727 3477 2905 3537; x_wconf 83' lang='lat' dir='ltr'><strong>caput,</strong></span> <span class='ocrx_word' id='word_1_740' title='bbox 2935 3475 2989 3522; x_wconf 91' lang='lat' dir='ltr'><strong>et</strong></span> <span class='ocrx_word' id='word_1_741' title='bbox 3011 3481 3200 3521; x_wconf 86' lang='lat' dir='ltr'><strong>manus</strong></span> <span class='ocrx_word' id='word_1_742' title='bbox 3226 3480 3332 3522; x_wconf 93' lang='lat' dir='ltr'><strong>non</strong></span> <span class='ocrx_word' id='word_1_743' title='bbox 3360 3467 3491 3521; x_wconf 58' lang='lat' dir='ltr'><strong>dici.</strong></span> 
     </span>
    </p>
   </div>
   <div class='ocr_carea' id='block_1_95' title="bbox 1910 3559 3492 3629">
    <p class='ocr_par' dir='ltr' id='par_1_95' title="bbox 1910 3559 3492 3629">
     <span class='ocr_line' id='line_1_95' title="bbox 1910 3559 3492 3629; baseline -0.001 -14"><span class='ocrx_word' id='word_1_744' title='bbox 1910 3572 1994 3616; x_wconf 93' lang='lat' dir='ltr'><strong>tur</strong></span> <span class='ocrx_word' id='word_1_745' title='bbox 2017 3560 2241 3629; x_wconf 89' lang='lat' dir='ltr'><strong>alicujus</strong></span> <span class='ocrx_word' id='word_1_746' title='bbox 2271 3559 2449 3629; x_wconf 89' lang='lat' dir='ltr'><strong>aliqua</strong></span> <span class='ocrx_word' id='word_1_747' title='bbox 2481 3574 2691 3622; x_wconf 86' lang='lat' dir='ltr'><strong>manus,</strong></span> <span class='ocrx_word' id='word_1_748' title='bbox 2734 3559 2829 3614; x_wconf 82' lang='lat' dir='ltr'><strong>sed</strong></span> <span class='ocrx_word' id='word_1_749' title='bbox 2871 3566 3074 3613; x_wconf 90' lang='lat' dir='ltr'><strong>tantum</strong></span> <span class='ocrx_word' id='word_1_750' title='bbox 3108 3559 3331 3629; x_wconf 86' lang='lat' dir='ltr'><strong>alicujus</strong></span> <span class='ocrx_word' id='word_1_751' title='bbox 3380 3574 3492 3613; x_wconf 59' lang='lat' dir='ltr'><strong>mas</strong></span> 
     </span>
    </p>
   </div>
   <div class='ocr_carea' id='block_1_96' title="bbox 1909 3636 3493 3723">
    <p class='ocr_par' dir='ltr' id='par_1_96' title="bbox 1909 3636 3493 3723">
     <span class='ocr_line' id='line_1_96' title="bbox 1909 3636 3493 3723; baseline 0 -18"><span class='ocrx_word' id='word_1_752' title='bbox 1909 3665 2032 3706; x_wconf 92' lang='lat' dir='ltr'><strong>nus.</strong></span> <span class='ocrx_word' id='word_1_753' title='bbox 2064 3651 2242 3717; x_wconf 86' lang='lat' dir='ltr'><strong>Quare</strong></span> <span class='ocrx_word' id='word_1_754' title='bbox 2274 3665 2449 3719; x_wconf 91' lang='lat' dir='ltr'><strong>neque</strong></span> <span class='ocrx_word' id='word_1_755' title='bbox 2476 3636 2663 3719; x_wconf 72' lang='lat' dir='ltr'><strong>primm</strong></span> <span class='ocrx_word' id='word_1_756' title='bbox 2706 3649 3038 3716; x_wconf 62' lang='lat' dir='ltr'><strong>substantiae,</strong></span> <span class='ocrx_word' id='word_1_757' title='bbox 3080 3666 3253 3720; x_wconf 87' lang='lat' dir='ltr'><strong>neque</strong></span> <span class='ocrx_word' id='word_1_758' title='bbox 3290 3652 3493 3723; x_wconf 69' lang='lat' dir='ltr'><strong>prima;-</strong></span> 
     </span>
    </p>
   </div>
   <div class='ocr_carea' id='block_1_97' title="bbox 1911 3740 3707 3811">
    <p class='ocr_par' dir='ltr' id='par_1_97' title="bbox 1911 3740 3707 3811">
     <span class='ocr_line' id='line_1_97' title="bbox 1911 3740 3707 3811; baseline 0 -14"><span class='ocrx_word' id='word_1_759' title='bbox 1911 3758 2027 3797; x_wconf 92' lang='lat' dir='ltr'><strong>rum</strong></span> <span class='ocrx_word' id='word_1_760' title='bbox 2058 3741 2477 3797; x_wconf 89' lang='lat' dir='ltr'><strong>substantiarum</strong></span> <span class='ocrx_word' id='word_1_761' title='bbox 2518 3748 2697 3811; x_wconf 88' lang='lat' dir='ltr'><strong>partes</strong></span> <span class='ocrx_word' id='word_1_762' title='bbox 2739 3740 2806 3795; x_wconf 89' lang='lat' dir='ltr'><strong>ad</strong></span> <span class='ocrx_word' id='word_1_763' title='bbox 2856 3740 3168 3796; x_wconf 87' lang='lat' dir='ltr'><strong>relationem</strong></span> <span class='ocrx_word' id='word_1_764' title='bbox 3202 3741 3305 3797; x_wconf 92' lang='lat' dir='ltr'><strong>dici</strong></span> <span class='ocrx_word' id='word_1_765' title='bbox 3345 3752 3494 3810; x_wconf 63' lang='grc' dir='ltr'><strong>ιῖοιες</strong></span> <span class='ocrx_word' id='word_1_766' title='bbox 3550 3771 3609 3790; x_wconf 61' lang='grc' dir='ltr'><em>ν</em></span> <span class='ocrx_word' id='word_1_767' title='bbox 3700 3756 3707 3766; x_wconf 81' lang='lat'>&#39;</span> 
     </span>
    </p>
   </div>
   <div class='ocr_carea' id='block_1_98' title="bbox 1911 3828 3496 3905">
    <p class='ocr_par' dir='ltr' id='par_1_98' title="bbox 1911 3828 3496 3905">
     <span class='ocr_line' id='line_1_98' title="bbox 1911 3828 3496 3905; baseline 0.001 -16"><span class='ocrx_word' id='word_1_768' title='bbox 1911 3844 2054 3889; x_wconf 90' lang='lat' dir='ltr'><strong>runt.</strong></span> <span class='ocrx_word' id='word_1_769' title='bbox 2069 3833 2221 3903; x_wconf 86' lang='lat' dir='ltr'><strong>Quod</strong></span> <span class='ocrx_word' id='word_1_770' title='bbox 2235 3835 2277 3889; x_wconf 89' lang='lat' dir='ltr'><strong>si</strong></span> <span class='ocrx_word' id='word_1_771' title='bbox 2294 3828 2556 3889; x_wconf 83' lang='lat' dir='ltr'><strong>secundas</strong></span> <span class='ocrx_word' id='word_1_772' title='bbox 2569 3848 2779 3904; x_wconf 88' lang='lat' dir='ltr'><strong>quoque</strong></span> <span class='ocrx_word' id='word_1_773' title='bbox 2790 3833 3111 3888; x_wconf 88' lang='lat' dir='ltr'><strong>substantias</strong></span> <span class='ocrx_word' id='word_1_774' title='bbox 3131 3837 3496 3905; x_wconf 80' lang='lat' dir='ltr'><strong>speculamur,</strong></span> 
     </span>
    </p>
   </div>
   <div class='ocr_carea' id='block_1_99' title="bbox 1913 3927 3500 4000">
    <p class='ocr_par' dir='ltr' id='par_1_99' title="bbox 1913 3927 3500 4000">
     <span class='ocr_line' id='line_1_99' title="bbox 1913 3927 3500 4000; baseline 0.003 -17"><span class='ocrx_word' id='word_1_775' title='bbox 1913 3942 2013 3983; x_wconf 90' lang='lat' dir='ltr'><strong>nec</strong></span> <span class='ocrx_word' id='word_1_776' title='bbox 2058 3927 2188 3997; x_wconf 66' lang='lat' dir='ltr'><strong>ipsae</strong></span> <span class='ocrx_word' id='word_1_777' title='bbox 2228 3942 2441 3999; x_wconf 88' lang='lat' dir='ltr'><strong>quoque</strong></span> <span class='ocrx_word' id='word_1_778' title='bbox 2480 3927 2547 3982; x_wconf 88' lang='lat' dir='ltr'><strong>ad</strong></span> <span class='ocrx_word' id='word_1_779' title='bbox 2591 3927 2788 3997; x_wconf 81' lang='lat' dir='ltr'><strong>aliquid</strong></span> <span class='ocrx_word' id='word_1_780' title='bbox 2831 3927 3096 3984; x_wconf 89' lang='lat' dir='ltr'><strong>dicentur.</strong></span> <span class='ocrx_word' id='word_1_781' title='bbox 3128 3929 3310 4000; x_wconf 86' lang='lat' dir='ltr'><strong>Neque</strong></span> <span class='ocrx_word' id='word_1_782' title='bbox 3348 3932 3500 3988; x_wconf 86' lang='lat' dir='ltr'><strong>enim</strong></span> 
     </span>
    </p>
   </div>
   <div class='ocr_carea' id='block_1_100' title="bbox 1914 4021 3501 4092">
    <p class='ocr_par' dir='ltr' id='par_1_100' title="bbox 1914 4021 3501 4092">
     <span class='ocr_line' id='line_1_100' title="bbox 1914 4021 3501 4092; baseline 0 -15"><span class='ocrx_word' id='word_1_783' title='bbox 1914 4021 2109 4077; x_wconf 89' lang='lat' dir='ltr'><strong>dicitur</strong></span> <span class='ocrx_word' id='word_1_784' title='bbox 2126 4021 2319 4076; x_wconf 89' lang='lat' dir='ltr'><strong>animal</strong></span> <span class='ocrx_word' id='word_1_785' title='bbox 2352 4021 2578 4090; x_wconf 89' lang='lat' dir='ltr'><strong>alicujus</strong></span> <span class='ocrx_word' id='word_1_786' title='bbox 2600 4036 2719 4076; x_wconf 91' lang='lat' dir='ltr'><strong>esse</strong></span> <span class='ocrx_word' id='word_1_787' title='bbox 2736 4021 2955 4088; x_wconf 89' lang='lat' dir='ltr'><strong>animal,</strong></span> <span class='ocrx_word' id='word_1_788' title='bbox 2978 4031 3073 4081; x_wconf 89' lang='lat' dir='ltr'><strong>aut</strong></span> <span class='ocrx_word' id='word_1_789' title='bbox 3098 4021 3256 4076; x_wconf 85' lang='lat' dir='ltr'><strong>homo</strong></span> <span class='ocrx_word' id='word_1_790' title='bbox 3274 4023 3501 4092; x_wconf 82' lang='lat' dir='ltr'><strong>alicujus</strong></span> 
     </span>
    </p>
   </div>
   <div class='ocr_carea' id='block_1_101' title="bbox 1916 4113 3501 4183">
    <p class='ocr_par' dir='ltr' id='par_1_101' title="bbox 1916 4113 3501 4183">
     <span class='ocr_line' id='line_1_101' title="bbox 1916 4113 3501 4183; baseline -0.001 -12"><span class='ocrx_word' id='word_1_791' title='bbox 1916 4130 2035 4171; x_wconf 90' lang='lat' dir='ltr'><strong>esse</strong></span> <span class='ocrx_word' id='word_1_792' title='bbox 2056 4114 2236 4170; x_wconf 84' lang='lat' dir='ltr'><strong>homo.</strong></span> <span class='ocrx_word' id='word_1_793' title='bbox 2262 4114 2412 4181; x_wconf 85' lang='lat' dir='ltr'><strong>Quod</strong></span> <span class='ocrx_word' id='word_1_794' title='bbox 2440 4114 2485 4167; x_wconf 84' lang='lat' dir='ltr'><strong>si</strong></span> <span class='ocrx_word' id='word_1_795' title='bbox 2508 4116 2625 4183; x_wconf 91' lang='lat' dir='ltr'><strong>quis</strong></span> <span class='ocrx_word' id='word_1_796' title='bbox 2642 4113 2783 4168; x_wconf 85' lang='lat' dir='ltr'><strong>dicat</strong></span> <span class='ocrx_word' id='word_1_797' title='bbox 2803 4127 2956 4182; x_wconf 88' lang='lat' dir='ltr'><strong>posse</strong></span> <span class='ocrx_word' id='word_1_798' title='bbox 2973 4128 3100 4169; x_wconf 84' lang='lat' dir='ltr'><strong>esse</strong></span> <span class='ocrx_word' id='word_1_799' title='bbox 3121 4115 3316 4169; x_wconf 88' lang='lat' dir='ltr'><strong>animal</strong></span> <span class='ocrx_word' id='word_1_800' title='bbox 3330 4115 3501 4169; x_wconf 80' lang='lat' dir='ltr'><strong>alicu-</strong></span> 
     </span>
    </p>
   </div>
   <div class='ocr_carea' id='block_1_102' title="bbox 1912 4202 3502 4278">
    <p class='ocr_par' dir='ltr' id='par_1_102' title="bbox 1912 4202 3502 4278">
     <span class='ocr_line' id='line_1_102' title="bbox 1912 4202 3502 4278; baseline -0.001 -17"><span class='ocrx_word' id='word_1_801' title='bbox 1912 4207 2019 4278; x_wconf 89' lang='lat' dir='ltr'><strong>jus,</strong></span> <span class='ocrx_word' id='word_1_802' title='bbox 2054 4216 2107 4260; x_wconf 91' lang='lat' dir='ltr'><strong>ut</strong></span> <span class='ocrx_word' id='word_1_803' title='bbox 2134 4220 2329 4275; x_wconf 91' lang='lat' dir='ltr'><strong>equum</strong></span> <span class='ocrx_word' id='word_1_804' title='bbox 2363 4219 2562 4269; x_wconf 88' lang='lat' dir='ltr'><strong>meum,</strong></span> <span class='ocrx_word' id='word_1_805' title='bbox 2590 4203 2674 4259; x_wconf 90' lang='lat' dir='ltr'><strong>vel</strong></span> <span class='ocrx_word' id='word_1_806' title='bbox 2701 4202 2975 4271; x_wconf 85' lang='lat' dir='ltr'><strong>quodlibet</strong></span> <span class='ocrx_word' id='word_1_807' title='bbox 3017 4202 3184 4269; x_wconf 88' lang='lat' dir='ltr'><strong>aliud,</strong></span> <span class='ocrx_word' id='word_1_808' title='bbox 3210 4217 3313 4258; x_wconf 93' lang='lat' dir='ltr'><strong>non</strong></span> <span class='ocrx_word' id='word_1_809' title='bbox 3351 4203 3404 4258; x_wconf 93' lang='lat' dir='ltr'><strong>in</strong></span> <span class='ocrx_word' id='word_1_810' title='bbox 3434 4219 3502 4260; x_wconf 85' lang='lat' dir='ltr'><strong>eo</strong></span> 
     </span>
    </p>
   </div>
   <div class='ocr_carea' id='block_1_103' title="bbox 1916 4293 3503 4367">
    <p class='ocr_par' dir='ltr' id='par_1_103' title="bbox 1916 4293 3503 4367">
     <span class='ocr_line' id='line_1_103' title="bbox 1916 4293 3503 4367; baseline -0.001 -16"><span class='ocrx_word' id='word_1_811' title='bbox 1916 4295 2059 4367; x_wconf 93' lang='lat' dir='ltr'><strong>quod</strong></span> <span class='ocrx_word' id='word_1_812' title='bbox 2077 4294 2271 4349; x_wconf 90' lang='lat' dir='ltr'><strong>animal</strong></span> <span class='ocrx_word' id='word_1_813' title='bbox 2285 4302 2390 4359; x_wconf 89' lang='lat' dir='ltr'><strong>est,</strong></span> <span class='ocrx_word' id='word_1_814' title='bbox 2407 4293 2500 4349; x_wconf 90' lang='lat' dir='ltr'><strong>sed</strong></span> <span class='ocrx_word' id='word_1_815' title='bbox 2518 4294 2569 4347; x_wconf 91' lang='lat' dir='ltr'><strong>in</strong></span> <span class='ocrx_word' id='word_1_816' title='bbox 2585 4309 2649 4348; x_wconf 89' lang='lat' dir='ltr'><strong>eo</strong></span> <span class='ocrx_word' id='word_1_817' title='bbox 2661 4293 2800 4364; x_wconf 91' lang='lat' dir='ltr'><strong>quod</strong></span> <span class='ocrx_word' id='word_1_818' title='bbox 2816 4303 2899 4349; x_wconf 90' lang='lat' dir='ltr'><strong>est</strong></span> <span class='ocrx_word' id='word_1_819' title='bbox 2914 4296 3179 4362; x_wconf 67' lang='lat' dir='ltr'><strong>possessio</strong></span> <span class='ocrx_word' id='word_1_820' title='bbox 3191 4295 3384 4350; x_wconf 88' lang='lat' dir='ltr'><strong>dicitur</strong></span> <span class='ocrx_word' id='word_1_821' title='bbox 3398 4297 3503 4350; x_wconf 88' lang='lat' dir='ltr'><strong>ali-</strong></span> 
     </span>
    </p>
   </div>
   <div class='ocr_carea' id='block_1_104' title="bbox 1919 4383 3505 4458">
    <p class='ocr_par' dir='ltr' id='par_1_104' title="bbox 1919 4383 3505 4458">
     <span class='ocr_line' id='line_1_104' title="bbox 1919 4383 3505 4458; baseline -0.004 -16"><span class='ocrx_word' id='word_1_822' title='bbox 1919 4388 2093 4458; x_wconf 88' lang='lat' dir='ltr'><strong>cujus,</strong></span> <span class='ocrx_word' id='word_1_823' title='bbox 2106 4396 2159 4441; x_wconf 89' lang='lat' dir='ltr'><strong>et</strong></span> <span class='ocrx_word' id='word_1_824' title='bbox 2176 4387 2253 4441; x_wconf 92' lang='lat' dir='ltr'><strong>sic</strong></span> <span class='ocrx_word' id='word_1_825' title='bbox 2270 4400 2375 4441; x_wconf 93' lang='lat' dir='ltr'><strong>non</strong></span> <span class='ocrx_word' id='word_1_826' title='bbox 2393 4385 2586 4440; x_wconf 90' lang='lat' dir='ltr'><strong>dicitur</strong></span> <span class='ocrx_word' id='word_1_827' title='bbox 2601 4383 2799 4438; x_wconf 88' lang='lat' dir='ltr'><strong>animal</strong></span> <span class='ocrx_word' id='word_1_828' title='bbox 2812 4384 3033 4452; x_wconf 87' lang='lat' dir='ltr'><strong>alicujus</strong></span> <span class='ocrx_word' id='word_1_829' title='bbox 3046 4384 3265 4451; x_wconf 88' lang='lat' dir='ltr'><strong>animal,</strong></span> <span class='ocrx_word' id='word_1_830' title='bbox 3278 4384 3370 4441; x_wconf 91' lang='lat' dir='ltr'><strong>sed</strong></span> <span class='ocrx_word' id='word_1_831' title='bbox 3389 4387 3505 4440; x_wconf 62' lang='lat' dir='ltr'><strong>ani.</strong></span> 
     </span>
    </p>
   </div>
   <div class='ocr_carea' id='block_1_105' title="bbox 1921 4477 3545 4550">
    <p class='ocr_par' dir='ltr' id='par_1_105' title="bbox 1921 4477 3545 4550">
     <span class='ocr_line' id='line_1_105' title="bbox 1921 4477 3545 4550; baseline 0.001 -16"><span class='ocrx_word' id='word_1_832' title='bbox 1921 4480 2077 4535; x_wconf 88' lang='lat' dir='ltr'><strong>malis</strong></span> <span class='ocrx_word' id='word_1_833' title='bbox 2100 4478 2387 4549; x_wconf 87' lang='lat' dir='ltr'><strong>possessio,</strong></span> <span class='ocrx_word' id='word_1_834' title='bbox 2403 4478 2627 4546; x_wconf 84' lang='lat' dir='ltr'><strong>alicujus</strong></span> <span class='ocrx_word' id='word_1_835' title='bbox 2651 4478 2939 4548; x_wconf 89' lang='lat' dir='ltr'><strong>possessio.</strong></span> <span class='ocrx_word' id='word_1_836' title='bbox 2962 4477 3102 4549; x_wconf 79' lang='lat' dir='ltr'><strong>Ergo</strong></span> <span class='ocrx_word' id='word_1_837' title='bbox 3125 4494 3297 4548; x_wconf 88' lang='lat' dir='ltr'><strong>neque</strong></span> <span class='ocrx_word' id='word_1_838' title='bbox 3318 4481 3508 4550; x_wconf 70' lang='lat' dir='ltr'><strong>prima:</strong></span> <span class='ocrx_word' id='word_1_839' title='bbox 3536 4488 3545 4539; x_wconf 67' lang='lat'><strong>.’</strong></span> 
     </span>
    </p>
   </div>
   <div class='ocr_carea' id='block_1_106' title="bbox 1921 4572 3506 4644">
    <p class='ocr_par' dir='ltr' id='par_1_106' title="bbox 1921 4572 3506 4644">
     <span class='ocr_line' id='line_1_106' title="bbox 1921 4572 3506 4644; baseline 0.001 -13"><span class='ocrx_word' id='word_1_840' title='bbox 1921 4574 2256 4640; x_wconf 65' lang='lat' dir='ltr'><strong>substantiae,</strong></span> <span class='ocrx_word' id='word_1_841' title='bbox 2275 4587 2445 4643; x_wconf 90' lang='lat' dir='ltr'><strong>neque</strong></span> <span class='ocrx_word' id='word_1_842' title='bbox 2461 4584 2638 4642; x_wconf 90' lang='lat' dir='ltr'><strong>partes</strong></span> <span class='ocrx_word' id='word_1_843' title='bbox 2652 4572 2940 4642; x_wconf 89' lang='lat' dir='ltr'><strong>primarum</strong></span> <span class='ocrx_word' id='word_1_844' title='bbox 2958 4574 3395 4644; x_wconf 89' lang='lat' dir='ltr'><strong>substantiarum,</strong></span> <span class='ocrx_word' id='word_1_845' title='bbox 3413 4592 3506 4632; x_wconf 66' lang='grc' dir='ltr'><strong>ηας</strong></span> 
     </span>
    </p>
   </div>
   <div class='ocr_carea' id='block_1_107' title="bbox 1923 4662 3551 4737">
    <p class='ocr_par' dir='ltr' id='par_1_107' title="bbox 1923 4662 3551 4737">
     <span class='ocr_line' id='line_1_107' title="bbox 1923 4662 3551 4737; baseline 0.001 -16"><span class='ocrx_word' id='word_1_846' title='bbox 1923 4681 2027 4737; x_wconf 91' lang='lat' dir='ltr'><strong>que</strong></span> <span class='ocrx_word' id='word_1_847' title='bbox 2039 4666 2288 4720; x_wconf 82' lang='lat' dir='ltr'><strong>secundae</strong></span> <span class='ocrx_word' id='word_1_848' title='bbox 2300 4662 2614 4718; x_wconf 70' lang='lat' dir='ltr'><strong>substantia:</strong></span> <span class='ocrx_word' id='word_1_849' title='bbox 2628 4662 2691 4717; x_wconf 88' lang='lat' dir='ltr'><strong>ad</strong></span> <span class='ocrx_word' id='word_1_850' title='bbox 2712 4663 2909 4734; x_wconf 88' lang='lat' dir='ltr'><strong>aliquid</strong></span> <span class='ocrx_word' id='word_1_851' title='bbox 2922 4664 3187 4721; x_wconf 90' lang='lat' dir='ltr'><strong>dicuntur.</strong></span> <span class='ocrx_word' id='word_1_852' title='bbox 3206 4666 3395 4724; x_wconf 83' lang='lat' dir='ltr'><strong>Partes</strong></span> <span class='ocrx_word' id='word_1_853' title='bbox 3407 4684 3506 4723; x_wconf 86' lang='lat' dir='ltr'><strong>au-</strong></span> <span class='ocrx_word' id='word_1_854' title='bbox 3542 4704 3551 4723; x_wconf 65' lang='grc' dir='ltr'><em>κ</em></span> 
     </span>
    </p>
   </div>
   <div class='ocr_carea' id='block_1_108' title="bbox 1926 4758 3529 4833">
    <p class='ocr_par' dir='ltr' id='par_1_108' title="bbox 1926 4758 3529 4833">
     <span class='ocr_line' id='line_1_108' title="bbox 1926 4758 3529 4833; baseline 0.002 -17"><span class='ocrx_word' id='word_1_855' title='bbox 1926 4772 2031 4817; x_wconf 89' lang='lat' dir='ltr'><strong>tem</strong></span> <span class='ocrx_word' id='word_1_856' title='bbox 2058 4760 2415 4817; x_wconf 89' lang='lat' dir='ltr'><strong>secundarum</strong></span> <span class='ocrx_word' id='word_1_857' title='bbox 2445 4758 2863 4815; x_wconf 88' lang='lat' dir='ltr'><strong>substantiarum</strong></span> <span class='ocrx_word' id='word_1_858' title='bbox 2897 4759 2962 4814; x_wconf 86' lang='lat' dir='ltr'><strong>ad</strong></span> <span class='ocrx_word' id='word_1_859' title='bbox 2984 4760 3183 4831; x_wconf 89' lang='lat' dir='ltr'><strong>aliquid</strong></span> <span class='ocrx_word' id='word_1_860' title='bbox 3208 4761 3306 4817; x_wconf 86' lang='lat' dir='ltr'><strong>hoc</strong></span> <span class='ocrx_word' id='word_1_861' title='bbox 3330 4764 3529 4833; x_wconf 66' lang='lat' dir='ltr'><strong>ipsum,</strong></span> 
     </span>
    </p>
   </div>
   <div class='ocr_carea' id='block_1_109' title="bbox 1926 4840 3531 4924">
    <p class='ocr_par' dir='ltr' id='par_1_109' title="bbox 1926 4840 3531 4924">
     <span class='ocr_line' id='line_1_109' title="bbox 1926 4840 3531 4924; baseline 0.001 -17"><span class='ocrx_word' id='word_1_862' title='bbox 1926 4852 2066 4924; x_wconf 90' lang='lat' dir='ltr'><strong>quod</strong></span> <span class='ocrx_word' id='word_1_863' title='bbox 2088 4863 2213 4906; x_wconf 89' lang='lat' dir='ltr'><strong>sunt</strong></span> <span class='ocrx_word' id='word_1_864' title='bbox 2229 4849 2497 4906; x_wconf 89' lang='lat' dir='ltr'><strong>dicuntur.</strong></span> <span class='ocrx_word' id='word_1_865' title='bbox 2517 4846 2689 4920; x_wconf 85' lang='lat' dir='ltr'><strong>Caput</strong></span> <span class='ocrx_word' id='word_1_866' title='bbox 2708 4850 2851 4906; x_wconf 90' lang='lat' dir='ltr'><strong>enim</strong></span> <span class='ocrx_word' id='word_1_867' title='bbox 2872 4851 3097 4923; x_wconf 82' lang='lat' dir='ltr'><strong>alicujus</strong></span> <span class='ocrx_word' id='word_1_868' title='bbox 3116 4864 3273 4923; x_wconf 88' lang='lat' dir='ltr'><strong>caput</strong></span> <span class='ocrx_word' id='word_1_869' title='bbox 3293 4853 3508 4921; x_wconf 86' lang='lat' dir='ltr'><strong>dicitur,</strong></span> <span class='ocrx_word' id='word_1_870' title='bbox 3526 4840 3531 4867; x_wconf 57' lang='lat'>“</span> 
     </span>
    </p>
   </div>
   <div class='ocr_carea' id='block_1_110' title="bbox 1924 4941 3512 5015">
    <p class='ocr_par' dir='ltr' id='par_1_110' title="bbox 1924 4941 3512 5015">
     <span class='ocr_line' id='line_1_110' title="bbox 1924 4941 3512 5015; baseline 0.001 -16"><span class='ocrx_word' id='word_1_871' title='bbox 1924 4943 2186 5014; x_wconf 89' lang='lat' dir='ltr'><strong>siquidem</strong></span> <span class='ocrx_word' id='word_1_872' title='bbox 2235 4942 2451 5014; x_wconf 87' lang='lat' dir='ltr'><strong>capitati</strong></span> <span class='ocrx_word' id='word_1_873' title='bbox 2482 4951 2639 5014; x_wconf 90' lang='lat' dir='ltr'><strong>caput</strong></span> <span class='ocrx_word' id='word_1_874' title='bbox 2679 4941 2939 5011; x_wconf 90' lang='lat' dir='ltr'><strong>dicemus,</strong></span> <span class='ocrx_word' id='word_1_875' title='bbox 2972 4954 3026 4999; x_wconf 89' lang='lat' dir='ltr'><strong>et</strong></span> <span class='ocrx_word' id='word_1_876' title='bbox 3052 4960 3241 5000; x_wconf 88' lang='lat' dir='ltr'><strong>manus</strong></span> <span class='ocrx_word' id='word_1_877' title='bbox 3286 4947 3512 5015; x_wconf 81' lang='lat' dir='ltr'><strong>alicujus</strong></span> 
     </span>
    </p>
   </div>
   <div class='ocr_carea' id='block_1_111' title="bbox 1832 5036 3513 5110">
    <p class='ocr_par' dir='ltr' id='par_1_111' title="bbox 1832 5036 3513 5110">
     <span class='ocr_line' id='line_1_111' title="bbox 1832 5036 3513 5110; baseline 0.001 -17"><span class='ocrx_word' id='word_1_878' title='bbox 1832 5060 1839 5075; x_wconf 70' lang='grc' dir='ltr'><strong>ι</strong></span> <span class='ocrx_word' id='word_1_879' title='bbox 1926 5052 2135 5093; x_wconf 88' lang='lat' dir='ltr'><strong>manus.</strong></span> <span class='ocrx_word' id='word_1_880' title='bbox 2173 5036 2446 5107; x_wconf 88' lang='lat' dir='ltr'><strong>Siquidem</strong></span> <span class='ocrx_word' id='word_1_881' title='bbox 2477 5051 2543 5092; x_wconf 82' lang='lat' dir='ltr'><strong>ex</strong></span> <span class='ocrx_word' id='word_1_882' title='bbox 2586 5051 2746 5091; x_wconf 87' lang='lat' dir='ltr'><strong>manu</strong></span> <span class='ocrx_word' id='word_1_883' title='bbox 2789 5052 2983 5093; x_wconf 91' lang='lat' dir='ltr'><strong>nomen</strong></span> <span class='ocrx_word' id='word_1_884' title='bbox 3013 5037 3211 5110; x_wconf 81' lang='lat' dir='ltr'><strong>ﬁngere</strong></span> <span class='ocrx_word' id='word_1_885' title='bbox 3240 5040 3513 5107; x_wconf 72' lang='lat' dir='ltr'><strong>volumus,</strong></span> 
     </span>
    </p>
   </div>
   <div class='ocr_carea' id='block_1_112' title="bbox 1928 5128 3517 5203">
    <p class='ocr_par' dir='ltr' id='par_1_112' title="bbox 1928 5128 3517 5203">
     <span class='ocr_line' id='line_1_112' title="bbox 1928 5128 3517 5203; baseline 0 -16"><span class='ocrx_word' id='word_1_886' title='bbox 1928 5130 1994 5187; x_wconf 89' lang='lat' dir='ltr'><strong>ad</strong></span> <span class='ocrx_word' id='word_1_887' title='bbox 2023 5129 2161 5201; x_wconf 88' lang='lat' dir='ltr'><strong>quod</strong></span> <span class='ocrx_word' id='word_1_888' title='bbox 2191 5144 2380 5185; x_wconf 90' lang='lat' dir='ltr'><strong>manus</strong></span> <span class='ocrx_word' id='word_1_889' title='bbox 2408 5128 2596 5185; x_wconf 87' lang='lat' dir='ltr'><strong>relerri</strong></span> <span class='ocrx_word' id='word_1_890' title='bbox 2634 5131 2824 5200; x_wconf 90' lang='lat' dir='ltr'><strong>possit,</strong></span> <span class='ocrx_word' id='word_1_891' title='bbox 2857 5131 2996 5187; x_wconf 90' lang='lat' dir='ltr'><strong>sicut</strong></span> <span class='ocrx_word' id='word_1_892' title='bbox 3022 5142 3181 5202; x_wconf 90' lang='lat' dir='ltr'><strong>caput</strong></span> <span class='ocrx_word' id='word_1_893' title='bbox 3214 5134 3281 5189; x_wconf 89' lang='lat' dir='ltr'><strong>ad</strong></span> <span class='ocrx_word' id='word_1_894' title='bbox 3313 5134 3517 5203; x_wconf 50' lang='lat' dir='ltr'><strong>capita‘</strong></span> 
     </span>
    </p>
   </div>
   <div class='ocr_carea' id='block_1_113' title="bbox 1931 5222 3512 5293">
    <p class='ocr_par' dir='ltr' id='par_1_113' title="bbox 1931 5222 3512 5293">
     <span class='ocr_line' id='line_1_113' title="bbox 1931 5222 3512 5293; baseline 0.001 -14"><span class='ocrx_word' id='word_1_895' title='bbox 1931 5234 2065 5291; x_wconf 93' lang='lat' dir='ltr'><strong>tum,</strong></span> <span class='ocrx_word' id='word_1_896' title='bbox 2097 5233 2154 5278; x_wconf 91' lang='lat' dir='ltr'><strong>et</strong></span> <span class='ocrx_word' id='word_1_897' title='bbox 2192 5222 2244 5277; x_wconf 93' lang='lat' dir='ltr'><strong>in</strong></span> <span class='ocrx_word' id='word_1_898' title='bbox 2279 5222 2399 5278; x_wconf 87' lang='lat' dir='ltr'><strong>aliis</strong></span> <span class='ocrx_word' id='word_1_899' title='bbox 2449 5222 2666 5293; x_wconf 88' lang='lat' dir='ltr'><strong>quidem</strong></span> <span class='ocrx_word' id='word_1_900' title='bbox 2695 5224 2858 5279; x_wconf 91' lang='lat' dir='ltr'><strong>rebus</strong></span> <span class='ocrx_word' id='word_1_901' title='bbox 2886 5224 3075 5280; x_wconf 87' lang='lat' dir='ltr'><strong>eodem</strong></span> <span class='ocrx_word' id='word_1_902' title='bbox 3116 5225 3297 5280; x_wconf 93' lang='lat' dir='ltr'><strong>modo.</strong></span> <span class='ocrx_word' id='word_1_903' title='bbox 3333 5225 3438 5282; x_wconf 89' lang='lat' dir='ltr'><strong>Sed</strong></span> <span class='ocrx_word' id='word_1_904' title='bbox 3467 5226 3512 5281; x_wconf 89' lang='lat' dir='ltr'><strong>si</strong></span> 
     </span>
    </p>
   </div>
   <div class='ocr_carea' id='block_1_114' title="bbox 1929 5314 3519 5387">
    <p class='ocr_par' dir='ltr' id='par_1_114' title="bbox 1929 5314 3519 5387">
     <span class='ocr_line' id='line_1_114' title="bbox 1929 5314 3519 5387; baseline 0.001 -18"><span class='ocrx_word' id='word_1_905' title='bbox 1929 5324 2111 5387; x_wconf 87' lang='lat' dir='ltr'><strong>partes</strong></span> <span class='ocrx_word' id='word_1_906' title='bbox 2140 5314 2498 5370; x_wconf 88' lang='lat' dir='ltr'><strong>secundarum</strong></span> <span class='ocrx_word' id='word_1_907' title='bbox 2527 5314 2942 5370; x_wconf 84' lang='lat' dir='ltr'><strong>substantiarum</strong></span> <span class='ocrx_word' id='word_1_908' title='bbox 2976 5316 3279 5379; x_wconf 83' lang='lat' dir='ltr'><strong>accidentes</strong></span> <span class='ocrx_word' id='word_1_909' title='bbox 3309 5317 3436 5382; x_wconf 89' lang='lat' dir='ltr'><strong>sint,</strong></span> <span class='ocrx_word' id='word_1_910' title='bbox 3461 5327 3519 5376; x_wconf 82' lang='lat' dir='ltr'><strong>et</strong></span> 
     </span>
    </p>
   </div>
   <div class='ocr_carea' id='block_1_115' title="bbox 1933 5392 3517 5476">
    <p class='ocr_par' dir='ltr' id='par_1_115' title="bbox 1933 5392 3517 5476">
     <span class='ocr_line' id='line_1_115' title="bbox 1933 5392 3517 5476; baseline 0.002 -15"><span class='ocrx_word' id='word_1_911' title='bbox 1933 5407 2064 5476; x_wconf 72' lang='lat' dir='ltr'><strong>ipsa:</strong></span> <span class='ocrx_word' id='word_1_912' title='bbox 2094 5403 2343 5461; x_wconf 75' lang='lat' dir='ltr'><strong>secunda:</strong></span> <span class='ocrx_word' id='word_1_913' title='bbox 2365 5404 2676 5460; x_wconf 74' lang='lat' dir='ltr'><strong>substantia:</strong></span> <span class='ocrx_word' id='word_1_914' title='bbox 2698 5406 3003 5462; x_wconf 88' lang='lat' dir='ltr'><strong>accidentes</strong></span> <span class='ocrx_word' id='word_1_915' title='bbox 3024 5415 3201 5471; x_wconf 89' lang='lat' dir='ltr'><strong>erunt,</strong></span> <span class='ocrx_word' id='word_1_916' title='bbox 3232 5417 3320 5462; x_wconf 90' lang='lat' dir='ltr'><strong>aut</strong></span> <span class='ocrx_word' id='word_1_917' title='bbox 3346 5392 3391 5461; x_wconf 83' lang='lat' dir='ltr'><strong>si</strong></span> <span class='ocrx_word' id='word_1_918' title='bbox 3415 5406 3517 5465; x_wconf 88' lang='lat' dir='ltr'><strong>boc</strong></span> 
     </span>
    </p>
   </div>
   <div class='ocr_carea' id='block_1_116' title="bbox 1932 5498 3517 5571">
    <p class='ocr_par' dir='ltr' id='par_1_116' title="bbox 1932 5498 3517 5571">
     <span class='ocr_line' id='line_1_116' title="bbox 1932 5498 3517 5571; baseline 0.001 -16"><span class='ocrx_word' id='word_1_919' title='bbox 1932 5515 2041 5555; x_wconf 89' lang='lat' dir='ltr'><strong>non</strong></span> <span class='ocrx_word' id='word_1_920' title='bbox 2073 5499 2269 5569; x_wconf 90' lang='lat' dir='ltr'><strong>placet,</strong></span> <span class='ocrx_word' id='word_1_921' title='bbox 2296 5498 2617 5553; x_wconf 86' lang='lat' dir='ltr'><strong>constabunt</strong></span> <span class='ocrx_word' id='word_1_922' title='bbox 2642 5501 2889 5559; x_wconf 74' lang='lat' dir='ltr'><strong>secunda:</strong></span> <span class='ocrx_word' id='word_1_923' title='bbox 2916 5501 3227 5557; x_wconf 69' lang='lat' dir='ltr'><strong>substantia:</strong></span> <span class='ocrx_word' id='word_1_924' title='bbox 3255 5517 3319 5557; x_wconf 79' lang='lat' dir='ltr'><strong>ex</strong></span> <span class='ocrx_word' id='word_1_925' title='bbox 3356 5504 3517 5571; x_wconf 81' lang='lat' dir='ltr'><strong>parti-</strong></span> 
     </span>
    </p>
   </div>
   <div class='ocr_carea' id='block_1_117' title="bbox 1934 5590 3517 5665">
    <p class='ocr_par' dir='ltr' id='par_1_117' title="bbox 1934 5590 3517 5665">
     <span class='ocr_line' id='line_1_117' title="bbox 1934 5590 3517 5665; baseline -0.001 -19"><span class='ocrx_word' id='word_1_926' title='bbox 1934 5593 2034 5647; x_wconf 86' lang='lat' dir='ltr'><strong>bus</strong></span> <span class='ocrx_word' id='word_1_927' title='bbox 2059 5591 2447 5662; x_wconf 87' lang='lat' dir='ltr'><strong>accidentibus,</strong></span> <span class='ocrx_word' id='word_1_928' title='bbox 2478 5592 2617 5664; x_wconf 92' lang='lat' dir='ltr'><strong>quod</strong></span> <span class='ocrx_word' id='word_1_929' title='bbox 2666 5592 2776 5647; x_wconf 79' lang='lat' dir='ltr'><strong>ﬁeri</strong></span> <span class='ocrx_word' id='word_1_930' title='bbox 2823 5593 3027 5663; x_wconf 81' lang='lat' dir='ltr'><strong>nequit.</strong></span> <span class='ocrx_word' id='word_1_931' title='bbox 3071 5593 3206 5660; x_wconf 87' lang='lat' dir='ltr'><strong>Quid</strong></span> <span class='ocrx_word' id='word_1_932' title='bbox 3253 5590 3410 5665; x_wconf 77' lang='lat' dir='ltr'><strong>igitur</strong></span> <span class='ocrx_word' id='word_1_933' title='bbox 3439 5595 3517 5649; x_wconf 81' lang='lat' dir='ltr'><strong>di.</strong></span> 
     </span>
    </p>
   </div>
   <div class='ocr_carea' id='block_1_118' title="bbox 1933 5685 3520 5758">
    <p class='ocr_par' dir='ltr' id='par_1_118' title="bbox 1933 5685 3520 5758">
     <span class='ocr_line' id='line_1_118' title="bbox 1933 5685 3520 5758; baseline 0.002 -17"><span class='ocrx_word' id='word_1_934' title='bbox 1933 5686 2161 5741; x_wconf 85' lang='lat' dir='ltr'><strong>cendqu</strong></span> <span class='ocrx_word' id='word_1_935' title='bbox 2205 5686 2324 5740; x_wconf 89' lang='lat' dir='ltr'><strong>est?</strong></span> <span class='ocrx_word' id='word_1_936' title='bbox 2351 5696 2441 5740; x_wconf 91' lang='lat' dir='ltr'><strong>aut</strong></span> <span class='ocrx_word' id='word_1_937' title='bbox 2484 5687 2626 5741; x_wconf 89' lang='lat' dir='ltr'><strong>enim</strong></span> <span class='ocrx_word' id='word_1_938' title='bbox 2664 5685 2916 5740; x_wconf 84' lang='lat' dir='ltr'><strong>dillinitio</strong></span> <span class='ocrx_word' id='word_1_939' title='bbox 2947 5685 3293 5742; x_wconf 76' lang='lat' dir='ltr'><strong>relativorutn</strong></span> <span class='ocrx_word' id='word_1_940' title='bbox 3338 5704 3520 5758; x_wconf 81' lang='lat' dir='ltr'><strong>repre-</strong></span> 
     </span>
    </p>
   </div>
   <div class='ocr_carea' id='block_1_119' title="bbox 1935 5776 3523 5854">
    <p class='ocr_par' dir='ltr' id='par_1_119' title="bbox 1935 5776 3523 5854">
     <span class='ocr_line' id='line_1_119' title="bbox 1935 5776 3523 5854; baseline 0.006 -20"><span class='ocrx_word' id='word_1_941' title='bbox 1935 5778 2219 5835; x_wconf 80' lang='lat' dir='ltr'><strong>hendenda</strong></span> <span class='ocrx_word' id='word_1_942' title='bbox 2240 5787 2340 5852; x_wconf 85' lang='lat' dir='ltr'><strong>est,</strong></span> <span class='ocrx_word' id='word_1_943' title='bbox 2366 5787 2455 5836; x_wconf 90' lang='lat' dir='ltr'><strong>aut</strong></span> <span class='ocrx_word' id='word_1_944' title='bbox 2481 5779 2634 5836; x_wconf 87' lang='lat' dir='ltr'><strong>aliter</strong></span> <span class='ocrx_word' id='word_1_945' title='bbox 2651 5776 2903 5835; x_wconf 88' lang='lat' dir='ltr'><strong>solvenda</strong></span> <span class='ocrx_word' id='word_1_946' title='bbox 2926 5776 3192 5837; x_wconf 84' lang='lat' dir='ltr'><strong>dubietas.</strong></span> <span class='ocrx_word' id='word_1_947' title='bbox 3219 5781 3323 5841; x_wconf 88' lang='lat' dir='ltr'><strong>Sed</strong></span> <span class='ocrx_word' id='word_1_948' title='bbox 3348 5784 3523 5854; x_wconf 67' lang='lat' dir='ltr'><strong>posita</strong></span> 
     </span>
    </p>
   </div>
   <div class='ocr_carea' id='block_1_120' title="bbox 3042 5872 3082 5938">
    <p class='ocr_par' dir='ltr' id='par_1_120' title="bbox 3042 5872 3082 5938">
     <span class='ocr_line' id='line_1_120' title="bbox 3042 5872 3082 5938; baseline 0 0"><span class='ocrx_word' id='word_1_949' title='bbox 3042 5872 3082 5938; x_wconf 89' lang='lat'><strong>8</strong></span> 
     </span>
    </p>
   </div>
  </div>
