4022 6328
563 389 668 448 255

1806 390 1919 452 ΔΝ.
1958 386 2165 447 MANL.
2207 385 2359 446 SEV.
2404 386 2627 443 BOE’I‘II

3732 385 3838 445 ass

508 564 513 593 η.
565 519 725 580 atque
768 511 1055 565 constituta
1100 507 1266 579 priori
1307 505 1665 575 difﬂuitione,
1706 521 1824 577 qua
1870 505 2001 561 dicit
2048 504 2139 559 illa
2171 503 2521 567 Anaturam,
2554 500 2815 555 medietas
2844 499 3304 589 verosecuhdutn
3332 504 3660 573 qnaternarii
3698 506 3840 561 reia-

564 615 689 658 esse
735 601 955 656 relativa
998 615 1118 670 qua:
1159 599 1212 654 id
1250 600 1391 669 quod
1437 608 1563 655 sunt
1604 597 1831 654 aliorum
1872 596 2143 658 dicuntur,

513 681 521 773 ξ
566 693 651 746 hic
688 692 997 760 quaestionis
1043 690 1212 745 nodus
1255 689 1394 744 solvi
1438 703 1545 743 non
1595 686 1811 758 poterit,
1840 684 1985 756 quod
2031 684 2146 753 ipse

566 783 879 836 Aristoteles
904 781 1002 835 hac
1030 780 1369 851 adjunctione
1395 788 1638 837 testatur.

635 893 698 949 Si
724 895 880 962 igitur
903 892 1209 962 suﬁcienter
1234 906 1411 947 eorum
1438 906 1552 962 qua
1575 900 1693 946 sunt
1717 891 1786 944 ad
1815 882 2011 961 aliquid
2041 882 2147 957 dif—

544 987 734 1057 rﬁnitio
761 986 1023 1055 assignate
1050 993 1148 1049 est,
1170 992 1260 1039 aut
1282 985 1435 1038 nimis
1461 983 1689 1053 difﬁcile,
1713 989 1805 1035 aut
1833 980 2145 1050 impossibile

561 1087 634 1134 est
665 1078 948 1142 ostendere,
976 1081 1218 1149 quastione
1246 1079 1394 1131 nulla
1421 1077 1705 1131 substantia
1726 1075 1795 1127 ad
1837 1071 2036 1143 aliquid
2069 1071 2149 1125 di-

562 1173 716 1224 citur.
751 1170 813 1225 Si
844 1181 1014 1225 autem
1037 1187 1141 1224 non
1176 1170 1499 1240 saﬂicienter,
1541 1170 1629 1223 sed
1659 1177 1776 1222 sunt
1819 1166 1888 1220 ad
1927 1165 2143 1234 aliquid,

560 1260 745 1329 quibus
774 1261 868 1316 hoc
896 1262 1061 1331 ipsum
1092 1277 1217 1325 esse,
1253 1268 1326 1313 est
1360 1260 1429 1313 ad
1465 1259 1663 1327 aliquid
1689 1255 2066 1327 quodammodo
2092 1269 2147 1309 se

563 1354 764 1416 habere,
791 1355 1005 1423 fortasse
1035 1352 1229 1417 aliquid
1249 1352 1316 1405 ad
1344 1353 1439 1406 ista
1478 1353 1694 1406 dicetur.
1728 1349 1885 1404 Prior
1905 1364 2021 1404 vero
2045 1349 2148 1419 dif-

560 1443 727 1513 ﬁuitio
784 1443 1008 1514 sequitur
1056 1442 1260 1512 quidem
1311 1443 1485 1496 omnia
1533 1441 1776 1505 relative,
1830 1458 1935 1496 non
1981 1450 2147 1495 tamen

560 1536 699 1607 quod
729 1536 843 1607 ipsa
879 1537 981 1591 sint
1024 1536 1091 1589 ad
1133 1535 1327 1607 aliquid
1358 1546 1432 1590 est
1477 1535 1573 1590 hoc
1610 1537 1750 1606 quod
1778 1550 1839 1591 ea
1880 1536 1996 1606 ipsa
2034 1547 2147 1604 qua:

559 1641 681 1686 sunt
709 1632 931 1686 aliorum
954 1646 1062 1687 esse
1083 1632 1346 1692 dicuntur.

634 1743 910 1811 Proposita
946 1758 1079 1814 ergo
1117 1753 1279 1814 atque
1321 1743 1527 1798 iirmata
1573 1742 1755 1813 priore
1803 1739 2146 1797 relativorum

561 1837 876 1894 diflinitione
905 1836 1124 1893 difiioile
1152 1835 1364 1892 defendi
1390 1835 1608 1905 poterit,
1631 1844 1725 1891 aut
1754 1832 1979 1890 fortasse
2003 1847 2145 1888 nun-

563 1945 748 1999 quam,
775 1928 1034 1998 qnasdam
1067 1928 1394 1984 substantias
1424 1943 1532 1983 non
1558 1936 1681 1984 esse
1702 1926 1989 1998 relativus;
2014 1925 2145 1981 Nam

560 2020 604 2074 si
635 2020 701 2073 ad
730 2019 929 2089 aliquid
963 2019 1049 2073 illa
1076 2029 1222 2086 sunt,
1256 2033 1593 2090 qumcunque
1621 2019 1673 2074 id
1701 2016 1844 2089 quod
1872 2026 1997 2074 sunt
2018 2019 2148 2073 alio-

560 2125 679 2166 rum
707 2110 979 2177 dicuntur,
1026 2121 1081 2166 ut
1118 2111 1171 2165 id
1216 2112 1359 2181 quod
1387 2122 1470 2168 est
1509 2123 1672 2183 caput
1712 2111 1926 2182 capitati
1954 2111 2149 2167 dicitur

559 2212 740 2269 caput,
789 2203 1007 2258 habebit
1054 2203 1215 2273 igitur
1260 2206 1557 2260 substantia
1602 2220 1723 2276 quas
1752 2214 1832 2261 est
1882 2214 2041 2275 caput
2080 2205 2148 2260 ad

559 2294 757 2364 aliquid
811 2295 1149 2363 relationem,
1198 2304 1253 2351 et
1297 2297 1365 2352 ita
1420 2299 1523 2353 erit
1574 2299 1873 2355 substantia
1908 2299 2147 2371 rreiativa

561 2395 718 2455 atque
738 2386 1011 2453 accidens,
1041 2387 1181 2458 quod
1203 2397 1289 2443 est
1318 2390 1675 2459 impossibile.
1700 2392 1876 2459 Quare
1898 2376 2147 2460 quoniam

559 2478 829 2547 proposita
859 2488 1020 2549 atque
1046 2481 1334 2534 constituta
1368 2480 1549 2550 priore
1577 2480 1903 2538 diiiinitione
1923 2481 2038 2538 huic
2064 2485 2149 2537 in-

560 2572 908 2627 commoditas
948 2572 1001 2626 in
1042 2572 1397 2641 dispositione
1441 2566 1897 2643 consequitnrfut
1942 2586 2153 2631 constet

560 2664 698 2716 ratio
742 2679 845 2717 non
890 2665 1117 2734 integras
1145 2663 1505 2729 diflinitionis,
1545 2666 1837 2737 as~ignatio
1884 2677 2154 2736 permute-

556 2764 662 2829 tur.
699 2754 788 2809 Ait
815 2755 959 2810 enim
1006 2770 1112 2810 non
1151 2771 1271 2810 esse
1306 2756 1564 2825 integram
1607 2758 1981 2811 diftinitionem
2026 2772 2145 2827 qua:

560 2862 717 2913 supra
742 2847 810 2901 sit
836 2846 1063 2915 reddita,
1094 2862 1193 2904 nec
1215 2849 1385 2918 magis
1410 2849 1496 2902 illa
1523 2863 1645 2904 esse
1675 2849 1740 2903 ad
1773 2849 1992 2919 aliquid,
2024 2862 2144 2919 quas

560 2937 612 2991 id
643 2938 783 3006 quod
815 2948 941 2992 sunt
978 2938 1206 2992 aliorum
1248 2938 1518 3006 dicuntur,
1555 2940 1729 3008 potius
1752 2954 1912 3008 quam
1944 2955 2005 2995 ea
2032 2942 2153 3008 qui-

560 3026 661 3082 bus
700 3029 872 3095 ipsum
909 3043 1029 3082 esse
1066 3038 1151 3082 est
1191 3028 1259 3082 ad
1305 3030 1501 3098 aliquid
1542 3030 1939 3097 quodammodo
1967 3043 2028 3084 se
2058 3030 2151 3083 ha-

560 3121 708 3176 bere.
761 3120 865 3174 Sed
910 3120 1140 3175 fortasse
1180 3120 1424 3175 videatur
1481 3121 1797 3188 quibusdam
1854 3123 2180 3177 inconsulte.

561 3212 859 3280 legentibus
880 3220 934 3265 et
964 3210 1185 3265 minime
1215 3211 1702 3277 considerantibus,
1747 3213 1798 3268 id
1829 3213 1971 3282 quod
2000 3212 2145 3266 diffi-

562 3300 660 3355 uiri
708 3310 1042 3368 oportuerat,
1082 3299 1181 3354 hoc
1227 3302 1279 3355 in
1323 3300 1644 3355 diltinitione
1684 3316 1805 3357 esse
1850 3313 2145 3371 sumptum,

562 3390 699 3457 quod
750 3398 832 3443 est
887 3391 1314 3446 vitiosissimum.
1357 3388 1411 3445 Si
1455 3389 1599 3446 enim
1651 3390 1853 3446 idcirco
1898 3392 2147 3446 diftinitio

563 3479 806 3545 sumitur,
837 3490 898 3534 ut
928 3495 1012 3535 res
1032 3480 1099 3534 de
1118 3498 1219 3551 qua
1249 3481 1501 3551 quaeritur
1522 3482 1848 3551 assignetur,
1869 3499 1993 3553 quae
2033 3498 2147 3543 mp

563 3572 637 3645 gis
658 3582 740 3627 est
762 3573 996 3640 apertior
1021 3572 1292 3636 difhnitio,
1327 3574 1370 3626 si
1416 3589 1475 3628 re
1502 3574 1616 3641 ipsa
1648 3588 1809 3644 quam
1844 3575 1993 3630 tiiftin
2019 3583 2060 3640 t,
2094 3577 2144 3630 in

562 3663 914 3730 assignatione
958 3661 1294 3717 dil‘iinitionis
1338 3663 1554 3718 utatur?
1604 3662 1863 3720 Diftinitio
1916 3680 2147 3735 namque

557 3754 761 3831 idcirco
790 3754 1049 3817 redditur,
1085 3762 1143 3809 ut
1170 3770 1257 3808 res
1288 3755 1354 3809 de
1391 3757 1543 3823 cujus
1581 3758 1797 3824 quidem
1845 3771 1966 3813 esse
1991 3757 2148 3812 dubie

563 3853 720 3907 tatur,
752 3841 1073 3895 difﬁnitione
1095 3844 1331 3911 pateﬁat.
1362 3843 1516 3910 Quod
1551 3845 1597 3898 si
1640 3861 1752 3900 rem
1785 3849 1953 3914 ipsam
1983 3860 2144 3915 quam

557 3929 774 3995 diiiinit,
808 3932 859 3984 itt
888 3930 1210 3986 diflitiitiotte
1252 3934 1566 3999 protulerit,
1603 3934 1772 3987 nihilo
1803 3937 2010 4005 planior
2046 3937 2149 3992 difc

556 4021 726 4077 ﬁnitio
748 4020 835 4085 sit,
872 4022 997 4075 utsi
1029 4024 1147 4089 quis
1190 4022 1463 4077 hominem
1501 4022 1735 4079 diflinire
1770 4027 1950 4081 volens
1978 4028 2145 4095 dicat,

554 4116 660 4165 hoc
688 4113 857 4177 ipsum
885 4126 1006 4165 esse
1037 4111 1304 4166 imminent
1333 4114 1476 4179 quod
1511 4114 1804 4170 hominem.
1836 4118 1909 4171 ita
1932 4135 2147 4189 quoque

554 4198 666 4259 non
692 4202 1181 4268 considerantibus,
1208 4207 1526 4261 Aristoteles
1568 4208 1915 4266 relativorum
1945 4212 2147 4269 difiini-

554 4295 757 4350 tionem
783 4295 1077 4349 reddidisse
1098 4295 1385 4350 videbitur.
1407 4298 1651 4354 Aitcnim
1679 4316 1799 4358 esse
1828 4305 1892 4357 ad
1921 4305 2143 4375 aliquid,

554 4388 749 4459 quibus
795 4389 895 4443 hoc
935 4389 1108 4459 ipsum
1136 4404 1256 4444 esse
1281 4392 1459 4446 estad
1506 4395 1705 4464 aliquid
1746 4400 2145 4467 quodammodo

553 4496 616 4538 se
648 4480 867 4557 habere,
896 4496 956 4533 ac
984 4481 1029 4534 si
1058 4481 1260 4537 diceret
1289 4502 1299 4534 :
1330 4482 1404 4538 Ea
1432 4497 1554 4539 sunt
1582 4486 1646 4540 ad
1688 4488 1905 4557 aliquid,
1934 4506 2053 4560 quae
2082 4506 2144 4547 se

554 4572 625 4628 ad
656 4572 851 4643 aliquid
879 4571 1277 4642 quodammodo
1317 4575 1533 4631 habent.
1560 4575 1665 4632 Sed
1698 4578 1951 4635 minutius
1978 4591 2141 4651 atque

553 4658 762 4723 acutius
822 4667 1323 4734 considerantibus,
1379 4670 1458 4724 vis
1525 4669 1752 4741 integras
1801 4673 2138 4729 diftinitiunis

552 4769 804 4830 prompte
829 4767 989 4829 atque
1034 4761 1289 4816 veraciter
1320 4761 1634 4832 apparebit;
1675 4780 1782 4821 non
1820 4767 1962 4821 enim
1991 4768 2043 4822 in
2072 4783 2139 4824 eo

552 4850 696 4917 quod
742 4859 825 4904 est
863 4851 988 4918 dici,
1032 4850 1097 4905 ad
1148 4852 1346 4922 aliquid
1377 4854 1807 4924 consideramus,
1836 4858 1931 4914 sed
1977 4859 2030 4913 in
2072 4875 2139 4915 eo

551 4943 699 5009 quod
724 4952 803 4994 est
829 4957 978 5027 esse;
1003 4958 1065 4997 ea
1094 4959 1321 5014 namque
1350 4956 1475 5002 sunt
1500 4949 1743 5016 relativa,
1773 4965 1893 5019 qua:
1926 4955 1976 5006 in
2008 4968 2140 5022 qua-

551 5028 677 5086 daui
712 5026 1109 5115 comparatione
1140 5043 1194 5090 et
1234 5037 1507 5093 relationis
1539 5037 1851 5115 habiﬂtdine
1886 5043 2139 5097 conside-

551 5130 755 5185 ramus,
786 5130 839 5173 nt
868 5108 1239 5192 quaiernarius
1271 5141 1551 5196 numerus,
1583 5139 1637 5184 et
1654 5108 1762 5184 hoc
1791 5131 1965 5200 ipsum
1992 5137 2135 5202 quod

551 5214 638 5267 est
666 5226 786 5266 esse
806 5213 1021 5279 dicitur,
1052 5214 1102 5270 id
1134 5226 1214 5270 est
1234 5228 1481 5288 quatuor,
1515 5228 1569 5274 et
1598 5219 1741 5274 aliud
1767 5221 2055 5290 quoddam,
2083 5226 2136 5279 id

552 5320 634 5365 est
654 5310 890 5379 duplum,
924 5322 981 5366 ut
1012 5313 1053 5366 si
1086 5317 1149 5369 ad
1192 5314 1452 5371 binarium
1486 5318 1813 5374 conferatur.
1848 5321 1955 5377 Sed
1994 5325 2136 5391 quod

551 5402 618 5457 de
640 5404 981 5471 quaternario
1005 5421 1225 5460 numero
1249 5407 1498 5472 dicimus,
1520 5410 1918 5477 quaternarium
1950 5411 2049 5467 hoc
2068 5414 2136 5467 ad

550 5494 717 5565 Ipsius
756 5498 1082 5565 quaternarii
1135 5500 1341 5555 numeri
1393 5508 1638 5555 naturam
1688 5502 1941 5559 refertur.
1983 5506 2137 5571 Quod

550 5602 679 5644 vero
712 5588 959 5657 duplum,
1005 5605 1109 5646 non
1155 5601 1237 5645 est
1269 5591 1367 5645 hoc
1396 5593 1743 5660 quaternarii,
1786 5596 1880 5649 sed
1909 5595 2139 5653 duorum

549 5677 618 5733 ad
648 5678 789 5747 quod
812 5681 1030 5751 duplum
1063 5681 1277 5745 dicitur,
1302 5694 1355 5739 et
1382 5682 1448 5737 ad
1474 5683 1616 5752 quod
1641 5688 1855 5755 propria
1879 5688 2140 5744 relatione

549 5774 769 5845 duplum
813 5784 913 5830 est.
967 5770 1211 5831 Binarius
1249 5789 1460 5846 quoque
1490 5790 1749 5833 numerus
1796 5789 1851 5832 et
1897 5780 2139 5837 hinarius

547 5876 651 5927 est.
688 5878 753 5926 et-
780 5868 1062 5938 medietas,
1110 5870 1346 5928 binarius
1386 5870 1601 5939 quidem
1648 5873 1940 5932 secundum
1979 5890 2134 5934 suam

1065 6029 1165 6044 μην-

2251 595 2474 650 tionem.
2498 594 2759 661 Quocirca
2790 594 2844 648 in
2882 586 3283 663 comparatione
3309 593 3537 665 quadam
3581 605 3745 666 atque
3785 598 3837 651 in

2249 687 2562 743 habitudine
2588 702 2651 742 ea
2675 702 2794 757 quas
2822 698 2947 743 sunt
2971 688 3036 742 ad
3069 688 3271 759 aliquid
3298 687 3674 758 speculamur;
3706 672 3842 760 qda-

2249 785 2513 837 ternarias
2540 783 2682 837 enim
2712 783 2763 835 in
2788 794 2856 836 eo
2875 782 3014 851 quod
3037 783 3411 850 quaternarius
3439 789 3523 836 est
3548 780 3613 837 ad
3635 781 3839 851 aliquid

2248 888 2354 926 non
2384 872 2601 940 dicitur,
2630 872 2683 927 in
2707 887 2774 926 eo
2803 886 2933 927 vero
2961 872 3103 942 quod
3133 880 3215 928 est
3241 872 3459 943 duplus,
3491 871 3721 928 duorum
3755 888 3843 927 re-

2248 961 2440 1018 lativus
2461 963 2795 1029 est,sci|icet
2814 963 2880 1017 ad
2899 963 3167 1018 binarlum
3193 972 3555 1033 comparatus.
3592 962 3841 1017 Binarius

2246 1047 2460 1123 quoque
2491 1056 2541 1109 in
2573 1069 2640 1110 eo
2660 1054 2801 1125 quod
2821 1063 2947 1109 sunt
2967 1054 3095 1120 duo,
3124 1053 3190 1109 ad
3217 1055 3415 1126 aliquid
3447 1068 3552 1108 non
3581 1053 3839 1117 refertur,

2247 1148 2342 1202 sed
2383 1148 2533 1204 ineo
2562 1150 2704 1218 quod
2753 1157 2832 1204 est
2874 1147 3158 1216 medietas,
3191 1148 3397 1203 scilicet
3436 1146 3501 1201 ad
3545 1156 3842 1217 quaterna-

2249 1238 2387 1292 rium
2423 1248 2782 1307 comparatus.
2820 1238 2986 1308 Ergo,
3018 1247 3074 1291 ut
3109 1239 3183 1292 sit
3216 1235 3409 1307 duplus
3436 1236 3839 1308 quaternarius,

2218 1364 2219 1367 η
2249 1340 2354 1382 non
2385 1327 2615 1392 duobus,
2643 1328 2735 1381 sed
2751 1327 3037 1383 medietate
3062 1335 3203 1396 eget,
3226 1334 3285 1381 ut
3312 1327 3382 1383 sit
3402 1325 3663 1382 medietas
3685 1325 3720 1382 b
3746 1340 3845 1381 na-

2249 1418 2383 1485 rius,
2423 1433 2529 1473 non
2560 1420 2929 1489 quaternario,
2963 1418 3058 1473 sed
3101 1418 3266 1487 duplo
3291 1408 3443 1487 opus
3465 1424 3571 1473 est.
3607 1414 3845 1472 Videsne

2220 1519 2310 1565 .ut
2336 1510 2648 1565 habitudine
2689 1510 2918 1579 quadam
2962 1519 3017 1565 et
3051 1511 3458 1579 comparatione
3498 1522 3586 1563 res
3612 1506 3757 1562 aliud
3787 1507 3842 1561 in

2224 1613 2441 1656 natura
2465 1602 2784 1668 retinentia,
2820 1599 2962 1656 aliud
2997 1610 3176 1655 tamen
3226 1600 3291 1653 ad
3335 1614 3394 1655 se
3431 1596 3656 1653 invicem
3684 1600 3795 1653 sint
3818 1597 3846 1651 τ

2251 1614 2441 1656 natura
2465 1614 2701 1656 retinent
2769 1640 2784 1668 ,
2820 1614 2962 1656 anno
2997 1614 3176 1655 tamen
3226 1614 3291 1653 au
3335 1614 3394 1655 se
3431 1614 3656 1653 mrtcetn
3684 1614 3795 1653 sint
3822 1614 3843 1651 ι

2251 1700 2305 1746 et
2334 1691 2435 1746 hoc
2464 1705 2572 1745 non
2602 1704 2673 1745 ex
2703 1614 2957 1760 0[tom-ia,
2987 1690 3083 1746 sed
3112 1705 3178 1745 ex
3222 1690 3455 1745 invicem
3506 1698 3693 1745 natura
3725 1702 3843 1743 mn-

2180 1798 2189 1801 ‘
2251 1792 2488 1850 tuentur,
2542 1796 2663 1837 nam
2705 1782 2849 1853 quod
2893 1793 2974 1837 est
3016 1781 3211 1851 duplus
3250 1762 3613 1835 numerFex
3661 1778 3845 1834 medio

2175 1884 2233 1946 Β
2252 1876 2435 1943 trahit,
2459 1874 2600 1943 quod
2623 1883 2707 1928 est
2735 1873 2998 1928 medietas
3018 1887 3085 1928 es
3108 1871 3288 1938 duplo,
3320 1881 3480 1942 atque
3507 1871 3607 1927 hoc
3634 1870 3701 1926 iis
3720 1874 3845 1941 quae

2249 1978 2373 2023 sunt
2405 1967 2471 2021 ad
2498 1964 2698 2035 aliquid
2727 1975 2883 2020 extra
2911 1964 3111 2030 evenit,
3143 1974 3199 2019 et
3222 1952 3341 2019 ideo
3364 1961 3495 2017 nihil
3520 1959 3845 2031 patientibus

2249 2076 2426 2130 neque
2461 2056 2780 2129 permutth
2826 2057 2961 2128 ipsis
2989 2070 3109 2126 qum
3146 2055 3213 2111 ad
3264 2053 3464 2125 aliquid
3512 2050 3844 2119 referuntur,

2250 2154 2365 2223 ipsa
2390 2152 2457 2207 ad
2482 2150 2679 2221 aliquid
2712 2151 2863 2215 ﬁunt,
2890 2150 3023 2205 nihil
3045 2150 3187 2205 enim
3208 2150 3511 2219 permutato
3533 2144 3601 2201 de
3624 2142 3845 2227 quater-

2240 2250 2407 2304 ‘nario
2434 2247 2629 2317 duplus
2666 2247 2781 2317 ipse
2807 2253 2910 2310 est,
2945 2245 3102 2300 si‘ati
3144 2243 3410 2301 binarium
3455 2228 3739 2305 referatur,
3796 2251 3847 2297 et

2238 2340 2388 2396 nihil
2417 2339 2486 2393 de
2515 2337 2729 2394 binario
2759 2345 3083 2407 permutato,
3107 2326 3366 2393 medietas
3395 2332 3767 2401 estbinarius,
3802 2339 3847 2395 si

2236 2431 2321 2487 .ad
2351 2428 2753 2501 quaternarium
2784 2428 3000 2483 dicitur.
3044 2427 3188 2498 Ergo
3217 2418 3565 2483 relativorutn
3611 2424 3715 2483 hoc
3761 2434 3847 2483 eet
3936 2438 3939 2439 '

2252 2534 2398 2593 esse,
2432 2523 2485 2577 id
2515 2533 2595 2577 est
2624 2523 2740 2575 ha3c
2762 2534 2952 2577 eorum
2987 2529 3171 2576 natura
3216 2526 3376 2590 atque
3394 2518 3703 2593 ,sti‘bstantia
3741 2514 3847 2586 est,

2254 2630 2314 2673 ut
2342 2618 2393 2673 id
2424 2617 2566 2686 quod
2595 2623 2723 2671 sunt
2750 2617 2817 2669 ad
2843 2613 3044 2685 aliquid
3078 2613 3402 2679 referantur,
3438 2612 3489 2667 id
3513 2618 3594 2667 est
3613 2626 3733 2667 non
3759 2620 3848 2667 so-

2253 2710 2364 2766 lum
2413 2690 2606 2764 referri
2652 2707 2918 2793 tueantur,
2968 2705 3061 2762 sed
3103 2707 3266 2761 etiam
3316 2705 3638 2787 referamur.
3671 2705 3848 2775 Atque

2244 2804 2362 2857 hoc
2400 2809 2487 2856 est
2519 2797 2659 2868 quod
2702 2799 2800 2864 ait,
2846 2798 2939 2853 sed
2980 2802 3106 2851 sunt
3153 2796 3219 2852 ad
3267 2796 3463 2864 aliquid
3508 2796 3705 2871 quibus
3746 2792 3848 2867 hoc

2246 2896 2588 2969 ipsumysse
2617 2900 2701 2943 est
2747 2887 2817 2943 ad
2858 2886 3057 2957 aliquid
3104 2886 3502 2955 quodaminodo
3537 2900 3596 2942 se
3625 2886 3851 2952 habere,

2252 2997 2319 3036 ac
2346 2982 2389 3034 si
2420 2980 2629 3034 diceret
2658 2993 2888 3048 quorum
2917 2977 3215 3033 substantia
3242 2988 3325 3033 est
3356 2976 3421 3032 ad
3458 2977 3661 3048 aliquid
3699 2978 3849 3034 aliud

2248 3071 2466 3135 referri,
2495 3082 2548 3126 et
2573 3087 2692 3141 quas
2714 3072 2785 3125 ita
2813 3079 2939 3124 sunt
2964 3080 3022 3125 ut
3047 3068 3161 3139 ipsa
3195 3068 3248 3123 id
3277 3070 3418 3137 quod
3447 3074 3573 3123 sunt
3601 3068 3671 3123 ad
3699 3067 3849 3124 aliud

2248 3165 2576 3227 reiciantur,
2605 3172 2662 3218 et
2683 3177 2804 3219 esse
2829 3177 3016 3217 eorum
3046 3157 3119 3218 sit
3144 3161 3209 3215 ad
3238 3159 3435 3231 aliquid
3460 3161 3602 3216 aliud
3628 3156 3849 3229 referri,

2174 3257 2224 3322 ο
2248 3256 2348 3313 sed
2375 3270 2479 3310 non
2504 3255 2682 3310 omnia
2711 3260 2830 3323 qua:
2853 3233 3197 3308 dicuntur'ad
3225 3250 3392 3317 aliud,
3422 3256 3619 3308 etesse
3640 3252 3709 3309 de
3742 3254 3850 3310 aiio
3882 3274 3913 3279 ἡ

2252 3357 2582 3404 mutuantur.
2636 3346 2733 3402 illa
2787 3361 3018 3415 namque
3046 3343 3297 3433 difiinitio
3334 3345 3499 3416 prior,
3539 3346 3711 3417 major
3743 3342 3850 3414 est,

2253 3436 2631 3505 difiinitionem
2676 3451 2908 3507 namque
2955 3436 3307 3492 reiativorum
3352 3446 3703 3506 supergressa
3742 3438 3848 3503 est,

2254 3529 2480 3601 includit
2508 3530 2652 3586 enim
2689 3545 2751 3586 ea
2792 3543 3009 3599 quoque
3035 3540 3158 3598 qua
3204 3527 3423 3582 relativa
3466 3540 3573 3581 non
3613 3534 3763 3592 sunt,
3797 3534 3849 3582 et

2251 3630 2703 3704 quemadmodum
2743 3628 3017 3684 hominem
3060 3641 3185 3683 cum
3230 3627 3372 3695 dico,
3412 3625 3693 3684 mortalem
3722 3640 3847 3684 eum

2252 3746 2376 3787 esse
2416 3744 2642 3787 necesse
2668 3738 2773 3797 est,
2802 3744 2924 3785 cum
2960 3730 3083 3785 dico
3114 3729 3420 3800 mortalem,
3458 3744 3565 3786 non
3620 3742 3848 3787 necesse

2253 3841 2337 3886 est
2374 3844 2495 3886 esse
2530 3831 2826 3897 hominem,
2872 3827 2943 3884 ita
2984 3842 3198 3899 quoque
3238 3843 3299 3885 ea
3344 3842 3464 3900 quae
3513 3830 3611 3884 hoc
3669 3822 3846 3900 ipsum

2251 3924 2394 3993 quod
2424 3935 2549 3980 sunt
2576 3939 2640 3978 ex
2669 3924 2841 3979 altero
2867 3918 3108 3987 trahunt,
3139 3929 3194 3979 et
3222 3936 3342 3979 esse
3373 3914 3572 3979 habent
3604 3924 3671 3979 ad
3707 3924 3846 3980 aite-

2252 4012 2366 4072 rins
2401 4017 2739 4080 relationem,
2775 4022 2829 4070 et
2871 4028 2993 4070 esse
3036 4029 3190 4069 suum
3231 4014 3296 4070 ad
3341 4006 3562 4071 alterius
3603 4014 3848 4072 referunt

2239 4111 2725 4179 ~nuncupationem.
2759 4110 2889 4179 Qum
2919 4122 3048 4165 vero
3078 4108 3143 4164 ad
3171 4106 3313 4164 aliud
3342 4098 3842 4187 mutuﬁdicuntur’,

2250 4214 2371 4282 non
2384 4216 2607 4273 necesse
2639 4210 2743 4265 cst,
2770 4210 2827 4255 ut
2854 4210 3152 4281 esseﬁunm
3175 4198 3240 4255 ad
3238 4197 3464 4282 ﬁliquid
3490 4197 3721 4262 habeant
3756 4216 3843 4255 re-
3884 4198 3887 4215 ⁴

2250 4276 2439 4363 latum,
2474 4314 2581 4369 quo
2614 4276 3382 4367 posterioremﬁdiflinitioiiem
3425 4294 3743 4370 suscipiant,
3792 4311 3846 4358 et

2248 4389 2351 4445 ista
2382 4392 2641 4444 sententia
2666 4389 2899 4445 breviter
2928 4389 3245 4456 includatur,
3272 4398 3328 4445 ut
3351 4406 3680 4463 quaecunque
3705 4396 3847 4450 hanc

2222 4480 2623 4545 ,diitinitiouem
2675 4481 3031 4550 susceperint,
3064 4492 3121 4535 ut
3157 4479 3257 4536 hoc
3285 4481 3457 4551 ipsum
3474 4497 3618 4563 ’esse
3658 4485 3728 4539 sit
3774 4484 3846 4540 ad

2246 4571 2448 4640 aliquid
2471 4571 2865 4642 quodammodo
2892 4585 2951 4626 se
2977 4570 3195 4636 habere,
3225 4571 3456 4627 habeant
3474 4588 3593 4628 eam
3624 4589 3846 4645 quoque

2246 4663 2645 4731 diilinitionem,
2677 4674 2799 4731 qua:
2844 4670 2928 4719 est
2969 4664 3193 4718 relativa
3240 4679 3363 4719 esse
3409 4680 3744 4735 quaecunque
3790 4667 3844 4723 id

2245 4757 2387 4827 quod
2417 4766 2540 4812 sunt
2570 4758 2797 4813 aliorum
2828 4754 3095 4823 dicuntur,
3139 4774 3257 4829 qua:
3290 4776 3419 4815 vero
3449 4760 3585 4815 hanc
3633 4761 3844 4820 habue-

2247 4854 2359 4909 rint
2380 4840 2750 4908 dilﬁnitionem
2783 4853 2923 4907 illam
2954 4869 3060 4908 non
3090 4856 3394 4910 necessario
3419 4856 3672 4921 habeant,
3700 4866 3853 4915 utea

2246 4956 2370 5014 dum
2401 4954 2523 5000 sunt
2550 4945 2614 4999 ad
2646 4945 2866 5015 aliquid,
2899 4947 3058 5001 etiam
3093 4947 3157 5000 ad
3205 4946 3401 5019 aliquid
3433 4948 3700 5003 dicantur.
3733 4949 3859 5021 Sed;

2248 5053 2311 5094 ea
2336 5053 2455 5107 qua:
2482 5038 2734 5092 dicuntur
2763 5039 2828 5092 ad
2862 5039 3084 5108 aliquid,
3119 5056 3222 5094 non
3262 5041 3484 5095 omnino
3520 5039 3587 5093 ad
3637 5041 3843 5112 aliquid

2248 5130 2381 5196 sint,
2422 5130 2561 5201 quod
2599 5132 2642 5184 si
2665 5131 2765 5185 ista
2793 5130 3039 5186 difﬁnitio
3070 5133 3335 5207 posterior
3375 5126 3689 5201 recipiatur,
3724 5150 3853 5205 qua:

2247 5221 2382 5279 dicit
2409 5237 2473 5277 ea
2504 5236 2622 5277 esse
2663 5223 2729 5277 ad
2765 5222 2985 5293 aliquid,
3016 5214 3209 5293 quibus
3257 5224 3357 5279 hoc
3401 5226 3574 5295 ipsum
3607 5242 3732 5283 esse
3762 5239 3845 5283 est

2247 5316 2317 5371 ad
2345 5315 2543 5385 aliquid
2575 5316 2974 5385 quodaminodo
3003 5330 3062 5370 se
3105 5314 3321 5381 habere,
3364 5306 3557 5385 poterit
3594 5320 3845 5388 superior

2248 5408 2386 5465 solvi
2414 5407 2697 5471 dubitatio,
2725 5422 2831 5477 quo
2873 5406 3111 5461 dicamus
3144 5405 3192 5461 id
3218 5400 3359 5476 quod
3399 5406 3512 5477 ipse
3542 5410 3843 5478 posteriore

2250 5503 2615 5571 disputatione
2634 5510 2850 5556 secutus
2876 5512 2978 5555 est.
3010 5501 3160 5567 Quod
3190 5510 3366 5555 autem
3395 5501 3469 5556 ait
3494 5518 3506 5555 :
3536 5500 3690 5557 Prior
3716 5519 3871 5583 vero.

2250 5598 2504 5655 difﬁnitio
2533 5598 2774 5670 sequitur
2801 5599 3014 5668 quidem
3046 5599 3222 5653 omnia
3256 5598 3498 5667 reiativa,
3524 5613 3633 5653 non
3664 5609 3871 5675 tameu‘

2251 5691 2357 5748 hoc
2384 5692 2464 5747 eis
2493 5699 2740 5756 estesse,
2772 5692 2913 5761 quod
2963 5686 3071 5744 sint
3097 5688 3161 5743 ad
3208 5689 3428 5760 aliquid,
3462 5688 3603 5761 quod
3634 5706 3698 5745 ea
3730 5693 3838 5760 ipsa
3868 5758 3875 5763 ῃ

2248 5798 2370 5853 qum
2393 5794 2515 5837 sunt
2537 5784 2763 5836 aliorum
2795 5783 3065 5844 dicuntur,
3093 5778 3193 5837 huc
3220 5790 3299 5853 est
3329 5782 3471 5853 quod
3499 5789 3605 5843 non
3638 5782 3841 5839 idcirco

2249 5875 2451 5942 aliquid
2484 5874 2764 5932 relativum
2792 5888 2913 5934 esse
2943 5873 3160 5945 dicitur,
3188 5862 3443 5948 quoniam
3469 5870 3694 5934 alterius
3721 5888 3841 5935 esse
