4030 6336
100 388 206 448 επ

1078 386 1143 442 IN
1182 378 1611 442 CATEGORIAS
1650 343 2097 437 “Morcus
2136 380 2264 435 LIB.
2300 374 2364 436 ll.

3272 380 3379 440 238

101 510 319 565 dicitur.
346 508 451 565 Sed
481 516 607 561 tunc
636 500 831 562 merito
858 514 946 560 res
969 499 1143 573 aliqua
1168 502 1443 558 relationis
1472 501 1687 553 nomine
1715 490 1767 559 Δ
1796 494 2017 551 Αςηοεε.
2048 503 2102 548 et
2126 478 2350 550 BEneam
2378 496 2605 552 diliinite
2633 496 2800 553 lilium
2827 500 2947 553 esse
2970 506 3227 568 agnoscet
3246 539 3262 564 ,
3294 503 3380 556 vel

101 602 487 664 continebitur,
520 600 733 669 quoties
771 613 877 652 non
923 599 1093 651 solum
1138 598 1202 649 ad
1235 594 1431 664 aliquid
1478 592 1691 653 dicitur,

100 696 200 751 sed
234 697 335 749 hoc
366 696 538 763 ipsum
571 708 690 748 esse
720 692 836 760 ejus
863 691 928 744 ad
961 689 1158 758 aliquid
1182 699 1264 743 est
1302 685 1697 758 quodammodo

101 805 165 845 se
196 789 415 844 habere.
446 787 625 853 Quare
665 784 791 855 quid
837 784 973 839 hanc
1005 782 1378 837 difliuitiouem
1424 780 1695 850 proprium

104 893 492 953 consequatur,
527 883 640 957 ipse
666 876 889 934 addidit.

184 974 266 1028 Ea:
293 975 370 1028 his
395 991 513 1045 ergo
535 973 858 1041 manifestum
893 977 967 1053 est
1006 969 1141 1039 quod
1171 968 1214 1022 εἰ
1238 968 1352 1037 quis
1378 965 1574 1036 aliquid
1612 980 1697 1019 eo-

101 1082 222 1119 rum
242 1080 355 1133 qua:
379 1074 494 1117 sunt
519 1063 583 1116 ad
611 1060 805 1131 aliquid
833 1060 1042 1129 di/ﬁnite
1064 1059 1208 1122 sciet,
1238 1068 1283 1110 et
1309 1056 1441 1110 illud
1470 1056 1538 1109 ad
1561 1054 1697 1125 quod

103 1157 299 1210 dicitur
318 1155 529 1225 diﬁiuite
551 1155 776 1208 sciturus
803 1161 895 1207 εει.
939 1151 1001 1206 Si
1034 1152 1167 1205 enim
1196 1152 1310 1219 quis
1342 1150 1476 1203 nouit
1503 1147 1700 1216 aliquid

101 1247 244 1315 quod
273 1256 343 1299 est
374 1262 547 1299 eorum
574 1259 688 1314 quae
714 1254 831 1296 sunt
854 1242 1048 1312 aliquid
1078 1240 1174 1312 (εει
1202 1251 1367 1296 autem
1398 1257 1507 1296 esse
1526 1256 1700 1293 eorum

104 1353 223 1408 qua:
242 1347 359 1392 sunt
380 1339 449 1391 ad
474 1336 674 1405 aliquid
703 1337 837 1388 idem
855 1336 992 1404 quod
1018 1336 1087 1388 ad
1108 1334 1304 1404 aliquid
1326 1333 1701 1402 quodammodo

105 1446 161 1485 se
185 1430 414 1499 habere),
444 1442 490 1485 et
519 1428 652 1483 illud
684 1428 817 1483 novit
842 1427 911 1479 ad
941 1427 1079 1497 quod
1119 1426 1215 1479 hoc
1246 1425 1625 1478 auodamiuodo
1649 1436 1703 1475 se

106 1516 280 1572 habet.

184 1610 468 1679 Proprium
515 1608 749 1664 relativis
791 1606 1087 1663 secundum
1127 1621 1246 1662 eam
1289 1621 1409 1675 qua:
1455 1605 1704 1672 superius

1800 589 1842 642 si
1898 588 2181 643 inililtinite
2231 590 2377 643 novit
2429 591 2678 659 quoniam
2731 603 2886 661 pater
2929 601 3045 657 est,
3098 591 3380 647 inditlinite

1799 681 1961 735 etiam
1994 681 2231 736 scituros
2261 693 2342 750 est
2375 683 2631 750 quoniam
2666 682 2755 737 lilii
2789 694 2941 751 pater
2968 692 3070 739 est.
3107 683 3171 737 Et
3198 698 3383 739 rur~us

1800 777 1842 828 si
1878 774 2105 828 Aineam
2135 772 2256 843 quis
2296 774 2582 829 itidifiinite
2617 776 2764 827 novit
2801 776 3051 843 quoniam
3092 774 3230 829 (ilius
3267 784 3382 842 est,

1688 920 1697 925 ,
1800 865 2031 919 sciturus
2080 879 2295 934 quoque
2342 875 2425 920 est
2473 865 2759 921 iudilllnite
2799 868 3051 933 quoniam
3096 868 3264 936 patris
3305 877 3388 923 est

1756 986 1759 987 ν
1803 962 1964 1015 illius.
2000 960 2337 1015 Manifestum
2368 966 2453 1015 est
2481 975 2612 1029 ergo
2642 961 2892 1028 quoniam
2920 976 2985 1016 ea
3013 974 3133 1029 quae
3168 969 3293 1014 sunt
3322 959 3389 1013 ad

1802 1052 2001 1122 aliquid
2024 1094 2037 1117 ,
2075 1054 2118 1107 si
2150 1052 2376 1107 dil‘liuite
2412 1053 2477 1106 ad
2514 1052 2712 1123 aliquid
2764 1068 2886 1108 esse
2926 1052 3186 1121 sciantur,
3226 1053 3389 1107 etiam

1806 1146 1932 1198 illud
1964 1145 2197 1199 dit‘liuite
2224 1144 2500 1200 sciendum
2533 1152 2615 1199 est
2644 1145 2711 1199 ad
2742 1146 2882 1214 quod
2925 1145 3013 1199 illa
3057 1144 3387 1200 referuntur.

1803 1238 1955 1304 Quod
1986 1239 2038 1293 in
2067 1240 2384 1295 substantiis
2412 1254 2516 1295 non
2544 1241 2735 1295 eodem
2766 1240 3076 1295 modo‘esse
3101 1237 3393 1295 Ariswtelo

1814 1335 2103 1401 probamus
2133 1344 2386 1397 auctore,
2419 1334 2511 1403 qui
2550 1333 2710 1404 hujus
2737 1332 3048 1403 quaestionis
3085 1335 3279 1388 seriem
3323 1332 3395 1389 ita

1804 1427 2094 1481 concludit.
2282 1428 2289 1435 ’
2696 1446 2705 1451 λ
3100 1442 3105 1445 ’

1877 1510 2043 1589 Caput
2081 1534 2217 1582 vero,
2262 1528 2309 1572 ει
2342 1524 2548 1583 manus,
2592 1522 2640 1571 et
2678 1518 2864 1572 [torum
2882 1517 3091 1589 singula
3137 1531 3251 1587 quis
3278 1516 3397 1569 sub-

1805 1609 2010 1661 stantiis
2037 1619 2154 1661 sunt
2178 1650 2191 1673 ,
2223 1609 2319 1663 hoc
2348 1610 2514 1678 ipsum
2557 1610 2695 1678 quod
2728 1616 2851 1663 sunt
2888 1614 2961 1663 est
2996 1610 3127 1663 scire
3163 1604 3396 1676 dif/inite.

70 1774 73 1777 Α
108 1700 254 1755 dicta
286 1709 369 1754 est
400 1698 774 1754 ditliuitionem
823 1698 925 1752 hoc
963 1714 1083 1753 esse
1118 1698 1427 1762 coulirmat,
1474 1697 1613 1765 quod
1658 1697 1702 1750 si

1770 1722 1777 1725 -
1810 1698 1889 1750 Ad
1918 1699 2055 1766 quod
2092 1708 2264 1751 autem
2306 1701 2569 1763 dicantur,
2611 1714 2712 1753 nou
2750 1709 2822 1753 cst
2862 1698 3205 1754 necessarium
3246 1696 3397 1752 scire.

109 1790 236 1859 quis
283 1789 334 1841 id
375 1788 515 1858 quod
564 1797 646 1843 est
681 1789 743 1843 ad
776 1787 976 1858 aliquid
1024 1786 1249 1843 dilﬁuite
1298 1789 1420 1853 scit,
1455 1789 1704 1856 quoniam
1776 1830 1777 1833 η
1808 1786 1971 1855 Cujus
1998 1790 2135 1841 enim
2168 1797 2323 1855 caput
2356 1789 2489 1853 hoc,
2527 1788 2601 1844 vel
2630 1790 2782 1860 cujus
2819 1800 3005 1844 manus
3040 1790 3145 1853 sit,
3184 1804 3287 1842 non
3326 1789 3405 1841 ἀει

110 1882 399 1938 relativum
425 1892 524 1946 est,
546 1892 601 1937 et
629 1868 753 1936 illud
780 1881 844 1934 ad
868 1881 1009 1951 quod
1036 1882 1221 1935 referri
1251 1889 1446 1949 potest.
1475 1879 1703 1934 diltinite
1735 1890 1783 1948 Β
1806 1880 1936 1931 scire
1978 1878 2194 1947 difﬂuite
2217 1918 2232 1943 ,
2279 1892 2436 1945 quare
2484 1894 2587 1932 non
2630 1886 2781 1933 erunt
2823 1880 2929 1933 hac
2969 1878 3037 1932 ad
3075 1877 3296 1946 aliquid.
3339 1876 3405 1932 Si

112 1976 348 2030 sciturus
372 1976 599 2043 estquid
632 1976 723 2039 sit,
753 1990 874 2027 nam
904 1974 1122 2029 relativa
1151 1988 1210 2027 ea
1240 1983 1366 2027 sunt
1390 1972 1581 2043 quibus
1608 1972 1705 2027 hoc
1809 1984 1922 2022 vero
1968 1984 2069 2021 non
2111 1979 2227 2022 sunt
2269 1969 2376 2022 lucc
2414 1970 2661 2036 relalica,
2707 1982 2880 2025 verum
2920 1972 3016 2025 erit
3056 1971 3227 2027 dicere
3261 1968 3405 2041 quod

78 2138 81 2141 γ
115 2081 198 2126 est
226 2086 345 2126 esse
390 2070 455 2124 ad
484 2070 685 2140 aliquid
710 2068 1104 2138 quodaminodo
1127 2084 1186 2123 se
1215 2067 1435 2131 habere,
1454 2068 1707 2136 quoiiiam
1780 2088 1783 2091 λ
1811 2057 1958 2111 nulla
1984 2058 2269 2112 substantia
2298 2059 2628 2114 ri'lativorum
2656 2070 2751 2115 εει.

114 2172 174 2217 ut
198 2166 269 2218 sit
299 2165 673 2233 quaternarius
706 2160 923 2231 duplum
953 2176 983 2215 a
1015 2159 1224 2214 binario
1271 2158 1454 2212 trahit.
1495 2157 1552 2213 Si
1591 2159 1712 2226 quis
1889 2159 1940 2213 In
1971 2159 2171 2226 capite,
2203 2159 2393 2229 inquit,
2418 2168 2473 2216 et
2505 2161 2555 2214 in
2586 2177 2767 2229 manu,
2797 2170 2854 2217 et
2881 2163 2933 2217 in
2948 2162 3069 2218 aliis
3084 2160 3400 2219 substantiis

80 2322 83 2323 ν
115 2258 269 2312 novit
295 2271 416 2310 esse
445 2255 846 2324 quaternarium
879 2268 1162 2308 numerum
1197 2250 1443 2317 duplum,
1474 2258 1530 2305 et
1555 2248 1739 2303 biuaa‘
1822 2265 1927 2303 non
1959 2260 2044 2303 est
2071 2258 2254 2305 rerum
2278 2292 2293 2318 ,
2325 2254 2580 2321 quoniam
2618 2255 2661 2308 si
2697 2255 2819 2324 quis
2851 2255 3051 2325 aliquid
3092 2254 3282 2311 horum
3307 2256 3410 2311 ali-

118 2349 260 2403 rium
285 2348 587 2401 necessario
614 2348 845 2400 sciturus
869 2354 950 2398 est
976 2356 1099 2397 esse
1119 2339 1424 2407 dimidium,
1457 2339 1524 2393 ad
1540 2353 1714 2409 .quem
1815 2344 1970 2412 cujus
1998 2356 2127 2397 esse"
2155 2344 2302 2396 novit
2321 2383 2335 2407 ,
2365 2351 2419 2399 et
2446 2344 2511 2399 ad
2540 2345 2740 2415 aliquid
2772 2346 2920 2402 aliud
2952 2346 3139 2402 relerri
3159 2389 3174 2412 ,
3207 2347 3409 2403 idciréo

84 2441 498 2517 ’quateruarius
527 2439 721 2509 duplus
751 2448 835 2494 est
887 2438 996 2491 tieri
1021 2453 1037 2504 ;
1067 2437 1209 2491 enim
1255 2435 1402 2489 nullo
1430 2434 1590 2490 modo
1626 2449 1720 2502 ρο·
1818 2448 1873 2492 et
1914 2439 1978 2493 ad
2023 2450 2180 2509 quam
2226 2438 2497 2494 referatur
2535 2440 2763 2495 difﬁnite
2786 2441 3019 2497 sciturus
3067 2448 3171 2496 est.
3203 2441 3259 2497 Si
3289 2443 3412 2511 quis

123 2543 250 2599 test,
282 2543 339 2588 ut
366 2547 487 2588 cum
508 2532 627 2602 quis
657 2530 861 2584 noverit
884 2529 1115 2598 aliquam
1140 2543 1255 2583 rem
1274 2541 1397 2582 esse
1436 2526 1719 2581 relativam
1819 2534 1961 2587 enim
1991 2540 2187 2603 operto
2211 2534 2386 2602 capite
2416 2541 2577 2603 atque
2610 2530 2862 2588 omnibus
2900 2533 3159 2589 membris
3194 2548 3415 2589 manum

90 2622 373 2687 .difﬁnite,
406 2638 510 2676 non
536 2619 662 2675 illud
691 2636 903 2691 quoque
932 2620 1066 2675 sciat
1107 2619 1173 2673 ad
1205 2619 1346 2688 quod
1381 2617 1473 2671 illa
1504 2631 1592 2673 res
1633 2616 1721 2671 di-
1824 2627 1967 2679 foras
2007 2635 2231 2689 exerat,
2282 2625 2624 2680 manifestum
2668 2634 2752 2680 est
2790 2629 3045 2696 quoniam
3086 2641 3278 2681 manus
3320 2624 3417 2681 illa

86 2710 97 2789 ί
128 2717 269 2769 citur
290 2714 552 2778 diltinite;
584 2713 743 2782 hujus
764 2722 940 2767 autem
973 2712 1050 2766 rei
1079 2712 1182 2765 una
1215 2708 1463 2780 probatio
1494 2718 1574 2763 est
1604 2724 1725 2778 quae
1824 2718 2053 2788 alicujus
2083 2732 2272 2772 manus
2302 2727 2419 2783 ρει,
2446 2720 2600 2787 cuius
2628 2728 2805 2773 autem
2833 2734 3022 2776 manus
3050 2720 3156 2785 νείι⁹
3183 2719 3289 2775 ἀίει
3314 2720 3418 2775 dif.

90 2878 95 2881 1
131 2825 199 2864 ει
232 2807 550 2862 dittinitioue
582 2805 746 2860 venit.
774 2804 1004 2858 Dllliltila
1039 2803 1183 2859 enim
1220 2811 1347 2857 sunt
1386 2800 1478 2855 illa
1509 2814 1630 2855 essc
1658 2798 1725 2853 ad
1828 2812 1976 2865 [inite
2015 2825 2120 2863 non
2160 2819 2360 2881 potest,
2403 2809 2661 2864 Similiter
2703 2826 2917 2880 quoque
2960 2812 3166 2881 opertis
3208 2811 3417 2879 oculis,

96 2944 101 2949 .
135 2903 360 2972 aliquid,
393 2915 621 2970 quorum
652 2913 713 2953 ea
740 2905 883 2953 esset
904 2896 1223 2960 substantia,
1253 2904 1309 2948 ut
1331 2889 1728 2964 quodammodo
1829 2898 2070 2970 facieque
2116 2901 2290 2954 velata
2340 2901 2387 2953 si
2429 2898 2715 2969 cujuslibet
2758 2911 2918 2971 caput
2970 2904 3199 2972 aspicias
3226 2943 3242 2969 ,
3290 2902 3420 2958 illud

94 3064 97 3073 ι
136 3009 199 3049 se
217 2980 283 3047 ad
304 2993 504 3060 aliquid
531 2991 812 3056 haberent,
835 2988 977 3057 quod
1008 2989 1053 3040 si
1074 2988 1184 3039 scio
1210 2983 1610 3054 quaternarium
1631 2997 1729 3035 nu-
1829 2993 2045 3063 quid...“
2072 3002 2233 3063 caput
2260 2992 2487 3063 alicujus
2513 3007 2634 3049 esse
2660 3009 2764 3049 ηοη
2791 2994 3005 3050 dubitas
3024 3038 3037 3059 ν
3064 2997 3219 3064 cui",
3240 2990 3421 3052 amem

96 3150 101 3159 ι
139 3100 362 3144 merum
384 3100 504 3141 esse
534 3086 777 3155 duplum,
807 3097 874 3138 eo
903 3079 1044 3151 quod
1072 3079 1140 3133 ad
1174 3079 1438 3133 binariuiu
1468 3076 1727 3145 quodzlm-
1830 3087 1898 3139 sit
1922 3084 2149 3139 dit‘liuite
2179 3100 2283 3139 non
2306 3084 2574 3153 proferes.
2602 3086 2779 3153 Quare
2808 3090 3059 3156 quoniam
3093 3087 3206 3143 haec
3236 3088 3424 3158 hujus-

102 3160 105 3247 ξ
142 3182 313 3237 uiodo
375 3179 755 3248 conjungatur,
818 3175 994 3231 nullus
1048 3173 1449 3243 quateruarium
1509 3171 1727 3237 duplum
1836 3178 1979 3231 modi
2011 3185 2168 3242 sunt,
2197 3185 2257 3231 ut
2279 3177 2324 3231 si
2354 3178 2473 3246 quis
2498 3193 2562 3231 ea
2591 3177 2818 3232 difﬁnite
2846 3180 2981 3234 sciat
3008 3194 3130 3234 esse
3154 3180 3421 3249 alicujus,

100 3330 105 3339 ,
142 3290 268 3331 esse
310 3276 503 3343 poterit
529 3272 690 3337 scite,
723 3271 824 3325 nisi
850 3272 940 3341 qui
970 3269 1108 3323 sciet
1132 3267 1471 3322 medietatem
1496 3279 1617 3321 esse
1655 3265 1731 3318 bi-
1757 3265 1804 3327 C
1834 3270 1987 3337 cujus
2019 3270 2125 3322 sint
2150 3309 2166 3334 ,
2199 3270 2426 3323 dilliuite
2453 3270 2595 3324 scire
2624 3286 2727 3325 non
2758 3274 2984 3339 poterit,
3015 3288 3045 3326 a
3076 3273 3427 3331 relativorum

141 3366 371 3429 narium,
398 3377 449 3418 et
482 3366 579 3417 hoc
607 3362 894 3432 quideiuin
917 3359 1164 3414 omnibus
1184 3358 1575 3412 consideretur.
1600 3356 1733 3410 Nam
1838 3360 2195 3423 difﬂuitione,
2247 3375 2472 3430 quorum
2523 3361 2568 3415 si
2613 3377 2715 3415 una
2757 3378 2843 3417 res
2893 3364 3148 3432 quaelibet
3190 3360 3426 3422 diliiuile

100 3436 107 3527 ί
141 3458 188 3511 si
225 3444 429 3511 nesciat
449 3457 570 3524 quis
594 3453 659 3506 ad
685 3451 812 3522 quid
850 3444 1049 3519 aliquid
1087 3452 1350 3504 releratur
1394 3462 1580 3503 eorum
1614 3462 1735 3515 qua:
1838 3455 2039 3507 sciatur
2067 3466 2188 3506 esse
2215 3453 2281 3505 ad
2309 3451 2542 3520 aliquid,
2576 3452 2668 3507 illa
2690 3468 2912 3527 quoque
2939 3470 3025 3509 res
3056 3455 3122 3510 ad
3149 3472 3308 3525 quam
3342 3452 3421 3512 di.

146 3548 369 3601 relativa
403 3555 549 3610 sunt,
583 3543 709 3597 illud
739 3557 955 3612 quoque
983 3542 1270 3610 ignorabit,
1310 3549 1484 3594 utrum
1514 3539 1736 3593 omnino

148 3636 214 3691 ad
239 3636 433 3706 aliquid
458 3624 745 3700 referatur,
771 3630 911 3702 quod
933 3635 1015 3688 uis
1038 3634 1216 3687 verbis
1229 3632 1552 3688 Aristoteles
1574 3631 1732 3686 dicit:

223 3749 283 3804 Si
313 3749 443 3801 enim
470 3748 522 3801 id
551 3764 650 3801 non
681 3747 872 3800 noverit
900 3746 1136 3808 omnino,
1180 3743 1249 3798 ad
1288 3742 1425 3814 quod
1469 3744 1566 3796 hoc
1604 3730 1771 3811 φιλο-λ’

149 3839 426 3894 dummodo
455 3854 507 3893 ξε
537 3839 719 3901 habet,
754 3852 844 3889 nec
874 3838 917 3890 si
944 3836 1009 3890 ad
1039 3835 1237 3903 aliquid
1273 3834 1655 3904 quodammodo
1686 3848 1741 3887 εε

114 3989 125 3995 _
150 3930 300 3983 liabet
328 3931 549 3984 sciturus
578 3938 650 3981 est
674 3966 687 3990 ,
718 3928 804 3979 sed
839 3928 890 3980 iu
930 3926 1148 3995 singulis
1188 3925 1361 3992 palam
1395 3925 1491 3979 hoc
1524 3932 1596 3977 est
1619 3939 1641 3977 :
1672 3922 1740 3978 Ut

152 4021 251 4074 hoc
287 4022 331 4074 si
370 4022 479 4089 quis
520 4021 656 4072 novit
698 4018 907 4087 diﬂinite
934 4016 1070 4084 quod
1110 4024 1182 4069 est
1225 4015 1482 4082 duplum,
1512 4023 1562 4071 el
1590 4020 1741 4087 cujus

136 4113 376 4185 duplum
396 4120 467 4164 est
485 4148 503 4175 ,
524 4125 639 4161 mox
661 4109 873 4178 difﬁcile
900 4109 1034 4160 uouit
1056 4146 1073 4173 ,
1099 4109 1142 4160 si
1166 4123 1283 4161 tero
1309 4108 1505 4162 nullius
1528 4109 1742 4177 di/ﬂnite

151 4204 294 4257 novit
323 4244 337 4267 ,
372 4204 539 4269 ipsum
578 4200 827 4275 duplum,
870 4215 1031 4268 neque
1075 4199 1119 4250 si
1167 4207 1240 4251 est
1278 4200 1492 4269 duplum
1536 4201 1741 4253 omnino

156 4295 317 4346 ilovll.
353 4291 601 4346 Similiter
626 4300 796 4344 autem
824 4299 870 4343 et
902 4289 999 4343 hoc
1041 4290 1240 4357 aliquid
1260 4329 1277 4355 ,
1306 4291 1350 4342 εἰ
1379 4291 1517 4344 uouit
1556 4292 1743 4360 aliquis

156 4384 299 4455 quod
327 4383 508 4435 melius
534 4392 602 4436 est
646 4383 763 4451 diffic
787 4383 883 4444 ite,
926 4390 975 4434 et
1015 4396 1114 4450 quo
1158 4381 1334 4433 melius
1374 4390 1476 4441 εει,
1518 4366 1783 4435 ηειέεειιο⁴

126 4462 299 4547 ίτὶωη
325 4484 396 4530 εει
430 4491 594 4529 nosse.
638 4471 918 4543 Indi/ﬁnite
954 4480 1125 4526 autem
1155 4488 1257 4523 non
1293 4471 1417 4523 sciet
1473 4471 1612 4539 quod
1653 4470 1748 4524 hoc

158 4578 233 4621 est
291 4569 464 4638 pejore
513 4564 728 4629 melius,
770 4563 942 4633 opinio
988 4562 1122 4616 enim
1162 4562 1215 4614 id
1256 4560 1462 4630 quidem
1503 4562 1602 4625 sil,
1644 4577 1746 4614 non

162 4659 442 4727 disciplina
463 4700 476 4722 ,
505 4674 607 4710 non
646 4658 781 4709 enim
810 4655 931 4708 sciet
959 4662 1135 4707 exacte
1161 4654 1299 4723 quod
1326 4664 1399 4707 est
1430 4654 1606 4725 pejore
1645 4668 1749 4707 uie-

164 4752 302 4816 lius,
340 4751 384 4802 si
419 4752 549 4801 enim
586 4748 660 4803 sic
694 4746 976 4818 contingit,
1017 4730 1149 4798 nihil
1185 4752 1257 4798 est
1300 4744 1447 4815 pejus
1485 4761 1565 4797 eo.
1603 4743 1747 4810 Qua-

164 4852 374 4912 propter
401 4838 577 4908 palam
608 4850 675 4891 est
718 4835 853 4903 quod
883 4838 925 4888 si
961 4835 1156 4888 noverit
1190 4833 1304 4903 quis
1340 4834 1538 4904 aliquid
1571 4834 1750 4888 relati-

62 4904 65 4929 “
138 4904 339 4986 eorum
363 4904 571 5001 diﬁinite
596 4926 936 4982 necessarium
962 4935 1034 4981 εει
1057 4936 1105 4981 ει
1130 4926 1261 4979 illud
1290 4926 1357 4979 ad
1396 4926 1534 4995 quod
1560 4927 1747 4979 dicitur

140 5014 375 5091 ~di/j‘inite
400 5035 566 5073 nosse.

235 5111 407 5180 Hujus
431 5125 642 5182 quoque
672 5112 750 5165 rei
783 5109 1025 5179 exempla
1059 5109 1395 5179 persequitur
1431 5109 1615 5164 dii-ens
1645 5124 1659 5162 ε
1691 5107 1747 5163 Si

70 5208 71 5211 “
166 5205 390 5276 duplum
426 5205 491 5257 ad
533 5203 730 5273 aliquid
770 5218 891 5257 esse
925 5203 1165 5255 novimus
1186 5244 1201 5268 ,
1229 5201 1428 5256 scimus
1458 5216 1668 5271 quoque
1699 5200 1751 5254 id

74 5368 75 5371 η
150 5301 318 5371 'cujus
351 5297 571 5368 duplum
599 5308 720 5363 est;
756 5296 894 5367 quod
922 5294 965 5350 si
1001 5298 1266 5351 nescimus
1299 5294 1348 5348 id
1375 5292 1528 5363 cujus
1553 5303 1634 5348 est
1655 5293 1754 5348 du-

76 5458 79 5491 i

150 5378 312 5471 plum
335 5436 350 5460 ,
386 5390 603 5461 duplum
637 5400 814 5444 autem
847 5403 966 5445 esse
992 5389 1280 5459 cujuslibet
1307 5388 1383 5442 rei
1411 5403 1473 5443 ex
1507 5388 1608 5442 hoc
1637 5397 1750 5453 est,

152 5482 309 5557 quod
342 5486 389 5540 ei
423 5484 493 5540 sit
524 5483 821 5548 medietas,
858 5483 1027 5553 ipsam
1058 5497 1269 5552 quoque
1300 5496 1413 5536 rem
1445 5496 1564 5550 qua:
1592 5480 1753 5551 dupla

80 5640 83 5655 _
169 5580 270 5645 sit,
305 5589 482 5632 utrum
513 5576 673 5647 dupla
716 5578 786 5630 sit
826 5576 967 5630 scire
1012 5590 1115 5628 nou
1158 5587 1461 5642 possumus.
1502 5573 1558 5627 Si
1598 5573 1756 5641 igitur

172 5672 397 5728 dilliuite
428 5672 673 5726 novimus
702 5670 993 5739 quamlibet
1025 5668 1171 5722 illam
1199 5681 1317 5722 rem
1346 5680 1469 5722 esse
1498 5666 1715 5736 duplam
1739 5709 1754 5735 ,

170 5765 329 5820 etiam
382 5762 539 5834 cujus
588 5763 746 5831 dupla
792 5771 874 5818 est
922 5760 1151 5816 dillinite
1198 5760 1486 5815 nos-scire
1530 5773 1754 5825 necesse

88 5926 89 5951 χ
159 5868 268 5937 ρει.
300 5857 370 5914 Ut
398 5857 445 5913 si
471 5856 620 5913 novit
646 5856 763 5927 quis
791 5856 1078 5925 Anchisem
1125 5864 1334 5925 patrem
1364 5850 1594 5907 dil‘linitc
1633 5866 1754 5911 esse

1774 4618 1831 4682 Ι)

1845 3545 2008 3611 citur,
2041 3544 2269 3599 difﬂuite
2294 3545 2481 3609 scitur,
2522 3546 2840 3599 substantiae
2879 3552 3247 3616 segregantur.
3287 3543 3427 3604 Sub-

1838 3639 2137 3708 jii-ieudum
2169 3649 2346 3693 tamen
2377 3647 2459 3694 est
2491 3639 2619 3694 illud
2653 3654 2889 3709 quoque,
2921 3642 3061 3710 quod
3091 3646 3311 3699 omnino
3337 3638 3430 3701 ve-

1842 3753 1959 3791 rum
1990 3744 2095 3801 εει,
2142 3737 2194 3790 in
2225 3736 2638 3790 dilllnitionibus
2665 3750 2776 3791 rem
2807 3735 2977 3805 ipsam
3017 3732 3135 3809 qua:
3164 3732 3432 3794 'dil‘llnittir

1841 3828 1981 3883 sumi
2010 3843 2115 3882 non
2143 3836 2419 3896 Oportere.
2453 3826 2610 3882 Multa
2640 3832 2783 3883 enim
2814 3840 2943 3884 sunt
2970 3846 3091 3901 quae
3120 3830 3277 3887 aliter
3308 3847 3433 3901 pro-

1845 3921 2088 3975 feruntur
2119 3928 2174 3975 et
2200 3914 2560 3984 dilliuiuntur,
2596 3929 2649 3976 et
2687 3922 2846 3977 aliter
2885 3924 3243 3995 accipiuntur,
3288 3935 3347 3981 ut
3386 3914 3435 3982 Si

1844 4014 1965 4081 quis
2009 4013 2157 4066 dicat
2196 4013 2375 4066 allium
2416 4027 2540 4068 esse
2581 4013 2819 4069 colorem
2866 4018 3020 4086 nigro
3066 4020 3427 4084 contrarium,

1848 4115 2029 4174 potest
2069 4106 2167 4159 hoc
2214 4115 2268 4159 et
2313 4105 2365 4159 iu
2411 4120 2639 4174 conpore
2677 4109 2878 4174 accipi,
2926 4118 3153 4177 namque
3193 4120 3246 4163 et
3288 4112 3438 4165 color

1850 4198 2030 4250 album
2058 4197 2276 4263 dicitur,
2300 4207 2353 4249 et
2379 4211 2574 4264 corpus
2596 4199 2738 4265 quod
2767 4200 2892 4252 allio
2922 4200 3223 4270 participat,
3254 4202 3435 4256 album

1850 4290 2179 4341 nominatur.
2211 4288 2472 4354 Quocirca
2507 4302 2575 4341 ue
2606 4296 2726 4356 quis
2760 4298 2906 4358 putet
2949 4292 3056 4345 tale
3098 4294 3275 4346 album
3318 4310 3439 4349 esse

1826 4380 2134 4437 rdillinitum
2156 4420 2171 4445 ,
2208 4384 2347 4449 quod
2380 4381 2936 4450 aii-participationem
2969 4384 3074 4438 albi
3107 4394 3161 4438 et
3191 4380 3440 4453 corporis

1828 4472 2139 4537 toleratur,
2164 4474 2234 4526 ita
2265 4473 2548 4527 dicendum
2578 4483 2654 4528 est
2686 4492 2698 4525 :
2729 4475 2924 4529 Album
2954 4484 3036 4529 est
3060 4475 3201 4545 quod
3233 4492 3351 4531 cum
3386 4470 3440 4534 in

1851 4565 2118 4634 aliquibus
2163 4574 2283 4630 est,
2326 4574 2435 4617 tum
2476 4566 2628 4621 color
2671 4566 2821 4636 nigro
2864 4568 3218 4623 contrarium.
3263 4572 3440 4639 A=que

1858 4656 1929 4712 ita
1987 4672 2097 4711 rem
2144 4657 2313 4725 ipsam
2356 4658 2411 4710 in
2456 4671 2553 4711 sua
2600 4657 2919 4714 diftinitione
2961 4664 3255 4730 sumimus,
3300 4666 3440 4734 quod

1861 4750 2068 4804 scilicet
2096 4749 2450 4814 Aristoteles,
2495 4750 2545 4802 id
2575 4758 2654 4803 est
2684 4765 2797 4805 rem
2832 4752 3001 4820 ipsam
3032 4752 3151 4823 quae
3181 4750 3441 4827 dilﬁlllllll‘

1862 4844 1914 4896 in
1944 4841 2267 4895 dillinitione
2306 4842 2442 4894 sumi
2486 4854 2591 4895 non
2631 4844 2919 4911 oportere,
2958 4845 3097 4899 inter
3120 4828 3443 4903 «summa

1863 4933 2158 5000 topicorum
2202 4931 2377 4999 posuit
2413 4946 2747 5000 argumenta.
2789 4935 2936 4989 Nunc
2975 4916 3333 5006 ευιειήτρὸει
3357 4954 3444 4991 re-

1792 5032 1799 5033 ί
1864 5023 2148 5076 lativorum
2198 5020 2650 5092 disputationem,
2702 5025 2769 5079 ad
2815 5020 3323 5095 majorem'hos‘d‘e
3364 5028 3444 5083 liis

1862 5114 2023 5169 rebus
2057 5121 2341 5168 tractatum
2372 5115 2645 5171 studiosus
2675 5117 2865 5172 doctor
2892 5115 3154 5185 ho’rta‘tm‘,
3182 5108 3365 5174 dicens
3392 5136 3407 5173 :

1848 5246 1853 5249 .
1935 5205 2179 5261 Fortasse
2206 5207 2412 5277 difﬁcile
2440 5220 2515 5263 est
2542 5210 2608 5263 de
2636 5211 2933 5281 hujus'ntodi
2956 5203 3445 5282 "carebit/idenm

1862 5297 2161 5364 declarare,
2192 5298 2292 5351 uisi
2321 5314 2456 5371 stepe
2486 5310 2799 5368 pertractata
2824 5303 2959 5371 sint,
2991 5298 3252 5357 dubitdsse
3276 5294 3445 5356 autem

1854 5395 1924 5449 de
1950 5394 2028 5447 Itis
2054 5394 2270 5463 singulis
2298 5408 2400 5447 non
2424 5394 2514 5448 erit
2539 5394 2742 5450 inutile.

1937 5485 2088 5553 Quod
2152 5485 2361 5540 scilicet
2423 5501 2695 5553 nunquam
2762 5486 2999 5553 diceret,
3067 5487 3169 5541 nisi
3226 5498 3324 5539 nos
3380 5483 3447 5546 ad

1867 5575 2125 5646 majorem
2165 5575 2433 5631 acuminis
2471 5581 2911 5633 exercitationem
2940 5562 3446 5632 considerationem.

1861 5685 1972 5739 que
2014 5680 2310 5726 revocaret.
2351 5671 2505 5738 Quod
2536 5674 2789 5741 quoniam
2832 5672 2949 5739 ejus
2987 5680 3068 5724 est
3106 5664 3408 5725 ailhOrtatio
3431 5715 3445 5741 ,

1866 5778 1969 5818 nos
1995 5779 2209 5833 quoque
2246 5763 2297 5815 iu
2330 5758 2454 5816 aliis
2483 5762 2550 5816 de
2581 5761 2664 5817 bis
2703 5762 2864 5815 rebus
2902 5754 3264 5814 dubitationes
3312 5750 3448 5819 solu-

1870 5853 2150 5923 tionesque
2182 5868 2382 5923 ponere
2410 5852 2631 5911 minime
2691 5849 3019 5905 ravabimur.
3171 5864 3179 5873 '
3424 5842 3443 5855 ”

3483 5959 3501 5991 ν
