4030 6336
654 324 763 386 εει)

723 856 988 915 αοιιιιιειι
1023 853 1078 914 in
1117 848 1383 926 principio
1422 848 1649 922 questlo
1686 854 1772 908 est
1808 859 1904 904 cur
1930 851 2052 917 post
2091 840 2231 900 reia-
2260 841 2317 905 Α

654 948 819 1007 tionis
860 945 1339 1020 prmdicamentum
1380 941 1793 1012 disputationem
1835 936 2108 1009 qualitatis
2150 950 2241 1005 ag-

647 1056 866 1113 gressus
888 1050 971 1098 est
992 1081 1007 1107 ,
1036 1040 1177 1110 quod
1206 1038 1363 1095 nimis
1389 1036 1661 1093 curiosum
1692 1043 1794 1089 est.
1828 1030 2069 1087 Mirabile
2097 1027 2239 1083 enim

646 1132 825 1188 fuerat
867 1147 965 1187 cur
1007 1141 1127 1202 post
1169 1129 1483 1201 quantitatis
1524 1125 1767 1182 ordinem
1808 1137 1913 1178 non
1953 1120 2132 1176 statim
2173 1117 2242 1173 de

649 1226 910 1295 qualitate
935 1222 1217 1293 coepisset,
1251 1220 1347 1278 sed
1388 1219 1637 1290 quoniam
1674 1212 1958 1287 quantitati
1995 1209 2239 1282 quiedam

648 1317 929 1373 relationis
967 1315 1286 1378 admiscuit,
1331 1320 1387 1369 et
1425 1309 1841 1382 disputationem
1881 1305 1949 1361 de
1984 1304 2241 1359 relatione

648 1413 1021 1480 continuavit,
1051 1410 1254 1466 idcirco
1281 1423 1385 1464 non
1415 1417 1496 1462 est
1523 1405 1769 1462 mirabile
1793 1411 1912 1472 post
1935 1397 2237 1469 expeditam

657 1505 937 1560 relationis
969 1501 1433 1573 interpositionem
1460 1498 1526 1553 ad
1551 1496 1825 1569 qualitatis
1849 1507 1970 1549 eum
1994 1490 2239 1546 ordinem

646 1599 937 1655 revertisse
957 1638 972 1663 ,
1001 1610 1305 1667 quanquam
1337 1593 1499 1648 etiam
1531 1607 1596 1646 ex
1629 1589 1732 1644 hoc
1756 1599 1967 1658 quoque
1996 1591 2140 1639 recta
2171 1580 2242 1635 sit

646 1690 839 1746 series.
885 1687 1019 1745 Nam
1057 1698 1177 1758 post
1222 1700 1474 1754 magnum
1516 1694 1845 1753 parvumque
1890 1675 2070 1732 statim
2113 1687 2240 1743 pro-

649 1784 830 1851 portio
870 1790 925 1836 et
966 1779 1211 1851 quaedam
1244 1779 1309 1831 ad
1341 1775 1483 1831 aliud
1511 1772 1844 1844 comparatio
1873 1767 2237 1838 consequitur,

647 1888 707 1934 ιιι
736 1877 808 1932 sit
835 1883 926 1930 aut
952 1873 1125 1943 majus
1150 1882 1242 1927 aut
1268 1871 1469 1936 minus,
1498 1878 1587 1923 aut
1616 1867 1822 1937 aequale
1847 1863 1929 1919 vel
1956 1859 2237 1931 inaequale,

645 1985 766 2040 qua:
796 1977 920 2023 sunt
946 1967 1013 2022 ad
1044 1965 1270 2036 aliquid.
1306 1964 1434 2019 Post
1463 1962 1579 2017 hinc
1616 1969 1794 2015 autem
1838 1956 2041 2011 innasci
2081 1966 2242 2024 quas-

644 2074 750 2131 que
779 2073 1004 2115 necesse
1032 2067 1118 2114 est
1159 2056 1472 2127 passiones,
1519 2068 1639 2123 quae
1676 2067 1707 2106 a
1745 2047 2021 2120 qualitatis
2049 2053 2238 2101 natura

646 2168 755 2207 non
783 2150 1117 2220 discrepant,
1150 2158 1209 2202 ut
1232 2147 1442 2208 album,
1477 2146 1559 2200 vel
1601 2144 1841 2214 nigrum,
1880 2140 1964 2195 vel
2003 2137 2235 2195 calidum

1876 324 1986 380 AN.
2028 321 2234 381 MANL.

2345 320 2433 377 εν.
2477 313 2699 375 BOET'I
3848 298 3928 355 2ίο

1777 457 2151 562 LIBER
2212 449 2804 559 TERTIUS.

2860 834 2947 894 DE
2984 832 3403 907 QUALITA'I'E.

2419 951 2729 1021 Qualltatem
2758 958 2923 1007 autem
2957 948 3093 1017 dico,
3138 948 3415 1004 serendum
3443 960 3610 1021 quam
3640 943 3833 1017 quales
3853 944 3929 1013 qui

2345 1024 2464 1079 dam
2494 1024 2751 1078 dicuntur.

2398 1137 2514 1191 .Hic
2535 1136 2798 1207 quaeritur
2820 1149 2919 1189 cur
2939 1134 3177 1190 omnium
3208 1134 3261 1188 in
3283 1129 3700 1202 disceptatione
3723 1127 3927 1182 doctissi-

2344 1243 2464 1283 mus
2505 1238 2614 1282 tam
2655 1226 2913 1296 culpabili
2955 1227 3273 1296 qualitatem
3316 1226 3552 1280 termino
3601 1221 3925 1277 dilﬁnitioois

2344 1318 2639 1373 incluserit.
2687 1316 3002 1373 \loleutibus
3039 1317 3182 1373 enim
3223 1318 3377 1372 nobis
3415 1316 3551 1387 quid
3595 1317 3677 1372 sit
3722 1316 3923 1387 qualitas

2345 1412 2521 1476 scire,
2556 1411 2627 1465 ita
2661 1413 2990 1481 reSpondet:
3032 1411 3263 1481 qualitas
3301 1418 3383 1465 est
3420 1410 3749 1466 secundum
3804 1423 3925 1477 qual
3998 1444 3999 1481 ι

2343 1506 2530 1575 quales
2556 1504 2772 1575 quidam
2795 1504 3068 1560 dicuntur.
3093 1504 3234 1569 Nihil
3256 1506 3399 1560 enim
3424 1505 3615 1559 minus
3637 1502 3753 1559 erit
3775 1502 3925 1555 obsco-
3998 1496 3999 1515 ³

2344 1597 2456 1652 rius
2483 1606 2643 1666 atque
2685 1597 3073 1666 ignorabilius,
3113 1596 3256 1668 quod
3296 1598 3405 1664 ait,
3449 1595 3773 1651 secundum
3802 1608 3926 1662 quau

2342 1689 2531 1759 quales
2559 1690 2828 1755 dicunti:r,
2860 1706 3017 1761 quam
3061 1692 3104 1745 si
3142 1691 3211 1746 de
3249 1690 3363 1761 ipsa
3404 1690 3518 1744 sola
3569 1688 3845 1759 qualitate
3869 1688 3926 1741 tli-

2346 1781 2532 1837 xisset.
2579 1781 2710 1837 Nam
2754 1784 2804 1837 si
2855 1783 2929 1837 illi
2967 1791 3092 1837 sunt
3128 1784 3347 1853 quales,
3378 1783 3469 1851 qui
3499 1781 3835 1852 qualitatem
3864 1780 3925 1831 ιιι-

2343 1874 2509 1942 bent,
2546 1884 2601 1929 ut
2630 1877 2866 1931 sciantur
2893 1875 3078 1946 quales
3098 1916 3112 1939 ,
3138 1876 3286 1945 prius
3307 1874 3538 1943 qualitas
3570 1872 3927 1942 cognoscenda

2343 1975 2448 2021 est.
2480 1966 2727 2035 Amplius
2760 1980 2973 2036 quoque
3004 1965 3136 2019 nihil
3166 1964 3343 2019 diﬁert
3370 1962 3580 2018 dixisse
3622 1978 3756 2017 eam
3792 1962 3926 2032 quzli-

2345 2066 2509 2112 tatem
2551 2057 2846 2112 secundum
2872 2071 3031 2127 quam
3060 2056 3245 2125 quales
3280 2054 3493 2125 quidam
3523 2054 3820 2119 dicuntur,
3850 2064 3927 2106 tan

2342 2163 2503 2219 quam
2547 2149 2593 2203 si
2637 2148 2846 2205 diceret
2888 2164 3006 2203 eam
3049 2163 3172 2204 esse
3213 2149 3523 2216 qualitatem
3562 2163 3695 2218 qua:
3729 2148 3929 2218 qualitas

644 2245 729 2300 vel
776 2242 1062 2313 frigidum,
1105 2240 1192 2297 vel
1233 2251 1565 2309 quaecunque
1609 2236 1693 2291 bis
1734 2244 1858 2290 sunt
1897 2228 2233 2294 consimilia,

2345 2241 2435 2296 sit.
2465 2238 2597 2294 Nam
2631 2240 2707 2294 sic
2734 2241 3042 2311 qualitatem
3083 2237 3316 2294 dilﬁuire
3355 2240 3543 2293 volens
3588 2239 3666 2291 ait
3700 2255 3715 2292 :
3754 2239 3930 2292 Sectis-

642 2352 765 2408 qua:
806 2334 1120 2405 praedicatio
1156 2332 1434 2402 qualitatis
1472 2327 1721 2385 includit.
1754 2326 1849 2381 Est
1884 2338 2014 2380 vero
2052 2322 2240 2377 titulus

646 2429 808 2499 hujus
836 2426 1095 2497 propositi
1142 2424 1212 2480 de
1253 2423 1397 2494 quali
1438 2430 1495 2478 et
1539 2421 1608 2476 de
1649 2418 1930 2490 qualitate.
1973 2415 2242 2484 Qua'ritur

644 2522 786 2577 enim
817 2535 915 2574 cur
943 2519 992 2574 ei
1026 2532 1131 2573 non
1162 2525 1255 2571 aut
1281 2516 1351 2571 de
1380 2513 1527 2585 quali
1559 2512 1762 2569 dixisse
1783 2553 1798 2578 ,
1830 2521 1923 2566 aut
1961 2509 2029 2564 de
2069 2507 2241 2577 quali-

645 2622 755 2669 tate
799 2610 1114 2677 suﬁecerit,
1164 2608 1308 2679 quod
1352 2607 1454 2663 hoc
1499 2606 1658 2662 modo
1699 2603 1949 2660 solvitur.
2005 2599 2243 2656 Dicimus

642 2704 789 2760 enim
817 2703 977 2773 quale
1012 2716 1117 2756 non
1147 2714 1255 2755 uno
1295 2698 1455 2754 modo
1476 2740 1490 2764 ,
1522 2697 1836 2769 qualitatem
1867 2708 1996 2749 vero
2025 2691 2236 2761 simpli-

642 2796 800 2851 citer.
844 2792 1013 2863 Quale
1054 2792 1196 2848 enim
1237 2790 1466 2846 dicimus
1506 2802 1560 2844 et
1601 2789 1771 2859 ipsam
1809 2785 2157 2857 qualitatem,
2188 2790 2244 2837 et

616 2872 790 2945 'illam
837 2902 953 2944 rem
995 2901 1116 2958 qua:
1158 2885 1418 2956 qualitate
1450 2883 1540 2938 illa
1584 2882 1900 2952 participat,
1952 2889 2010 2934 ut
2050 2876 2242 2932 albedo

641 2981 857 3051 quidem
899 2979 1130 3049 qualitas
1172 2987 1291 3042 est,
1331 2976 1422 3046 qui
1468 2989 1596 3029 vero
1627 2975 1908 3043 participat
1939 2970 2240 3024 albedinem

643 3072 797 3127 albus
830 3071 1043 3124 dicitur.
1084 3067 1191 3124 Sed
1234 3077 1290 3123 et
1324 3067 1629 3122 albedinem
1673 3066 1842 3134 ipsam
1880 3061 2241 3118 communiter

644 3166 804 3238 quale
830 3163 1059 3219 dicimus
1081 3206 1097 3233 ,
1131 3161 1183 3217 id
1222 3171 1306 3217 est
1344 3161 1515 3231 ipsam
1562 3159 1774 3229 proprie
1809 3158 2120 3228 qualitatem
2141 3198 2157 3222 ,
2186 3164 2242 3211 et

643 3258 825 3315 album
866 3255 1094 3313 dicimus
1138 3256 1333 3327 quale,
1378 3254 1510 3310 illud
1553 3253 1764 3310 scilicet
1801 3253 1943 3324 quod
1985 3253 2238 3323 superius

643 3348 1038 3421 comprehensa
1065 3349 1328 3421 qualitate
1366 3349 1674 3419 participat.
1717 3346 1795 3402 lta
1823 3362 1950 3417 ergo
1978 3357 2034 3402 et
2065 3348 2237 3417 ipsam

654 3442 968 3515 qualitatem
1000 3449 1057 3498 et
1091 3457 1205 3498 rem
1256 3456 1378 3515 qua:
1410 3439 1668 3511 qualitate
1706 3439 1988 3511 participat
2009 3481 2023 3507 ,
2060 3438 2237 3509 qualia

644 3514 999 3595 communiter
1039 3514 1415 3607 appellamus,
1465 3532 1696 3604 qualitas
1742 3547 1872 3587 vero
1919 3530 2238 3602 simpliciter

2343 2334 2475 2389 dum
2501 2349 2659 2404 quam
2687 2336 2873 2404 quales
2898 2333 3111 2405 quidam
3140 2344 3287 2390 sunt.
3310 2335 3514 2390 Rursus
3535 2334 3582 2389 si
3612 2337 3745 2404 quis
3774 2335 3931 2403 quales
4002 2356 4003 2417 χ

2345 2426 2556 2497 aliquos
2585 2426 2825 2483 difﬁnire
2854 2426 3122 2493 voluerit,
3155 2427 3343 2483 eodem
3376 2427 3539 2481 modo
3571 2428 3772 2482 dicere
3810 2437 3931 2496 pote
4000 2422 4003 2497 ll

2345 2472 2556 2497 -..νη
2587 2472 2825 2483 ..........-
2866 2472 3122 2493 .-.ν-η-.
3157 2472 3343 2483 πη...
3574 2472 3772 2482 ...πη
3811 2472 3909 2496 τη-

2344 2521 2450 2585 rit,
2492 2519 2581 2589 qui
2621 2520 2671 2573 in
2713 2533 2774 2575 se
2812 2520 3046 2575 retinent
3084 2520 3316 2589 aliquam
3349 2519 3694 2589 qualitatem.
3726 2518 3875 2587 Quod
3900 2521 3931 2571 si
3998 2472 4003 2575 1

2344 2612 2574 2682 qualitas
2602 2611 2815 2681 quidem
2844 2612 2973 2681 quid
3015 2611 3087 2667 sit
3127 2627 3220 2681 per
3249 2615 3442 2685 quale,
3485 2612 3618 2684 quid
3662 2623 3848 2668 autem
3881 2612 3931 2666 sit

2345 2703 2503 2774 quale
2530 2746 2544 2771 ,
2579 2704 2858 2773 superiore
2902 2704 3160 2775 qualitate
3191 2714 3553 2770 monstratur,
3605 2703 3751 2759 nihil
3784 2703 3931 2758 inter-

2345 2738 2503 2774 ιιυιιιυ
2530 2746 2544 2771 ,
2579 2738 2858 2773 σαμε-...ις
2902 2738 3160 2775 ιιιωιηιιισ
3191 2738 3509 2760 ...υηοιηιιυι
3539 2746 3553 2770 ,

2345 2794 2448 2848 erit
2486 2795 2668 2851 dicere
2695 2796 3008 2865 qualitatem
3040 2790 3161 2851 esse
3186 2837 3201 2860 ,
3247 2794 3553 2865 qualitatem
3577 2835 3596 2859 ,
3623 2810 3797 2865 quam
3826 2810 3931 2864 qua-

2344 2887 2555 2943 litatem
2587 2902 2709 2942 esse
2730 2932 2745 2957 ,
2779 2888 3076 2944 secundum
3105 2902 3263 2960 quam
3294 2889 3481 2959 quales
3506 2887 3801 2943 dicuntur.
3845 2886 3931 2941 Sed
4004 2942 4005 2951 χ

2344 2981 2389 3035 si
2416 2981 2664 3036 ordinata
2689 2980 2942 3037 dilﬁnitio
2968 2982 3235 3053 generalis
3254 2982 3378 3037 etin
3408 2981 3508 3036 hcc
3533 2982 3933 3050 genenliss'ms
4004 3002 4005 3053 ι

2344 3086 2543 3142 genere
2576 3074 2700 3142 poni
2735 3075 3035 3143 potuisset,
3064 3082 3212 3130 recte
3238 3072 3524 3145 culpabilis
3552 3073 3932 3129 determinatio

2346 3165 2641 3221 videretur.
2672 3165 2826 3221 Nunc
2853 3175 3032 3223 autem
3063 3168 3258 3223 frustra
3287 3165 3658 3232 contenditur,
3688 3182 3821 3222 cum
3843 3167 3933 3235 jam

2346 3257 2368 3328 (
2392 3267 2448 3312 ut
2475 3270 2618 3329 stepe
2647 3260 2846 3315 dictum
2874 3260 2995 3331 est)
3022 3259 3404 3331 descriptionis
3432 3260 3616 3329 potius
3656 3260 3787 3317 loco
3817 3261 3935 3315 hunc

2346 3350 2631 3406 terminum
2661 3367 2819 3421 quam
2851 3352 3079 3422 alicujus
3109 3352 3447 3409 dilﬁnitionis
3476 3353 3784 3408 addiderit.
3814 3355 3935 3421 Quo-

2344 3442 2487 3496 circa
2512 3445 2556 3496 si
2585 3442 2886 3515 designatio
2917 3451 3125 3500 tantum
3156 3444 3427 3515 quaedam,
3460 3454 3515 3500 et
3539 3444 3935 3515 quodammodo

2351 3534 2690 3590 adumbratio
2730 3536 2805 3591 rei
2849 3535 2967 3605 ejus
3009 3535 3076 3592 de
3115 3550 3221 3608 qua
3265 3538 3547 3607 quaeritur,
3575 3545 3636 3591 et
3673 3551 3790 3590 non
3819 3537 3936 3591 dith-

643 3628 859 3685 dicitur.
906 3626 1013 3684 Res
1053 3628 1196 3684 enim
1240 3627 1353 3697 ipsa
1391 3640 1512 3696 qua:
1539 3624 1845 3695 participari
1872 3633 2090 3695 potest,
2121 3624 2235 3680 sola
2265 3614 2312 3679 C
2343 3628 2478 3684 nitio
2514 3638 2598 3684 est
2626 3670 2640 3694 ,
2686 3629 2915 3684 absurda
2957 3629 3226 3684 calumnia
3264 3639 3347 3685 est
3372 3673 3387 3697 ,
3431 3629 3595 3686 rebus
3642 3630 3937 3685 netioribus

647 3722 886 3794 qualitas
923 3719 1401 3777 nominatum-Res
1437 3733 1566 3775 vero
1597 3734 1719 3791 qua:
1758 3718 2072 3790 participat,
2102 3734 2237 3789 qua-

644 3813 815 3868 litatis
840 3812 1103 3868 vocabulo
1130 3827 1236 3867 non
1271 3820 1503 3875 tenetur,
1537 3819 1595 3865 ut
1632 3809 1827 3866 albedo
1862 3811 2091 3881 qualitas
2119 3811 2240 3880 qui-

643 3905 766 3961 dem
798 3912 914 3971 est,
942 3904 1096 3960 albus
1121 3918 1251 3960 vero
1278 3904 1509 3974 qualitas
1535 3918 1643 3958 non
1673 3913 1775 3959 est.
1813 3903 2081 3959 Diﬁerunt
2110 3918 2239 3973 ergo

644 4002 751 4056 hoc
779 3998 921 4070 quod
953 3998 1183 4054 dicimus
1213 3997 1374 4069 quale
1412 4006 1465 4053 et
1497 3997 1729 4068 qualitas
1749 4038 1764 4062 ,
1803 3997 1944 4066 quod
1975 3996 2099 4051 illud
2141 3995 2240 4051 du-

643 4092 874 4164 pliciter,
914 4091 1007 4148 illa
1050 4090 1367 4158 simpliciter
1407 4089 1727 4159 appellatur.
1770 4089 2031 4155 Quocirca
2069 4104 2239 4159 quan-

646 4202 810 4257 quam
848 4186 1065 4257 quidam
1106 4193 1301 4256 negent
1333 4184 1474 4240 hunc
1503 4184 1711 4239 titulum
1749 4183 2050 4240 Aristotelis
2082 4196 2234 4248 esse,

644 4280 895 4351 Idemque
922 4280 1246 4336 conﬁrment
1275 4279 1574 4348 posteriore
1599 4278 1903 4347 adiectione
1933 4279 2225 4346 signatum,

645 4386 745 4428 nos
775 4381 953 4427 tamen
989 4370 1218 4427 dicimus
1257 4380 1483 4442 propter
1516 4370 1802 4441 quamdam
1843 4370 2120 4424 nominum
2163 4367 2239 4421 si-

650 4461 1007 4518 militudinem
1035 4462 1510 4519 demonstrandam
1550 4472 1834 4531 utrumque
1864 4462 2114 4530 posuisse
2134 4500 2147 4525 ,
2182 4468 2241 4513 ut

626 4553 783 4631 nihil
828 4551 1032 4608 distare
1074 4553 1319 4609 videatur
1358 4563 1535 4607 utrum
1577 4551 1736 4621 quale
1778 4565 1842 4605 an
1881 4551 2147 4620 qualitas,
2186 4549 2239 4605 id

650 4645 795 4716 quod
835 4646 1140 4715 appositum
1177 4655 1260 4700 est
1296 4646 1767 4715 praedicamentum
1800 4644 2037 4710 dicatur;
2080 4643 2239 4714 quale
2270 4646 2277 4657 '

652 4738 798 4792 enim
831 4737 999 4806 ipsam
1026 4736 1312 4807 aliquoties
1340 4752 1453 4792 rem
1485 4737 1575 4809 (ut
1602 4734 1868 4806 diximus)
1898 4737 2238 4807 qualitatem-

644 4846 750 4901 que
795 4830 1083 4899 signiﬁcat.
1127 4829 1209 4886 Sit
1249 4845 1377 4900 ergo
1416 4846 1480 4886 cx
1526 4831 1688 4886 rebus
1731 4839 1942 4899 sumpta
1988 4828 2238 4883 dilﬁnitio

643 4920 936 4992 qualitatis.
961 4920 1114 4987 Quod
1147 4935 1273 4975 vero
1304 4923 1516 4990 inquam
1547 4920 1919 4977 dilﬁnitionem
1942 4964 1957 4991 ,
1991 4920 2240 4992 quodque

2344 3737 2433 3795 res
2466 3722 2760 3793 ignotiores
2790 3722 3103 3791 probantem
3132 3737 3239 3779 non
3269 3731 3391 3779 ante
3418 3733 3709 3793 perspecta
3750 3722 3937 3780 descri-

2343 3815 2544 3885 ptionis
2571 3815 2782 3870 ratione
2807 3816 3046 3885 culpare.
3081 3815 3216 3870 Illud
3246 3826 3424 3871 autem
3454 3817 3573 3887 quis
3602 3815 3827 3873 dubitet
3853 3829 3937 3870 no-

2343 3906 2508 3961 tiores
2535 3920 2655 3962 esse
2682 3922 2779 3962 eos
2805 3907 2893 3978 qui
2925 3908 3113 3978 quales
3142 3917 3297 3976 sunt,
3322 3909 3410 3962 illa
3442 3908 3554 3977 ipsa
3581 3922 3651 3962 ex
3683 3924 3797 3978 qua
3827 3923 3937 3978 φης

2343 3996 2421 4052 les
2470 3998 2720 4053 dicuntur
2760 3998 3039 4068 qualitate,
3098 4009 3155 4054 ut
3185 4000 3413 4070 quilibet
3451 3998 3608 4054 albus
3649 3999 3843 4054 notior
3868 4008 3937 4053 est

2344 4090 2459 4159 ipsa
2482 4089 2767 4145 albedine?
2787 4091 2917 4145 Nam
2946 4092 2991 4147 si
3020 4091 3215 4148 albedo
3241 4093 3468 4163 qualitas
3491 4102 3574 4148 est
3591 4138 3607 4159 ,
3637 4092 3802 4147 albus
3825 4106 3934 4147 vera

2344 4183 2412 4237 ab
2455 4182 2740 4248 albedine,
2774 4183 2827 4239 id
2865 4194 2949 4240 est
3002 4200 3029 4238 a
3070 4186 3365 4256 qualitate,
3410 4185 3808 4241 denominatus
3844 4194 3934 4245 est.

2345 4276 2500 4331 albus
2541 4277 2641 4331 erit
2679 4278 2852 4348 qualis
2896 4279 3201 4334 nominatus
3242 4278 3311 4334 ab
3353 4278 3602 4333 albedine
3656 4281 3931 4350 qualitate.

2343 4371 2494 4438 Quod
2518 4372 2585 4439 si,
2612 4380 2671 4427 ut
2716 4371 2917 4428 dictum
2954 4382 3058 4439 est,
3111 4372 3291 4428 notior
3334 4371 3485 4427 albus
3533 4380 3619 4427 est
3660 4371 3935 4432 albedine.

2315 4464 2515 4533 'qualis
2546 4464 2726 4519 notior
2753 4464 2857 4520 erit
2883 4465 3173 4535 qualitate,
3207 4464 3349 4519 sicut
3376 4464 3778 4534 grammaticus
3810 4475 3936 4534 quo-

2345 4572 2448 4625 que
2474 4557 2650 4612 notior
2670 4568 2751 4614 est
2773 4559 3138 4629 grammatica.
3157 4558 3550 4615 Grammaticus
3567 4573 3799 4629 quoque
3824 4571 3937 4629 qur

2347 4650 2416 4705 lis
2443 4658 2528 4706 est
2557 4650 2962 4721 denominatus,
2991 4653 3199 4709 scilicet
3224 4669 3253 4708 a
3280 4652 3629 4724 grammatica
3661 4654 3934 4722 qualitate.

2344 4742 2535 4799 Omnia
2580 4746 2722 4801 enim
2770 4760 2889 4817 quas
2948 4748 3196 4804 sensibus
3246 4747 3487 4817 subjecta
3544 4756 3676 4801 sunt
3733 4748 3937 4799 notiora

2345 4845 2471 4891 sunt
2517 4838 2671 4893 nobis
2719 4854 2877 4909 quam
2929 4853 2991 4895 ea
3042 4856 3162 4910 qua:
3211 4840 3461 4895 sensibus
3512 4852 3621 4892 non
3666 4846 3939 4893 tenentur.

2344 4929 2522 4996 Quare
2563 4932 2693 4986 nihil
2735 4932 2961 5005 impedit
3004 4934 3402 4989 describentem
3442 4941 3496 4988 et
3539 4928 3941 5000 quodammodo

642 5013 896 5087 ευρθτῑυε
926 5012 978 5067 in
1010 5012 1132 5067 aliis
1176 5026 1389 5083 quoque
1419 5013 1854 5084 Pradicamenlis
1875 5055 1889 5080 .
1923 5015 2113 5069 eodem
2144 5028 2231 5069 ευ·
2258 5008 2315 5069 Ι)
2343 5030 2590 5076 naturant
2624 5022 2703 5079 rei
2731 5024 2848 5093 ejus
2876 5023 2945 5079 de
2972 5040 3074 5094 qua
3116 5024 3375 5095 qnaaritur
3408 5022 3797 5094 designantenr
3819 5065 3837 5091 ,
3870 5036 3941 5078 res

646 5117 769 5157 tuus
808 5102 890 5157 usi
930 5102 1229 5170 vocabulo,
1270 5102 1446 5157 nullus
1482 5103 1771 5158 arbitretur
1804 5104 2107 5174 generalem
2146 5119 2232 5160 me

546 5248 559 5259 κ
644 5194 1020 5251 dilﬁnitionem
1058 5193 1303 5249 voluisse
1341 5194 1591 5264 signare,
1636 5194 1730 5250 sed
1770 5195 2100 5250 dillinitionis
2136 5211 2233 5250 no-
2329 5214 2337 5231 ο

651 5301 776 5342 men
822 5287 876 5340 in
904 5301 1018 5342 rem
1048 5284 1423 5352 descriptionis
1447 5285 1693 5354 accipiat.
1744 5285 1800 5340 ln
1834 5287 1915 5339 bis
1940 5286 2081 5341 enim
2111 5300 2231 5355 qua:

645 5378 1051 5448 generalissima
1079 5390 1277 5447 genera
1304 5385 1462 5445 sunt,
1504 5376 1755 5433 difﬁnitio
1792 5377 1955 5448 quazri
1992 5394 2098 5432 non
2138 5376 2232 5433 de-

640 5477 769 5537 bet,
796 5470 891 5527 sed
921 5468 1212 5539 descriptio
1240 5470 1481 5539 quietiam
1515 5480 1721 5525 natura:
1742 5509 1756 5533 ,
1790 5484 1896 5523 non
1941 5466 2083 5523 enim
2129 5483 2229 5539 po-

642 5574 749 5620 test
778 5562 1003 5620 inveniri
1033 5561 1282 5617 dilﬁnitio
1307 5561 1421 5631 ejus
1468 5563 1546 5617 rei
1589 5577 1712 5631 qua:
1752 5575 1921 5631 genus
1962 5561 2077 5629 ipsa
2119 5563 2226 5631 sit,

642 5664 698 5710 et
736 5670 852 5725 quae
888 5670 1057 5726 genus
1096 5654 1299 5709 nullum
1338 5652 1555 5709 habeat.
1597 5652 1858 5721 Quocirca
1899 5651 1983 5707 his
2025 5668 2227 5724 propo-

642 5746 793 5810 sitis,
839 5755 1001 5818 atque
1040 5756 1196 5805 antea
1234 5746 1574 5821 constitutis,
1622 5744 1984 5819 incipiendum
2029 5757 2115 5806 est
2159 5748 2227 5806 de

642 5836 920 5913 qualitate.

2344 5114 2641 5185 ignotiores
2670 5118 2971 5174 notioribus
3001 5119 3322 5188 approbare.
3392 5116 3395 5119 λ

2415 5205 2508 5260 Est
2538 5216 2706 5262 autem
2728 5209 2952 5278 qualitas
2976 5225 3144 5264 eorum
3165 5225 3279 5279 qua:
3300 5207 3651 5279 multipliciter
3671 5208 3939 5273 dicuntur,

2341 5305 2389 5351 et
2414 5313 2516 5352 una
2538 5298 2745 5366 quidem
2766 5300 2959 5367 species
2982 5300 3243 5366 qualitatis
3269 5299 3468 5353 habitus
3495 5307 3544 5351 et
3567 5299 3852 5369 dispositio
3875 5295 3944 5349 di-

2340 5387 2492 5441 citur.
2540 5387 2728 5457 Di/fert
2764 5384 2937 5443 autem
2964 5390 3169 5445 habitus
3200 5406 3230 5443 a
3261 5388 3625 5461 dispositione,
3659 5390 3811 5458 quod
3840 5402 3945 5457 per-

2340 5481 2627 5535 manentior
2654 5491 2699 5535 et
2727 5482 3025 5536 diuturnior
3057 5490 3150 5537 est.
3188 5480 3337 5535 Tales
3362 5491 3531 5535 autem
3564 5490 3686 5534 sunt
3717 5480 3945 5533 scientia

2339 5579 2385 5623 et
2409 5571 2619 5625 virtutes
2636 5588 2655 5637 ;
2687 5573 2904 5626 scientia
2934 5572 3069 5626 enim
3098 5572 3297 5625 videtur
3325 5588 3431 5626 esse
3450 5564 3883 5641 ‘permamnlinm
3906 5578 3945 5623 et

2335 5677 2511 5717 eorum
2538 5677 2651 5730 qua!
2679 5660 2975 5732 difficillime
3002 5670 3333 5727 utoveautur,
3357 5664 3402 5716 si
3422 5663 3538 5732 quis
3569 5665 3649 5715 vel
3672 5660 3943 5715 mediocri-

2333 5760 2418 5807 ter.
2437 5762 2604 5807 sumat
2636 5752 2932 5821 acien'tiam,
2965 5754 3064 5809 nisi
3090 5753 3225 5825 forte
3252 5754 3464 5824 grandis
3495 5751 3821 5821 permutatio
3855 5754 3937 5820 fa-

2334 5854 2421 5902 cta
2443 5844 2540 5917 sit,
2563 5843 2640 5901 vel
2661 5842 2722 5903 ab
2740 5844 3044 5921 agritudine
3066 5884 3082 5916 ,
3107 5845 3187 5906 vel
3210 5843 3273 5903 alt
3298 5843 3473 5919 aliqua
3491 5840 3830 5920 hujusmodi.
3862 5838 3943 5900 Si
