4030 6336
137 334 254 398 241

1124 337 1191 394 ΙΝ
1229 336 1665 398 CATEGORIAS
1703 336 2154 400 ARISTOTELIS
2193 342 2321 400 LIB.
2364 343 2446 402 Ill.

3327 356 3433 414 242

133 456 347 511 militer
377 459 547 507 autent
585 449 634 506 et
671 451 864 516 uirtus,
905 459 959 503 nt
988 451 1193 522 justitia
1223 463 1269 505 et
1306 453 1671 524 temperantia,
1700 461 1748 507 et
1776 453 1826 514 Α
1857 457 2261 526 perntanentior
2291 468 2409 524 est,
2442 461 2492 514 in
2525 459 2706 516 habitu
2731 472 2810 517 est
2833 508 2846 533 ,
2877 463 2968 521 ille
3000 481 3128 523 vero
3159 467 3245 539 qui
3276 467 3432 524 facile

52 531 58 548 ³
133 545 363 617 singula
395 543 576 597 talium
597 557 697 595 non
722 542 956 594 videntur
976 557 1119 611 posse
1141 541 1294 612 facile
1316 544 1555 606 amoveri,
1584 559 1744 612 neque

135 636 306 706 facile
331 633 633 703 perntutari.
659 631 964 699 Affectiones
987 649 1102 686 vero
1126 633 1368 690 dicuntur
1387 649 1501 699 quia
1519 645 1637 687 sunt
1659 638 1739 703 fa-

136 728 252 780 cile
278 715 485 779 inobiles
514 734 562 778 et
589 725 690 778 cito
719 724 1104 794 permutabiles,
1133 733 1188 777 ut
1210 724 1350 778 calor
1378 735 1423 778 et
1457 726 1733 797 frigiditas,

133 819 349 872 sanitas
385 827 430 870 et
463 815 716 888 aegritde
739 857 752 881 ,
786 825 833 869 et
861 814 967 868 alia
999 815 1316 887 hujusmodi.
1348 814 1573 884 Afficitur
1597 817 1734 870 enim

133 909 288 961 circa
316 922 402 960 eas
427 905 575 958 homo
596 905 994 973 quodammodo,
1020 908 1215 974 citoque
1235 915 1572 975 pet-mutatur,
1599 916 1644 961 et
1669 924 1732 962 ex
1769 945 1788 959 .

133 997 322 1050 calido
349 996 567 1065 frigidus
587 995 643 1064 fit
661 1035 676 1061 ,
702 1005 749 1050 et
768 1012 830 1050 ea:
849 996 1064 1051 sanitate
1086 997 1139 1050 in
1159 997 1508 1069 wgritudinem
1529 1001 1725 1054 transit.

135 1087 401 1143 Similiter
419 1093 589 1138 autem
611 1085 664 1138 in
686 1085 825 1153 aliis,
851 1087 954 1140 nisi
975 1087 1107 1156 forte
1130 1087 1181 1141 in
1208 1087 1285 1141 Itis
1308 1104 1504 1158 quoque
1534 1090 1729 1144 contin-

133 1191 236 1253 gat
258 1190 460 1253 propter
481 1180 721 1249 temporis
749 1179 1120 1251 longitudinem
1147 1181 1198 1235 in
1224 1189 1461 1235 naturam
1485 1185 1728 1254 cujusque

134 1274 448 1343 transferri,
480 1282 536 1326 ut
565 1271 865 1326 insanabilis
887 1313 902 1336 ,
942 1271 1022 1326 vel
1063 1273 1268 1343 difficile
1306 1274 1508 1327 mobilis
1547 1276 1729 1329 existat

134 1364 387 1432 affectus,
419 1380 566 1435 quem
586 1365 701 1434 jam
730 1363 938 1434 quilibet
967 1363 1312 1418 habitudinem
1340 1372 1496 1419 vocet.

223 1481 474 1551 Proponit
520 1477 831 1548 qualitatem
883 1475 1252 1548 multipliciter
1295 1477 1440 1545 dici,
1480 1494 1602 1550 quae
1643 1496 1728 1536 res

135 1574 309 1630 traxit
333 1573 541 1642 aliquos
570 1571 626 1626 in
650 1584 884 1626 errorem
907 1614 923 1639 ,
952 1580 1011 1624 ut
1038 1571 1117 1626 eis
1147 1570 1381 1640 suspicio
1411 1583 1726 1629 nasceretur

131 1665 492 1723 Aristotelem
523 1664 740 1720 credere
769 1663 1078 1734 qualitatem
1125 1664 1393 1735 tequivoce
1435 1666 1720 1721 nominari.

131 1758 280 1814 Nam
305 1757 351 1812 si
375 1756 550 1811 omnis
577 1755 928 1826 azquivocatio
955 1755 1320 1826 multipliciter
1344 1755 1557 1823 dicitur,
1591 1773 1727 1828 quas

1850 550 2119 618 p"riturus
2152 559 2235 605 est
2258 591 2274 616 ,
2307 552 2357 606 in
2418 553 2728 623 affectione,
2759 556 2827 611 ita
2853 558 2982 613 nihil
3037 560 3177 616 aliud
3212 561 3430 618 interest

1849 641 1991 696 inter
2042 642 2281 697 habitum
2332 653 2493 713 atque
2541 647 2970 718 dispositionem.
3014 651 3144 706 Nam
3185 657 3428 725 quamvis

1846 733 2251 801 permanentior
2284 735 2353 789 sit
2384 735 2595 792 habitus
2615 779 2629 803 ,
2664 739 2821 796 facile
2848 757 2977 797 vero
3003 744 3217 800 mobilis
3241 746 3425 816 dispo-

1843 824 2001 887 sitio,
2032 839 2136 879 non
2168 825 2267 881 nisi
2297 834 2502 881 tantum
2539 828 2881 887 diuturnitate
2918 832 3170 890 differunt
3213 851 3421 905 perma-

1842 915 2024 972 nendi.
2061 917 2210 973 Unde
2244 919 2300 973 ﬁt
2332 928 2388 973 ut
2416 934 2610 990 genere
2642 931 2694 977 et
2725 924 2901 994 specie
2931 925 3144 982 habitus
3173 942 3202 982 a
3235 927 3418 998 dispo-

1839 1007 2033 1071 sitione
2075 1024 2179 1065 non
2219 1009 2508 1082 discrepet.
2551 1013 2810 1082 Quocirca
2855 1025 3001 1075 recte
3043 1034 3162 1090 quae
3192 1036 3420 1078 numero

1839 1098 1954 1153 solo
1982 1099 2291 1167 distabant,
2321 1117 2427 1158 non
2458 1105 2639 1174 specie
2665 1105 2766 1161 sub
2794 1108 2948 1164 unius
2975 1111 3173 1181 speciei
3213 1127 3417 1169 nuncu-

1842 1189 2058 1258 patione
2100 1200 2324 1262 utraque
2365 1203 2489 1248 sunt
2529 1195 2596 1249 ab
2638 1194 2929 1254 Aristotele
2965 1201 3273 1272 proposita,
3317 1201 3416 1259 sed

1838 1293 1926 1339 est
1955 1283 2143 1341 horum
2175 1286 2387 1358 propria
2427 1287 2729 1344 differentia
2751 1329 2764 1353 .
2805 1291 2946 1362 quod
2986 1292 3197 1350 habitus
3225 1295 3420 1352 diutis-

1838 1377 1972 1434 sime
2004 1389 2380 1448 permanentes
2411 1380 2793 1450 dispositiones
2820 1393 2966 1440 sunt.
3001 1385 3288 1456 Dispositio
3315 1405 3414 1445 au-

1837 1476 1944 1523 tem
1976 1467 2130 1524 facile
2162 1469 2374 1526 mobilis
2424 1470 2671 1538 habitus,
2718 1474 2812 1529 sed
2853 1475 2896 1530 si
2940 1476 3130 1531 borum
3171 1481 3415 1551 exempla

1832 1576 2134 1631 quaeramus
2157 1603 2171 1630 ,
2202 1561 2316 1619 haec
2346 1574 2600 1634 poterunt
2631 1567 2881 1623 inveniri.
2914 1569 3264 1628 llabitudines
3289 1581 3415 1628 sunt

1830 1661 1889 1707 ut
1923 1661 2066 1709 artes
2091 1696 2104 1720 ,
2145 1654 2482 1726 disciplinae,
2524 1659 2770 1715 virtutes.
2817 1659 2948 1717 Nam
2986 1678 3074 1719 ars
3116 1679 3222 1720 non
3255 1665 3412 1724 facile

1827 1744 2040 1800 mobilis
2064 1746 2277 1801 videtur
2302 1755 2357 1802 et
2377 1748 2677 1807 diutissime
2699 1764 2996 1823 permanet.
3021 1755 3133 1813 Hoc
3155 1757 3297 1814 enim
3319 1773 3410 1815 ars

132 1851 266 1908 litas
292 1860 470 1906 autem
504 1849 794 1905 secundum
826 1849 1166 1904 Aristotelem
1197 1850 1308 1920 ipsa
1335 1864 1547 1921 quoque
1576 1850 1718 1904 mul-
1749 1833 1798 1894 Β
1825 1841 1940 1910 ipsa
1980 1841 2269 1896 medium"
2311 1852 2367 1898 ιιι
2404 1861 2500 1900 “Su
2540 1854 2699 1916 atque
2739 1850 3117 1906 θιοτοίιεῑῖοηθ
3161 1867 3265 1909 non
3310 1867 3408 1924 pe-

135 1945 396 2013 tipliciter
435 1943 753 2013 appellatur,
801 1941 1095 1998 secundum
1138 1942 1483 1998 Aristotelem
1526 1958 1720 1998 nomen

133 2037 410 2107 qualitatis
436 2037 765 2106 :equivocum
796 2043 899 2092 est.
929 2035 1036 2092 Nos
1062 2051 1191 2092 vero
1220 2037 1556 2094 defendimus
1585 2039 1722 2093 mul-

135 2117 404 2199 tipliciter'
434 2127 573 2192 dici,
618 2141 739 2185 esse
780 2142 888 2182 non
931 2143 1035 2182 una
1085 2135 1288 2182 tantum
1333 2128 1721 2198 signiﬁcatione

135 2221 428 2278 nominari.
480 2220 684 2276 Dicitur
725 2220 869 2276 enim
911 2220 1111 2290 aliquid
1159 2219 1527 2290 multipliciter
1571 2221 1715 2285 dici,

133 2331 262 2371 cum
303 2324 356 2371 et
395 2315 666 2384 mquivoce
709 2313 925 2383 dicitur,
968 2325 1018 2369 et
1061 2313 1277 2369 diverso
1317 2313 1477 2369 modo
1513 2313 1581 2369 de
1611 2315 1721 2369 suis

133 2408 417 2478 speciebus
444 2406 816 2476 multipliciter
841 2405 1181 2477 praedicatur.
1216 2406 1282 2460 Et
1310 2407 1610 2461 communis
1639 2414 1722 2461 est

130 2498 412 2569 multiplex
457 2498 780 2568 appellatio,
828 2497 987 2552 etiam
1026 2497 1080 2551 in
1120 2496 1203 2552 his
1254 2497 1558 2554 nominibus
1598 2511 1717 2567 quae

130 2590 298 2646 veluti
326 2604 522 2660 genera
553 2589 622 2644 de
651 2588 930 2658 speciebus
960 2588 1234 2654 dicuntur,
1262 2589 1408 2644 velut
1444 2589 1715 2660 mquivoca

129 2683 202 2738 de
234 2681 504 2751 subjectis.
531 2679 771 2752 Namque
797 2689 851 2735 et
874 2681 1069 2736 animal
1099 2681 1470 2751 multipliciter
1498 2681 1710 2736 dicitur.

126 2772 267 2828 Nam
310 2774 353 2828 si
398 2773 578 2828 multa:
625 2773 734 2827 sint
778 2773 985 2843 species
1041 2787 1162 2844 qua:
1200 2772 1418 2827 animali
1457 2772 1714 2843 subjecta:

126 2873 259 2920 Sunt
274 2906 288 2929 ,
313 2864 482 2935 ipsum
505 2878 716 2936 quoque
737 2863 1104 2934 multipliciter
1125 2863 1519 2935 quodammodo
1542 2865 1715 2920 nomi-

125 2964 309 3010 natur.
343 2955 503 3010 lstam
540 2963 715 3012 autem
749 2955 1246 3026 multiplicationem
1268 2997 1284 3022 ,
1315 2971 1426 3012 non
1454 2956 1520 3012 ad
1549 2956 1714 3028 aequi-

124 3048 467 3104 vocationem
495 3048 740 3105 retulisse
768 3049 1109 3105 Aristotelem
1132 3089 1146 3113 ,
1177 3049 1271 3105 sed
1299 3049 1477 3120 potius
1500 3059 1558 3104 ut
1585 3065 1713 3120 qua-

126 3143 335 3201 litatem
380 3158 546 3214 genus
589 3157 710 3199 esse
752 3151 1112 3215 proponeret,
1153 3143 1242 3197 illa
1285 3157 1372 3198 res
1412 3151 1704 3208 monstrat,

1828 1942 1962 1989 reat.
2006 1934 2136 2000 Quis
2172 1936 2314 1990 enim
2352 1946 2432 1992 est
2471 1939 2562 2009 qui
2599 1939 2778 1997 sciens
2817 1952 2967 1999 recte
3002 1947 3408 2014 grammaticam

1828 2024 1972 2079 nulla
2011 2026 2062 2080 vi
2112 2027 2505 2085 interveniente
2549 2031 2827 2089 validioris
2868 2035 3132 2105 passionis
3181 2038 3410 2094 amisit!

1827 2114 2021 2172 Fertur
2048 2117 2190 2172 enim
2221 2119 2434 2188 quidam
2465 2133 2710 2178 summus
2737 2133 2923 2182 orator
2967 2129 3282 2199 aegritudine
3321 2131 3410 2187 fe-

1828 2205 2116 2278 bribusque
2144 2208 2431 2278 decoctus,
2466 2227 2679 2271 omnem
2711 2215 3007 2275 litterarum
3037 2221 3279 2278 amisisse
3310 2223 3410 2279 do-

1827 2297 2052 2353 ctrinam
2075 2338 2089 2363 ,
2123 2298 2176 2354 in
2205 2300 2324 2354 aliis
2356 2317 2485 2358 vero
2515 2307 2675 2360 rebus
2715 2321 2877 2364 sanus
2919 2325 2983 2366 ac
3018 2312 3119 2370 sibi
3157 2324 3409 2373 constans

1825 2393 1878 2440 et
1907 2387 1958 2440 in
1990 2389 2134 2442 omni
2166 2405 2225 2446 re
2256 2401 2474 2462 vegetus
2505 2398 2886 2464 permansisse.
2935 2401 3224 2473 Disciplina
3273 2423 3408 2478 quo-

1823 2491 1928 2555 que
1974 2479 2138 2533 etiam
2181 2483 2292 2550 ipsa
2334 2494 2416 2538 est
2456 2485 2508 2539 in
2551 2491 2945 2556 permutatione
2986 2494 3240 2553 difﬁcilis.
3275 2502 3408 2568 Quis

1820 2571 1964 2626 enim
1991 2574 2168 2628 sciens
2196 2575 2539 2647 triangulum,
2569 2579 2778 2638 duobus
2805 2584 3024 2642 directis
3050 2590 3277 2660 angulis,
3299 2600 3409 2650 tres

1821 2661 2105 2718 interiores
2147 2665 2352 2723 similes
2395 2669 2592 2727 habere
2635 2675 2892 2746 angulos,
2946 2678 3083 2736 hanc
3125 2684 3404 2741 scientiam

1821 2762 2020 2821 prteter
2049 2755 2156 2810 vim
2191 2755 2281 2827 (ut
2311 2757 2509 2815 dictum
2539 2763 2651 2832 est)
2693 2764 2928 2822 fortioris
2968 2771 3234 2840 passionis
3268 2778 3406 2831 ami-

1820 2843 1933 2897 sit?
1957 2843 2196 2902 Virtutes
2217 2864 2429 2919 quoque
2454 2852 2506 2907 in
2533 2854 2721 2910 eodem
2751 2873 2948 2928 genere
2975 2866 3234 2929 ponenda:
3257 2880 3402 2928 sunt.

1822 2934 2002 2991 Virtus
2029 2939 2173 2994 enim
2208 2941 2312 2996 nisi
2352 2943 2572 3001 difficile
2613 2952 2889 3009 mutabilis
2929 2970 3033 3011 non
3076 2968 3192 3026 est,
3230 2977 3406 3035 neque

1820 3029 2329 3125 enimquodsemel
2353 3035 2496 3104 juste
2531 3037 2736 3108 judicat
2760 3041 2937 3113 justus
2963 3056 3081 3113 est,
3117 3066 3288 3122 neque
3313 3029 3404 3125 qui

1819 3123 1986 3177 semel
2030 3121 2348 3179 adulterium
2391 3126 2536 3199 facit,
2587 3139 2671 3186 est
2701 3132 2940 3200 adulter,
2994 3139 3087 3194 sed
3135 3121 3255 3198 cum
3300 3121 3403 3202 ista

126 3233 272 3305 quod
315 3234 423 3298 ait,
456 3243 511 3289 ει
545 3248 645 3288 una
688 3214 900 3303 quidem
943 3234 1152 3304 species
1191 3233 1458 3304 qualitatis
1497 3233 1711 3289 habitus
1739 3220 1785 3285 α
1818 3214 2062 3270 voluntas
2090 3216 2452 3290 cogitatioque
2485 3226 2859 3290 permanserit.
2901 3228 3219 3289 Aristoteles
3257 3236 3402 3292 enim

132 3325 449 3394 alfectioque
474 3323 692 3380 dicitur.
737 3322 868 3379 Nam
903 3324 992 3395 qui
1021 3325 1253 3395 speciem
1282 3324 1407 3380 dicit
1435 3339 1554 3382 esse
1582 3341 1712 3396 qua-

130 3416 293 3471 litatis
343 3416 579 3471 habitum
631 3423 688 3471 et
738 3414 1114 3480 affectionem,
1161 3417 1279 3487 quis
1329 3431 1452 3472 eum
1499 3416 1710 3473 dubitet

132 3508 302 3576 ipsam
349 3508 664 3578 qualitatem
714 3507 820 3562 vim
866 3506 1112 3562 obtinere
1157 3508 1374 3577 generis
1421 3507 1709 3563 arbitrari?

129 3598 242 3654 Cur
269 3614 394 3656 vero
431 3599 559 3656 dicit
601 3613 761 3654 unam
803 3600 1034 3669 speciem
1077 3613 1195 3655 esse
1237 3600 1544 3670 qualitatis,
1587 3617 1708 3657 cum

134 3693 375 3763 geminas
397 3693 761 3763 proposuerit,
787 3692 1148 3748 habitudinem
1172 3693 1376 3748 scilicet
1397 3702 1452 3749 et
1470 3694 1709 3750 affectio-

133 3800 257 3840 nem
279 3783 303 3850 ,’
325 3783 603 3855 ᾳυτετίιυτ.
637 3783 770 3840 Nam
798 3785 842 3840 si
885 3799 1046 3839 unum
1091 3784 1338 3854 idemque
1382 3785 1452 3839 sit
1497 3785 1709 3841 habitus

134 3883 190 3932 et
219 3875 463 3941 affectio,
507 3875 775 3946 superflua
813 3883 894 3932 est
931 3875 1167 3945 ejusdem
1207 3876 1284 3932 rei
1326 3877 1547 3946 repetita
1591 3892 1710 3944 pro-

131 3967 361 4036 positio,
396 3967 478 4022 sin
508 3980 638 4022 vero
679 3965 960 4031 diﬁ'eraut,
1005 3981 1170 4036 quare
1209 3966 1454 4023 differant
1494 3968 1711 4024 investi-

131 4057 368 4130 gandum
397 4066 500 4113 est.
535 4058 744 4114 Genere
775 4058 918 4114 enim
949 4073 1016 4113 ne
1045 4057 1279 4127 distent,
1323 4059 1409 4114 illa
1451 4074 1536 4116 res
1575 4076 1710 4131 prte-

131 4150 320 4214 venit,
347 4148 488 4220 quod
519 4159 742 4220 utraque
770 4149 872 4206 sub
915 4150 1170 4220 qualitate
1199 4151 1491 4205 constituit.
1524 4151 1710 4208 Restat

129 4259 263 4314 ergo
292 4253 350 4298 ut
377 4250 470 4298 aut
501 4243 678 4313 specie
716 4243 1064 4313 discrepent,
1105 4252 1196 4298 aut
1234 4259 1496 4308 numero;
1541 4245 1634 4300 sed
1665 4246 1710 4300 si

132 4336 312 4406 specie
339 4335 743 4405 discreparent,
779 4349 882 4390 non
915 4335 981 4389 ab
1010 4334 1298 4390 Aristotele
1324 4351 1423 4405 pro
1452 4351 1554 4390 una
1584 4351 1709 4404 spe-

130 4431 215 4485 cie
246 4437 590 4498 ponerentur.
623 4427 908 4498 Reliquum
935 4439 1019 4483 est
1046 4428 1203 4496 igitur
1228 4443 1288 4484 ea
1318 4444 1489 4497 neque
1515 4444 1711 4498 genere

131 4536 306 4591 neque
336 4521 514 4590 specie
543 4519 759 4575 differre
779 4563 794 4585 ,
829 4521 922 4574 sed
954 4535 1195 4575 numero.
1231 4521 1454 4576 Habitus
1482 4506 1709 4592 namque

1817 3305 2043 3362 virtutes
2071 3322 2176 3364 non
2205 3318 2354 3378 putat
2379 3311 2633 3369 scientias
2652 3356 2667 3383 ,
2693 3325 2751 3371 ut
2774 3316 3044 3389 Socrates,
3073 3324 3165 3380 sed
3189 3325 3402 3384 habitus

1816 3400 1869 3454 in
1904 3400 2105 3456 Etlticis
2135 3403 2246 3458 suis
2277 3418 2395 3461 esse
2422 3404 2681 3464 declarat.
2727 3408 2988 3478 Quocirca
3029 3422 3240 3474 constat
3279 3434 3403 3476 esse

1817 3491 2028 3548 habitus
2081 3492 2345 3550 stabiliter
2392 3508 2803 3567 permanentes,
2855 3502 3183 3581 difﬁcileque
3229 3521 3402 3568 muta-

1815 3581 1987 3648 biles,
2032 3584 2133 3639 boc
2173 3592 2378 3639 tantum
2420 3598 2680 3658 excepto,
2725 3601 2782 3645 ut
2825 3608 2929 3648 non
2971 3611 3064 3652 eas
3105 3600 3186 3654 vis
3224 3601 3402 3673 aliqua

1817 3674 1990 3742 major
2035 3675 2262 3744 alicujus
2305 3681 2718 3748 permutationis
2765 3684 3005 3754 impellat
3043 3698 3096 3746 et
3133 3689 3399 3756 destruat.

1814 3767 2128 3823 Afiectionis
2150 3783 2277 3824 vero
2300 3771 2507 3840 species
2530 3785 2686 3844 sunt,
2711 3785 2770 3832 ut
2793 3779 3070 3839 calefactio
3093 3792 3254 3858 atque
3279 3803 3400 3858 per-

1815 3860 1990 3953 frictio
2011 3901 2026 3926 ,
2053 3876 2111 3953 et
2143 3863 2407 3932 aegritudo
2437 3875 2596 3939 atque
2627 3871 2826 3927 sanitas
2848 3915 2864 3941 ,
2895 3887 3015 3932 cum
3045 3877 3112 3933 sd
3143 3893 3236 3935 eas
3264 3897 3400 3953 quo-

1815 3950 2102 4007 dammodo
2131 3954 2199 4009 sit
2225 3954 2388 4010 homo
2414 3955 2704 4030 dispositus
2733 3973 2891 4035 atque
2917 3966 3160 4037 affectus,
3189 3950 3297 4028 non
3326 3981 3400 4030 ta-

1818 4059 1941 4098 men
1975 4045 2380 4103 immutabiliter
2410 4058 2497 4104 aut
2525 4053 2718 4110 caloris
2746 4059 3055 4128 qualitatem
3088 4061 3282 4120 habeat
3307 4076 3401 4125 aut
3495 4129 3502 4134 ,

1815 4137 2062 4208 frigoris,
2103 4140 2240 4194 sicut
2280 4157 2380 4197 nec
2419 4155 2680 4214 perpetuo
2710 4150 2952 4208 sanitatis
3004 4163 3094 4208 aut
3138 4168 3400 4228 perpetuo

1816 4231 2168 4299 aegritudinis.
2202 4233 2341 4298 Quin
2374 4236 2535 4290 etiam
2577 4239 2621 4292 si
2662 4254 2763 4310 qua
2803 4251 2928 4296 sunt
2965 4259 3083 4314 qum
3125 4262 3218 4315 per
3255 4249 3399 4321 longi

1815 4325 2071 4391 temporis
2112 4326 2486 4394 aegritudinem
2531 4332 2848 4402 corporibus
2884 4335 3290 4396 immutabiliter
3319 4344 3398 4398 in-

1814 4416 2098 4482 durantur,
2132 4427 2189 4472 ut
2219 4433 2278 4473 ea
2306 4419 2415 4489 jam
2460 4421 2512 4477 in
2555 4433 2798 4481 naturam
2841 4429 3238 4497 quodammodo
3274 4452 3396 4492 cor-

1817 4508 1960 4578 poris
1992 4508 2256 4580 cujusquc
2289 4512 2634 4579 transierint,
2676 4525 2730 4570 ut
2772 4517 2816 4572 si
2855 4520 2974 4589 quis
3012 4537 3297 4591 percussus
3322 4530 3398 4583 ci-

129 4614 410 4684 (ιίςροείιίο
443 4614 583 4668 idem
615 4622 700 4668 εει
725 4615 1017 4670 secundum
1049 4616 1283 4686 speciem
1309 4659 1323 4682 ,
1353 4617 1445 4672 sed
1487 4633 1710 4674 numero
1737 4594 1791 4656 D
1818 4599 2070 4654 catricem
2111 4598 2270 4653 faciat
2308 4601 2657 4659 insanabilem
2678 4645 2692 4670 ,
2726 4604 2804 4660 illi
2848 4621 2915 4662 ex
2955 4611 3304 4677 dispositione
3341 4625 3398 4674 et

131 4715 337 4761 tantum
398 4715 453 4760 et
501 4702 715 4775 propria
773 4707 1000 4775 quadam
1054 4709 1308 4776 qualitate
1363 4708 1708 4765 dissentiunt.

129 4797 542 4867 Dispositionem
602 4812 729 4852 vero
769 4799 1056 4855 indiscrete
1100 4800 1241 4854 idem
1291 4802 1430 4870 quod
1469 4803 1707 4858 affectio-

133 4905 258 4945 nem
289 4905 444 4944 voco.
474 4889 606 4944 Nam
639 4890 774 4944 sicut
798 4891 1046 4946 Socrates
1085 4907 1112 4945 a
1160 4891 1382 4948 Platone
1420 4894 1548 4949 nihil
1592 4896 1710 4966 qui-

127 4984 251 5040 dem
297 4985 586 5038 secundum
632 4985 799 5052 ipsam
843 4984 1188 5040 humanitatis
1229 4987 1465 5055 Speciem
1506 4988 1707 5042 discre-

129 5084 218 5144 pat
240 5115 255 5137 ,
297 5073 408 5128 sola
438 5083 613 5129 tamen
640 5076 870 5143 propriae
899 5089 1145 5144 personae
1175 5078 1428 5147 qualitate
1457 5078 1708 5148 disjuncti

125 5175 289 5231 sunt,
325 5166 395 5220 ita
427 5181 637 5236 quoque
660 5166 938 5236 dispositio
969 5179 1126 5238 atque
1151 5168 1382 5236 habitus,
1409 5186 1507 5224 nec
1531 5172 1726 5240 potius

125 5258 230 5314 hoc
260 5257 418 5314 modo
448 5258 684 5324 distant;
715 5259 810 5314 sed
840 5259 1286 5328 quemadmodum
1321 5261 1434 5330 ipse
1459 5261 1706 5317 Socrates

126 5350 255 5405 dum
285 5359 431 5406 esset
458 5352 744 5420 parvulus,
789 5359 910 5420 post
953 5367 1082 5406 vero
1122 5352 1416 5421 pubescens
1461 5369 1491 5407 a
1532 5354 1710 5423 seipso

124 5442 376 5510 distabat,
411 5443 604 5499 eodem
635 5458 847 5514 quoque
875 5444 1034 5498 modo
1065 5445 1278 5500 habitus
1307 5454 1361 5501 et
1389 5446 1665 5513 dispositio
1693 5465 1705 5500 :

122 5552 353 5607 namque
385 5537 596 5592 habitus
642 5536 793 5591 ﬁrma
836 5546 921 5591 est
958 5536 1238 5605 dispositio
1257 5578 1284 5602 ,__
1314 5537 1522 5591 affectio
1561 5538 1708 5593 inﬁr-

120 5644 242 5685 mus
279 5637 364 5684 est
402 5627 654 5694 habitus,
686 5638 745 5683 ut
769 5628 1217 5699 quemadmodum
1249 5627 1407 5682 distat
1438 5629 1588 5684 albus
1618 5644 1708 5684 co-

119 5723 204 5778 lor
229 5722 298 5778 ab
327 5722 450 5777 albo
479 5722 692 5789 colore,
721 5723 766 5777 si
798 5724 850 5778 itt
885 5724 1087 5793 pictura
1121 5722 1207 5777 hic
1233 5723 1447 5792 quidem
1495 5739 1704 5792 perma-

116 5822 242 5874 neat
263 5852 279 5873 .
312 5813 403 5870 ille
430 5827 564 5870 vero
589 5815 768 5870 statim
799 5814 1065 5882 periturus
1095 5814 1198 5883 sit,
1231 5815 1330 5870 nisi
1362 5814 1501 5886 quod
1542 5814 1586 5870 is
1613 5815 1704 5890 qui

1817 4690 2100 4746 affectione
2139 4692 2354 4760 quidam
2386 4692 2556 4750 factus
2586 4707 2667 4750 est
2699 4697 2926 4756 habitus.
2959 4704 3216 4769 Quocirca
3248 4720 3394 4766 recte

1817 4784 2015 4837 dictum
2047 4795 2130 4839 est
2159 4785 2541 4855 dispositiones
2572 4789 2894 4848 inveteratas
2938 4778 3145 4853 habitus
3195 4802 3390 4860 facere.

1815 4875 1945 4930 Nam
1979 4892 2099 4932 cum
2132 4878 2378 4948 quaelibet
2407 4880 2684 4951 dispositio
2725 4900 3041 4954 permanens
3079 4902 3132 4947 et
3173 4896 3392 4954 difﬁcile

1815 4968 2026 5022 mobilis
2058 4969 2194 5024 facta
2222 4971 2316 5036 sit,
2349 4970 2434 5024 illa
2460 4972 2570 5040 jam
2603 4989 2708 5029 non
2734 4977 3013 5047 dispositio
3039 4994 3131 5040 aut
3155 4988 3389 5056 affectio,

1815 5058 1908 5115 sed
1937 5059 2149 5115 habitus
2178 5063 2447 5117 vocandus
2478 5073 2578 5118 est.

1885 5162 2211 5233 Manifestum
2234 5175 2306 5218 est
2335 5178 2502 5220 autem
2532 5171 2774 5238 quoniant
2799 5174 2910 5228 hare
2935 5178 3110 5232 volunt
3137 5181 3394 5234 Itabitudi.

1813 5273 1899 5310 nes
1927 5257 2201 5323 nominari,
2231 5275 2343 5326 qua:
2371 5270 2487 5313 sunt
2510 5262 2836 5319 diuturniora
2864 5278 2910 5321 et
2932 5272 3132 5339 difficile
3162 5274 3389 5330 mobilia.

1812 5350 2050 5420 Namque
2068 5351 2119 5404 in
2145 5352 2428 5420 disciplinis
2455 5371 2554 5408 non
2585 5356 2800 5411 multum
2831 5362 3099 5416 retinentes
3126 5365 3214 5417 sed
3241 5368 3392 5434 facile

1813 5445 2037 5508 mobiles,
2072 5459 2172 5496 non
2202 5445 2439 5498 dicuntur
2464 5447 2687 5502 habitum
2714 5451 2917 5515 habere,
2941 5458 3170 5522 quamvis
3199 5461 3297 5511 sint
3323 5460 3392 5513 ad

1811 5535 2104 5603 disciplinas
2135 5538 2280 5607 pejus
2308 5538 2384 5590 uel
2406 5539 2581 5593 ntelius
2603 5541 2857 5612 dispositi.
2897 5546 3067 5611 Quare
3097 5548 3265 5615 differt
3296 5552 3392 5604 Ita-

1811 5628 1941 5681 bitus
1970 5646 2001 5680 a
2029 5629 2378 5699 dispositione,
2401 5635 2538 5702 quod
2566 5635 2659 5688 hoc
2685 5637 2886 5703 quidem
2914 5637 3069 5705 facile
3088 5641 3270 5696 mobile
3294 5654 3388 5710 est,

1809 5719 1939 5773 illud
1969 5736 2084 5774 vero
2111 5722 2400 5776 diuturnius
2425 5733 2469 5776 et
2500 5726 2702 5794 difficile
2725 5729 2926 5783 mobile.

1887 5811 2110 5867 Habitus
2142 5827 2260 5876 esse
2287 5814 2569 5885 qualitates
2597 5815 2810 5872 difﬁcile
2842 5814 3067 5878 mobiles
3096 5828 3151 5884 et
3174 5823 3386 5890 diutor.
