4022 6328
432 5623 460 5640 d

544 268 644 320 247

1761 256 1872 315 AN.
1914 257 2121 315 MANL.
2163 258 2314 317 δεῖν.
2358 256 2584 320 BOETII

2895 237 3062 252 ~———-\

3717 258 3814 314 248

544 382 686 435 ciant
719 375 1045 447 passionem,
1079 389 1184 431 non
1226 375 1365 446 quod
1407 373 1516 444 ipsa
1560 373 1896 429 extrinsecus
1935 374 2135 444 aliquid
2163 382 2217 437 Α
2244 376 2448 431 loribus
2488 375 2666 430 vultus
2697 373 3002 445 aspicietur.
3048 372 3200 428 Nunc
3240 371 3384 429 enim
3422 385 3543 431 cum
3573 378 3814 432 aestus'in

543 473 834 542 patiantur.

618 565 806 617 Albedo
832 574 1000 617 autem
1028 573 1073 616 et
1102 563 1312 632 nigredo
1344 572 1388 615 et
1418 563 1510 616 alii
1548 561 1740 616 colores
1771 579 1870 614 non
1899 561 2131 614 similiter

541 657 620 709 Itis
651 672 760 725 qua:
791 657 926 707 dicta
977 663 1093 706 sunt
1129 654 1392 721 passibiles
1425 652 1696 722 qualitates
1738 653 1998 713 dicuntur,
2041 650 2129 703 sed

540 749 637 802 ltoc
663 747 797 814 quod
825 745 904 799 lia:
929 746 1056 813 ipsa:
1093 746 1364 815 qualitates
1409 745 1471 797 ab
1517 744 1768 814 aliquibus
1811 741 2129 813 passionibus

539 842 895 893 innascuntur.

610 941 872 1008 Quoniam
902 954 1028 995 vero
1060 939 1339 1010 passibiles
1383 940 1668 1011 qualitates
1711 938 1872 994 etiam
1918 935 2127 990 colores

535 1047 658 1088 esse
688 1033 955 1099 dicuntur,
991 1031 1040 1086 id
1085 1040 1168 1086 est
1209 1031 1400 1086 albedo
1428 1043 1481 1085 et
1521 1029 1767 1097 nigredo.
1804 1028 1915 1083 Non
1945 1035 2124 1080 autem

536 1126 726 1182 eodem
759 1127 918 1181 modo
948 1125 1228 1195 passibiles
1261 1124 1545 1194 qualitates
1571 1121 1842 1189 dicuntur,
1871 1117 2127 1191 quemad-

537 1219 756 1274 modum
809 1219 1109 1274 amaritudo
1157 1230 1316 1288 atque
1357 1216 1600 1282 dulcedo,
1647 1216 1795 1271 calor
1836 1223 1890 1270 et
1933 1214 2120 1283 frigus,

532 1327 678 1367 nunc
723 1328 842 1382 qua:
892 1327 1075 1367 eorum
1128 1310 1393 1364 distantia:
1443 1324 1562 1364 esse
1611 1308 1836 1376 possint,
1880 1308 2121 1376 exponit.

532 1402 851 1458 Amaritudo
877 1404 1020 1458 enim
1043 1410 1202 1472 atque
1223 1399 1447 1455 dulcedo
1479 1415 1583 1454 non
1615 1398 1756 1470 quod
1789 1399 1900 1468 ipsa
1924 1397 2124 1468 aliquid

532 1498 868 1552 extrinsecus
897 1505 1228 1565 paterentur,
1259 1493 1352 1549 sed
1382 1494 1520 1564 quod
1562 1495 1677 1563 ipsa
1703 1476 1980 1548 efficerent
2003 1506 2126 1562 pas-

530 1589 736 1655 siones,
769 1590 1049 1659 passibiles
1079 1589 1363 1659 qualitates
1397 1588 1743 1657 vocabantur,
1776 1587 1964 1642 albedo
1994 1601 2124 1642 vero

532 1691 587 1736 et
616 1681 838 1751 nigredo
867 1681 1172 1735 contrariae.
1219 1681 1333 1735 Non
1380 1681 1520 1735 enim
1569 1680 1709 1750 quod
1746 1679 1878 1748 ipsze
1917 1678 2123 1748 aliquas

2240 469 2522 538 superficie
2571 469 2746 522 vultus
2799 468 3110 538 sanguinem
3161 468 3461 536 impositum
3513 471 3813 537 decoxerit,

2239 561 2534 631 nigredinis
2580 562 2779 630 perusti
2815 560 3088 631 sanguinis
3129 560 3294 616 rubor
3338 561 3511 616 reddit
3557 563 3811 619 coloret-tt.

2237 652 2388 718 Quod
2416 653 2458 705 si
2493 651 2632 706 idem
2665 653 2838 721 aliqua
2869 652 3119 722 passione
3147 652 3198 705 in
3241 652 3430 708 faciem
3462 654 3694 709 nondum
3724 671 3813 722 ge-

2239 744 2335 798 niti
2370 744 2583 798 infantis
2628 744 2913 807 acciderit,
2959 745 3201 800 eamdem
3248 746 3538 801 verisimile
3579 757 3661 802 est
3687 748 3813 804 afl‘e-

2238 839 2470 893 ctionem
2510 837 2708 893 coloris
2749 853 2943 907 corpus
2990 838 3329 908 suscipientis
3370 839 3604 895 inficere.
3637 842 3814 906 Quare

2237 943 2356 998 qua:
2399 929 2450 983 in
2493 927 2762 983 coloribus
2801 938 2926 982 sunt
2970 928 3169 982 idcirco
3212 928 3486 997 passibiles
3528 931 3812 999 qualitates

2234 1018 2506 1085 dicuntur,
2537 1033 2640 1073 non
2667 1020 2807 1089 quod
2838 1019 2965 1087 ipsa:
2990 1017 3188 1089 aliquid
3214 1019 3502 1089 patiantur,
3545 1021 3640 1075 sed
3672 1023 3814 1091 quod

2233 1125 2298 1168 ex
2344 1110 2606 1180 aliquibus
2650 1110 2984 1181 passionibus
3015 1110 3067 1165 in
3108 1109 3390 1179 cujuslibet
3433 1126 3624 1181 corpus
3656 1121 3814 1182 atque

2233 1217 2325 1258 ora
2355 1202 2698 1272 proveniunt.

2295 1317 2632 1387 Quaecunque
2659 1333 2778 1386 ergo
2807 1317 2987 1369 talium
3016 1331 3228 1369 casuum
3253 1316 3315 1368 ab
3338 1315 3589 1383 aliquibus
3618 1317 3812 1384 passio-

2232 1409 2381 1462 nibus
2413 1409 2616 1480 diﬁicile
2655 1410 2923 1463 mobilibus
2965 1419 3013 1462 et
3048 1409 3457 1479 permanentibus
3496 1410 3810 1480 principium

2230 1501 2568 1571 sumpserint,
2611 1501 2871 1569 passibiles
2914 1501 3184 1565 qualitates
3227 1501 3492 1565 dicuntur;
3531 1501 3631 1554 sive
3673 1503 3812 1556 enim

2231 1592 2505 1646 secundum
2553 1593 2840 1646 naturalem
2885 1592 3224 1646 substantiam
3269 1591 3438 1661 pallor
3481 1602 3570 1645 aut
3599 1594 3812 1663 nigredo

2232 1688 2370 1755 facta
2409 1692 2481 1737 est
2505 1725 2519 1749 ,
2559 1684 2830 1754 qualitates
2869 1684 3126 1736 dicuntur.
3173 1683 3360 1748 Quales
3385 1683 3517 1736 enim
3549 1691 3594 1737 et
3627 1700 3811 1738 secun-

530 1774 781 1828 sensibus
824 1774 1099 1841 passiones
1142 1773 1448 1841 importem,
1481 1771 1572 1826 sed
1599 1770 1738 1841 quod
1766 1785 1831 1825 ex
1857 1769 1974 1839 aliis
1999 1769 2121 1839 qtli-
2153 1753 2203 1816 Β
2230 1753 2354 1831 dum
2377 1792 2460 1830 eas
2482 1753 2721 1844 dicimur,
2743 1777 2845 1830 sire
2865 1786 3072 1844 propter
3095 1775 3445 1847 tegritudinem
3473 1777 3705 1846 longam,
3735 1780 3813 1832 vel

530 1863 755 1921 busdam
786 1867 1127 1936 passionibus
1157 1865 1520 1947 innascuntur.
1560 1865 1672 1918 Hoc
1702 1873 1878 1919 autem
1909 1862 2120 1918 videtur

531 1958 851 2013 Aristoteles
878 1973 942 2013 eo
970 1958 1362 2028 quodammodo
1396 1958 1799 2028 considerasse,
1833 1956 1972 2026 quod
2001 1964 2119 2025 post

529 2053 808 2120 proposuit
841 2052 940 2106 ltoc
973 2053 1130 2107 modo
1159 2072 1169 2105 :

513 2206 518 2217 ,
606 2153 860 2218 Quoniam
903 2171 1022 2227 ergo
1063 2156 1193 2223 ﬁunt
1233 2171 1320 2222 per
1359 2153 1582 2222 aliquam
1625 2152 1910 2222 passionem
1950 2152 2120 2206 multa

531 2245 762 2298 colorum
785 2247 1084 2300 mutationes
1109 2248 1432 2315 manifestum
1462 2253 1554 2307 est,
1578 2244 1844 2299 rubescens
1869 2246 2003 2300 enim
2025 2245 2119 2298 alic
2177 2249 2181 2256 '

531 2335 644 2401 quis
685 2336 867 2388 rubens
898 2341 1063 2406 factus
1098 2346 1204 2401 est,
1262 2347 1307 2390 et
1347 2337 1527 2390 timens
1558 2334 1814 2404 pallidus.
1848 2345 1894 2390 et
1934 2353 2122 2390 unum-

533 2426 766 2495 quodque
788 2424 988 2479 talium.

607 2525 717 2578 floc
743 2535 920 2579 autem
961 2541 1024 2581 ex
1063 2541 1167 2581 non
1216 2527 1358 2597 longi
1403 2526 1660 2594 temporis
1693 2525 2027 2594 passionibus
2054 2525 2120 2580 ad

529 2616 815 2684 passibiles
841 2617 1121 2686 qualitates
1151 2630 1204 2673 et
1241 2617 1543 2673 diutissime
1575 2627 1970 2688 permanentes,
1997 2633 2121 2674 acu-

532 2706 735 2761 tissima
764 2707 1192 2766 consideratione
1246 2711 1586 2774 transfertur,
1638 2710 1693 2764 fit
1724 2710 1864 2766 enim
1898 2709 2122 2765 rationis

528 2800 879 2869 pn-babilitas
926 2800 1026 2858 hoc
1071 2803 1250 2858 modo.
1297 2803 1661 2858 Monstramur
1698 2804 1840 2858 enim
1883 2803 2121 2857 colorum

531 2893 816 2962 qualitates
842 2909 910 2948 ex
954 2895 1292 2964 passionibus
1333 2897 1501 2958 nasci,
1535 2893 1677 2964 quod
1707 2909 1827 2948 cum
1858 2909 2119 2948 verecun-

531 2986 616 3042 dia
648 2987 822 3055 passio
852 2985 1094 3056 qutedam
1123 2986 1211 3052 sit,
1243 3003 1308 3041 ex
1347 3001 1408 3041 ea
1448 2986 1612 3041 rubor
1639 2986 1895 3051 exoritur,
1921 2993 2122 3040 etcum

531 3077 691 3131 timor
715 3075 833 3132 loco
864 3077 1126 3145 passionis
1153 3076 1432 3140 habeatur,
1462 3077 1528 3130 ab
1549 3091 1610 3130 ea
1634 3077 1802 3145 pallor
1831 3077 2120 3131 metuentis

528 3168 734 3222 vultum
766 3137 926 3238 atque
964 3183 1059 3223 ora
1096 3167 1299 3238 defigit.
1338 3137 1514 3234 Quare
1551 3137 1802 3238 quoniam
1837 3169 1889 3223 hi
1915 3169 2123 3224 colores
2151 3137 2199 3201 Ο

531 3274 598 3316 ex
629 3258 855 3328 quadam
893 3260 1141 3330 passione
1174 3258 1421 3315 videntur
1451 3259 1684 3326 innasci,
1737 3259 1897 3315 etiam
1936 3261 1989 3315 in
2022 3275 2119 3315 na-

527 3352 692 3407 turali
731 3353 912 3409 colore
951 3352 1192 3408 eamdem
1233 3353 1522 3409 verisimile
1567 3362 1648 3410 est
1686 3354 1930 3410 evenisse
1959 3355 2120 3409 ratio-

527 3455 675 3501 nem.
713 3445 845 3501 Nam
877 3445 1126 3516 quoniam
1158 3462 1279 3503 cum
1311 3445 1630 3502 verecundia
1665 3445 1741 3510 fit,
1774 3446 1824 3499 in
1860 3459 1919 3500 os
1946 3444 2120 3499 omnis

525 3538 750 3608 languis
771 3538 1066 3609 egreditur,
1091 3548 1145 3593 et
1174 3539 1318 3594 velut
1346 3538 1598 3594 delictum
1634 3547 1872 3593 tecturus
1895 3536 2120 3592 effundi-

527 3636 639 3697 tur,
678 3631 749 3685 ita
788 3645 998 3700 quoque
1037 3632 1095 3685 flt
1139 3631 1301 3686 rubor
1328 3646 1391 3686 ex
1426 3630 1697 3701 sanguinis
1730 3629 2120 3700 progressione,

530 3734 692 3792 atque
721 3721 772 3775 in
802 3732 1042 3791 apertum
1074 3721 1351 3778 effusione.
1389 3722 1646 3789 Quocirca
1674 3722 1716 3777 si
1749 3723 1848 3777 ltoc
1877 3738 1941 3777 ex
1975 3721 2126 3775 inna-

529 3815 691 3868 turali
724 3815 972 3883 passione
995 3815 1298 3883 contigerit,
1333 3815 1559 3868 naturali
1591 3813 1749 3868 facies
1781 3815 1974 3868 rubore
2005 3829 2125 3882 per-

528 3904 789 3959 funditur.
835 3905 1014 3959 Pallor
1051 3920 1177 3960 vero
1209 3907 1260 3959 fit
1283 3946 1296 3970 ,
1324 3906 1534 3975 quoties
1565 3921 1592 3957 a
1622 3906 1757 3960 facie
1788 3905 2003 3973 sanguis
2058 3904 2123 3958 ad

529 3996 951 4065 praecordiorum
984 3996 1236 4050 interiora
1269 3996 1580 4066 ingreditur.
1606 3995 1756 4061 Quod
1785 3996 1828 4049 si
1854 3996 1966 4049 huic
1992 4011 2123 4063 quo-

529 4103 637 4157 que
670 4089 927 4142 naturalis
963 4087 1143 4156 passio
1183 4087 1292 4152 det,
1326 4087 1618 4142 verisimile
1647 4100 1727 4142 est
1762 4089 1948 4143 eodem
1991 4087 2124 4142 infc-

529 4187 675 4232 ctum
700 4180 882 4234 calore
907 4180 1197 4248 procreari.
1222 4180 1482 4246 Quocirca
1506 4181 1616 4235 sive
1640 4198 1733 4250 per
1755 4180 2124 4252 aegritudinem

532 4273 710 4343 pallor
757 4273 832 4337 fit,
868 4272 1008 4342 quod
1051 4274 1296 4329 naturale
1330 4288 1436 4328 non
1472 4284 1572 4344 est,
1616 4276 1728 4330 sive
1769 4291 1864 4344 per
1891 4276 2124 4345 aliquem

532 4363 832 4418 naturalem
865 4373 1115 4418 eventum
1155 4366 1417 4434 passionis
1456 4367 1685 4430 accidat,
1727 4377 2029 4438 caateraque
2058 4367 2124 4421 ad

533 4455 781 4509 eumdem
824 4455 1063 4522 modum,
1095 4457 1374 4524 passibiles
1419 4458 1704 4526 qualitates
1749 4460 2016 4525 dicuntur,
2063 4476 2128 4515 eo

533 4545 675 4614 quod
707 4561 772 4600 ex
803 4545 1066 4615 aliquibus
1098 4548 1435 4616 passiouibus
1459 4549 1584 4613 sint,
1610 4548 1748 4619 quod
1777 4549 1889 4618 ipse
1913 4550 2123 4604 Aristo-

535 4635 668 4688 teles
701 4636 800 4689 hac
832 4650 962 4689 voce
991 4645 1216 4690 testatur
1245 4654 1259 4690 :

608 4737 776 4800 Quare
799 4747 842 4792 et
866 4738 908 4792 si
929 4739 1040 4807 quis
1069 4737 1369 4791 naturaliter
1393 4740 1587 4808 aliquid
1615 4739 1790 4792 talium
1823 4757 2000 4808 passus
2028 4754 2121 4808 est,

532 4831 746 4884 sintilem
775 4832 989 4884 colorem
1018 4840 1214 4896 oportet
1245 4848 1356 4883 eum
1381 4832 1582 4886 habere.
1615 4833 1742 4897 Qua:
1765 4834 1896 4886 enim
1923 4835 2123 4902 a/I'ectio

535 4939 670 4975 nunc
692 4922 759 4973 ad
781 4923 1129 4974 t'erecuttdiant
1152 4923 1286 4974 circa
1307 4939 1489 4990 corpus
1511 4924 1645 4991 facta
1669 4933 1759 4990 est,
1783 4936 1828 4978 et
1848 4927 2123 4980 secundum

533 5014 820 5065 naturalem
864 5014 1150 5080 passionem
1188 5015 1362 5066 eadem
1405 5013 1491 5080 ﬁet
1519 5013 1742 5080 affectio,
1785 5024 1838 5067 ut
1875 5017 2125 5070 naturalis

532 5106 675 5157 color
701 5105 766 5158 sit
788 5105 990 5159 similis.

605 5196 736 5250 Nam
772 5196 883 5250 sive
920 5195 1110 5263 aliquis
1142 5196 1226 5250 vel
1260 5195 1492 5250 nondum
1525 5203 1679 5250 natos
1720 5197 1918 5268 aliquid
1954 5203 2128 5268 patia-

538 5297 647 5353 tur,
679 5303 784 5358 quo
815 5288 1002 5341 faciem
1035 5288 1250 5356 sanguis
1287 5289 1585 5358 relinquat,
1616 5289 1728 5344 sive
1757 5291 1992 5359 quolibet
2021 5291 2126 5346 alio

536 5381 699 5435 modo
721 5382 938 5449 sanguis
961 5395 1024 5436 ex
1053 5381 1268 5434 infantis
1296 5382 1443 5435 vultu
1471 5381 1534 5436 ad
1564 5383 1818 5436 interiora
1851 5383 2118 5452 migravit,

472 5534 479 5538 ν
536 5471 730 5526 faciem
767 5473 1025 5527 naturalis
1054 5472 1236 5526 infecit
1267 5473 1456 5540 pallor,
1485 5481 1539 5527 et
1565 5489 1682 5542 quas
1719 5489 1858 5529 nunc
1903 5489 2007 5528 non
2031 5490 2123 5528 na-

441 5569 461 5634 λ
532 5565 734 5619 turales
777 5566 1054 5633 passiones
1097 5564 1581 5634 dispositionesquc
1627 5574 1782 5632 sunt,
1825 5574 1882 5619 ut
1921 5580 2040 5620 cum
2070 5562 2123 5617 hi

535 5657 742 5711 colores
791 5657 977 5711 faciem
1010 5639 1096 5711 vel.
1132 5665 1297 5711 totum
1330 5671 1522 5727 corpus
1551 5659 1821 5726 inficiunt,
1857 5659 1907 5711 hi
1949 5659 1993 5713 si
2024 5674 2121 5713 na-

541 5748 780 5803 turaliter
825 5751 1147 5820 contigerint
1180 5749 1412 5820 eisdem,
1446 5751 1717 5808 similibus
1761 5752 1997 5823 signatus
2036 5768 2124 5809 co-

2181 1883 2184 1888 ‘
2227 1877 2407 1925 uastum
2430 1869 2625 1937 aliquid
2649 1868 2748 1921 tale
2768 1867 3046 1937 contingit,
3077 1867 3286 1937 nigredo
3313 1867 3388 1921 vel
3419 1868 3602 1935 pallor,
3633 1878 3681 1923 et
3706 1887 3812 1924 non

2230 1964 2382 2035 facile
2411 1964 2665 2035 prieterit,
2700 1963 2777 2016 vel
2804 1963 2857 2015 in
2884 1962 2987 2014 vita
3018 1970 3303 2031 permanet,
3328 1957 3597 2030 qualitates
3625 1973 3671 2016 et
3699 1963 3813 2018 ista

2229 2059 2489 2111 dicuntur.
2524 2053 2775 2110 Similiter
2812 2054 2945 2108 enim
2975 2054 3150 2123 quales
3190 2061 3236 2108 et
3280 2054 3558 2108 secundum
3601 2070 3687 2109 eas
3732 2056 3812 2109 di-

2231 2152 2413 2206 cimur.

2251 2270 2254 2273 ’
2301 2269 2402 2323 Dat
2453 2266 2722 2338 quoddam
2777 2267 2988 2338 signum
3043 2281 3148 2338 quo
3207 2275 3488 2338 perspecto
3535 2268 3813 2325 valeamus

2227 2375 2540 2432 agnoscere,
2561 2361 2692 2428 qua‘s
2710 2359 2895 2414 harum
2914 2360 3151 2412 omnium
3169 2374 3287 2428 quae
3329 2357 3644 2428 supradicta:
3664 2370 3812 2430 sunt,

2230 2453 2512 2522 qualitates
2551 2457 2794 2520 oporteat
2835 2451 3110 2521 appellari.
3156 2449 3211 2504 Si
3253 2451 3394 2506 enim
3437 2451 3507 2505 ita
3556 2451 3637 2506 vel
3683 2465 3812 2506 casu

2230 2543 2437 2614 aliquo,
2462 2543 2544 2598 vel
2569 2555 2752 2597 natura
2776 2543 2857 2598 ita:
2887 2543 3172 2613 qualitates
3201 2544 3503 2608 evenerint,
3537 2552 3595 2598 ut
3624 2558 3811 2600 eorum

2230 2639 2299 2692 sit
2345 2637 2526 2692 tardus
2565 2638 2739 2692 exitus
2779 2639 3203 2707 permutatioque
3234 2635 3500 2703 difficilis,
3528 2637 3814 2707 qualitates

2230 2742 2513 2788 vocantur.
2541 2731 2595 2786 Si
2623 2731 2743 2802 quis
2764 2731 2905 2786 enim
2933 2731 3012 2785 vel
3044 2745 3138 2800 per
3169 2728 3569 2800 aegritudinem,
3604 2729 3690 2784 vel
3718 2744 3813 2799 per

2229 2834 2473 2880 naturam
2503 2822 2733 2893 pallidus
2765 2824 2892 2887 fiat,
2925 2821 3095 2892 sitque
3125 2821 3176 2874 in
3205 2820 3321 2889 ejus
3344 2834 3573 2890 corpore
3600 2835 3814 2890 perma-

2230 2929 2365 2970 nens
2397 2913 2584 2983 pallor,
2621 2921 2744 2967 tunc
2785 2912 3011 2982 qualitas
3041 2912 3362 2980 appellatur,
3395 2922 3448 2967 et
3478 2913 3579 2967 hoc
3608 2927 3714 2967 non
3764 2914 3814 2968 in

2231 3003 2602 3074 corporalibus
2629 3003 2799 3057 solum
2826 3003 2997 3068 vitiis,
3030 3001 3122 3056 sed
3146 3003 3304 3056 etiam
3328 3003 3381 3056 iu
3407 3003 3571 3057 animi
3598 3017 3815 3073 quoque

2231 3097 2606 3154 affectionibus
2628 3096 2914 3151 invenitur.
2941 3095 2994 3152 Si
3016 3096 3136 3165 quis
3159 3095 3300 3151 enim
3325 3095 3406 3150 vel
3431 3109 3523 3165 per
3545 3105 3815 3160 naturam,

2231 3191 2316 3246 vel
2360 3189 2596 3259 quolibet
2640 3189 2747 3244 alio
2779 3196 2960 3258 postea
3000 3202 3124 3242 casu
3155 3187 3384 3242 assiduis
3412 3187 3817 3243 comessationi-

2231 3283 2332 3338 bus
2357 3282 2681 3346 deleCtetur,
2708 3289 2762 3336 et
2791 3280 2889 3334 hoc
2915 3279 2990 3333 illi
3016 3278 3410 3349 quodammodo
3438 3278 3492 3332 in
3523 3279 3636 3348 ipsa
3664 3294 3816 3335 metr-

2235 3375 2302 3430 tis
2345 3374 2696 3430 dissoluti-tne
2743 3381 3090 3442 permaneat,
3124 3373 3191 3427 ab
3235 3386 3407 3442 eoque
3435 3371 3656 3428 difficile
3701 3388 3816 3430 mo-

2231 3477 2442 3533 veatur,
2487 3465 2754 3535 passibilis
2799 3465 3027 3534 qualitas
3070 3464 3258 3520 effecta
3299 3474 3411 3530 est,
3445 3465 3646 3520 idcirco
3673 3467 3817 3536 quod

2233 3557 2525 3614 secundum
2556 3571 2672 3612 eam
2702 3554 2888 3627 quales
2916 3554 3182 3610 dicuntur.
3217 3555 3409 3624 quibus
3436 3555 3526 3610 illa
3552 3570 3818 3625 provene-

2229 3652 2316 3707 rit.
2353 3648 2514 3721 Niger
2542 3647 2683 3705 enim
2723 3646 2916 3702 dicitur
2956 3648 3008 3702 in
3040 3661 3156 3717 quor
3178 3648 3400 3718 nigredo
3431 3636 3819 3716 permanserit;

2230 3750 2586 3805 comessator,
2624 3740 2710 3793 cui
2752 3738 2999 3808 voluptas
3047 3748 3303 3807 perpetua
3343 3737 3681 3795 comessandi
3713 3749 3816 3795 est.

2237 3835 2335 3891 Est
2380 3850 2509 3905 ergo
2561 3833 2769 3904 signum
2818 3833 2868 3886 in
2929 3830 3267 3901 passibilibus
3313 3831 3658 3901 qualitatibus
3714 3835 3818 3888 hoc

2230 3943 2323 3983 eas
2375 3940 2493 3980 esse
2543 3924 2844 3979 immobiles
2895 3933 2949 3978 et
3001 3931 3395 3994 permanentes.
3449 3924 3579 3990 Quae
3633 3933 3818 3980 autem

2233 4014 2542 4086 huiusmodi
2574 4024 2697 4069 sunt
2727 4029 2843 4082 qua:
2875 4012 3128 4069 facillime
3171 4022 3563 4084 permutantur,
3594 4023 3649 4069 ct
3681 4024 3822 4071 tem-

2233 4107 2400 4177 porali
2430 4115 2571 4159 statu
2599 4113 2753 4169 sunt,
2781 4105 2847 4160 de
2879 4105 2960 4160 Itis
2989 4104 3106 4159 talis
3133 4104 3432 4160 Aristotelis
3460 4105 3669 4162 videtur
3697 4123 3822 4164 esse

2231 4197 2492 4252 sententia
2505 4239 2517 4252 .

2308 4301 2633 4367 Quwcunque
2655 4315 2767 4353 vero
2794 4315 2857 4353 ex
2879 4297 2958 4352 his
2981 4299 3110 4364 ﬁunt
3137 4314 3247 4368 qua:
3273 4299 3426 4370 facile
3453 4299 3743 4367 solvuntur,
3775 4312 3824 4356 et

2232 4394 2332 4446 cito
2360 4403 2640 4462 transeunt,
2669 4394 2928 4462 passiones
2951 4393 3212 4457 dicuntur,
3235 4395 3504 4463 qualitates
3523 4411 3638 4448 vero
3661 4397 3826 4450 mini-

2153 4497 2206 4559 ι)
2233 4503 2331 4549 me,
2353 4502 2454 4538 non
2477 4488 2609 4538 enim
2635 4486 2852 4538 dicimur
2874 4486 3149 4538 secundant
3178 4502 3260 4538 eas
3283 4485 3481 4556 quales,
3503 4503 3662 4556 neque
3682 4491 3822 4542 enin.

2229 4578 2315 4645 qui
2342 4587 2548 4646 prapter
2580 4576 2935 4630 verecundiam
2969 4577 3154 4629 rubeus
3195 4577 3360 4644 factus
3384 4584 3487 4644 est,
3519 4578 3702 4631 rubeus
3735 4579 3829 4632 di-

2229 4668 2385 4733 citur,
2415 4684 2504 4720 nec
2525 4668 2608 4720 cui
2625 4668 2794 4736 pallor
2813 4676 3017 4737 propter
3038 4667 3267 4721 timorem
3289 4669 3448 4736 venit,
3474 4669 3700 4738 pallidus
3722 4683 3827 4738 est,

2229 4760 2316 4813 sed
2345 4760 2508 4830 magis
2536 4761 2655 4830 quia
2683 4759 2880 4828 aliquid
2909 4776 3088 4828 passus
3118 4760 3214 4828 sit,
3243 4778 3400 4830 quare
3429 4763 3689 4832 passiones
3718 4765 3829 4818 ltu-

2225 4851 2460 4921 jusmodi
2491 4853 2750 4917 dicuntur,
2783 4852 3055 4920 qualitates
3077 4867 3192 4904 vero
3219 4852 3442 4906 minime.
3467 4854 3719 4909 Similiter
3744 4859 3830 4915 his

2231 4953 2281 4997 et
2332 4944 2606 4997 secundum
2636 4945 2857 4996 animam
2888 4945 3147 5010 passiones
3174 4941 3222 4997 et
3252 4945 3516 5014 passibiles
3545 4948 3830 5015 qualitates

2231 5038 2495 5090 dicuntur.
2538 5035 2862 5104 Quwcunque
2891 5037 3020 5090 enim
3050 5051 3169 5088 mox
3198 5036 3509 5091 innascendo
3536 5038 3598 5090 ab
3625 5039 3830 5108 aliqui-

2240 5128 2329 5180 bus
2369 5126 2683 5196 passionibus
2716 5127 2919 5195 diﬁicile
2948 5126 3218 5180 mobilibus
3245 5127 3405 5195 ﬁunt,
3434 5129 3706 5195 qualitates
3738 5120 3830 5184 di-

2238 5228 2440 5283 cuntur,
2492 5229 2546 5271 ut
2595 5227 2640 5271 et
2689 5219 2977 5284 dementia,
3027 5227 3071 5271 et
3115 5218 3222 5282 ira,
3267 5227 3311 5271 et
3347 5219 3450 5271 alia
3482 5220 3832 5291 hujusmodi,

2232 5311 2409 5380 quales
2435 5312 2566 5363 enim
2596 5312 2876 5363 secundum
2908 5326 2989 5363 eas
3021 5311 3257 5376 dicimur,
3292 5311 3345 5363 id
3367 5319 3439 5364 est
3468 5321 3514 5366 et
3545 5312 3831 5379 iracundi;

2230 5411 2276 5455 et
2303 5402 2582 5454 (feruentes.
2617 5402 2864 5455 Similiter
2885 5411 3051 5454 autem
3077 5410 3124 5454 et
3147 5417 3458 5471 quiscunque
3482 5402 3600 5457 alite
3624 5405 3831 5460 aliena-

2233 5497 2391 5549 tiones
2435 5512 2537 5548 non
2582 5496 2870 5562 naturales,
2916 5496 3004 5549 sed
3045 5495 3108 5548 ab
3145 5496 3397 5565 aliquibus
3439 5497 3634 5551 casibus
3666 5503 3830 5568 facite

2231 5596 2372 5651 sunt,
2398 5587 2605 5656 difﬁcile
2630 5594 2985 5654 pra-tereuntes
3007 5585 3082 5639 vel
3103 5587 3254 5640 etiam
3277 5588 3484 5641 omnino
3510 5590 3828 5657 immobiles,

2232 5689 2278 5733 et
2302 5681 2597 5750 ltujusmodi
2625 5679 2740 5732 alia:
2759 5679 3024 5748 qualitates
3046 5688 3186 5744 sunt,
3213 5681 3388 5750 quales
3409 5681 3539 5734 enim
3563 5690 3606 5734 et
3627 5697 3830 5736 secun-

2237 5773 2360 5826 dum
2405 5789 2488 5827 eas
2520 5773 2758 5826 dicimur.
2796 5770 3120 5840 Quacumque
3157 5787 3274 5826 vero
3303 5789 3367 5828 ea:
3405 5774 3484 5827 Itis
3520 5789 3635 5842 quoe
3664 5774 3832 5842 facile
