4030 6336
273 355 386 415 249
1235 355 1299 412 ΙΝ
1335 353 1771 413 CATEGORlAS
1812 355 2256 416 ARISTOTELIS
2295 358 2422 416 LIB.
2465 359 2549 415 lli.
3450 371 3554 427 250

276 478 331 522 et
369 467 519 521 citius
565 472 872 535 prater-euut
912 467 1043 536 ﬁunt
1067 511 1080 535 ,
1126 468 1384 539 passiones
1432 469 1691 534 dicuntur,
1726 477 1780 522 ut
1821 485 1864 523 si
1894 473 1942 533 Α
1975 474 2314 543 qualitatem.
2353 475 2522 544 Hujus
2551 476 2862 546 quaestionis
2893 476 3011 534 talis
3042 479 3233 536 solutio
3271 492 3371 537 est.
3416 485 3552 539 Nihil

274 560 394 624 quis
438 559 762 613 contrislalus
803 560 1101 613 iracundior
1131 562 1220 627 ﬁt;
1265 577 1365 614 non
1409 562 1542 615 enim
1586 560 1869 617 iracundus

277 651 488 718 dicitur,
521 653 607 719 qui
636 652 687 704 in
714 650 1009 722 hujusmodi
1045 653 1623 721 passione'iracundior
1645 665 1748 719 est,
1779 653 1869 708 sed

275 743 444 813 magis
479 744 676 813 aliquid
714 760 916 814 passus.
953 745 1127 809 Quare
1154 745 1414 812 passiones
1440 746 1642 816 quidem
1687 747 1868 818 hujus-

275 834 420 889 modi
449 835 709 900 dicuntur,
740 836 1014 902 qualitates
1045 852 1160 890 vero
1191 838 1417 893 minime.

353 947 487 1015 Quid
528 947 595 1003 de
637 948 731 1003 his
765 946 1136 1005 aﬂ'ectionibus
1161 951 1458 1020 judicaret,
1489 968 1606 1024 quae
1637 953 1702 1009 ad
1734 971 1868 1025 pra:-

275 1053 407 1094 sens
433 1047 642 1107 tempus
667 1048 829 1110 atque
855 1040 920 1095 ad
945 1052 1274 1098 momentum
1305 1045 1498 1099 animis
1525 1046 1605 1100 vel
1629 1047 1868 1116 corpori-

273 1130 382 1185 bus
406 1128 768 1198 inhaererent,
796 1131 912 1202 ipse
943 1146 1049 1188 non
1081 1134 1310 1200 obscura
1336 1137 1586 1192 oratione
1611 1137 1863 1208 vulgavit.

271 1220 413 1276 Nam
439 1238 559 1278 cum
585 1223 732 1294 prius
758 1237 850 1279 eas
871 1238 992 1280 esse
1017 1225 1296 1295 passibiles
1322 1229 1608 1297 qualitates
1632 1244 1865 1298 pronun-

273 1317 471 1383 tiaret,
519 1331 639 1386 qua:
687 1332 752 1372 ex
807 1317 1072 1388 aliquibus
1117 1320 1452 1388 passionibus
1499 1322 1861 1390 gignerentur,

274 1417 334 1464 et
381 1417 557 1463 tamen
602 1409 656 1463 in
707 1407 962 1478 subjectis
1006 1410 1415 1481 imniutabiliter
1458 1423 1862 1481 permanerent,

271 1516 420 1557 nunc
448 1500 564 1556 illas
587 1500 894 1556 aﬂ'ectiones
918 1515 1038 1570 qua:
1061 1501 1130 1556 ita
1160 1510 1287 1557 sunt
1316 1503 1369 1556 in
1396 1501 1654 1573 subjectis
1681 1513 1737 1558 ut
1758 1505 1864 1559 cito

269 1600 639 1662 przetereant,
683 1606 787 1646 non
820 1591 1141 1662 qualitates,
1171 1592 1264 1647 sed
1295 1593 1571 1663 passiones
1601 1603 1773 1648 vocat.
1808 1594 1862 1650 Si

273 1684 401 1754 quis
432 1684 572 1738 enim
604 1692 820 1754 propter
844 1683 1224 1739 verecundiam
1251 1685 1446 1740 rubore
1486 1685 1714 1741 infectus
1744 1695 1857 1753 est,

276 1776 532 1844 quoniam
562 1775 724 1830 rubor
754 1775 842 1832 ille
869 1792 974 1832 non
1005 1789 1312 1846 permanet,
1339 1778 1537 1834 rubens
1567 1796 1672 1834 non
1703 1795 1860 1836 voca-

1972 564 2215 634 impedit,
2239 565 2529 620 secundum
2555 567 2714 620 aliam
2727 567 2946 622 scilicet
2970 580 3128 639 atque
3150 570 3303 624 aliam
3318 587 3555 639 cmtsam,

1975 667 2134 707 unam
2180 653 2533 723 eamdemque
2582 670 2696 711 rem
2737 659 2950 726 gemino
2989 659 3171 728 generi
3210 661 3406 728 speciei
3447 680 3556 718 sine

1974 756 2312 812 supponere,
2345 752 2405 798 ut
2433 744 2686 800 Socrates
2714 745 2765 800 in
2797 760 2863 801 eo
2893 749 3032 816 quod
3066 751 3214 817 pater
3245 759 3329 804 est
3353 752 3417 805 ad
3453 755 3556 806 ali-

1973 833 2097 902 quid
2121 833 2333 903 dicitur,
2368 835 2418 890 in
2443 849 2510 890 eo
2537 836 2676 906 quod
2707 836 2895 904 homo,
2925 839 3223 894 substantia
3255 851 3368 907 est,
3400 844 3475 898 sic
3505 847 3553 899 iu

1955 927 2152 983 calore
2187 936 2347 998 atque
2389 928 2610 998 frigore,
2641 929 2692 983 in
2733 944 2798 985 eo
2838 930 2979 1000 quod
3019 933 3139 1001 quis
3168 934 3458 989 secundum
3493 953 3554 992 ea

1976 1018 2186 1075 videtur
2227 1035 2349 1076 esse
2397 1020 2731 1091 dispositus,
2783 1023 2835 1077 in
2883 1023 3232 1093 dispositione
3277 1039 3554 1083 numerata

1973 1120 2129 1178 sunt;
2177 1113 2472 1169 secundum
2503 1129 2633 1170 vero
2663 1115 2805 1186 quod
2837 1130 2902 1171 ex
2928 1117 3191 1188 aliquibus
3219 1120 3554 1189 passionibus

1976 1203 2342 1270 innascuntur,
2379 1207 2659 1276 passibiles
2698 1207 2980 1276 qualitates
3024 1209 3182 1264 dictte
3225 1221 3370 1266 sunt.
3423 1214 3554 1283 ipsae

1973 1311 2101 1350 vero
2132 1297 2198 1353 ab
2228 1298 2409 1354 habitu
2440 1301 2671 1366 distant,
2708 1299 2759 1354 id
2788 1311 2871 1356 est
2911 1303 3197 1370 passibiles
3240 1305 3549 1375 qualitates,

1971 1387 2114 1456 quod
2157 1388 2208 1442 in
2253 1390 2497 1457 plurimis
2527 1391 2595 1444 ad
2639 1391 2850 1447 habitus
2898 1392 3060 1447 rebus
3104 1409 3198 1464 per
3224 1405 3366 1450 artes
3395 1404 3554 1468 atque
3602 1413 3609 1420 '

1971 1483 2226 1538 scientias
2253 1484 2583 1554 pervenitur,
2615 1487 2682 1540 ita
2713 1495 2772 1541 ut
2798 1487 2913 1556 ipse
2938 1487 3152 1558 habitus
3177 1485 3365 1545 ordine
3389 1500 3442 1545 et
3465 1491 3554 1546 filo

1970 1575 2198 1646 quedam
2254 1579 2584 1647 perficiatur.
2640 1578 2932 1636 PaSsibiles
2981 1597 3110 1636 vero
3157 1582 3441 1652 qualitates
3485 1574 3554 1639 co

1970 1669 2130 1724 modo
2157 1653 2546 1740 minime.‘Quo
2577 1689 2704 1746 vero
2732 1674 2934 1730 distent
2965 1673 3046 1729 ine
3075 1674 3355 1744 passibiles
3381 1676 3554 1746 quali-

1970 1767 2109 1817 tates
2140 1776 2170 1814 a
2211 1763 2444 1818 secunda
2485 1745 2664 1834 specie
2689 1809 2704 1834 ,
2749 1781 2866 1835 qua:
2912 1765 3205 1821 secundum
3255 1745 3550 1821 naturalem

273 1877 388 1933 tur;
424 1868 511 1937 qui
539 1869 582 1923 si
597 1869 800 1956 .rubeus
824 1868 1115 1936 diceretur,
1147 1881 1290 1926 esset
1317 1887 1528 1943 quoque
1558 1874 1671 1943 ipse
1695 1873 1863 1930 rubor
1894 1869 1943 1930 B
1969 1853 2387 1956 P°‘°'_"ia'"__"el
2433 1853 2799 1956 ίξηνοίθηξίῗφ
2849 1855 3060 1921 diem"
3092 1857 3365 1956 αυπτίυξτν
3401 1857 3552 1927 cui“

271 1957 544 2029 passibilis
567 1959 825 2029 qualitas,
858 1963 1110 2031 quoniam
1143 1963 1194 2016 in
1224 1963 1466 2033 subjecto
1490 1979 1715 2035 corpore
1740 1967 1858 2021 diu-

271 2049 482 2104 tissime
504 2061 864 2119 permaneret.
890 2052 1038 2108 Nunc
1060 2063 1238 2110 autem
1256 2056 1506 2125 quoniam
1528 2057 1677 2112 nullo
1700 2059 1859 2114 modo

271 2142 470 2197 rubens
498 2142 720 2211 dicitur,
754 2144 840 2198 cui
875 2160 901 2198 a
934 2147 1255 2200 verecundia
1283 2148 1447 2203 rubor
1475 2150 1642 2216 venit,
1684 2153 1857 2220 quali-

269 2242 410 2289 tates
451 2246 626 2290 autem
671 2246 795 2290 sunt
839 2237 1130 2292 secundum
1177 2254 1310 2308 quas
1347 2240 1534 2308 quales
1576 2255 1852 2310 vocamur,

271 2326 608 2382 verecundiae
638 2327 806 2384 rubor
832 2344 934 2383 non
962 2329 1193 2400 qualitas
1213 2375 1228 2400 ,
1265 2333 1359 2386 sed
1395 2333 1639 2402 quaedam
1679 2336 1858 2403 passio

271 2427 386 2483 est;
423 2433 542 2472 nam
575 2418 619 2472 si
651 2429 795 2475 esset
821 2419 1077 2489 qualitas,
1112 2421 1179 2475 ab
1210 2436 1274 2476 eo
1304 2420 1498 2478 rubore
1537 2423 1686 2480 rubei
1717 2425 1861 2480 dice—

275 2519 483 2576 rentur,
516 2510 570 2565 id
601 2521 684 2566 est
710 2512 897 2582 quales
919 2554 932 2576 ,
965 2513 1057 2567 sed
1099 2514 1199 2568 hoc
1238 2531 1343 2568 non
1379 2516 1446 2569 ita
1482 2524 1583 2570 est.
1615 2516 1730 2571 Non
1764 2517 1862 2588 igi-

273 2610 361 2656 tur
402 2601 705 2672 hujusmodi
753 2602 1062 2658 alleCtiones
1110 2619 1228 2675 qua:
1274 2605 1414 2660 haud
1457 2606 1627 2662 multo
1665 2608 1861 2664 durant

274 2700 517 2764 tempore
557 2693 842 2764 qualitates
881 2705 1159 2763 vocantur,
1206 2697 1299 2752 sed
1345 2700 1520 2769 potius
1561 2700 1854 2769 passiones.

271 2785 469 2842 Passus
488 2786 632 2842 enim
657 2787 855 2858 aliquid
879 2787 1099 2854 dicitur,
1125 2789 1217 2860 qui
1241 2802 1461 2861 propter
1484 2794 1857 2849 verecundiam

269 2879 468 2933 rubens
502 2880 578 2934 fit.
620 2879 820 2934 Eadem
854 2882 988 2935 ratio
1013 2890 1096 2936 est
1123 2883 1283 2937 etiam
1318 2884 1368 2937 in
1399 2883 1562 2938 animi
1598 2886 1860 2955 passioni-

268 2973 392 3029 bus.
429 2973 555 3028 Nam
590 2975 633 3030 si
663 2974 729 3029 ad
761 2985 1090 3030 momentum
1125 2977 1244 3046 quis
1273 2977 1440 3032 iratus
1473 2985 1582 3044 est,
1627 2994 1731 3034 non
1774 2980 1858 3035 id-

267 3065 416 3119 circo
444 3081 561 3120 eum
586 3066 704 3136 jure
728 3065 921 3136 aliquis
945 3068 1256 3122 iracundum
1282 3077 1462 3133 vocet,
1492 3068 1584 3124 sed
1608 3071 1652 3124 si
1675 3069 1858 3138 hujus-

267 3154 414 3212 modi
441 3155 620 3211 vitium
645 3158 696 3214 in
720 3156 1004 3227 cujuslibet
1025 3158 1205 3212 animo
1225 3168 1534 3214 constanter
1556 3160 1850 3216 inhaeserit.

1968 1945 2220 2015 perplana
2253 1946 2500 2002 distantia
2533 1958 2636 2005 est.
2672 1949 2905 2004 Dicimus
2933 1951 3074 2005 enim
3120 1950 3414 2006 secundum
3458 1963 3553 2020 po.

1969 2037 2149 2092 tentia:
2180 2039 2436 2095 naturalis
2466 2041 2699 2112 speciem
2729 2041 2930 2112 aliquid
2959 2041 3092 2108 dici,
3124 2058 3230 2097 non
3257 2043 3550 2098 secundum

1969 2140 2290 2199 praesentem
2314 2143 2489 2187 actum
2509 2174 2523 2199 ,
2547 2133 2641 2189 sed
2665 2135 2955 2190 secundum
2981 2135 3033 2190 id
3055 2136 3194 2206 quod
3219 2136 3282 2189 ad
3309 2135 3410 2191 hoc
3434 2151 3554 2193 esse

1967 2230 2176 2290 potest;
2223 2222 2391 2294 frigus
2436 2239 2564 2280 vero
2611 2226 2893 2297 calorque,
2942 2237 2997 2282 et
3037 2226 3265 2283 dulcedo
3294 2229 3377 2283 vel
3409 2243 3553 2284 ama-

1965 2315 2142 2370 ritudo
2168 2330 2271 2371 non
2295 2317 2591 2372 secundum
2612 2315 2753 2389 quad
2779 2317 2947 2388 pessit
2968 2333 3117 2385 esse,
3141 2319 3234 2374 sed
3257 2320 3550 2376 secundum

1965 2405 2019 2460 id
2070 2406 2211 2476 quod
2255 2407 2364 2476 jam
2409 2409 2479 2463 sit
2526 2409 2936 2476 consideratur;
2970 2412 3220 2481 quocirca
3249 2410 3409 2466 distat
3440 2411 3553 2468 inec

1966 2497 2120 2550 tertia
2151 2497 2359 2566 species
2387 2511 2417 2550 a
2448 2499 2678 2553 secunda
2700 2541 2714 2566 ,
2745 2499 2884 2569 quod
2920 2501 3004 2555 hic
3044 2501 3336 2556 secundum
3375 2503 3552 2572 possi-

1966 2585 2223 2640 bilitatem
2273 2587 2502 2655 dicitur,
2546 2589 2702 2644 tertia
2734 2605 2860 2644 vero
2889 2591 3180 2645 secundum
3213 2600 3412 2646 actum.
3445 2592 3550 2649 Sed

1968 2678 2109 2748 quod
2157 2678 2357 2733 dudum
2407 2681 2713 2750 promiscue
2757 2683 3038 2752 passiones
3062 2682 3407 2740 affectionem
3451 2700 3549 2740 uo-

1966 2772 2109 2826 line
2156 2774 2513 2838 vocabamus,
2561 2773 2675 2828 hcce
2718 2788 2931 2844 quoque
2971 2789 3076 2829 non
3127 2775 3281 2845 longa
3326 2778 3551 2847 quaestio

1967 2863 2069 2916 alia
2101 2873 2203 2918 est.
2236 2864 2326 2922 Sic
2362 2865 2504 2919 enim
2545 2865 2881 2921 inveniemus
2909 2865 3049 2936 quod
3082 2866 3261 2937 passio
3306 2868 3374 2921 ab
3418 2868 3550 2923 alie-

1964 2953 2231 3009 ctionibus
2275 2955 2581 3026 discrepare
2622 2955 2884 3012 videatur.
2921 2957 2976 3013 Si
3017 2972 3120 3028 qua
3151 2957 3292 3013 enim
3316 2969 3549 3028 corpora

1964 3045 2036 3101 ita
2069 3044 2325 3101 calefacta
2357 3047 2498 3115 sint,
2543 3055 2601 3103 ut
2639 3063 2706 3104 ex
2736 3063 2795 3104 se
2822 3064 3034 3119 quoque
3064 3049 3176 3119 ipsa
3209 3049 3437 3120 aliquem
3464 3065 3550 3105 ca-

1963 3135 2129 3190 lorem
2167 3138 2413 3193 emittere
2452 3137 2702 3206 valeant,
2729 3139 2909 3193 illa'ad
2935 3139 3169 3197 calorem
3205 3139 3389 3194 affecta
3419 3156 3550 3195 nun-

266 3247 400 3304 Nant
426 3248 470 3304 si
499 3248 616 3320 quis
639 3249 726 3305 vel
754 3225 850 3320 per
875 3259 1120 3305 naturam
1148 3251 1233 3306 vel
1267 3266 1363 3322 per
1388 3251 1756 3322 aegritudinem
1788 3255 1856 3311 sit
1884 3247 1931 3311 C
1962 3225 2257 3300 “Pam”;
2299 3230 2356 3286 Si
2408 3245 2511 3300 qua
2537 3229 2691 3286 ’νθτθ
2743 3239 2945 3286 “mlum
2995 3232 3226 3286 calorem
3279 3241 3552 3287 momen“)

265 3339 426 3396 la'sus
472 3356 734 3411 corpore,
779 3350 836 3397 ut
883 3343 966 3398 vel
1012 3351 1322 3414 perpetuam
1366 3344 1728 3414 dementiam,
1768 3347 1855 3403 vel

266 3433 594 3490 immobilem
627 3433 865 3490 incurrat
894 3433 1222 3490 iracundiam
1244 3476 1258 3503 ,
1290 3434 1379 3490 ille
1407 3438 1488 3490 vel
1519 3435 1743 3493 demens
1772 3439 1857 3494 vel

266 3513 557 3604 iracundus
579 3527 792 3583 dicitur.
820 3528 883 3584 Et
910 3544 1241 3601 quaecunque
1263 3530 1615 3586 aiienationes
1638 3532 1717 3602 (ut
1742 3531 1858 3602 ipse

265 3620 365 3690 ait)
395 3621 478 3676 vel
516 3621 822 3691 secundum
866 3633 1142 3690 naturam,
1177 3624 1261 3678 vel
1293 3639 1387 3695 per
1429 3639 1611 3680 casum
1645 3641 1856 3695 perma-

264 3723 454 3770 nentes
485 3714 586 3770 iuet
603 3713 714 3783 int,
748 3713 852 3769 illa:
892 3714 944 3769 in
986 3714 1225 3785 passibili
1270 3716 1524 3786 qualitate
1571 3729 1856 3770 numeran-

265 3817 372 3872 tur,
404 3806 605 3865 idcirco
629 3808 770 3880 quod
800 3809 1090 3865 secundum
1120 3825 1212 3865 eas
1239 3810 1424 3881 quales
1447 3810 1694 3892 dicimur.
1725 3813 1855 3879 Quas

264 3909 440 3957 autem
483 3902 565 3972 (ut
611 3901 811 3958 dictum
854 3902 956 3973 est)
999 3918 1105 3958 non
1156 3913 1507 3972 permanent,
1558 3905 1650 3961 sed
1701 3905 1855 3960 facile

265 4003 581 4061 transeunt,
615 4011 705 4050 cas
752 4011 855 4052 non
902 3997 1219 4067 qualitates,
1253 3997 1348 4053 sed
1393 3998 1566 4054 solum
1597 4013 1853 4055 vocamus

265 4090 564 4158 passiones.
609 4089 714 4146 Sed
747 4089 998 4160 quoniam
1042 4100 1153 4146 tres
1190 4091 1397 4162 species
1427 4093 1695 4162 qualitatis
1722 4107 1854 4147 enu-

266 4181 526 4246 meravit,
570 4197 724 4236 unam
767 4183 1062 4238 secundum
1104 4199 1263 4255 quam
1305 4185 1516 4240 habitus
1544 4185 1852 4256 dispositio-

266 4287 472 4342 nesque
493 4273 818 4342 dicerentur,
847 4274 1069 4330 alteram
1097 4275 1389 4331 secundum
1412 4291 1570 4347 quam
1596 4276 1854 4332 naturalis

264 4364 506 4435 potentia
553 4365 637 4420 vel
687 4366 997 4435 impotentia
1043 4367 1109 4421 ad
1159 4367 1362 4438 aliquid
1413 4367 1715 4423 faciendum
1768 4370 1854 4424 vel

265 4455 573 4526 patiendum
604 4456 963 4526 subjectarum
992 4473 1178 4536 rerum
1212 4469 1430 4514 naturas
1469 4467 1708 4529 pararet,
1745 4469 1856 4515 ter-

263 4549 392 4603 tiam
418 4549 710 4627 secundum
734 4566 890 4620 quam
911 4552 1190 4621 passibiles
1214 4551 1501 4622 qualitates
1523 4552 1849 4619 dicerentur,

1963 3322 2325 3390 susceperint,
2375 3322 2652 3391 passiones
2701 3323 2963 3391 dicimus,
2994 3333 3046 3378 et
3076 3323 3144 3378 ab
3182 3323 3552 3379 all‘ectionibus

1963 3426 2340 3483 segregamus,
2373 3423 2430 3468 ut
2458 3414 2543 3470 hic
2573 3416 2643 3469 sit
2673 3415 2938 3486 integrum
2968 3417 3277 3486 passionum
3310 3415 3550 3472 affeuio-

1964 3519 2198 3576 numque
2225 3513 2280 3559 et
2304 3504 2521 3560 habitus
2542 3515 2920 3576 augmentum,
2950 3517 3005 3560 ut
3028 3507 3346 3576 amplificata
3375 3507 3552 3575 passio

1966 3597 2019 3652 in
2045 3597 2378 3652 affectionem
2403 3607 2671 3661 transeat,
2695 3606 3035 3670 augmentata
3067 3597 3276 3653 affectio
3310 3598 3362 3652 in
3400 3589 3554 3653 habia

1967 3700 2079 3744 tum
2130 3698 2486 3760 permutetur.
2524 3692 2590 3746 Et
2633 3693 2745 3746 haec
2791 3691 3006 3763 quidem
3054 3691 3123 3746 de
3173 3691 3325 3746 tertia
3369 3691 3552 3762 specie

1965 3780 2236 3851 qualitatis
2264 3783 2637 3847 pronuntiasse
2661 3781 2920 3846 sufficiat;
2948 3796 3090 3836 nunc
3117 3790 3320 3852 quarta:
3348 3773 3547 3851 speciei

1967 3875 2070 3929 vim
2097 3883 2450 3944 naturamque
2474 3875 2815 3930 veracissima
2851 3870 3211 3946 dis’pulatione
3245 3875 3550 3943 conﬁrmat,

1967 3980 2246 4037 usquequo
2269 3969 2552 4038 progressa
2572 3965 2845 4038 qualitatis
2867 3967 3173 4023 distributio
3199 3968 3556 4038 conquiescit.

1964 4060 2128 4116 Nobis
2171 4076 2385 4132 quoque
2427 4061 2846 4133 disputationum
2894 4047 3194 4132 prolixitas'
3225 4060 3549 4117 moderanda

1964 4165 2067 4209 est.
2116 4153 2508 4208 Providendum
2553 4168 2766 4223 quoque
2810 4161 2894 4207 est
2933 4163 2992 4207 ut
3019 4153 3288 4208 sufficiens
3318 4151 3552 4208 brevitas

1964 4252 2139 4309 ordini
2188 4249 2540 4320 expositionis
2591 4249 2926 4314 adhibeatur,
2981 4261 3050 4302 ne
3097 4256 3188 4302 aut
3234 4246 3551 4302 brevitatem

1961 4346 2248 4401 comitetur
2298 4342 2628 4411 obscuritas,
2679 4351 2774 4396 aut
2821 4339 3098 4412 planitiem
3147 4340 3324 4394 minus
3369 4339 3551 4394 mode-

1959 4449 2077 4495 rata
2125 4439 2330 4502 oratio,
2360 4437 2550 4492 odioso
2580 4436 2792 4493 fastidio
2841 4444 2897 4492 et
2941 4434 3330 4506 longinquitate
3375 4433 3552 4490 defor-

1962 4542 2087 4588 met.

264 4649 318 4694 et
347 4640 483 4696 hanc
511 4640 601 4694 tali
641 4620 953 4711 duplicitate
986 4620 1372 4712 partitus—est,
1405 4652 1462 4698 ut
1490 4643 1621 4697 alias
1654 4643 1853 4696 idcirco

2039 4628 2292 4693 Quartum
2333 4640 2449 4680 vero
2485 4640 2639 4695 genus
2678 4623 2941 4693 qualitatis
2980 4630 3050 4676 est
3090 4621 3288 4691 ﬁgura,
3329 4628 3374 4674 et
3419 4620 3552 4677 circa

262 4732 470 4787 diceret
498 4732 781 4800 passibiles
813 4749 934 4790 esse
963 4735 1244 4804 qualitates
1265 4777 1280 4803 ,
1311 4736 1454 4806 quod
1487 4736 1617 4804 ipsae
1647 4731 1870 4806 aliquas.

263 4827 544 4897 gignerent
588 4827 904 4896 passiones,
951 4828 1083 4883 alias
1115 4842 1248 4882 vero
1292 4827 1434 4898 quod
1477 4827 1545 4882 ab
1589 4827 1856 4897 aliquibus

263 4923 394 4991 ipsa»
437 4921 778 4992 passionibus
827 4930 1196 4978 nascerentur.
1260 4922 1438 4990 Qnmri
1489 4930 1663 4991 potest
1726 4935 1860 4989 quo-

263 5013 425 5068 modo
447 5013 530 5067 lite
551 5028 762 5084 quoque
788 5014 1070 5084 passibiles
1090 5013 1375 5084 qualitates
1400 5012 1650 5068 distenta
1680 5013 1853 5082 prima

265 5105 356 5162 illa
387 5107 564 5176 specie
593 5106 895 5178 qualitatis,
926 5123 1045 5177 qua:
1081 5106 1374 5163 secundum
1404 5105 1642 5160 habitum
1671 5105 1856 5176 dispo-

236 5197 622 5270 sitionemqne
650 5200 824 5270 posita
856 5208 954 5255 est.
989 5199 1121 5254 Nam
1165 5200 1209 5254 si
1249 5198 1366 5270 quis
1392 5197 1626 5254 calorem
1658 5197 1853 5267 frigus-

261 5305 366 5360 que
388 5291 734 5361 persenserit,
765 5289 926 5346 habet
947 5290 1164 5362 quidem
1188 5291 1497 5361 qualitatem
1523 5289 1874 5360 passibilem,‘

258 5387 354 5443 sed
388 5397 566 5441 tamen
599 5386 652 5440 in
685 5385 922 5455 ejusdem
955 5387 1123 5456 ipsius
1155 5385 1506 5455 dispositione
1536 5393 1694 5452 atque
1727 5383 1854 5439 alle-

258 5481 440 5535 ctione
486 5487 764 5543 versatur;
801 5478 1092 5550 dispositus
1138 5492 1368 5548 namque
1396 5483 1479 5531 est
1509 5475 1573 5530 ad
1605 5476 1854 5532 eumdem

257 5572 493 5627 calorem
535 5581 693 5642 atque
725 5571 923 5643 frigus,
965 5586 1123 5642 quem
1162 5569 1389 5640 sumpsit
1437 5577 1597 5638 atque
1641 5569 1852 5633 habuit,

260 5665 405 5736 quod
439 5665 642 5721 scilicet
674 5666 789 5736 ipse
819 5663 1138 5721 Aristoteles
1168 5661 1354 5718 videns
1384 5660 1617 5716 calorem
1659 5661 1854 5730 frigus-

261 5772 370 5828 que
398 5756 452 5811 in
481 5765 707 5828 utraque
735 5756 914 5828 specie
944 5752 1279 5819 numeravit;
1313 5765 1543 5821 namque
1572 5758 1628 5805 et
1669 5749 1851 5819 dispo-

259 5855 520 5922 sitionem
563 5857 697 5917 dixit
735 5857 966 5915 calorem
1007 5863 1167 5929 atque
1200 5854 1401 5931 frigus,
1445 5859 1500 5908 et
1545 5850 1852 5925 passibilem

1964 4717 2361 4786 unumquodque
2375 4723 2610 4768 constans
2630 4714 2817 4783 forma.
2841 4712 3074 4782 Amplius
3095 4712 3162 4764 ad
3180 4712 3287 4765 Ita'c
3307 4711 3554 4764 rectitude

1963 4818 2010 4863 et
2050 4809 2306 4872 turritas,
2337 4816 2381 4860 et
2421 4808 2465 4860 si
2504 4806 2626 4874 quid
2665 4805 2833 4858 simile
2856 4814 2928 4858 est
2955 4804 3071 4868 Itis;
3115 4803 3394 4857 secundum
3419 4803 3553 4855 enim

1967 4901 2360 4970 unumquodque
2398 4913 2574 4952 eorum
2604 4897 2754 4963 quale
2800 4897 2924 4966 quid
2971 4896 3192 4960 dicitur,
3243 4894 3555 4964 triaugnlum

1965 5000 2097 5052 enim
2125 4998 2200 5050 vel
2237 4995 2646 5066 quadrangulum
2677 5008 2782 5047 esse
2809 4991 2959 5062 quale
2991 4989 3112 5060 quid
3144 4989 3332 5041 dicitur
3359 5026 3372 5050 ,
3406 4993 3451 5038 et
3477 5002 3555 5037 re-

1967 5099 2102 5143 ctum
2144 5097 2231 5142 aut
2264 5103 2486 5142 curvum.
2521 5075 2876 5139 Etsccundum
2906 5085 3121 5153 formam
3159 5077 3555 5146 unumquodque

1963 5181 2115 5252 quale
2141 5181 2350 5235 dicitur.
2487 5207 2492 5213 -
2661 5176 2670 5186 ”

1995 5291 1998 5294 ’
2039 5286 2242 5352 Quarta
2266 5292 2347 5339 est
2377 5281 2588 5352 species
2618 5278 2888 5351 qualitatis
2910 5291 3024 5347 qua:
3049 5273 3338 5329 secundum
3361 5283 3552 5324 unam-

1967 5392 2236 5450 quamque
2270 5377 2494 5430 formam
2530 5373 2861 5443 figuramque
2883 5368 3225 5441 perspicitur.
3259 5365 3352 5419 Est
3377 5371 3553 5417 autem

1965 5472 2173 5543 ﬁgura,
2209 5479 2266 5524 ut
2309 5466 2630 5539 triangulum
2664 5466 2743 5518 vel
2783 5463 3131 5534 quadratum,
3164 5459 3329 5513 forma
3377 5463 3553 5510 autem

1964 5566 2134 5639 ipsius
2167 5566 2349 5637 figura:
2381 5563 2624 5635 quaedam
2658 5561 2884 5632 qualitas
2915 5568 3018 5622 est,
3048 5565 3104 5610 ut
3146 5555 3306 5625 figura
3337 5551 3568 5624 quidem

1963 5676 2047 5723 est
2092 5666 2414 5737 triangulum
2447 5665 2529 5720 vel
2570 5665 2885 5735 quadratum
2912 5701 2926 5724 ,
2973 5659 3142 5712 forma
3171 5667 3345 5713 autem
3387 5657 3551 5728 ipsius

1963 5757 2216 5829 trianguli
2252 5758 2336 5812 vel
2367 5755 2611 5826 quadrati
2655 5753 2897 5823 quaedam
2923 5747 3184 5818 qualitas,
3217 5748 3356 5804 unde
3393 5747 3551 5803 etiam

1964 5851 2236 5912 formosos
2264 5849 2508 5906 homines
2536 5845 2782 5902 dicimus.
2811 5839 3001 5910 Figura
3024 5839 3166 5897 enim
3194 5839 3438 5914 quaedam
3467 5833 3554 5903 vel
