4022 6328
532 294 635 350 25!-

1769 303 1882 361 AN.
1926 305 2136 363 MANL.
2176 305 2331 367 θεν.
2376 309 2599 371 ΒΟΕΤΙΙ

3679 330 3799 393 ’35!

532 413 818 486 pulchrior,
852 420 935 479 vel
966 420 1270 485 mediocris,
1300 421 1383 476 vel
1414 420 1520 478 alio
1549 424 1947 497 quodammodo
1976 441 2110 482 con-
2138 428 2203 507 Α
2227 438 2282 485 ut
2311 430 2452 489 inter
2475 450 2567 495 eas
2588 439 2789 497 nullum
2801 447 3003 513 “corpus
3024 445 3189 513 possit
3212 446 3468 514 incidere,
3491 458 3657 522 atque
3677 453 3798 511 ideo

531 508 715 564 stituta
732 551 745 574 ,
770 512 997 583 qualitas
1019 512 1295 584 formaque
1314 515 1644 572 nominatur:
1663 517 1774 575 Has
1792 526 1969 577 autem
1991 535 2112 578 esse

455 603 467 613 ‘
531 603 811 671 qualitates
835 604 1009 659 nullus
1034 604 1264 661 dubitat.
1289 605 1568 678 Siquidem
1594 618 1650 671 et
1677 625 1706 667 a
1729 610 1897 682 ﬁgura
1914 612 2112 669 dicitur

533 690 825 764 ﬁguratus,
878 702 931 749 et
975 709 1005 749 a
1046 692 1215 753 forma
1260 696 1548 755 formosus.
1605 700 1851 770 Amplius
1895 718 2111 774 quoque

532 784 852 854 triangulum
884 783 1043 840 etiam
1073 802 1101 842 a
1135 785 1547 860 triangulatione
1576 790 1974 855 denontinatum
2002 805 2109 863 est,

527 883 578 929 et
606 875 918 945 quadratum
951 893 981 934 a
1012 878 1357 951 quadratura.
1388 880 1540 951 Quod
1571 883 1616 941 si
1648 883 1757 940 illas
1783 897 1907 943 sunt
1935 888 2111 959 quali-

526 974 693 1033 tates,
726 968 1019 1031 secundum
1052 985 1185 1047 quas
1213 972 1371 1045 quale
1399 974 1602 1047 aliquid
1637 978 1955 1049 appelletur,
2002 996 2108 1037 non

523 1066 605 1123 est
633 1059 720 1129 qui
752 1058 957 1119 dubitet
984 1060 1209 1123 formam
1253 1064 1585 1139 ﬁguramque
1624 1081 1747 1127 esse
1786 1071 2105 1141 qualitates,

506 1150 769 1234 ,quoniam
828 1154 1009 1213 omnia
1049 1172 1168 1227 qua:
1202 1136 1630 1231 hisipartici'pant
1659 1177 1727 1217 ex
1774 1136 1904 1233 ipsis
1932 1136 2110 1234 qualia

505 1230 895 1321 nominantur,
948 1248 1041 1313 sed
1088 1248 1340 1321 quoniatn
1379 1251 1432 1307 in
1479 1253 1748 1311 continuae
1796 1230 2109 1335 quantitatis

507 1325 795 1406 fspeciebus
838 1347 892 1395 et
957 1341 1277 1413 triangulum
1331 1354 1386 1401 et
1431 1346 1746 1415 superﬁcies
1798 1328 2110 1409 enumerata

503 1414 595 1509 est
628 1468 645 1494 .
700 1428 813 1498 ipsa
869 1430 1082 1503 quidem
1115 1434 1424 1504 superﬁcies
1462 1414 1733 1509 quantitas
1778 1448 1889 1507 est,
1940 1441 2107 1511 ipsius

506 1531 646 1604 =vero
684 1522 983 1589 superﬁciei
1010 1512 1327 1596 compositio
1370 1526 1596 1597 qualitas
1617 1572 1632 1598 ,
1665 1538 1747 1587 est
1765 1531 1907 1587 enim
1937 1532 2106 1604 ﬁgura

506 1596 594 1691 :(ut
637 1619 944 1687 geometriei
988 1620 1281 1686 dil'ﬁniunt)
1324 1639 1446 1693 qua:
1493 1625 1593 1680 sub
1620 1596 1817 1698 aliquo
1868 1596 2106 1693 veivali-

517 1705 717 1779 quibus,
746 1710 987 1766 terminis
1016 1713 1339 1771 continetur.
1369 1714 1481 1773 St’tb
1518 1716 1699 1789 aliquo
1744 1718 1959 1788 quidem
1985 1760 2000 1789 ,
2050 1730 2105 1779 ut

2219 525 2446 593 spissum
2479 541 2727 601 vocatur,
2760 543 2815 589 ut
2853 546 2935 591 est
2973 536 3171 592 ferrum
3201 540 3281 595 vel
3311 541 3547 598 adamas.
3596 545 3799 602 Positio

2194 632 2349 691 ergo
2374 622 2617 691 quaedam
2666 626 2894 695 partium
2923 627 3009 683 bis
3050 629 3221 695 inest,
3254 646 3357 687 non
3402 634 3665 705 qualitas,
3699 652 3797 695 nec

2194 724 2345 765 .tvoro
2397 713 2523 769 illud
2570 731 2783 788 quoque
2808 719 3004 786 distat,
3055 725 3195 792 quod
3239 724 3431 780 dicitur
3478 726 3614 783 lene.
3662 728 3796 785 Nam

2217 806 2463 873 quoniam
2498 820 2685 878 partes
2728 813 2797 866 ita
2830 823 2956 869 sunt
2981 816 3199 883 positas,
3240 826 3300 871 ut
3328 826 3511 873 neutra
3544 831 3792 890 superet»,

2196 906 2406 973 neutra
2434 901 2515 989 sit,
2529 903 2725 970 minor,
2756 905 2847 961 sed
2873 907 3170 978 aequalibus
3203 912 3631 977 extremitatibus
3662 914 3791 992 jou-

2191 999 2315 1063 ,ct:e
2344 1002 2487 1061 sunt,
2507 994 2705 1051 idcirco
2731 998 2971 1069 quedam
3005 1001 3199 1063 lenitas
3221 1011 3323 1069 est,
3344 1016 3400 1067 ut
3428 1004 3657 1069 adducta
3683 1021 3797 1067 ma-

2197 1098 2314 1167 nus
2336 1083 2480 1143 illam
2500 1101 2619 1156 qum
2640 1104 2706 1155 ex
2732 1091 3034 1163 teqttalitate
3052 1091 3256 1163 junctis
3276 1095 3513 1164 partibus
3540 1111 3665 1161 nata
3685 1110 3791 1169 est,

2198 1175 2409 1243 sentiat
2456 1178 2769 1246 lenitatem,
2800 1192 2856 1245 ut
2890 1193 2973 1241 est
3019 1195 3321 1254 argentum.
3355 1188 3631 1257 Asperitas
3665 1203 3792 1255 vero

2213 1278 2295 1333 est
2321 1271 2551 1347 partium
2580 1286 2686 1328 non
2716 1276 2938 1346 aequalis
2959 1277 3175 1346 positio,
3198 1279 3290 1337 sed
3312 1280 3535 1345 aliarum
3551 1283 3794 1347 eminen-

2198 1352 2373 1439 tium,
2403 1360 2627 1418 aliarum
2656 1379 2785 1423 vero
2813 1366 3187 1435 depressarum
3207 1381 3313 1438 ,ἰιι
3341 1371 3464 1439 lima
3495 1375 3650 1443 cujus
3674 1375 3794 1437 alia

2211 1463 2392 1523 partes
2438 1455 2715 1525 eminent,
2758 1458 2881 1525 alia!
2904 1475 3031 1515 vero
3056 1462 3327 1532 depressas
3355 1474 3499 1523 sunt.
3524 1465 3666 1537 Ergo
3701 1481 3793 1535 $01-

2209 1544 2437 1607 cundum
2480 1561 2903 1620 unamquamque
2935 1552 3162 1621 partium
3191 1554 3511 1623 positionem
3534 1594 3553 1623 ,
3579 1556 3664 1619 vel
3709 1573 3792 1613 ηε

2208 1631 2359 1709 ritas,
2385 1634 2465 1689 vel
2497 1635 2814 1706 spissitudo,
2846 1638 2929 1695 vel
2959 1644 3249 1712 asperitas.
3286 1644 3369 1698 vel
3395 1644 3585 1703 lenitas
3607 1688 3622 1709 ,
3670 1662 3793 1705 cors

2202 1704 2433 1792 (poribus
2480 1704 2583 1782 est.
2612 1726 2745 1783 Non
2800 1730 2961 1802 igitur
3008 1704 3123 1789 haec
3161 1735 3451 1793 secundum
3478 1736 3792 1807 qualitatem

510 1800 776 1871 circulus,
807 1805 908 1860 sub
938 1805 1202 1877 aliquibus
1226 1824 1384 1873 vero,
1418 1819 1472 1869 ut
1512 1811 1808 1883 triangulus
1850 1813 1932 1873 vel
1963 1830 2097 1885 qua.
2207 1811 2487 1881 dicuntur,
2518 1828 2611 1874 seu
2642 1800 2831 1889 potius
2865 1825 3157 1879 secundum
3210 1800 3547 1895 positionem.
3589 1826 3789 1899 Positio

506 1896 714 1979 ,dratus.
745 1898 924 1965 Quare
953 1900 1181 1970 spatium
1205 1902 1420 1974 quidem
1462 1904 1633 1973 ipsum
1653 1947 1667 1973 ,
1706 1906 1849 1975 quod
1877 1923 1905 1962 a
1934 1923 2093 1981 supra

512 1976 669 2045 dietis
707 1987 866 2047 lineis
907 1989 1234 2063 continetur,
1276 1992 1591 2061 superﬁcies
1618 1995 1841 2063 dicitur,
1868 1976 2096 2067 qute‘est

505 2068 793 2153 quantitas.
831 2078 1158 2151 Superﬁcies
1194 2097 1427 2157 namque
1465 2088 1717 2156 quoniam
1748 2087 1801 2143 in
1840 2088 2096 2151 dilatione

506 2160 737 2241 quadam
767 2178 821 2225 et
852 2173 1028 2242 spatio
1053 2183 1299 2241 constat,
1334 2177 1602 2245 quantitas
1628 2187 1729 2246 est,
1758 2178 1851 2235 sed
1874 2194 2095 2251 compo-

507 2259 630 2323 sitio
662 2261 831 2329 ipsius
860 2265 1162 2333 superﬁciei
1183 2308 1197 2333 ,
1225 2267 1478 2343 qualitas.
1511 2268 1643 2325 Nam
1684 2272 1936 2342 quoniam
1986 2281 2096 2339 tres

508 2346 663 2411 lineae
692 2354 1078 2413 convenienter
1104 2357 1157 2412 in
1183 2372 1241 2413 se
1270 2358 1471 2429 juncus
1509 2362 1753 2421 terminis
1783 2380 1949 2422 unum
1971 2380 2095 2435 spa-

507 2443 637 2511 tium
668 2447 1007 2521 conclusere,
1051 2450 1194 2520 quod
1221 2451 1391 2508 tribus
1416 2453 1623 2524 angulis
1667 2471 1698 2512 a
1737 2456 1906 2513 tribus
1935 2458 2091 2519 lineis

505 2538 834 2618 continetur,
865 2542 964 2597 hoc
1002 2542 1175 2613 ipsum
1221 2547 1451 2615 spatium
1486 2549 1629 2620 quod
1670 2551 1994 2611 concludunt
2020 2552 2087 2614 ad

504 2632 856 2698 quantitatem
903 2635 1093 2693 referri
1137 2646 1331 2706 potest,
1363 2641 1506 2710 quod
1536 2656 1664 2707 vero
1696 2643 1863 2700 tribus
1889 2644 2043 2701 lineis
2068 2684 2086 2711 ,

506 2718 607 2801 hoc
639 2732 722 2778 est
744 2726 995 2799 qualitas,
1026 2727 1192 2801 ﬁgura
1211 2731 1355 2795 enim
1383 2742 1466 2789 est
1495 2734 1783 2806 triangula.
1809 2736 1921 2793 Hoc
1945 2737 2087 2799 idem

501 2828 712 2885 quoque
740 2816 844 2875 diei
874 2828 1048 2889 potest
1075 2822 1312 2883 etiamin
1336 2823 1479 2889 linea
1504 2844 1515 2877 :
1550 2842 1671 2889 nam
1694 2828 1948 2896 quoniam
1973 2830 2087 2885 lon-

499 2908 683 2985 gitudo
714 2912 831 2967 sine
876 2912 1155 2973 latitudine
1193 2926 1274 2971 est
1301 2955 1314 2977 ,
1365 2917 1636 2986 quantitas
1675 2918 1899 2984 dicitur,
1945 2920 2088 2988 quod

500 3009 639 3066 recta
676 3000 792 3057 sive
827 3018 989 3069 curva
1013 3012 1114 3069 est,
1147 3004 1388 3062 redditur
1432 3022 1617 3071 rursus
1650 3009 1715 3064 ad
1747 3010 2085 3075 qualitatem.

569 3091 766 3157 Rarum
793 3110 909 3151 vero
931 3104 981 3149 et
1011 3095 1231 3166 spissum
1252 3136 1269 3163 υ
1312 3113 1547 3163 naporum
1568 3108 1613 3153 et
1637 3100 1749 3161 lene
1767 3102 2086 3168 putabuntur

2148 1904 2151 1905 ⁷
2199 1915 2379 1983 autem
2411 1907 2461 1963 in
2495 1908 2772 1966 relationis
2801 1926 2999 1982 genere
3039 1913 3313 1971 nominata
3343 1916 3460 1972 cst.’
3481 1915 3598 1973 Non
3628 1916 3791 1988 igitur

2206 1999 2285 2052 tuo
2313 1998 2617 2068 qualitates.
2652 2001 2746 2058 sed
2778 2002 2953 2073 potius
2982 2004 3200 2060 relalitm
3232 2014 3387 2071 sunt,
3419 2016 3477 2063 et
3498 2024 3787 2081 enumera?

2205 2089 2375 2145 tiones
2426 2093 2640 2164 quidem
2684 2096 2987 2163 specierum
3025 2097 3300 2169 qualitatis
3341 2100 3656 2161 Aristoteles
3700 2102 3790 2176 big

2203 2179 2471 2234 terminat.
2505 2180 2619 2239 Non
2649 2193 2771 2239 snnt
2804 2194 2978 2240 tamen
3028 2189 3278 2256 putandis:
3305 2189 3477 2249 solum
3504 2205 3625 2253 esse
3654 2206 3789 2263 quas

2201 2264 2379 2322 litates
2420 2284 2551 2339 quas
2601 2284 2760 2340 supra
2809 2272 3005 2343 posuit.
3055 2274 3170 2345 Ipse
3209 2276 3352 2335 enim
3392 2285 3617 2341 testatur
3662 2295 3788 2347 esse

2197 2375 2409 2435 quoque
2435 2361 2569 2417 alias
2589 2364 2893 2435 qualitates,
2918 2380 3053 2436 quas
3079 2367 3236 2423 modo
3256 2383 3444 2425 omnes
3465 2385 3788 2449 enumerare

2194 2452 2451 2531 neglexit,
2478 2453 2571 2509 sed
2595 2470 2689 2511 cur
2711 2456 3007 2527 neglexerit
3026 2460 3209 2515 multa:
3228 2468 3357 2516 sunt
3374 2474 3570 2523 causae.
3600 2460 3784 2525 Prima

2196 2544 2336 2617 quod
2364 2547 2614 2603 elementi
2645 2549 2817 2615 vicem
2843 2551 2928 2607 hic
2952 2552 3159 2609 obtinet
3178 2553 3336 2622 liber,
3367 2569 3466 2611 nec
3490 2555 3783 2627 perfectam

2195 2637 2474 2693 scientiam
2502 2641 2804 2709 tradit,,sed
2848 2644 3217 2700 tantummodo
3247 2645 3422 2702 aditus
3462 2659 3622 2721 atque
3649 2664 3784 2718 ponq

2195 2720 2410 2803 quidam
2465 2731 2516 2786 in
2574 2732 2765 2789 altiora
2819 2732 3174 2803 philosophiae
3222 2736 3496 2793 introitum
3542 2720 3781 2809 pandit,

2193 2820 2456 2905 Quocirca
2483 2825 2528 2880 si
2559 2825 2663 2882 hoc
2680 2826 2749 2881 ita
2774 2835 2876 2887 est.
2905 2836 3108 2887 tantum
3131 2828 3311 2886 dicere
3331 2832 3584 2901 oportuit,
3608 2820 3781 2907 quam

2194 2898 2302 2993 tum
2331 2918 2752 2986 ingredientibus
2780 2920 2911 2993 satis
2932 2930 3098 2988 esset,
3127 2937 3193 2979 ne
3214 2936 3399 2978 eorum
3420 2923 3628 2981 animos
3652 2940 3781 2982 non

2190 2990 2315 3062 dum
2363 3008 2430 3062 ad
2470 3008 2752 3067 scientiam
2785 2990 2967 3067 ﬁrmos
3006 3011 3286 3079 multiplici
3322 3013 3577 3075 doctrina:
3607 3017 3783 3075 subti-t

2191 3098 2337 3153 litate
2391 3098 2759 3157 confunderet.
2812 3101 2940 3169 Quae
2985 3118 3112 3158 vero
3167 3103 3256 3165 hic
3301 3103 3493 3161 desunt
3526 3105 3578 3160 in
3627 3107 3779 3167 libris

497 3182 695 3253 quidem
723 3185 1021 3254 qualitatem
1048 3187 1343 3256 signiﬁcare
1366 3230 1384 3257 ,
1431 3191 1521 3246 sed
1567 3189 1739 3245 aliena
1785 3194 2084 3264 hujmmodi
2110 3205 2159 3285 ρ
2188 3190 2278 3260 qui
2310 3191 2446 3248 Μετά
2471 3195 2537 3249 τὰ
2568 3196 2753 3285 φγγσικᾴ
2800 3192 3161 3285 inscribuntur
3201 3196 3464 3264 apposuit.
3511 3197 3778 3255 Perlectis

495 3286 737 3347 putantur
769 3294 878 3339 suo
904 3298 937 3335 a
966 3280 1301 3349 dispositione
1337 3299 1452 3352 quo
1490 3284 1629 3350 circa
1663 3285 1961 3355 qualitatem
1982 3301 2076 3347 est.

498 3369 787 3437 Quqmdam
833 3373 969 3429 enim
1022 3375 1326 3443 positionem
1367 3379 1529 3449 magis
1578 3379 1772 3437 videtur
1809 3392 2085 3451 utrumque

494 3466 713 3533 partium
734 3466 1048 3537 signiﬁcare,
1079 3470 1301 3541 spissum
1329 3472 1530 3541 quidem
1553 3482 1626 3529 est
1653 3488 1711 3529 eo
1740 3476 1878 3544 quod
1911 3486 2085 3543 partes

493 3558 587 3617 sibi
618 3560 745 3626 ipsa
767 3562 1071 3633 propinqua
1087 3564 1213 3628 sint,
1243 3581 1419 3623 rerum
1446 3582 1561 3621 vero
1582 3584 1640 3623 eo
1672 3568 1809 3637 quod
1835 3570 2022 3625 distent
2045 3589 2081 3626 α

491 3665 543 3719 ψ
570 3650 777 3713 inuicem
801 3693 817 3720 ,
865 3664 911 3715 et
940 3656 1050 3711 lene
1069 3657 1276 3725 quidem
1302 3659 1437 3727 quod
1460 3660 1512 3715 in
1556 3668 1749 3715 rectum
1785 3661 1881 3718 sibi
1909 3674 2081 3732 partes

490 3744 708 3812 iaceant,
751 3762 987 3816 asperum
1013 3764 1130 3802 vero
1168 3750 1304 3817 quod
1332 3748 1441 3803 [two
1466 3751 1670 3818 quidem
1694 3769 1812 3823 pars
1840 3765 2043 3819 superet
2058 3780 2081 3825 ,ε

490 3833 580 3895 illa
602 3850 717 3889 vero
741 3836 805 3895 sit
834 3838 1067 3904 inferior.
1098 3837 1163 3893 Et
1186 3840 1401 3920 fortasse
1422 3840 1513 3897 alii
1533 3859 1732 3912 quoque
1758 3847 2081 3915 apparebunt

489 3925 746 3994 qualitatis
766 3929 926 3996 modi,
955 3930 1043 3989 sed
1064 3932 1155 3998 qui
1172 3932 1393 3991 maxime
1421 3933 1682 4002 dicuntur,
1707 3940 1813 4004 fere
1841 3948 1910 3993 tot
1930 3951 2081 3995 sunt.

492 4017 776 4085 Qualitates
807 4022 980 4092 itaque
1000 4032 1118 4083 sunt
1158 4041 1273 4093 quae
1294 4027 1541 4095 praedicto
1575 4038 1717 4096 sunt,
1749 4032 1923 4099 qualia
1955 4038 2079 4088 vero

488 4118 633 4176 sunt,
671 4126 784 4180 quia
806 4114 1087 4173 secundum
1124 4116 1230 4175 hac
1269 4117 1655 4179 denominatiute
1679 4122 1943 4191 dicuntur,
1995 4125 2073 4181 vel

488 4200 857 4269 quomodolibet
879 4205 1030 4273 aliter
1052 4210 1234 4275 ali/tis.

556 4292 814 4379 Quredam
845 4310 967 4353 sunt
998 4315 1116 4369 quas
1136 4303 1384 4365 videntur
1414 4322 1535 4367 esss
1573 4309 1888 4378 qualitates,
1932 4326 2069 4382 quo-

487 4378 732 4445 uiamex
770 4386 853 4444 his
883 4390 1061 4461 aliqua
1101 4393 1496 4457 denoniinative
1530 4398 1802 4469 dicuntur,
1848 4412 1905 4456 ut
1950 4378 2075 4459 lene

485 4476 732 4543 quoniam
774 4478 968 4535 dicitur
997 4498 1026 4537 a
1053 4484 1272 4542 lenitate
1292 4528 1306 4551 ,
1352 4499 1406 4544 et
1431 4505 1679 4559 asperum
1711 4493 1963 4563 quoniam
1988 4492 2072 4547 di-

2188 3295 2418 3351 namque
2445 3296 2578 3350 Opus
2605 3282 2734 3358 illud
2777 3299 2881 3338 non
2914 3284 3331 3356 ingredientibus
3358 3288 3768 3358 praaparabitur.

2189 3369 2282 3437 Est
2312 3387 2526 3443 quoque
2564 3374 2665 3427 alia
2707 3387 2869 3429 causa
2915 3384 2971 3430 ut
3010 3391 3107 3433 nos
3147 3376 3212 3433 ad
3253 3380 3608 3447 exquirendas
3637 3381 3775 3447 alias

2185 3461 2505 3535 qualitates,
2554 3480 2659 3517 non
2700 3466 2870 3519 solum
2918 3468 3259 3537 prepriorum
3305 3470 3617 3542 doctorum,
3671 3476 3767 3531 sed

2184 3555 2344 3609 etiam
2369 3566 2672 3611 nostrorum
2704 3556 2903 3631 aliquid
2932 3558 3233 3614 inveniendi
3266 3562 3535 3631 incitator,
3568 3565 3768 3629 admit-

2183 3655 2340 3701 teret.
2373 3647 2634 3716 Qnocirca
2664 3648 2930 3703 concludit
2961 3664 3053 3704 eas
3080 3666 3199 3720 quas
3227 3652 3459 3711 maxime
3511 3653 3767 3715 diceren-

2181 3748 2282 3813 tur,
2316 3754 2450 3808 quas
2492 3755 2653 3806 supra
2682 3741 2974 3819 proposuit,
3008 3756 3130 3797 esse
3157 3742 3471 3814 qualitates;
3508 3745 3598 3799 illa
3637 3748 3787 3815 vero

2177 3830 2281 3887 dici
2320 3832 2530 3905 qualia,
2563 3849 2681 3903 quae
2712 3835 3004 3889 secundum
3034 3836 3317 3907 praedictas
3348 3839 3633 3908 qualitates
3678 3840 3763 3895 di-

2179 3935 2429 3997 cerentur
2459 3944 2470 3978 ε
2505 3924 2598 3980 sed
2622 3926 2872 3996 quoniam
2904 3927 3131 3997 addidit,
3158 3930 3240 3984 vel
3273 3932 3675 4000 quomodolibet
3697 3936 3762 3991 ab

2181 4015 2261 4069 his
2290 4031 2408 4085 qua:
2440 4016 2509 4070 sit
2535 4015 2755 4087 hujusce
2783 4018 3159 4088 propositionis
3189 4022 3475 4085 sententia,
3506 4022 3654 4090 prius
3672 4039 3760 4093 ap«
3858 4096 3863 4099 ‘

2180 4099 2366 4176 positis
2411 4108 2717 4169 Aristotelis
2748 4109 2928 4164 verbis
2955 4125 3186 4181 sequens
3231 4107 3579 4182 expositionis
3630 4115 3761 4169 ordo

2076 4250 2079 4253 η
2177 4199 2430 4253 contexit.

2248 4318 2313 4368 In
2337 4317 2567 4384 pluribus
2595 4317 2800 4386 quidem
2827 4328 2872 4371 el
2897 4333 3021 4388 pene
3049 4321 3102 4373 in
3134 4318 3368 4375 omnibus
3390 4320 3765 4381 denominant!

2176 4408 2436 4475 dicuntur,
2462 4419 2517 4464 ut
2544 4412 2607 4463 ab
2633 4409 2869 4475 albedine
2889 4411 3056 4481 albus,
3089 4421 3135 4468 et
3166 4430 3200 4475 α
3226 4416 3561 4485 grammatica
3588 4432 3763 4487 gram-

2176 4501 2417 4575 maticus,
2449 4510 2496 4557 et
2517 4519 2547 4557 α
2568 4502 2773 4575 justitia
2788 4504 2988 4575 justus,
3015 4504 3252 4561 similiter
3268 4516 3439 4561 autem
3466 4515 3511 4563 et
3543 4508 3593 4560 in
3615 4509 3759 4565 aliis.

485 4571 621 4644 citur
644 4571 714 4627 ab
739 4574 1047 4644 asperitate,
1078 4579 1309 4649 spissum
1336 4598 1549 4653 quoque
1569 4592 1623 4640 et
1647 4601 1830 4643 rarum
1860 4602 1891 4647 a
1930 4587 2067 4645 rari-
2096 4578 2157 4649 Β
2176 4574 2242 4647 In
2278 4595 2536 4665 aliquibus
2559 4571 2675 4655 uero
2710 4612 2766 4651 eo
2789 4571 2929 4664 quod
2958 4612 3060 4663 nou
3098 4597 3199 4655 sint
3236 4597 3402 4671 posita
3428 4596 3783 4667 qualitatibus.

486 4674 592 4729 tate
631 4677 684 4723 et
734 4670 1002 4739 spissitate
1044 4675 1416 4741 nominantur;
1467 4678 1719 4738 videntur
1775 4674 1905 4751 ergo
1950 4682 2067 4739 haec

485 4774 696 4829 quoque
731 4762 783 4819 in
809 4762 1153 4832 qualitatibus
1184 4779 1338 4834 posse
1368 4770 1657 4825 numerari.
1708 4770 1813 4827 Sed
1860 4781 2061 4831 rectam

484 4848 744 4909 rationem
779 4855 1221 4922 perspicientibus
1250 4873 1350 4915 nee
1381 4861 1555 4919 solum
1579 4864 1797 4921 auribus
1832 4881 1951 4933 quae
1977 4866 2073 4923 di-t

482 4953 696 5008 cuntur,
731 4944 824 4999 sed
871 4946 1034 5003 etiam
1060 4960 1240 5029 mente
1264 4958 1425 5021 atque
1456 4953 1633 5011 animo
1664 4952 2058 5024 iudicantibus,

483 5034 534 5086 in
563 5035 903 5104 qualitatibus
955 5038 1069 5094 hate
1098 5041 1227 5109 poni
1276 5057 1382 5101 non
1430 5055 1678 5113 oportere
1720 5047 2079 5115 manifestum,

480 5134 582 5180 est.
616 5125 747 5181 Nam
777 5129 919 5198 quod
948 5131 1176 5187 dicimus
1205 5149 1416 5202 rarum,
1452 5138 1644 5206 positio
1666 5138 1907 5207 quadam
1938 5155 2061 5212 par-

482 5216 608 5271 tium
638 5227 740 5285 est,
760 5234 865 5279 non
886 5223 1132 5293 qualitas.
1158 5225 1287 5281 Nam
1314 5228 1439 5299 quia
1463 5227 1534 5285 ita
1558 5239 1737 5301 partes
1758 5246 1785 5286 a
1810 5246 1868 5287 se
1896 5247 2058 5302 sepa-

480 5319 608 5365 rata:
635 5310 858 5387 distant,
890 5324 946 5370 ut
972 5304 1111 5371 inter
1140 5333 1233 5374 eas
1254 5321 1412 5383 alieni
1440 5325 1652 5395 generis
1673 5340 1869 5393 corpus
1892 5325 2062 5393 possit

476 5403 702 5469 admitti,
735 5404 855 5463 ideo
878 5422 1056 5463 rarum
1084 5420 1326 5480 vocatur,
1354 5422 1408 5468 ut
1433 5416 1667 5485 spongiae
1691 5419 2057 5488 pumicesque,

475 5499 726 5575 quoniam
755 5498 808 5557 in
838 5514 1025 5561 eorum
1049 5505 1291 5559 cavernis
1313 5507 1555 5562 surculus
1585 5508 1667 5561 vel
1691 5508 1833 5562 aliud
1854 5509 2056 5581 aliquid

475 5589 687 5645 immitti
719 5600 911 5660 potest,
936 5593 1006 5647 ita
1036 5605 1091 5649 ut
1122 5596 1255 5651 inter
1282 5598 1444 5652 rimas
1474 5601 1698 5667 partium
1723 5599 1821 5664 sit,
1858 5602 2052 5657 idcirco

473 5693 650 5734 rarum
698 5680 913 5738 dicitur.
964 5685 1130 5739 Porro
1160 5699 1332 5741 autem
1368 5689 1595 5757 Spissum
1623 5734 1638 5757 ,
1686 5692 1932 5761 quoniam
1978 5694 2049 5749 ita

472 5766 571 5823 sibi
594 5778 773 5840 partes
800 5772 987 5838 vicinae
1020 5787 1141 5832 sunt
1178 5786 1337 5847 atque
1366 5780 1429 5834 ad
1462 5794 1519 5834 se
1551 5780 1773 5837 invicem
1816 5785 2039 5852 strictae,

2173 4687 2405 4755 nomina,
2429 4703 2531 4745 non
2550 4687 2798 4761 contingit
2826 4686 2889 4749 ab
2917 4687 2987 4742 eis
3016 4687 3387 4751 denominatitte
3406 4687 3529 4754 dici,
3554 4696 3608 4741 ut
3639 4704 3763 4743 cur.

2170 4791 2255 4829 sor
2287 4763 2395 4841 aut,
2436 4776 2717 4848 pugillatur
2754 4777 2840 4846 qui
2865 4777 3151 4857 secundum
3181 4777 3519 4850 aptitudinem
3542 4788 3758 4835 natura-

2170 4866 2270 4921 lem
2296 4867 2562 4933 dicuntur,
2592 4884 2623 4921 a
2648 4865 2793 4929 nulla
2813 4867 3060 4938 qualitate
3087 4868 3460 4925 denaminativc
3489 4871 3757 4937 dicuntur.

2176 4958 2295 5012 Non
2325 4959 2459 5013 enim
2484 4960 2654 5029 posita
2681 4971 2795 5015 sunt
2821 4961 3027 5021 nomine
3069 4963 3440 5031 aptitudinibus
3474 4965 3753 5031 secundum
3782 5016 3785 5019 λ

2167 5064 2294 5119 quas
2315 5049 2404 5105 isti
2432 5049 2607 5129 quales
2630 5051 2889 5115 dicuntur,
2924 5053 3121 5115 sicutin
3139 5053 3444 5125 disciplinis,
3473 5057 3752 5121 secundum

2167 5157 2292 5210 quas
2318 5141 2394 5197 vel
2425 5142 2759 5213 pugillatores
2790 5144 2865 5198 vel
2898 5144 3174 5212 ραιωεινίεὶ
3206 5148 3485 5207 secundum
3512 5146 3751 5216 «πραξο-

2169 5251 2281 5287 nem
2331 5233 2589 5307 dicuntur.
2626 5232 2968 5305 Pugillatoria
3006 5224 3139 5301 enim
3181 5247 3226 5293 et
3266 5238 3555 5315 palaestrica
3597 5238 3747 5292 disci.

2166 5322 2309 5394 plina
2334 5322 2542 5390 dicitur,
2566 5323 2741 5397 quales
2765 5342 2880 5380 vero
2910 5327 2973 5385 ab
2994 5325 3071 5382 his
3096 5316 3465 5384 denominative
3498 5328 3550 5385 lti
3573 5331 3661 5400 qui
3685 5331 3745 5383 ab

2161 5417 2233 5469 eis
2263 5416 2585 5485 adiciuntur,
2639 5417 2899 5473 dicuntur.
2935 5419 3228 5492 Aliquando
3272 5429 3441 5483 autem
3487 5434 3533 5476 et
3581 5428 3743 5493 posito

2164 5508 2368 5562 nomine
2413 5509 2786 5565 denominotive
2828 5528 2933 5567 non
2972 5512 3160 5568 dicitur
3196 5514 3251 5569 id
3290 5517 3428 5587 quod
3464 5519 3744 5579 secundum

2160 5603 2333 5669 ipsum
2357 5604 2507 5670 quale
2527 5602 2737 5671 dicitur,
2761 5614 2867 5660 uta
2894 5605 3075 5660 uirtute
3096 5592 3358 5663 studiosus
3382 5608 3585 5673 dicitur.
3623 5608 3740 5661 Vir-

2159 5704 2313 5748 tutem
2343 5693 2479 5748 enim
2506 5694 2733 5748 habendo
2754 5694 3013 5759 studiosus
3034 5697 3243 5771 dicitur,
3269 5701 3356 5763 sed
3379 5714 3476 5757 non
3507 5700 3736 5767 deuenit.

2157 5786 2317 5841 native
2349 5788 2591 5840 dicitura
2638 5788 2838 5844 virtute.
2884 5788 3003 5845 Non
3043 5801 3212 5846 autem
3259 5793 3313 5846 in
3358 5794 3595 5864 pluribus,
3647 5798 3735 5850 hoc
