4030 6336
1829 144 1897 161 θ’,
1960 146 2057 157 ν-ρ-ιο

351 225 461 280 253
1318 224 1395 286 ΙΝ
1433 229 1867 290 GATEGORIAS
1906 231 2363 296 ARISTOTELIS
2399 236 2525 294 LIB.
2568 238 2653 296 Ill.
2830 245 2839 250 “
3532 249 3637 308 951

346 343 453 397 tale
482 349 721 413 est;qme
748 351 917 398 autem
950 343 1189 398 dicuntur
1220 346 1416 413 qualia,
1446 357 1536 401 aut
1565 348 1944 405 denominatiee
1971 338 2022 413 λ
2054 350 2314 407 minative
2360 352 2641 422 dicuntur,
2687 359 2829 428 quod
2886 359 3203 417 Aristoteles
3250 361 3351 417 hoc
3416 368 3637 434 protulit

340 452 379 497 ρ
407 439 670 508 pradicas
691 439 1025 503 qualitatibus
1039 441 1304 507 dicuntur,
1324 451 1413 496 aut
1428 441 1600 512 aliqua
1619 446 1773 500 mode
1791 446 1941 500 aliter

340 529 410 589 ab
438 529 538 585 Itis.
1306 518 1312 527 '

419 629 635 692 Multas,
685 631 882 700 inquit.
928 640 1053 685 sunt
1092 635 1404 701 qualitates,
1443 637 1637 705 quibus
1664 640 1854 707 positis
1880 650 1939 697 et

343 722 570 791 proprie
598 723 816 779 nomine
844 727 1183 794 nuncupatis,
1212 729 1283 782 ab
1305 728 1385 782 bis
1410 729 1512 784 alia
1538 729 1940 791 denominative

341 814 619 881 dicuntur,
654 824 711 869 ut
738 831 803 872 ea
831 832 954 887 qua
976 818 1091 888 ipse
1120 822 1429 888 planissime
1446 822 1642 894 adjecit
1664 830 1932 897 exempla.

342 907 481 971 Nam
511 924 632 964 cum
673 909 866 965 albedo
893 912 1168 980 cujusdam
1202 929 1398 970 nomen
1437 917 1507 971 sit
1533 920 1835 990 qualitatis,
1866 921 1938 977 ab

342 1015 415 1055 eo
432 1000 627 1057 dicitur
644 1000 818 1059 albus.
847 1002 1049 1058 Eodem
1071 1020 1284 1074 quoque
1306 1008 1464 1061 modo
1484 1017 1539 1063 et
1561 1014 1932 1080 grammatica,

341 1108 466 1149 cum
494 1098 570 1150 rei
605 1095 676 1149 sit
706 1109 935 1165 nomen,
969 1097 1037 1155 ob
1066 1098 1182 1165 ipso
1209 1100 1396 1167 quales
1436 1100 1703 1158 dicuntur.
1736 1102 1934 1159 Gramé

341 1186 527 1240 matici
568 1185 713 1240 enim
756 1202 787 1241 a
833 1191 1176 1257 grammatica
1223 1190 1584 1260 nominantur,
1628 1202 1789 1265 atque
1832 1186 1935 1252 hoc

338 1286 430 1335 est
457 1279 513 1334 in
540 1279 816 1347 pluribus,
852 1289 909 1339 ut
948 1283 1120 1349 positu
1159 1282 1376 1339 nomine
1402 1283 1446 1337 si
1478 1284 1602 1354 quid
1633 1287 1930 1343 secundum

342 1371 486 1439 ipsas
513 1372 800 1445 qualitates
822 1375 977 1442 quale
1005 1374 1221 1439 dicitur,
1245 1389 1308 1429 es
1334 1376 1416 1431 bis
1439 1376 1567 1447 ipsis
1587 1378 1931 1448 qualitatibus

332 1462 630 1531 appellatio
671 1464 963 1521 derivetur.
1012 1465 1142 1519 Alias
1184 1481 1315 1520 vero
1357 1468 1639 1537 qualitates
1680 1481 1835 1535 sunt,
1873 1471 1930 1526 in

335 1554 538 1623 quibus
576 1570 695 1610 cum
741 1572 939 1613 nomen
986 1558 1214 1626 positum
1255 1574 1361 1614 non
1408 1561 1508 1623 sit,
1540 1570 1716 1616 tamen
1745 1564 1930 1631 quales

332 1645 620 1712 dicuntur,
660 1647 843 1717 qualos
873 1648 1090 1717 quidem
1130 1650 1251 1719 quia
1281 1651 1384 1705 alia
1424 1653 1678 1723 qualitate
1716 1654 1932 1722 partici-

2050 445 2216 499 motlo
2245 445 2467 502 dicens:
2496 448 2610 506 Non
2647 451 2717 505 ita
2760 465 2879 511 esse
2908 454 3199 509 secundum
3225 457 3509 522 petentiatu
3536 474 3634 515 nae

2052 537 2316 606 turaletn,
2355 542 2806 611 quemadmodum
2841 546 3003 601 etiam
3030 546 3083 601 iu
3125 548 3419 617 disciplinis
3443 565 3633 609 secum

2048 631 2177 687 dum
2204 647 2368 704 quas,
2397 636 2479 690 vel
2510 636 2880 707 pugillatores,
2909 639 2991 693 vel
3025 641 3304 708 palcstriei
3336 646 3630 703 secundum

2048 724 2387 783 eiectionem
2413 726 2683 783 dicuntur.
2712 729 3053 799 Pugillatoria
3073 733 3216 788 enim
3242 734 3520 805 disciplina
3550 739 3629 793 di:-

2046 818 2188 875 citur
2211 826 2267 873 et
2292 819 2619 889 palastrica,
2642 822 2828 892 quales
2856 837 2984 878 vero
3006 822 3075 878 ab
3098 824 3190 879 bis
3213 824 3627 898 denominative,

2045 912 2139 982 qui
2168 913 2234 966 ad
2262 926 2360 970 eas
2387 922 2516 973 sunt
2543 917 2909 983 continentes,
2955 918 3225 974 dicuntur.
3254 910 3441 976 Docuit
3470 924 3627 991 igitur

2044 1003 2227 1058 omnia
2257 1018 2378 1072 qua
2397 1020 2426 1058 a
2449 1006 2767 1075 quibusdam
2789 1008 3135 1077 qualitatibus
3160 1011 3263 1065 dici
3295 1023 3625 1080 putarentur,

2038 1107 2175 1149 arere
2199 1108 2412 1166 quoque
2446 1111 2477 1149 a
2503 1096 2849 1165 qualitatibus
2882 1114 2986 1152 non
3027 1101 3335 1168 praedicari,
3367 1102 3505 1163 utin
3542 1104 3626 1165 bis

2044 1185 2392 1253 qualitatibus
2420 1187 2615 1257 quibus
2646 1204 2837 1242 nomen
2881 1190 3151 1259 proprium
3197 1207 3300 1245 non
3344 1202 3445 1249 est.
3497 1192 3628 1253 Illud

2043 1290 2260 1347 quoque
2291 1280 2607 1341 monstravit
2650 1279 2751 1341 hoc
2793 1280 2844 1337 in
2888 1281 3128 1351 pluribus
3164 1284 3407 1348 evetiire,
3458 1295 3514 1338 ut
3558 1286 3627 1340 de

2043 1367 2332 1443 propositis
2375 1371 2718 1441 qualitatibus
2747 1375 2926 1441 qualia
2955 1373 3345 1430 denominative
3382 1375 3626 1431 diceren-

2042 1473 2149 1519 tur.
2184 1463 2366 1519 Restat
2403 1480 2555 1535 ergo,
2587 1465 2729 1535 quod
2765 1467 3024 1536 reliquum
3072 1478 3191 1531 est,
3235 1477 3293 1523 ut
3328 1468 3469 1523 dicat
3506 1484 3627 1545 essq

2003 1534 2011 1541 ’
2039 1555 2299 1624 quasdam
2321 1534 2629 1626 qualitates,
2648 1534 3020 1628 quarumcum
3051 1574 3247 1615 nomen
3272 1560 3340 1615 sit
3371 1534 3623 1641 positum;

2039 1648 2109 1705 ab
2132 1648 2218 1705 liis
2239 1648 2369 1717 ipsis
2391 1658 2714 1721 tamenquae
2740 1651 2946 1707 illarum
2977 1666 3157 1708 rerqu
3184 1652 3506 1721 participant
3529 1652 3625 1715 des

342 1748 503 1805 pani,
534 1738 626 1793 sed
671 1753 778 1794 non
814 1742 1106 1797 secundum
1142 1758 1261 1798 eam
1289 1744 1600 1815 qualitatem
1628 1747 1816 1817 quales
1849 1749 1930 1803 die
1962 1771 2014 1849 Β
2039 1739 2368 1797 ηοηιὶηίιιίνθ
2392 1757 2497 1797 non
2528 1742 2657 1809 dici,
2686 1751 2743 1797 ut
2764 1744 2974 1809 ινὶιιιιςς
3002 1756 3123 1799 mm
3150 1758 3272 1801 cum
3296 1744 3468 1801 νὶΐιιιε
3495 1760 3624 1812 (lua-~

340 1840 559 1897 euntur,
592 1846 657 1886 es
682 1846 784 1902 qua
806 1832 852 1888 si
884 1832 967 1887 bis
992 1843 1135 1889 esset
1163 1836 1506 1906 qualitatibus
1535 1853 1729 1895 nomen
1759 1842 1930 1911 impo-

335 1920 499 1981 situm
548 1931 797 1991 poterant
843 1924 1134 1993 appellari,
1182 1935 1240 1981 ut
1290 1928 1346 1981 in
1394 1943 1457 1983 ea
1505 1929 1764 1999 qualitate
1808 1949 1929 1999 qute

326 2011 633 2067 secundum
652 2015 944 2083 potentiam
963 2018 1260 2073 naturalem
1277 2019 1489 2075 dicitur.
1512 2021 1588 2076 llli
1606 2025 1746 2078 enim
1760 2040 1928 2095 quan-

341 2117 505 2171 quam
534 2104 721 2172 quales
758 2106 1026 2173 dicantur,
1067 2107 1118 2162 bi
1155 2110 1249 2179 qui
1288 2112 1581 2167 secundum
1613 2116 1784 2184 ipsam
1829 2131 1929 2186 pe-

330 2199 556 2281 tentiam
587 2201 951 2269 nominantur,
989 2204 1087 2271 ipsi
1112 2214 1289 2261 tamen
1319 2207 1403 2278 (ut
1427 2208 1627 2267 dictum
1650 2213 1756 2281 cst)
1779 2215 1925 2270 nullo

327 2291 553 2369 proprio
582 2292 799 2357 nomine
824 2306 1212 2365 nuncupantur.
1239 2298 1372 2355 Nam
1396 2303 1487 2369 qui
1515 2304 1723 2374 pugiles
1742 2310 1925 2376 appela

329 2383 511 2447 lantur
538 2384 605 2438 ab
632 2395 748 2441 arte
776 2386 1120 2456 pugiliatoria
1140 2431 1153 2452 ,
1186 2390 1384 2448 idcirco
1418 2394 1485 2448 ab
1511 2410 1566 2449 ea
1606 2398 1809 2467 pugiles
1836 2400 1922 2456 die

324 2486 547 2542 cuntur,
574 2478 717 2548 quod
751 2480 817 2534 ad
845 2480 1089 2537 eamdem
1118 2483 1288 2550 ipsam
1316 2497 1486 2542 artem
1530 2491 1923 2559 pugillatosiam

326 2570 730 2640 quodammodo
775 2570 952 2629 aﬂecti
988 2584 1133 2631 sunt.
1169 2576 1231 2631 lii
1274 2580 1415 2634 enim
1449 2581 1655 2649 pugiles
1696 2584 1767 2640 ab
1804 2595 1923 2643 arte

326 2660 667 2735 pugillatoria
710 2663 1090 2732 pymdicantur.
1127 2668 1229 2733 Qui
1267 2683 1395 2725 vero
1440 2673 1671 2728 nondum
1714 2677 1921 2745 pugiles

325 2760 482 2821 sunt,
514 2754 608 2809 sed
634 2768 759 2811 esse
787 2766 1038 2827 possunt,
1067 2773 1172 2815 non
1203 2762 1495 2821 secundum
1526 2765 1692 2834 ipsam
1723 2778 1917 2834 artem,

328 2842 385 2917 id
413 2851 497 2903 est
525 2845 936 2916 pugillatoriam,
964 2850 1064 2904 sed
1089 2854 1383 2915 secundum
1416 2859 1709 2926 potentiam
1740 2864 1918 2931 pugil:

324 2933 537 3007 iatoria
574 2938 732 3009 artis,
768 2940 1113 3022 pugillatores
1141 2955 1417 3007 vocantur.
1461 2949 1566 3018 ipsi
1607 2962 1785 3011 autem
1820 2969 1917 3022 ρος

324 3026 513 3095 tentia:
541 3042 734 3095 nomen
763 3017 1038 3116 propitium
1062 3037 1293 3104 positum
1319 3054 1423 3097 non
1446 3051 1549 3097 est.
1576 3043 1708 3105 Nam
1730 3017 1917 3116 que-ma

322 3116 618 3212 pdmodum
647 3135 679 3177 a
708 3137 866 3183 cursu
895 3114 1167 3193 cursores,
1202 3144 1232 3185 a
1266 3131 1510 3203 paimstra
1544 3114 1851 3206 palaestrici,
1883 3156 1915 3196 a
1941 3148 1990 3212 c

318 3208 660 3303 pugil‘latoria
700 3215 936 3285 pugiles,
979 3217 1245 3275 distinctis
1273 3224 1585 3292 qualitatum
1619 3231 1912 3303 vocabulis,

328 3301 684 3371 appellantur,
718 3322 821 3360 non
852 3308 1040 3363 eodem
1076 3310 1236 3366 modo
1264 3325 1346 3368 est
1373 3316 1537 3379 etiam
1564 3318 1617 3375 in
1659 3301 1914 3381 uniuscu?

324 3392 519 3479 iusque
561 3398 638 3457 rei
670 3402 907 3467 potentia
938 3406 1202 3470 naturali,
1252 3422 1441 3473 cursus
1487 3412 1629 3465 enim
1679 3416 1911 3483 potentia

328 3490 587 3547 naturalis
606 3493 899 3549 secundum
921 3510 1081 3564 quam
1099 3513 1346 3561 cursores
1364 3516 1639 3571 vocamus,
1654 3514 1710 3559 et
1728 3521 1915 3573 rursus

315 3582 563 3661 petentia
607 3585 895 3654 pugillandi
918 3629 933 3651 ,
966 3589 1050 3651 vel
1082 3593 1317 3659 potentia
1348 3577 1773 3665 palaestrizandi,
1812 3614 1915 3665 suo

316 3675 544 3735 nomine
571 3674 819 3733 distincta
852 3694 955 3731 non
984 3690 1084 3735 est.
1117 3682 1223 3735 Cur
1238 3683 1382 3737 enim
1410 3684 1604 3740 dicitur
1628 3702 1836 3752 cursor,
1862 3691 1910 3761 si

316 3758 720 3843 interrogemur
748 3770 816 3827 de
844 3786 909 3827 eo
935 3774 1022 3841 qui
1058 3775 1291 3829 nondum
1323 3786 1404 3833 est
1434 3778 1657 3845 cursor?
1686 3758 1911 3847 dicimus

327 3861 622 3917 secundum
683 3865 969 3932 potentiam
1025 3869 1341 3929 naturalem.
1394 3868 1501 3929 Cur
1522 3873 1910 3942 palaestricus?

318 3952 522 4027 eodem
547 3970 761 4025 quoque
783 3956 941 4011 modo
968 3961 1265 4015 naturalem
1297 3964 1588 4033 potentiam
1616 3964 1911 4034 reapondew

312 4059 469 4107 .mus.
495 4044 669 4112 Quare
699 4048 984 4119 pugiliator
1004 4051 1095 4122 qui
1123 4052 1357 4107 nondum
1385 4064 1469 4108 est
1496 4056 1709 4125 pugilis,
1736 4055 1805 4111 ab
1824 4071 1914 4111 ea-

318 4134 455 4203 dem
504 4151 713 4207 quoque
746 4141 983 4206 potentia
1029 4143 1255 4199 naturali
1298 4147 1622 4200 nominatur.
1656 4146 1708 4201 Si
1755 4148 1915 4217 igitur

314 4222 551 4307 haberet
572 4226 688 4291 ‘btcc
714 4231 969 4287 naturalis
990 4234 1223 4301 potentia
1259 4237 1529 4304 proprium
1559 4252 1775 4297 nomen,
1805 4240 1915 4302 ita,"

327 4317 587 4374 distinctis
626 4321 1326 4395 vocabulis,appeilaretur,
1360 4336 1416 4380 ut
1439 4326 1492 4380 in
1530 4326 1612 4380 bis
1642 4327 1914 4393 qualitati-

310 4407 424 4475 ,bus
447 4409 499 4464 in
521 4410 715 4479 quibus
736 4414 949 4487 proprie
971 4430 1167 4473 nomen
1186 4426 1269 4472 est
1292 4418 1544 4486 positum,
1569 4426 1626 4473 ut
1652 4418 1700 4471 in
1728 4433 1910 4487 cursu,

322 4501 570 4571 palmstra
598 4511 654 4559 et
682 4515 796 4565 arte
825 4507 1178 4577 pugillatoria,
1210 4518 1263 4564 et
1289 4508 1393 4567 hoc
1421 4518 1506 4567 est
1547 4510 1688 4581 quod
1730 4510 1819 4564 ait.
1853 4508 1908 4563 ln

307 4595 586 4669 ,aliquibus
613 4612 742 4655 vero
790 4612 1071 4670 propterea
1115 4602 1255 4670 quod
1300 4602 1643 4673 qualitatibus
1688 4602 1905 4659 nomina

308 4701 431 4751 {non
459 4696 584 4751 sunt
613 4689 782 4759 po~ita
801 4732 816 4755 ,
850 4690 1180 4762 impossibile
1204 4702 1286 4757 est
1312 4694 1381 4749 ab
1404 4694 1487 4750 bis
1518 4693 1715 4763 aliquid
1743 4694 1908 4749 deno-

322 4776 577 4833 minative
621 4781 747 4835 dici.
790 4781 857 4836 Ut
898 4782 999 4838 hoc
1045 4785 1255 4839 scilicet
1290 4785 1684 4841 demonstraret
1722 4798 1909 4841 curso-

321 4884 432 4923 rem
464 4870 679 4937 quidem
717 4872 807 4942 qui
840 4874 949 4942 jam
988 4886 1230 4931 curreret
1274 4889 1304 4929 a
1342 4891 1505 4947 cursu
1530 4891 1650 4930 esse
1674 4877 1904 4943 dictum,

322 4974 595 5025 cursorem
635 4980 763 5018 vero
792 4965 884 5036 qui
912 4966 1204 5021 secundum
1234 4969 1520 5037 potentiam
1547 4967 1796 5023 currendi
1824 4967 1908 5043 die

310 5058 535 5110 ‘ceretur
576 5072 681 5113 non
717 5046 896 5114 vocari
920 5075 948 5113 a
979 5075 1169 5127 cursu,
1194 5060 1289 5115 sed
1323 5069 1525 5114 tantum
1562 5076 1591 5115 a
1634 5059 1909 5139 potentia,

316 5146 474 5216 'cnjus
500 5149 757 5217 potentia:
800 5167 997 5225 nomen
1043 5153 1312 5223 proprium
1347 5168 1454 5207 non
1484 5159 1629 5208 esset
1657 5153 1906 5223 positum.

322 5240 499 5306 Quare
530 5238 646 5294 haec
675 5242 850 5296 omnia
882 5258 1001 5314 qua:
1030 5242 1323 5299 secundum
1357 5244 1647 5314 potentiam
1689 5252 1908 5297 natura-

318 5328 429 5385 icm
458 5329 728 5399 dicuntur,
775 5350 804 5388 a
849 5336 990 5390 nulla
1030 5337 1286 5408 qualitate
1324 5336 1724 5409 rdenmninativa
1760 5343 1905 5390 sunt.

316 5412 526 5478 Idcirco
556 5425 696 5493 quod
729 5425 809 5481 hx:
838 5426 1122 5498 qualitates
1150 5444 1176 5480 a
1204 5426 1396 5493 quibus
1421 5426 1755 5482 deuominari
1788 5441 1909 5495 pus-

318 5514 476 5583 sunt,
510 5515 741 5586 propriis
772 5517 1075 5572 nominibus
1107 5528 1323 5584 carent,
1354 5534 1474 5588 qua:
1506 5532 1632 5571 vero
1667 5519 1738 5571 ita
1768 5517 1904 5583 sint,

321 5614 381 5661 ut
408 5622 513 5660 non
542 5624 609 5662 ex
633 5611 891 5678 potentia,
924 5612 1017 5666 sed
1046 5628 1114 5666 ex
1146 5611 1427 5667 aii'ectioue
1453 5611 1718 5675 dicantur,
1742 5611 1811 5665 ab
1832 5611 1912 5665 bis

322 5699 671 5783 qualitatibus
695 5704 759 5757 ad
782 5717 918 5775 quas
943 5718 1063 5760 sese
1092 5703 1271 5773 aliquo
1302 5703 1461 5771 modo
1488 5701 1678 5757 habent
1696 5743 1711 5767 ,
1744 5702 1908 5758 deuo-

1936 4551 1994 4614 D

1976 4686 1979 4687 ⁷
2017 4666 2191 4756 qualia
2216 4728 2230 4752 ,
2256 4701 2377 4757 qua:
2403 4686 2508 4741 illis
2536 4686 2880 4756 qualitatibus
2911 4687 3288 4756 participarent
3308 4731 3321 4755 ,
3354 4697 3444 4741 aut
3472 4682 3610 4757 quo-‘

2042 1832 2165 1886 litas
2202 1834 2271 1886 sit
2298 1838 2403 1897 (est
2432 1835 2575 1889 enim
2606 1835 2815 1890 habitus
2842 1836 3087 1906 quidam,
3120 1838 3293 1891 omnis
3317 1852 3447 1893 vero
3475 1837 3623 1917 babig

2040 1933 2126 1993 tus
2153 1925 2439 1994 qualitas),
2478 1941 2606 1996 ergo
2628 1927 2929 2001 quicunque
2954 1929 3151 1987 virtute
3180 1917 3501 1999 participat:
3514 1943 3621 1984 non

2034 2017 2328 2082 secundum
2358 2034 2477 2077 eam
2522 2018 2920 2077 denominative
2959 2020 3173 2075 dicitur.
3216 2021 3268 2074 In
3310 2020 3623 2076 denominas

2032 2111 2182 2178 tione
2199 2112 2339 2167 cnim
2361 2112 2715 2182 quaerendum
2738 2123 2816 2167 est
2840 2123 2894 2167 ut
2918 2128 3130 2185 semper
3151 2113 3288 2168 idem
3314 2123 3621 2182 permaneat

2035 2218 2251 2269 nomen.
2284 2204 2339 2261 ln
2365 2221 2431 2260 eo
2458 2214 2634 2261 autem
2664 2206 2755 2279 qui
2785 2205 2978 2263 virtute
3007 2207 3318 2277 participat,
3347 2207 3490 2267 nulla
3516 2210 3622 2269 virs

2031 2296 2159 2359 tutis
2188 2294 2553 2357 denominatio
2578 2306 2680 2361 est,
2714 2298 2889 2366 utqui
2917 2296 3154 2359 bonitate
3182 2298 3489 2369 participat,
3523 2288 3620 2381 bos,

2034 2400 2134 2439 uus
2159 2386 2372 2454 dicitur,
2413 2388 2502 2458 qui
2528 2387 2762 2463 iustitia,
2790 2388 3006 2460 justus,
3044 2399 3099 2444 et
3139 2390 3243 2445 alia
3287 2389 3619 2463 huiusmodi,

2032 2479 2134 2549 Qui
2155 2495 2286 2539 vero
2309 2482 2505 2537 virtute
2530 2486 2831 2552 participat,
2850 2495 2940 2539 aut
2963 2483 3161 2553 probus
3182 2468 3504 2552 nominatur,
3527 2491 3620 2569 aut

2029 2573 2277 2640 sapiens;
2314 2574 2409 2629 sed
2440 2588 2617 2643 neque
2644 2574 2874 2644 probus,
2908 2588 3082 2644 neque
3118 2576 3333 2644 sapiens
3362 2590 3390 2629 a
3420 2576 3618 2651 virtutq

2028 2663 2433 2732 denominativa
2459 2674 2613 2729 sunt,
2647 2666 2849 2731 idcirco
2874 2666 3014 2734 quod
3052 2675 3337 2741 utrumque
3367 2681 3559 2729 nomen
3584 2680 3616 2735 ει

2026 2756 2230 2825 virtute
2278 2757 2435 2827 longe
2481 2758 2737 2819 dissimile
2780 2764 2885 2823 est,
2914 2755 3056 2827 quod
3089 2757 3203 2831 ipse
3239 2757 3319 2815 sic
3353 2758 3465 2821 ait:
3495 2755 3609 2811 Ali.

2026 2847 2241 2917 quando
2268 2860 2446 2915 autem
2487 2850 2658 2917 posito
2682 2850 2901 2915 nomine
2921 2847 3315 2903 denotuinative
3342 2862 3446 2903 non
3476 2848 3613 2923 dici:

2027 2948 2113 2999 tur
2132 2937 2187 2993 id
2214 2938 2355 3009 quod
2387 2938 2678 3007 secundum
2702 2941 2872 3019 ipsum
2887 2937 3043 3011 quale
3066 2938 3281 2999 dicitur.
3304 2936 3369 2993 Et
3395 2939 3512 3011 ejus
3535 2936 3615 3007 rei

2028 3046 2327 3117 proponere
2359 3046 2469 3091 non
2504 3031 2689 3091 omisit
2717 3032 3053 3100 exemplum,
3086 3030 3181 3085 sed
3212 3030 3314 3086 huc
3350 3031 3401 3085 in
3436 3030 3615 3101 multiq

2027 3139 2134 3191 gon
2164 3132 2343 3192 potest
2374 3123 2604 3179 inveniri
2625 3164 2638 3188 ,
2674 3138 2843 3193 pauca
2869 3123 3009 3178 enim
3036 3131 3162 3177 sunt
3194 3122 3270 3193 (tu
3298 3123 3410 3199 ipse
3436 3122 3533 3194 ait)
3560 3122 3614 3199 iq

2026 3212 2220 3283 quibus
2251 3212 2426 3282 posito
2467 3212 2739 3284 qualitatis
2768 3214 2985 3270 nomine
3014 3230 3133 3285 qua:
3162 3213 3242 3269 bis
3274 3210 3612 3293 participant,

2025 3321 2056 3359 a
2085 3306 2349 3376 superiori
2391 3306 2646 3376 qualitate
2676 3303 2851 3377 qualia
2877 3322 2984 3365 non
3011 3308 3276 3363 dicantur.
3309 3305 3405 3360 Dat
3433 3318 3610 3379 autem

2026 3398 2111 3452 liis
2144 3397 2489 3468 qualitatibus
2528 3399 2848 3469 pluralitatis
2872 3399 3151 3465 calculum,
3179 3414 3243 3454 ex
3274 3400 3466 3469 quibus
3485 3412 3610 3468 qua-

2024 3490 2093 3555 lia
2128 3491 2469 3545 nominantur
2493 3505 2554 3544 ea
2582 3505 2700 3558 quae
2742 3492 2823 3555 bis
2854 3492 3190 3559 participant.
3226 3490 3358 3544 Nam
3388 3492 3467 3561 (ut
3496 3490 3609 3567 ipse

2022 3583 2099 3636 ait
2125 3582 2391 3651 superius)
2420 3583 2469 3636 in
2497 3581 2735 3651 pluribus
2761 3589 2816 3636 et
2847 3597 2982 3651 pene
3006 3584 3057 3635 in
3086 3582 3334 3635 omnibus
3360 3581 3609 3651 denomi:

2023 3674 2201 3730 native
2228 3675 2495 3729 dicuntur.
2529 3674 2789 3743 Quocirca
2821 3684 2965 3728 recta
2996 3673 3243 3728 difﬁniu‘o
3282 3683 3361 3735 est
3396 3682 3450 3727 et
3486 3686 3607 3759 pro:

2022 3777 2141 3849 prio
2179 3775 2373 3831 ordine
2399 3775 2709 3831 cnnstituta.
2755 3772 2991 3842 Namque
3022 3774 3076 3828 in
3106 3772 3364 3842 principio
3396 3773 3495 3827 hoc

2022 3867 2132 3935 lum
2156 3866 2357 3921 dietum
2382 3874 2485 3934 est,
2514 3880 2636 3921 esse
2656 3863 2963 3934 qualitatem
2987 3862 3276 3927 secundum
3299 3878 3456 3933 quam
3478 3860 3607 3932 quae

2024 3956 2090 4010 lia
2125 3956 2455 4013 dicerentur.
2490 3954 2598 4011 Sed
2639 3956 2889 4027 quoniam
2936 3965 3060 4021 sunt
3104 3954 3341 4025 quaedam
3378 3971 3607 4045 quorum

2020 4048 2301 4118 qualitates
2334 4049 2464 4117 ipsa:
2488 4047 2719 4115 propriis
2749 4045 3058 4102 nominibus
3082 4054 3293 4109 carent,
3333 4060 3450 4117 quae
3481 4061 3606 4125 vero

2020 4138 2102 4203 bis
2131 4140 2451 4209 participant
2487 4140 2600 4192 suis
2629 4138 2902 4193 vocabulis
2931 4137 3297 4207 appellantur,
3338 4147 3394 4209 ut
3426 4137 3479 4193 in
3506 4153 3607 4211 na-l

2022 4230 2173 4282 turali
2207 4230 2464 4295 potentia.
2500 4228 2567 4281 Et
2597 4242 2783 4281 rursus
2815 4236 2936 4280 sunt
2972 4227 3211 4297 quaadam
3244 4242 3364 4297 qua:
3400 4228 3449 4280 in
3476 4220 3605 4301 qua?

2021 4317 2262 4373 litatibus
2286 4318 2502 4397 quidem
2535 4317 2765 4372 habeant
2797 4318 3008 4397 propria
3034 4316 3267 4382 nomina,
3300 4318 3350 4371 in
3378 4319 3457 4372 liis
3479 4334 3609 4405 vero.

2019 4426 2136 4477 «tum
2175 4411 2240 4465 ad
2271 4425 2364 4466 eas
2394 4413 2536 4479 ipsas
2564 4410 2853 4480 qualitates
2894 4420 3076 4465 essent
3102 4408 3289 4464 an‘ecta
3312 4450 3327 4475 ,
3366 4411 3504 4463 nulla
3532 4408 3609 4464 es

2023 4503 2309 4572 propositis
2336 4502 2681 4570 qualitatibus
2715 4502 3076 4556 denominatio
3103 4497 3285 4568 ﬁeret,
3318 4500 3420 4556 hoc
3444 4502 3602 4556 addi-

2017 4594 2127 4663 dit,
2166 4594 2233 4647 ab
2261 4594 2511 4661 omnibus
2553 4592 2896 4663 qualitatibus
2935 4603 3026 4646 aut
3058 4592 3450 4648 denominative
3494 4594 3601 4648 dici

2019 4780 2333 4847 modolibet,
2365 4780 2540 4845 aliter,
2567 4780 2617 4833 id
2646 4788 2727 4834 est
2753 4779 2867 4833 sive
2889 4780 3064 4849 posito
3088 4780 3303 4833 nomine
3331 4779 3605 4849 qualitatis

2017 4872 2086 4925 de
2114 4886 2179 4925 co
2209 4886 2313 4925 non
2344 4871 2670 4937 dicerentur,
2699 4886 2817 4941 qua:
2845 4870 2932 4937 illa
2960 4871 3353 4941 participarent,
3380 4882 3433 4924 ut
3458 4871 3507 4923 in
3536 4886 3602 4924 ce

2018 4962 2158 5033 quod
2188 4972 2269 5017 est
2309 4963 2512 5026 virtus,
2558 4962 2671 5016 sive
2713 4963 2810 5031 ipsi
2843 4964 3080 5032 qualitati
3127 4958 3353 5032 positum
3404 4954 3639 5014 nomcn'

2018 5070 2122 5110 non
2151 5063 2316 5121 esset,
2347 5054 2478 5109 utin
2502 5071 2567 5110 eo
2593 5054 2737 5124 quod
2755 5066 2838 5110 est
2866 5055 3096 5124 potentia
3124 5056 3399 5111 naturalis.
3424 5054 3606 5125 Quare

2016 5146 2266 5214 quoniam
2315 5146 2367 5201 in
2401 5144 2481 5199 his
2528 5145 2732 5200 duabus
2774 5146 3163 5221 qualitatibus,
3200 5147 3252 5217 in
3296 5145 3485 5214 quibus
3513 5138 3607 5197 vel

2018 5240 2192 5308 posito
2224 5236 2443 5291 nomine
2469 5252 2573 5290 non
2605 5237 2896 5291 secundum
2927 5253 3117 5291 nomen
3150 5252 3266 5306 quac
3296 5243 3440 5297 sunt,
3466 5230 3605 5303 qua;

2019 5331 2089 5385 lia
2116 5329 2512 5393 denominative
2541 5331 2808 5403 dicuntur,
2842 5331 2925 5384 vel
2956 5344 3075 5399 cum
3106 5329 3234 5398 ipsis
3254 5324 3603 5397 qualitatibus

2019 5439 2213 5479 nomen
2249 5423 2479 5492 positum
2513 5439 2617 5478 non
2649 5423 2749 5490 sit,
2792 5430 2975 5477 neutra
3021 5420 3253 5488 ipsorum
3288 5416 3603 5486 praedicatio

2015 5515 2411 5569 denominative
2457 5515 2533 5567 iit.
2580 5514 2660 5569 Ad
2700 5509 3123 5568 concludendum
3161 5522 3373 5563 omnem
3418 5508 3598 5563 termi-

2016 5625 2141 5662 num
2181 5607 2452 5675 qualitatis
2482 5606 2586 5671 ait,
2620 5615 2709 5659 aut
2741 5599 3135 5658 dcuominative
3162 5599 3339 5667 qualia
3368 5614 3397 5652 a
3426 5598 3598 5669 quali-

2017 5704 2211 5757 tatibus
2241 5698 2514 5769 appellati,
2544 5706 2633 5753 aut
2661 5689 3059 5767 quomodolibet
3087 5689 3242 5743 aliter
3267 5689 3338 5746 ab
3357 5690 3510 5761 ipsis,
3539 5696 3599 5747 ιιι
