4022 6328
461 325 663 384 1'55-

1686 315 1795 371 AN.
1839 319 2044 376 MANL.
2086 318 2241 380 θεν.
2281 316 2508 377 ΒΟΕΤΙΙ

3634 315 3738 370 236

459 458 565 500 non
593 435 991 496 denominative
1012 474 1026 500 ,
1059 428 1150 484 sed
1191 425 1471 497 aliquoties
1499 425 1710 496 quidem
1744 429 2040 484 secundum
2071 432 2121 491 Α
2149 435 2548 498 permanerent.
2583 428 2651 483 At
2678 442 2803 484 vero
2835 443 3006 500 neque
3037 429 3162 484 illud
3197 443 3380 485 verum
3405 440 3518 497 est,
3547 446 3737 490 omnes

461 533 752 605 potentiam
778 571 791 594 ,
825 525 1108 597 aliquoties
1137 538 1263 577 vero
1290 522 1581 578 secundum
1605 521 1847 578 eamdem
1869 522 2040 591 quali—

465 633 621 680 tatem
662 621 903 683 virtutis;
942 617 1126 672 eadem
1166 617 1306 672 enim
1347 616 1574 685 qualitas
1611 624 1693 669 est
1735 615 1946 668 virtutis
1986 624 2041 671 et

469 718 752 786 tapientite.
785 711 1040 779 Quocirca
1083 707 1378 771 concludit,
1412 708 1480 760 ita
1521 705 1693 776 qualia
1744 706 1850 760 dici
1885 721 2042 774 qua:-

469 822 667 877 runque
699 821 761 860 ex
794 804 875 858 his
908 801 1252 874 qualitatibus
1283 797 1680 854 denominative
1712 796 2039 863 dicerentur,

467 902 539 956 rel
559 887 961 969 {quomodolibet
993 893 1101 948 alio
1128 893 1196 949 ab
1226 892 1353 960 ipsis
1382 889 1564 946 modo.
1607 890 1834 960 Digestis
1874 890 1925 944 in
1957 905 2046 946 or-

463 991 583 1048 dine
609 989 760 1060 prius
783 987 1028 1042 omnibus
1053 982 1399 1056 qualitatibus
1422 991 1476 1037 et
1495 998 1681 1053 eorum
1701 981 2046 1038 conclusione

458 1093 700 1155 reperta,
741 1089 1003 1139 consueto
1040 1077 1227 1135 ordine
1267 1090 1599 1147 unaqureque
1629 1075 1926 1146 proprietas
1952 1089 2046 1130 ve-

457 1177 702 1247 stigatttr.

462 1283 469 1292 ”
531 1285 671 1340 Inest
701 1293 866 1338 autem
894 1290 940 1337 et
961 1279 1296 1336 contrarietas
1326 1276 1602 1333 secundum
1622 1276 1790 1346 quale,
1819 1285 1876 1328 ut
1897 1275 2045 1340 iusti-

459 1380 524 1431 tia
550 1377 816 1448 injustitia
845 1373 1103 1428 contraria
1133 1380 1226 1437 est,
1259 1380 1306 1424 et
1333 1368 1513 1423 albedo
1541 1368 1815 1439 nigredini,
1847 1376 1893 1420 et
1917 1368 2038 1431 alia,

458 1471 687 1526 similiter
711 1478 878 1521 autem
915 1474 961 1520 et
987 1481 1046 1518 ea
1075 1480 1188 1535 qua:
1221 1462 1498 1517 secundum
1527 1477 1614 1514 eas
1643 1460 1816 1527 qualia
1855 1459 2042 1512 dicun-

456 1575 559 1630 tur,
591 1574 641 1617 ut
670 1555 874 1635 justum
904 1562 1127 1632 injuste,
1160 1567 1207 1612 et
1242 1556 1414 1611 album
1439 1555 1607 1627 nigro,
1650 1570 1752 1607 non
1780 1561 1950 1606 autem
1988 1553 2043 1605 in

457 1659 686 1712 omnibus
717 1657 810 1709 hoc
833 1666 925 1718 est,
958 1653 1111 1706 rubro
1141 1651 1272 1704 enint
1304 1650 1380 1704 vel
1407 1647 1598 1717 pallido
1620 1657 1706 1700 aut
1736 1645 1912 1699 mediis
1939 1644 2042 1699 hu-

458 1749 676 1817 iusmodi
700 1746 951 1801 coloribus
986 1744 1110 1799 nihil
1141 1742 1453 1798 contrarium
1479 1750 1553 1796 est
1580 1740 1910 1811 qualitatibus
1935 1739 2043 1792 exi-

457 1842 715 1896 stantibus.

531 1944 662 1998 Dicit
686 1945 736 1997 in
763 1942 1108 2012 qualitatibus
1135 1938 1378 2010 qumdam
1404 1950 1524 1991 esse
1551 1935 1849 1999 contraria,
1885 1940 2045 2002 atque

455 2037 556 2093 hoc
587 2037 775 2106 probat
804 2036 1084 2103 exemplis,
1122 2033 1312 2087 albedo
1339 2045 1568 2101 namque
1590 2039 1644 2085 et
1672 2027 1894 2098 nigredo
1916 2042 2045 2082 con-

457 2128 618 2183 traria
649 2136 795 2193 sunt,
827 2138 878 2182 et
901 2142 1232 2197 quzecunque
1252 2125 1500 2180 albedine
1521 2121 1900 2194 nigredineque
1924 2135 2047 2191 par-

456 2219 704 2288 ticipant;
741 2220 840 2272 hoc
881 2228 962 2273 est
1011 2218 1152 2272 enim
1200 2215 1344 2287 quod
1388 2216 1491 2281 ait,
1545 2222 1597 2268 et
1625 2211 1914 2268 secundum
1954 2225 2044 2266 eas

457 2311 626 2380 qualia
651 2326 770 2380 quae
793 2309 1070 2372 dicuntur;
1103 2323 1225 2362 nam
1250 2307 1387 2362 sicut
1412 2305 1604 2361 albedo
1633 2304 1891 2376 nigredini
1915 2318 2044 2358 con-

457 2401 614 2456 traria
645 2412 745 2464 eSt,
781 2402 849 2455 ita
882 2415 1092 2472 quoque
1117 2399 1270 2454 albus
1299 2399 1488 2470 nigio;
1519 2398 1610 2453 sed
1643 2397 1745 2452 hoc
1775 2395 2044 2466 qualitatis

455 2496 728 2568 preprium
774 2511 880 2550 non
930 2505 1042 2561 est,
1093 2510 1214 2550 nam
1263 2510 1383 2550 cum
1436 2494 1655 2549 rubrum
1689 2503 1741 2548 et
1791 2493 2043 2563 pallidum

457 2587 742 2657 qualitates
770 2587 910 2653 sint,
957 2587 1155 2657 aliique
1185 2587 1345 2642 etiam
1385 2587 1594 2641 colores
1625 2586 1956 2654 hujusmodi,
1992 2587 2045 2641 in

459 2679 544 2736 his
572 2681 896 2736 contrarium
921 2696 1027 2734 non
1055 2689 1171 2746 est;
1207 2680 1381 2734 nullus
1411 2679 1551 2735 enim
1581 2678 1710 2733 dicit
1732 2679 1930 2749 aliquid
1957 2694 2047 2733 ru-
2095 2736 2098 2738 ,

457 2772 553 2829 bro
576 2775 656 2829 vel
689 2773 886 2842 pallido
913 2789 1032 2829 esse
1060 2775 1386 2830 contrarium
1409 2791 1420 2826 :
1442 2789 1564 2828 nam
1587 2774 1837 2843 quoniam
1862 2773 2042 2827 album

457 2875 510 2921 et
541 2865 748 2935 nigrum
795 2866 1162 2920 extremitates
1208 2865 1450 2937 quaedam
1501 2866 1743 2920 colorum
1791 2875 1943 2930 sunt,
1994 2873 2048 2919 et

458 2956 766 3026 longissime
808 2972 837 3011 a
881 2972 940 3012 se
969 2956 1194 3024 distant,
1227 2958 1496 3013 contraria
1542 2966 1695 3020 sunt,
1730 2941 2048 3011 medietates

458 3061 586 3104 vero
616 3052 880 3104 contraria
907 3065 1011 3104 non
1039 3050 1256 3107 habent.
1279 3050 1407 3104 Nam
1433 3049 1476 3102 si
1499 3049 1616 3119 quis
1641 3055 1802 3117 ponat
1827 3048 2044 3102 rubrum

459 3142 608 3211 n’gro
649 3157 770 3198 esse
819 3142 1179 3210 contrarium,
1232 3142 1647 3213 longissimeque
1687 3142 1885 3196 distant
1923 3157 2042 3212 quae

2144 521 2468 592 privationes
2490 521 2768 591 negatione
2795 522 3041 591 proferri.
3067 522 3312 578 Surditas
3339 524 3506 592 enim,
3523 540 3642 579 cum
3667 528 3738 580 sit

2146 616 2360 671 auditus
2410 615 2661 684 privatio,
2689 616 2805 670 sine
2862 615 3144 683 negatione
3191 617 3496 684 profertur;
3544 616 3734 672 eodem

2145 721 2356 776 quoque
2400 707 2560 761 modo
2601 707 2832 763 czecitas.
2881 707 3065 761 Nullus
3103 708 3244 762 enim
3288 708 3419 763 dicit
3449 709 3732 776 inauditio,

2148 813 2320 868 neque
2351 799 2579 864 invisio,
2624 814 2724 855 nec
2767 800 2965 870 aliquid
3014 799 3352 869 hujusmodi,
3397 802 3490 857 sed
3535 811 3736 858 tantum

2148 890 2382 947 surditas
2410 891 2732 960 caacitasque
2770 892 3113 948 nominantur
3145 895 3376 964 propriis
3407 896 3737 964 nominibus,

2147 994 2271 1036 cum
2299 981 2408 1036 sint
2437 982 2526 1036 illa
2561 982 2612 1036 in
2643 982 2856 1048 habitu,
2901 984 3077 1049 visus,
3109 983 3344 1052 auditus,
3371 985 3454 1040 illa
3486 987 3538 1041 in
3562 988 3742 1056 priva-

2148 1072 2293 1127 tione
2323 1072 2586 1142 ponenda.
2623 1073 2787 1144 Igitur
2811 1073 3017 1144 justitia
3041 1074 3313 1146 injustitia
3335 1079 3603 1132 contraria
3633 1086 3737 1134 est.

2148 1163 2338 1219 Tradit.
2359 1179 2488 1234 ergo
2516 1165 2774 1235 regulam,
2806 1181 2866 1221 ea
2899 1182 3017 1237 qua:
3039 1167 3308 1225 contraria
3339 1177 3482 1235 sunt,
3507 1168 3606 1224 sub
3635 1187 3743 1239 quo

2147 1269 2346 1326 genere
2399 1256 2782 1313 convenienter
2833 1266 3104 1329 aptentur,
3161 1273 3321 1330 quam
3373 1260 3607 1331 regulam
3658 1260 3742 1318 his

2149 1349 2328 1404 verbis
2356 1350 2470 1420 ipse
2493 1351 2811 1420 prmscribit:

2221 1444 2453 1514 Amplius
2480 1446 2523 1499 si
2562 1461 2626 1499 ea:
2652 1447 2919 1500 contrariis
2950 1462 3105 1501 unum
3141 1447 3296 1516 fuerit
3324 1449 3476 1518 quale
3495 1493 3509 1516 ,
3549 1458 3595 1502 et
3621 1449 3742 1503 reli-

2148 1550 2304 1603 quum
2332 1535 2428 1588 erit
2453 1537 2624 1605 quale.
2656 1535 2772 1590 Hoc
2801 1547 2972 1592 autem
3014 1539 3186 1608 palam
3229 1548 3302 1594 est
3331 1543 3634 1610 proponenti
3682 1557 3743 1595 es

2148 1628 2362 1700 singulis
2392 1628 2497 1681 alia
2533 1630 2926 1698 prtedicamenta
2946 1673 2960 1696 ,
2990 1642 3043 1686 ut
3073 1634 3118 1685 si
3153 1642 3230 1686 est
3245 1635 3454 1704 justitia
3480 1635 3743 1703 iniustitia

2100 1760 2102 1762 -
2151 1724 2496 1788 contrarium;
2539 1725 2687 1792 quale
2716 1733 2883 1796 autem
2926 1734 2998 1778 est
3023 1726 3260 1794 justitia,
3294 1728 3446 1796 quale
3475 1728 3632 1798 igitur
3672 1737 3744 1786 est

2077 1812 2426 1878 Biniustitia.
2487 1815 2712 1868 Nullum
2774 1816 2908 1870 enim
2966 1817 3184 1871 aliorum
3234 1821 3744 1887 prtedicamentorunt

2149 1907 2412 1974 aptabitur
2442 1908 2733 1980 injustitia,
2761 1923 2852 1961 nec
2885 1911 3166 1978 quantitas,
3194 1927 3286 1964 nec
3310 1911 3380 1964 ad
3404 1913 3631 1983 aliquid,
3657 1925 3742 1970 nec

2151 1997 2265 2062 ubi,
2299 2014 2386 2052 nec
2411 1999 2616 2052 omnino
2643 1998 2825 2052 talium
2858 2000 3034 2066 aliud,
3069 2001 3168 2054 nisi
3193 2001 3377 2072 quale;
3406 2003 3478 2057 sic
3502 2014 3671 2059 autem
3702 2015 3745 2059 et

2150 2091 2203 2144 in
2224 2091 2343 2143 aliis
2370 2106 2482 2155 qum
2514 2102 2632 2144 sunt
2665 2092 2946 2146 secundum
2973 2093 3122 2162 quale
3141 2097 3400 2148 contraria
3425 2105 3565 2150 sunt.

2157 2226 2162 2234 ·
2221 2201 2278 2258 Si
2308 2217 2372 2258 ex
2405 2202 2638 2269 duobus,
2675 2203 2869 2276 inquit,
2899 2206 3187 2262 contrariis
3219 2208 3561 2264 manifestum
3590 2210 3747 2268 fuerit

2151 2308 2313 2347 unum
2345 2291 2534 2348 eorum
2553 2293 2960 2351 eontrariorutn
2990 2297 3090 2353 sub
3117 2299 3377 2369 qualitate
3405 2301 3554 2371 poni,
3586 2305 3748 2361 simul

2153 2385 2499 2439 manifestum
2531 2385 2636 2440 erit
2665 2387 2806 2456 quod
2839 2388 3002 2442 etiam
3035 2388 3152 2460 ejus
3181 2392 3508 2447 contrarium
3547 2409 3747 2452 conve-

2151 2477 2363 2533 nienter
2407 2477 2655 2548 qualitati
2701 2491 3053 2549 supponatur,
3103 2480 3371 2552 sintulque
3415 2483 3747 2544 demonstrat

2149 2571 2477 2642 injustitiam’
2514 2587 2634 2626 esse
2671 2572 3003 2642 qualitatem.
3034 2572 3165 2628 Nam
3208 2576 3252 2629 si
3277 2575 3483 2645 justitia
3514 2579 3749 2648 apertis-

2151 2665 2286 2729 sime
2312 2665 2542 2734 qualitas
2568 2673 2673 2731 est,
2701 2665 2902 2721 idcirco
2923 2667 3062 2735 quod
3093 2682 3267 2735 neque
3291 2668 3542 2739 qualitas,
3575 2685 3748 2740 neque

2150 2756 2216 2811 ad
2240 2757 2477 2827 aliquid,
2513 2772 2689 2827 neque
2721 2757 2846 2823 ubi,
2882 2771 2980 2812 nec
3008 2758 3242 2828 quando,
3283 2775 3383 2815 nec
3410 2761 3550 2816 aliud
3580 2763 3745 2820 ullum

2151 2849 2632 2919 praedicamentum
2675 2858 2787 2914 est,
2832 2864 2929 2904 nec
2959 2849 3058 2904 sub
3099 2849 3208 2905 ullo
3249 2850 3352 2905 alio
3383 2867 3579 2921 genere
3614 2855 3744 2924 poni

2152 2953 2358 3016 potest,
2393 2944 2499 3000 nisi
2531 2944 2631 3000 sub
2662 2945 2780 3000 sola
2821 2945 3106 3017 qualitate,
3140 2961 3260 3001 cum
3302 2948 3349 3003 ei
3380 2952 3647 3006 contraria
3679 2951 3747 3007 sit

2151 3037 2443 3106 injustitia,
2477 3053 2584 3092 non
2615 3046 2698 3092 est
2733 3037 2954 3093 dubium
2983 3038 3298 3110 iujustitiam
3331 3057 3543 3113 quoque
3579 3044 3748 3114 quali-

2116 3127 2248 3182 .tati
2276 3127 2552 3194 subnecti,
2587 3128 2726 3199 quod
2771 3129 2886 3200 ipse
2926 3130 3180 3199 quoniam
3225 3131 3435 3203 planius
3479 3133 3644 3203 dixit,
3696 3145 3747 3196 et

457 3244 584 3289 sunt
622 3237 923 3305 contraria,
969 3237 1278 3306 longissime
1322 3235 1480 3304 igitur
1512 3235 1732 3304 nigredo
1774 3250 1802 3288 a
1848 3235 2043 3293 rubore

2151 3221 2263 3290 ipsa
2293 3221 2665 3289 exemplorum
2698 3222 2817 3279 luce
2855 3223 3120 3294 vulgavit,
3173 3225 3239 3279 ad
3285 3225 3427 3282 aliud
3476 3229 3634 3284 nobis
3666 3239 3748 3289 est

457 3326 710 3396 distabit,
743 3338 795 3384 et
821 3344 1008 3384 rursus
1038 3328 1228 3384 albedo
1269 3343 1295 3379 a
1339 3326 1616 3397 nigredine
1648 3327 1931 3396 plurimum
1957 3329 2041 3384 di-

457 3428 598 3486 stat;
632 3421 789 3490 igitur
820 3423 1076 3492 nigredini
1111 3421 1273 3474 rubor
1302 3432 1381 3476 est
1420 3431 1579 3491 atque
1606 3421 1794 3494 albcdo
1826 3433 2041 3477 contra-

457 3512 570 3581 ria,
615 3515 878 3585 uniusque
917 3514 991 3569 rei
1038 3513 1144 3567 duo
1188 3514 1454 3569 Contraria
1505 3513 1862 3581 inveniuntur,
1902 3514 2042 3581 quod

457 3606 572 3663 fieri
605 3623 712 3662 non
747 3615 940 3677 potest.
979 3605 1095 3660 Non
1135 3615 1217 3661 est
1248 3605 1408 3678 igitur
1453 3606 1711 3678 nigredini
1744 3609 2046 3664 contrarius

456 3701 638 3757 rubor.
673 3700 933 3756 Similiter
957 3699 1582 3784 autem.moustrabimus
1610 3711 1664 3757 et
1692 3702 1742 3756 in
1775 3701 1895 3756 aliis
1930 3717 2045 3757 mc-

455 3791 558 3846 diis
587 3790 854 3846 coloribus
883 3792 1211 3847 contrarium
1257 3808 1361 3848 non
1394 3807 1535 3849 esse.
1579 3793 1837 3862 Quocirca
1874 3794 1915 3848 si
1951 3792 2049 3846 hu-

454 3883 692 3956 iusmodi
721 3884 996 3940 coloribus
1023 3887 1353 3941 contrarium
1385 3886 1521 3940 nihil
1544 3871 1657 3951 est,
1692 3901 1795 3940 non
1824 3879 2048 3942 inomni

455 3975 709 4046 qualitate
735 3963 1084 4032 contrarietas
1115 3978 1407 4047 reperitur;
1441 3977 1580 4048 quod
1613 3977 1655 4030 si
1688 3979 1755 4030 ita
1806 3985 1888 4032 est
1911 3963 1937 4045 ,I
1961 3961 2050 4032 su-

461 4070 675 4139 scipere
704 4070 970 4126 contraria
997 4070 1269 4142 qualitatis
1293 4071 1567 4142 proprium
1591 4078 1808 4125 nonest.
1837 4056 2048 4125 Alvero

453 4177 554 4216 nec
584 4161 634 4215 in
671 4161 800 4231 ipsis
832 4176 1044 4233 quoque
1075 4162 1260 4217 formis
1287 4178 1405 4234 qua:
1448 4162 1729 4218 manifeste
1763 4163 2046 4234 qualitates

453 4264 606 4323 sunt,
655 4257 1004 4312 contrarietas
1061 4256 1369 4323 invenitur;
1423 4272 1543 4312 nam
1589 4272 1761 4328 neque
1815 4257 2046 4313 circulus

452 4351 731 4421 quadrato,
766 4367 938 4422 neque
965 4352 1255 4422 quadratus
1296 4353 1581 4423 triangulo,
1611 4368 1710 4408 nec
1740 4353 1846 4408 ulla
1881 4354 2044 4424 figura

453 4443 542 4498 ulli
592 4444 772 4514 figura:
817 4454 995 4516 potest
1038 4460 1157 4501 esse
1201 4449 1487 4502 contraria.
1520 4448 1782 4515 Quocirca
1825 4449 2046 4504 manife-

450 4546 590 4594 stum
636 4547 754 4605 est,
795 4540 1068 4609 suscipere
1104 4541 1434 4596 contrarium
1465 4555 1571 4594 non
1603 4556 1724 4595 esse
1769 4541 2042 4611 proprium

2150 3309 2561 3368 transeundum.

2221 3414 2453 3486 Suscipit
2480 3424 2650 3470 autem
2677 3415 2902 3486 qualitas
2931 3418 3094 3489 magis
3126 3426 3172 3473 et
3203 3418 3394 3486 minus,
3421 3419 3596 3474 album
3620 3423 3749 3481 enim

2150 3507 2312 3578 magis
2344 3516 2389 3560 et
2422 3508 2589 3560 minus
2619 3509 2839 3565 alterum
2875 3507 3040 3564 altera
3070 3510 3280 3580 dicitur,
3313 3520 3361 3566 et
3382 3512 3582 3582 justum
3623 3515 3749 3569 alte-

2150 3616 2262 3654 rum
2291 3600 2452 3653 altera
2482 3600 2645 3671 magis
2675 3609 2722 3654 et
2748 3600 2916 3655 minus
2946 3601 3152 3656 dicitur.
3188 3601 3293 3657 Sed
3317 3613 3361 3657 et
3388 3605 3499 3675 ipsa
3530 3621 3750 3661 cremen.

2156 3703 2260 3748 tum
2289 3695 2612 3764 suscipiunt;
2660 3711 2777 3748 cum
2822 3694 3102 3749 candidum
3133 3712 3349 3768 namque
3387 3699 3486 3765 sit,
3530 3700 3751 3768 amplius

2154 3788 2398 3856 contingit
2431 3786 2708 3839 candidum
2738 3786 2872 3854 ﬁeri,
2906 3802 3008 3840 non
3039 3796 3206 3840 tamen
3235 3788 3426 3857 omnia,
3461 3789 3550 3842 sed
3580 3791 3751 3859 plura.

2153 3878 2366 3932 Justitia
2397 3893 2614 3948 namque
2650 3894 2680 3928 a
2703 3877 2914 3947 justitia
2951 3877 2996 3931 si
3037 3877 3262 3943 dicatur,
3310 3879 3471 3950 magis
3500 3889 3548 3933 et
3586 3881 3751 3938 minus

2154 3979 2314 4038 potest
2337 3969 2522 4038 aliquis
2549 3968 2824 4040 ambigere.
2859 3968 3112 4024 Similiter
3139 3980 3186 4022 et
3217 3969 3266 4023 in
3291 3971 3408 4024 aliis
3437 3969 3705 4038 affectibus
3736 3988 3752 4025 :

2153 4062 2362 4131 quidam
2400 4061 2534 4114 enim
2565 4062 2628 4115 de
2676 4061 2859 4116 talibus
2889 4060 3159 4130 dubitant,
3184 4063 3442 4135 justitiam
3471 4079 3690 4132 namque
3724 4081 3754 4123 α

2147 4155 2349 4228 justitia
2379 4171 2479 4208 non
2514 4156 2731 4208 multum
2757 4153 2903 4208 'aiunt
2935 4156 3096 4224 magis
3124 4167 3168 4208 et
3205 4156 3372 4209 minus
3403 4155 3527 4223 dici,
3559 4173 3650 4210 nec
3671 4175 3754 4210 sa.

2154 4252 2363 4304 nitatem
2395 4267 2425 4303 a
2453 4251 2692 4305 sanitate.
2728 4249 2904 4304 Minus
2934 4260 3105 4304 autem
3135 4253 3353 4305 alterum
3384 4251 3543 4305 altero
3573 4252 3754 4308 habere

2152 4343 2424 4397 sanitatem
2455 4344 2632 4407 aiunt,
2665 4352 2712 4396 et
2731 4343 2987 4415 justitiam
3019 4344 3433 4396 minus‘alterum
3465 4345 3634 4398 altero
3663 4345 3754 4397 hac

2155 4434 2287 4500 bere,
2321 4438 2392 4488 sic
2415 4444 2581 4490 autem
2605 4445 2650 4489 et
2682 4435 3070 4508 grammaticam
3089 4475 3105 4500 ,
3139 4444 3185 4488 et
3211 4434 3342 4488 alios
3372 4435 3607 4504 affectus.
3638 4434 3753 4498 Aliq

2153 4527 2310 4596 igitur
2339 4543 2451 4596 qua:
2488 4529 2764 4582 secundum
2789 4543 2875 4580 eos
2907 4526 3118 4594 aﬂ'ectus
3160 4526 3400 4580 dicuntur
3426 4526 3602 4596 qualia
3624 4569 3636 4590 ,
3670 4531 3754 4582 in-

451 4631 745 4702 qualgmlis.
795 4633 899 4689 sed
940 4635 1188 4703 quoniam
1235 4642 1360 4687 sum
1403 4633 1644 4703 quamam
1690 4633 1741 4688 in
1789 4634 2043 4703 qualitate
2073 4612 2443 4674 Ddubitanter
2487 4620 2734 4690 recipiunt
2786 4620 2949 4690 magis
2998 4629 3044 4673 et
3105 4618 3292 4672 minus.
3353 4618 3752 4675 Grammaticior

451 4738 570 4792 qum
605 4723 821 4778 sibimet
859 4725 1137 4780 videantur
1175 4740 1297 4782 esse
1326 4726 1592 4780 contraria
1617 4765 1632 4791 ,
1673 4734 1730 4780 ut
1753 4727 1958 4796 justitia
1990 4735 2044 4783 et

451 4815 740 4882 injustitia,
789 4814 914 4870 hinc
952 4817 1191 4886 quaedam
1224 4818 1451 4887 qumstio
1481 4818 1614 4872 solet
1660 4819 1808 4872 oriri.
1855 4817 2046 4875 Dicunt

433 4908 590 4963 enim
615 4906 830 4977 quidam
850 4908 1072 4978 justitia:
1091 4909 1403 4979 injustitiam
1429 4925 1534 4965 non
1555 4926 1675 4968 esse
1697 4913 2041 4980 contrariam,

450 5009 638 5069 putant
663 5000 804 5080 enim
843 5000 984 5070 quod
1013 5001 1206 5056 dicitur
1241 5003 1496 5071 injustitia
1530 5003 1877 5073 privationem
1923 5022 2044 5064 esse

449 5092 698 5164 iustitiae,
732 5107 834 5146 non
882 5100 1059 5148 tamen
1098 5094 1556 5150 contrarietatem.
1589 5095 1866 5153 Contraria
1898 5098 2040 5156 enim

451 5186 681 5256 prepriis
719 5184 1060 5250 nominibus,
1099 5188 1204 5240 non
1235 5188 1487 5242 contrarii
1537 5187 1835 5258 privatione
1866 5192 2042 5245 nomi-

451 5279 594 5344 nari,
624 5287 681 5333 ut
705 5277 882 5332 album
914 5277 1086 5348 nigro,
1109 5277 1307 5333 habere
1331 5288 1504 5334 tamen
1524 5280 1785 5350 justitiam
1811 5281 2040 5352 aliquam

452 5372 910 5437 contrarietatem,
943 5371 1097 5442 cujus
1125 5372 1299 5428 adlmc
1321 5374 1593 5444 proprium
1617 5390 1811 5430 nomen
1845 5390 1948 5429 non
1975 5376 2043 5430 sit

451 5464 747 5527 inventum,
782 5463 919 5532 quod
947 5465 1167 5518 omnino
1198 5463 1388 5519 falsum
1421 5475 1523 5520 est.
1561 5465 1739 5520 Multae
1767 5467 1909 5520 enim
1945 5466 2040 5520 ha-

452 5554 726 5611 bitudines
756 5555 1071 5624 privationis
1103 5557 1362 5612 vocabulo
1390 5556 1756 5626 proferuntur,
1786 5566 1847 5612 ut
1876 5557 2045 5613 illibe-

451 5646 636 5701 ralitas
670 5657 723 5701 et
748 5648 1135 5720 imprudentia,
1169 5665 1288 5721 qua:
1320 5665 1593 5720 nunquam
1623 5651 1907 5706 virtutibus
1947 5667 2043 5722 op-

451 5747 804 5809 ponerentur,
839 5757 956 5812 qua:
983 5752 1107 5796 sunt
1139 5743 1380 5809 habitus,
1412 5741 1512 5796 nisi
1549 5742 1676 5810 ipsa:
1708 5758 1918 5814 quoque
1954 5744 2046 5798 ba-

453 5829 596 5890 bitus
631 5843 841 5902 essent,
878 5844 935 5892 et
968 5835 1018 5897 in
1056 5838 1248 5896 animis
1294 5836 1599 5895 habentium
1643 5837 2044 5896 immutabiliter

2147 4712 2280 4766 enim
2308 4712 2436 4765 alter
2460 4711 2622 4765 altero
2652 4710 2859 4777 dicitur,
2891 4718 2939 4765 et
2959 4711 3169 4783 justior,
3202 4720 3248 4766 et
3277 4712 3490 4778 sanior;
3517 4713 3751 4769 similiter

2147 4813 2191 4858 et
2223 4806 2274 4858 in
2305 4804 2441 4858 aliis.

2217 4909 2376 4964 Aliud
2409 4923 2622 4980 quoque
2655 4910 2928 4980 proprium
2959 4908 3199 4978 protulit,
3232 4907 3376 4980 quod
3407 4917 3634 4965 tractata
3663 4925 3749 4966 ra-

2149 5001 2291 5056 tione
2338 5000 2405 5055 ab
2443 5000 2648 5070 integra
2690 5001 3016 5070 proprietate
3046 5000 3318 5070 qualitatis
3359 5002 3614 5057 exclusit.
3661 5003 3751 5058 Ait

2149 5093 2290 5148 cnim
2335 5092 2621 5162 qualitates
2664 5108 2820 5162 posse
2863 5093 2943 5147 vel
2991 5092 3194 5148 intendi
3225 5093 3308 5147 vel
3351 5093 3538 5148 minui.
3580 5093 3750 5149 Posse

2149 5185 2290 5240 enim
2321 5185 2448 5240 dicit
2472 5186 2696 5240 alterum
2722 5186 2892 5241 altero
2914 5187 3033 5256 plus
3058 5186 3239 5241 album
3265 5186 3544 5256 appellari,
3570 5195 3630 5240 ut
3659 5187 3747 5241 uix

2149 5286 2391 5346 argento,
2426 5285 2479 5331 et
2507 5293 2622 5346 qua:
2653 5277 2958 5332 candidiora
2992 5287 3116 5333 sunt
3147 5292 3434 5342 marmora,
3465 5286 3517 5331 et
3537 5277 3744 5346 justum

2149 5371 2376 5425 alterum
2421 5371 2591 5425 altero
2621 5371 2790 5441 magis
2820 5380 2871 5424 ct
2901 5372 3075 5424 minus
3108 5369 3356 5425 dicimus.
3391 5368 3634 5436 Namque
3661 5371 3748 5438 ju-

2151 5463 2285 5517 stius
2311 5462 2510 5532 aliquid
2542 5461 2737 5516 factum
2760 5504 2772 5528 ,
2805 5477 2903 5516 nec
2929 5478 3033 5517 non
3065 5461 3223 5517 etiam
3249 5461 3607 5532 justissimum
3637 5471 3741 5517 est.

2153 5554 2207 5609 In
2237 5556 2428 5624 quibus
2457 5567 2633 5610 autent
2677 5557 3106 5626 comparationes
3150 5564 3308 5622 sunt,
3362 5555 3412 5608 in
3463 5555 3546 5609 his
3576 5555 3746 5623 magis

2151 5649 2430 5719 minusque
2479 5651 2580 5706 dici
2631 5642 2969 5705 manilcslUm
3014 5660 3132 5714 est;
3187 5649 3287 5704 hoc
3325 5664 3538 5719 quoque
3581 5647 3744 5703 modo

2152 5743 2324 5812 ipsum
2354 5743 2563 5810 album,
2599 5744 2681 5798 vel
2720 5743 2824 5797 alia
2856 5731 3082 5812 qualitas
3111 5756 3214 5796 non
3247 5742 3419 5796 solum
3450 5749 3635 5795 contra
3662 5738 3739 5792 al-

2151 5845 2322 5892 terum
2353 5833 2593 5902 ejusdem
2623 5834 2820 5901 speciei
2852 5845 3159 5904 comparata
3192 5833 3490 5894 intentione
3517 5827 3735 5897 crescit.
