4022 6328
258 329 357 385 257

1269 329 1332 386 IN
1373 327 1805 391 CATEGORIAS
1847 328 2299 389 ARISTOTELIS
2337 330 2466 388 ΜΒ.
2507 331 2593 388 lli.

3445 334 3551 391 258

260 453 308 498 et
343 445 679 501 relaxatione
726 442 1005 512 minuitur,
1049 444 1142 500 sed
1186 445 1345 500 etiam
1387 460 1418 500 a
1460 446 1635 516 selpsa
1666 454 1855 516 recipit
1889 450 1934 508 Α
1963 455 2106 500 tasse
2137 445 2419 516 majorem,
2455 443 2626 514 magis
2651 415 2830 498 aut'etn
2861 457 2965 498 non
2987 441 3132 498 dicit.
3180 442 3348 514 Hujus
3375 457 3553 504 autem

258 536 751 604 tomparationem:
773 533 978 592 Dicitur
1005 535 1152 592 enim
1181 550 1321 592 nunc
1341 535 1556 608 quidem
1581 544 1857 608 argentum

259 626 543 684 tandidius
568 641 690 684 esse
719 641 876 698 quam
901 633 1078 694 antea,
1107 641 1230 684 cum
1260 626 1418 683 fuerit
1439 626 1730 684 detersum.
1754 627 1861 684 Sed

260 733 381 776 eum
416 716 534 774 haec
564 716 632 773 ita
661 717 789 783 sint,
817 732 922 774 non
953 728 1034 775 est
1065 718 1235 789 magis
1262 717 1547 790 minusque
1579 717 1867 788 suscipere

260 809 541 881 proprium
574 808 878 880 qualitatis;
924 823 1096 880 neque
1125 809 1267 865 enim
1298 810 1410 864 sola
1439 806 1668 880 qualitas
1696 808 1867 879 magis

261 903 552 971 minusque
580 899 838 972 suscipit,
871 899 987 956 brcc
1013 902 1153 956 enim
1188 901 1412 956 intentio
1441 911 1494 956 ot
1520 901 1784 956 relaxatio
1811 902 1865 956 in

264 991 348 1046 his
391 1007 607 1063 quoque
638 1008 758 1062 qua:
787 1002 910 1047 sunt
957 993 1022 1046 ad
1069 991 1269 1063 aliquid
1303 991 1594 1059 invenitur,
1638 1003 1695 1048 ut
1721 994 1773 1048 in
1801 1009 1868 1049 eo

265 1087 410 1155 quod
460 1094 544 1140 est
592 1085 796 1155 aequale
841 1095 894 1139 et
926 1085 1190 1154 inaequale
1228 1100 1512 1156 possumus
1542 1085 1720 1141 dicere
1753 1087 1870 1155 plus

267 1179 479 1247 aequale
505 1176 591 1231 vel
622 1177 816 1241 minus,
847 1186 899 1231 et
931 1177 982 1230 in
1011 1178 1222 1231 caeteris
1250 1176 1584 1247 hujusmodi;
1619 1193 1718 1233 nec
1743 1193 1872 1232 vero

269 1287 462 1326 omnes
486 1273 771 1340 qualitates
793 1271 1088 1339 suscipiunt
1111 1273 1278 1340 magis
1299 1280 1354 1326 et
1374 1271 1571 1338 minus,
1595 1270 1734 1340 quod
1759 1271 1874 1338 ipse

268 1366 351 1420 sic
382 1363 572 1435 ponit:
596 1364 710 1418 Non
741 1373 916 1418 autem
944 1364 998 1418 in
1020 1365 1268 1418 omnibus
1293 1365 1393 1419 hoc
1414 1373 1517 1430 est,
1551 1363 1644 1417 sed
1675 1363 1724 1417 in
1751 1364 1872 1432 plu-

270 1457 444 1512 ribus.
485 1457 753 1511 Dubitabit
782 1456 924 1511 enim
954 1459 1074 1527 quis
1103 1472 1168 1511 an
1197 1458 1404 1527 justitia
1436 1458 1603 1523 magis
1637 1472 1758 1512 esse
1787 1458 1876 1525 ju-

273 1552 419 1606 stitia
445 1551 674 1616 dicatur,
708 1552 956 1606 similiter
975 1561 1154 1605 autem
1184 1562 1235 1606 et
1261 1549 1317 1605 in
1338 1550 1454 1604 aliis
1475 1549 1873 1604 all‘ectionibus.

275 1643 504 1710 Quidatn
535 1658 664 1697 vero
697 1644 749 1697 in
786 1643 886 1698 hoc
917 1643 1194 1707 dubitant,
1227 1643 1409 1697 dicunt
1438 1643 1580 1697 enim
1608 1642 1874 1712 justitiam

282 1737 483 1809 justitia
515 1751 620 1790 non
656 1737 825 1805 magis
850 1737 935 1796 vel
965 1737 1141 1790 minus
1181 1735 1316 1798 dici,
1352 1750 1450 1790 nec
1481 1736 1762 1790 sanitatem
1793 1751 1879 1789 sa-

1967 537 2044 592 rei
2092 537 2208 591 haec
2255 534 2392 591 ratio
2439 545 2554 601 est,
2605 544 2663 590 ut
2707 550 2827 590 cum
2877 534 2946 590 sit
2991 535 3239 606 trianguli
3277 535 3554 606 diliinitio,

1969 629 2142 699 ﬁgura
2172 644 2289 700 qua:
2323 629 2421 684 sub
2453 628 2622 684 tribus
2648 628 2811 684 rectis
2839 627 2996 683 lineis
3024 628 3350 696 continetur,
3380 629 3426 684 si
3457 645 3557 698 qua

1967 729 2092 778 sunt
2133 733 2252 788 qua:
2290 720 2430 775 hanc
2459 717 2833 776 diillnitionem
2866 719 2918 774 in
2953 734 3012 774 se
3047 721 3375 791 suscipiant,
3419 731 3479 778 ut
3508 731 3561 777 et

1971 813 2083 882 ipsa
2117 811 2288 867 tribus
2323 810 2484 867 rectis
2514 811 2671 866 lineis
2701 811 3099 876 contineantur,
3131 813 3347 881 proprie
3390 813 3562 868 trian-

1972 905 2111 974 gulae
2139 903 2322 959 formae
2352 911 2508 968 sunt,
2551 903 2737 958 eodem
2766 905 2996 974 [quoque
3043 903 3202 958 modo
3240 913 3294 958 et
3336 904 3565 959 circulus

1974 1000 2045 1053 ita
2075 997 2336 1052 difﬁnitur
2371 1015 2382 1048 :
2416 996 2662 1053 Circulus
2688 1005 2769 1050 est
2798 995 2963 1064 ﬁgura
2993 996 3170 1065 plana,
3190 1011 3308 1065 qua!
3336 997 3435 1050 sub
3465 1011 3566 1048 una

1978 1091 2131 1146 linca‘
2162 1091 2487 1155 continetur,
2520 1090 2584 1142 ad
2622 1104 2779 1159 quam
2825 1104 2891 1143 ex
2931 1104 3038 1143 uno
3078 1100 3276 1158 puncto
3307 1089 3396 1159 qui
3429 1090 3567 1143 intra

1980 1185 2152 1252 ipsam
2181 1193 2290 1245 est,
2325 1197 2513 1237 omnes
2539 1194 2660 1251 quae
2688 1189 2893 1236 exeunt
2917 1181 3074 1235 linea:
3101 1197 3265 1248 aequae
3292 1181 3391 1234 sibi
3422 1189 3567 1234 sunt.

1980 1277 2188 1331 Rursus
2232 1275 2475 1344 quadrati
2505 1274 2751 1330 diliinitio
2801 1275 2922 1328 talis
2961 1285 3084 1329 est:
3121 1273 3447 1340 Quadratum
3487 1282 3570 1328 est

1983 1367 2126 1436 quod
2155 1376 2382 1436 quatuor
2421 1365 2717 1435 aequalibus
2749 1365 2904 1420 lineis
2941 1374 2992 1420 et
3021 1375 3248 1434 quatuor
3275 1366 3436 1420 rectis
3476 1379 3572 1418 an-

1983 1458 2120 1529 gulis
2160 1458 2484 1512 continetur.
2516 1457 2857 1526 Quaecunque
2904 1457 3065 1526 igitur
3092 1457 3175 1510 vel
3216 1456 3398 1510 circuli
3427 1456 3571 1510 dit'ti—

1985 1553 2242 1605 nitionem
2276 1552 2603 1620 suscipiunt,
2637 1551 2720 1604 vel
2749 1549 3024 1619 quadrati,
3057 1549 3334 1619 aequaliter
3359 1549 3440 1604 vel
3471 1548 3571 1602 cir-

1989 1643 2095 1698 culi
2138 1644 2221 1698 vel
2262 1644 2532 1712 quadratae
2576 1643 2759 1698 formae
2785 1653 2943 1707 sunt;
2975 1642 3018 1695 si
3060 1657 3161 1711 qua
3188 1656 3316 1696 vero
3353 1655 3455 1696 non
3487 1655 3574 1694 su«
3655 1665 3659 1668 -

1987 1736 2241 1805 scipiunt,
2264 1737 2407 1790 nullo
2431 1734 2591 1789 modo
2607 1744 2748 1788 sunt.
2765 1735 2819 1789 Si
2843 1749 2945 1804 qua
2971 1748 3095 1788 vero
3117 1742 3242 1788 sunt
3266 1749 3385 1802 qua:
3407 1747 3576 1801 neque

285 1828 480 1892 nitate;
510 1828 687 1882 minus
715 1838 895 1882 autem
920 1827 1118 1882 habere
1142 1828 1368 1881 alterum
1395 1827 1565 1881 altero
1596 1827 1878 1881 sanitatem
1913 1829 1960 1888 B
1989 1827 2236 1896 quadrati
2268 1827 2568 1897 suscipiunt
2597 1826 2972 1880 dil'linitionem
2996 1867 3010 1891 ,
3045 1841 3216 1895 neque
3241 1824 3454 1889 circuli,
3489 1839 3576 1877 ne-

282 1921 489 1987 dicunt,
520 1933 575 1976 et
610 1922 869 1990 justitiam
903 1921 1080 1976 minus
1110 1922 1335 1975 alterum
1364 1921 1534 1976 altero
1569 1922 1787 1976 habere.
1820 1921 1879 1976 In

282 2013 387 2068 hoc
419 2024 529 2069 tres
565 2014 711 2070 fuere
743 2017 1044 2070 scntentiaz.
1077 2015 1302 2081 Quidam
1340 2030 1570 2084 namque
1610 2015 1879 2077 dicebant,

283 2107 338 2162 in
366 2106 618 2161 omnibus
648 2107 941 2162 secundum
975 2105 1214 2161 materia:
1256 2105 1625 2161 habitudinem
1659 2106 1882 2175 reperiri

282 2213 444 2268 posse
470 2199 640 2268 magis
676 2210 730 2254 et
762 2201 957 2254 minus.
992 2199 1271 2269 Proprium
1305 2214 1534 2270 namque
1561 2214 1679 2254 esse
1709 2209 1881 2253 mate-

283 2291 380 2346 ria:
418 2306 814 2362 corporumque
855 2292 1152 2348 intentione
1198 2307 1444 2347 crescere
1487 2302 1537 2348 et
1585 2293 1752 2346 minui
1796 2308 1885 2348 re-

286 2385 593 2450 laxatione,
623 2402 742 2455 qua:
777 2386 1131 2456 quorumdam
1181 2385 1574 2442 Platonicorum
1620 2387 1882 2441 sententia

285 2479 410 2534 fuit.
439 2480 556 2534 Alia
580 2495 705 2534 vero
731 2495 849 2550 quae
877 2480 1171 2535 secundum
1203 2480 1530 2534 certissimas
1553 2480 1885 2534 verissimus-

292 2588 400 2643 que
435 2580 576 2627 artes
613 2583 770 2644 atque
799 2573 1022 2628 virtutes
1067 2589 1172 2628 non
1213 2572 1417 2627 diceret
1460 2587 1579 2629 esse
1626 2573 1794 2641 magis
1832 2579 1887 2625 et

289 2667 477 2724 minus
497 2708 512 2732 ,
552 2666 837 2721 secundum
869 2677 1047 2722 autem
1089 2665 1293 2721 medias
1319 2665 1423 2720 dici
1467 2679 1656 2735 posse,
1685 2672 1741 2718 ut
1772 2664 1887 2718 haec

289 2758 405 2830 ipsa
449 2760 793 2828 grammatica
851 2769 1011 2830 atque
1055 2758 1261 2828 justitia
1329 2773 1434 2813 non
1490 2757 1682 2811 dicitur
1719 2754 1886 2824 magis

291 2853 639 2921 grammatica
669 2867 844 2924 neque
883 2853 1053 2922 magis
1080 2851 1309 2922 justitia.
1345 2851 1479 2906 Esse
1515 2859 1690 2904 autem
1727 2863 1888 2919 quas-

292 2941 415 2999 dam
448 2943 582 2998 alias
607 2943 908 3000 mediocres
933 2952 1077 2999 artes
1097 2985 1112 3010 ,
1143 2945 1194 2999 in
1225 2943 1419 3014 quibus
1449 2942 1676 3010 ldipsum
1707 2950 1890 3010 posset

294 3036 532 3092 evenire.
562 3035 746 3092 Tertia
774 3045 857 3092 est
884 3035 950 3091 de
976 3051 1077 3107 qua
1111 3035 1432 3091 Aristoteles
1463 3033 1718 3104 loquitur,
1745 3031 1888 3103 quod

295 3128 440 3199 ipsas
469 3127 687 3199 quidem
731 3127 1072 3184 habitudines
1104 3128 1247 3182 nulla
1278 3125 1576 3182 intentione
1605 3139 1879 3190 crescere,

1988 1934 2092 1988 que
2129 1918 2377 1986 quadrati
2406 1928 2562 1983 sunt,
2605 1933 2778 1987 neque
2814 1917 2998 1999 circuli
3049 1927 3108 1971 ut
3135 1926 3217 1971 est
3260 1918 3425 1985 ligura
3461 1930 3577 1984 quae

1989 2020 2142 2080 parte
2177 2010 2347 2064 altera
2385 2010 2592 2080 longior
2621 2009 2836 2064 dicitur.
2869 2009 2959 2064 Illa
3003 2009 3145 2062 enim
3190 2008 3258 2062 ita
3299 2006 3574 2073 diflinitur,

1989 2112 2141 2172 parte
2184 2102 2352 2156 altera
2385 2101 2591 2172 longior
2626 2102 2790 2170 figura
2832 2111 2914 2155 est
2949 2116 3070 2170 quae
3111 2101 3211 2155 sub
3252 2109 3479 2170 quatuor
3519 2101 3578 2153 Ii-

1990 2196 2106 2250 neis
2147 2194 2471 2261 continetur,
2524 2195 2794 2265 rectisque
2841 2195 3080 2265 angulis,
3147 2209 3304 2264 quam
3351 2203 3578 2264 quatuor

1991 2285 2146 2339 lineae
2173 2301 2339 2356 aequae
2367 2287 2465 2340 sibi
2494 2287 2707 2356 quidem
2736 2301 2838 2361 no_n
2869 2296 3011 2352 sunt,
3039 2295 3223 2340 contra
3246 2300 3304 2340 se
3331 2300 3457 2340 vero
3487 2301 3579 2354 po-

1990 2375 2106 2429 sitae
2130 2375 2272 2431 bina:
2296 2376 2394 2431 sibi
2421 2393 2589 2446 aequa:
2611 2387 2755 2434 sunt.
2782 2380 2917 2448 Ergo
2939 2379 3062 2448 quia
3089 2377 3390 2448 hujusmodi
3415 2378 3578 2446 ﬁgura

1991 2481 2167 2536 neque
2211 2466 2396 2522 circuli
2445 2469 2819 2525 dilﬁnitionem
2883 2471 3059 2538 capit,
3114 2484 3284 2539 neque
3339 2468 3578 2539 quadrati

1994 2557 2293 2626 aequaliter,
2340 2573 2513 2628 neque
2549 2561 2814 2627 circulus,
2864 2577 3036 2631 neque
3073 2561 3362 2630 quadratus
3387 2572 3486 2616 est.
3521 2560 3576 2616 Si

1992 2663 2096 2717 qua
2136 2648 2278 2703 enim
2307 2649 2596 2720 cujuslibet
2625 2651 2811 2704 formae
2841 2650 3211 2706 ditlinitionem
3252 2653 3578 2722 suscipiunt,

1993 2741 2213 2794 omnino
2239 2740 2426 2794 eadem
2456 2749 2603 2796 sunt.
2638 2741 2702 2796 Ut
2726 2741 2814 2811 qui
2840 2741 3028 2796 circuli
3056 2743 3306 2806 circulus,
3331 2743 3419 2812 qui
3449 2758 3579 2810 qua-

1991 2831 2131 2886 drati
2182 2831 2501 2901 quadratus,
2537 2833 2626 2903 qui
2673 2833 2920 2902 trianguli
2953 2832 3275 2901 triangulus,
3310 2833 3398 2901 qui
3429 2841 3577 2900 parte

1992 2923 2158 2980 altera
2205 2924 2494 2994 longioris,
2535 2935 2688 2995 parte
2717 2925 2886 2980 altera
2926 2925 3150 2994 longior,
3193 2935 3245 2979 et
3274 2923 3326 2977 in
3369 2923 3578 2977 caeteris

1991 3017 2182 3073 eodem
2221 3018 2404 3090 modo.
2438 3017 2492 3074 Si
2521 3034 2624 3088 qua
2658 3034 2786 3072 vero
2822 3032 2927 3073 non
2960 3017 3288 3086 suscipiunt,
3324 3026 3381 3070 ut
3409 3015 3575 3070 trian-

1991 3110 2192 3180 gulum,
2227 3111 2414 3166 circuli
2440 3110 2819 3166 ditlinitionem
2846 3125 2949 3165 non
2973 3110 3136 3180 capit,
3165 3124 3337 3179 neque
3361 3110 3578 3163 omnino

296 3236 398 3278 nec
423 3221 780 3277 diminutione
802 3220 1116 3277 decrescere
1142 3227 1313 3290 pum,
1346 3220 1438 3274 sed
1462 3231 1648 3274 eorum
1678 3217 1890 3287 panici.
1918 3202 1963 3265 C
1995 3203 2231 3258 circulus
2256 3211 2357 3268 est,
2390 3218 2489 3258 nec
2512 3211 2689 3272 potest
2711 3202 2816 3257 dici
2847 3202 2986 3256 inter
3008 3200 3321 3268 quadratum
3343 3210 3396 3254 et
3418 3200 3579 3254 triau-

296 3322 488 3384 pantes
527 3327 687 3384 posse
716 3313 816 3368 sub
845 3313 1095 3369 examine
1131 3311 1542 3382 compositionis
1571 3310 1756 3364 venire
1777 3348 1792 3374 ,
1833 3317 1890 3363 ut

296 3407 364 3462 de
406 3405 491 3461 his
535 3406 707 3476 magis
753 3405 1002 3461 minusve
1042 3404 1272 3460 dicatur.
1325 3404 1617 3459 Sanitatem
1663 3415 1893 3470 namque

297 3497 472 3567 ipsam
512 3507 569 3553 et
610 3497 900 3567 justitiam,
949 3496 1172 3550 alteram
1216 3495 1387 3551 altera
1434 3494 1602 3564 magis
1650 3494 1895 3547 minusve

300 3604 407 3645 non
439 3604 583 3645 esse.
614 3588 799 3659 Neque
827 3588 970 3644 enim
1001 3589 1282 3658 quisquam
1308 3586 1436 3642 dicit
1466 3585 1633 3656 magis
1663 3599 1784 3640 esse
1811 3600 1896 3639 sa-

301 3679 530 3735 nitatem
551 3679 656 3734 alia
678 3679 925 3734 sanitate.
952 3677 1057 3734 Sed
1086 3677 1187 3733 hoc
1211 3676 1383 3732 solum
1406 3677 1586 3731 dicere
1613 3690 1896 3744 possumus

303 3773 477 3843 magis
519 3771 719 3828 habere
760 3771 1042 3827 sanitatem
1072 3771 1333 3841 aliquem,
1369 3769 1419 3824 id
1457 3778 1538 3823 est
1567 3781 1686 3823 esse
1718 3767 1900 3822 sanio-

304 3883 445 3935 rem,
477 3877 531 3924 et
557 3869 723 3938 magis
753 3877 1030 3934 sanum,et
1060 3867 1237 3921 minus
1265 3880 1474 3920 sanum.
1510 3862 1744 3917 Dicimus
1775 3877 1903 3932 ergo

305 3962 451 4032 quod
477 3960 612 4031 ipsa;
641 3961 855 4031 quidem
879 3960 1160 4031 qualitates
1190 3975 1293 4014 non
1326 3959 1623 4028 suscipiunt
1657 3957 1823 4026 magis
1852 3965 1905 4010 et

309 4056 515 4112 minus.
555 4053 655 4122 Qui
683 4069 814 4110 vero
850 4052 1143 4108 secundum
1185 4068 1276 4108 eas
1302 4052 1487 4121 quales
1507 4050 1776 4112 dicuntur,
1806 4047 1906 4117 ipsi

313 4150 419 4206 sub
463 4149 860 4218 comparatione
897 4146 1091 4202 cadunt
1114 4190 1130 4216 ,
1178 4154 1234 4200 ut
1277 4145 1495 4215 justior,
1528 4153 1580 4199 et
1615 4143 1817 4207 sanior,
1855 4148 1910 4196 et

317 4243 737 4314 grammaticior.
785 4240 1025 4310 Namque
1058 4240 1170 4308 ipsa
1211 4237 1556 4308 grammatica
1577 4281 1589 4303 ,
1632 4235 1683 4290 id
1714 4243 1796 4288 est
1825 4233 1910 4287 lit-

317 4344 581 4401 teratura,
618 4349 722 4388 non
767 4331 988 4398 suscipit
1029 4327 1198 4398 magis
1235 4337 1289 4382 et
1314 4328 1524 4390 minus,
1563 4325 1739 4379 nullus
1769 4322 1910 4379 enim

314 4428 449 4483 dicit
479 4429 702 4482 alteram
748 4425 914 4479 altera
963 4421 1134 4492 magis
1177 4436 1297 4476 esse
1339 4419 1774 4488 grammaticam,
1820 4414 1913 4471 sed

314 4537 439 4578 eum
471 4520 561 4590 qui
588 4517 933 4590 grammatica
964 4515 1077 4584 ipsa
1109 4514 1413 4584 participat.
1450 4511 1682 4566 Dicimus
1712 4509 1916 4589 littera-

1999 3294 2218 3364 gulum,
2261 3293 2516 3363 quoniam
2549 3304 2773 3364 utraque
2821 3292 3008 3348 circuli
3053 3291 3427 3347 difﬁnitionem
3475 3307 3580 3346 non

2001 3389 2257 3459 capiunt,
2317 3387 2634 3454 quadratum
2686 3386 2900 3456 quidem
2958 3386 3073 3455 plus
3119 3401 3238 3440 esse
3288 3382 3582 3449 circulum,

2003 3480 2324 3549 triaugulum
2358 3494 2487 3534 vero
2521 3480 2720 3543 minus,
2757 3479 2976 3532 omnino
3003 3479 3142 3532 enim
3174 3487 3394 3546 utraque
3425 3492 3451 3529 a
3482 3477 3584 3530 cir-

2003 3573 2106 3628 culi
2146 3575 2353 3627 ratione
2392 3571 2660 3641 disiuncta
2688 3580 2844 3638 sunt,
2882 3570 3023 3642 quod
3052 3570 3136 3625 his
3170 3569 3350 3624 verbis
3379 3568 3446 3622 ab
3474 3569 3583 3623 Ari-

2005 3664 2197 3718 stotele
2226 3672 2480 3718 tractatur
2501 3680 2516 3717 :

2081 3782 2405 3850 Quaecunque
2444 3781 2578 3834 enim
2616 3781 2966 3850 cli/ﬁnitionem
3017 3778 3259 3850 trianguli
3306 3776 3588 3846 suscipiunt

2007 3882 2055 3929 ot
2087 3875 2296 3939 circuli,
2334 3873 2506 3927 omnia
2554 3872 2788 3925 similiter
2835 3871 3078 3941 trianguli
3124 3872 3201 3924 vel
3239 3869 3418 3922 circuli
3453 3875 3590 3922 sunt.

2012 3969 2207 4024 Eorum
2247 3985 2360 4023 vero
2401 3984 2514 4038 qua:
2557 3984 2657 4021 non
2698 3967 3020 4036 suscipiunt,
3051 3964 3181 4018 nihil
3201 3963 3360 4034 magis
3383 3961 3593 4015 alterum

2011 4062 2171 4116 altero
2204 4061 2425 4127 dicitur;
2454 4061 2584 4115 nihil
2611 4059 2742 4113 enim
2764 4058 3070 4128 quadratum
3101 4056 3262 4126 magis
3286 4071 3434 4125 quam
3459 4061 3595 4122 parte

2013 4157 2174 4209 altera
2207 4150 2408 4224 longior
2441 4157 2606 4223 [arma
2628 4197 2639 4217 ,
2673 4153 2894 4206 circulus
2933 4160 3046 4213 est,
3079 4151 3280 4203 nullum
3309 4148 3440 4202 enim
3466 4147 3597 4216 ipso-

2015 4261 2131 4296 rum
2154 4245 2333 4312 recipit
2357 4244 2539 4295 circuli
2564 4243 2830 4296 rationem.
2863 4241 3176 4306 Simpliciter
3198 4248 3367 4292 autent
3392 4239 3434 4291 si
3461 4248 3599 4290 utra-

2017 4353 2116 4408 que
2142 4354 2243 4390 non
2271 4339 2523 4406 recipiunt
2548 4336 2796 4406 propositi
2817 4336 3063 4388 rationem
3081 4375 3094 4400 ,
3121 4351 3220 4388 non
3253 4335 3450 4387 dicetur
3472 4331 3602 4384 alte-

2017 4447 2133 4484 rum
2170 4431 2332 4485 altera
2371 4431 2569 4500 magis;
2605 4446 2705 4483 non
2753 4445 2871 4497 ergo
2918 4430 3088 4482 omnia
3127 4429 3302 4497 qualia
3357 4426 3602 4497 recipiunt

2022 4526 2184 4594 magis
2211 4534 2258 4578 et
2286 4512 2476 4578 minus.
2503 4523 2704 4577 [lorum
2724 4524 2888 4591 itaque
2914 4538 3029 4593 qua:
3054 4521 3299 4593 praedicta
3321 4529 3456 4587 sunt,
3481 4519 3604 4574 nihil

316 4624 455 4680 tum,
489 4627 650 4683 quem
681 4626 709 4664 a
738 4612 1037 4666 litteratura
1065 4609 1272 4663 scilicet
1300 4605 1742 4671 denominamus,
1777 4602 1892 4657 litte

2023 4626 2096 4670 est
2119 4617 2381 4686 proprium
2414 4615 2698 4684 qualitatis.

317 4716 470 4761 ratus
519 4713 699 4759 autem
748 4703 968 4772 suscipit
1016 4699 1184 4769 magis
1229 4708 1281 4754 et
1326 4698 1534 4763 minus,
1578 4705 1634 4750 ut
1683 4694 1918 4749 Donatus

319 4795 706 4866 grammaticus
746 4793 864 4862 plus
890 4799 1008 4846 erat
1038 4797 1196 4844 :etate
1227 4787 1338 4858 jam
1369 4794 1620 4857 provecta
1650 4797 1917 4854 gramma-

321 4894 484 4954 ticus,
518 4888 572 4943 id
600 4897 682 4943 est
706 4887 1006 4950 litteratus,
1037 4898 1195 4954 quam
1225 4897 1344 4937 cum
1387 4868 1616 4951 primum
1641 4880 1705 4934 ad
1735 4876 1922 4947 hujus-

322 4982 468 5037 modi
515 4979 695 5036 studia
741 4979 1071 5035 devenisset.
1105 4975 1210 5031 Sed
1251 4963 1552 5046 quanquam
1593 4988 1652 5028 se
1695 4972 1808 5027 haec
1851 4973 1922 5025 ita

324 5074 594 5137 habeant,
625 5081 800 5126 tamen
845 5069 1147 5126 invenimus
1175 5066 1382 5137 aliquas
1411 5065 1699 5137 qualitates
1727 5062 1924 5134 quibus

324 5166 629 5224 indubitate
674 5164 1005 5236 comparatio
1048 5161 1277 5218 inveniri
1322 5176 1427 5216 non
1459 5161 1662 5232 possit,
1711 5168 1770 5215 ut
1801 5168 1926 5215 sunt

323 5277 456 5333 quas
489 5263 608 5333 ipse
638 5259 939 5331 supposuit.

402 5362 723 5433 Triangulus
747 5377 862 5416 vero
904 5370 950 5415 et
987 5360 1376 5433 quadrangulus
1410 5375 1512 5412 non
1544 5358 1740 5412 videtur
1767 5355 1927 5428 magis

322 5465 371 5511 et
399 5458 576 5510 minus
604 5455 885 5525 suscipere,
915 5471 1004 5510 nec
1033 5456 1204 5524 aliqua
1229 5454 1450 5507 aliarum
1482 5453 1783 5523 ﬁgurarum.

405 5559 532 5613 Haec
581 5558 727 5613 enim
769 5573 886 5628 qua:
933 5572 994 5613 ex
1024 5567 1210 5627 quarta
1258 5556 1435 5626 specie
1485 5557 1754 5627 qualitatis
1785 5556 1925 5612 dicta

329 5659 475 5712 sunt,
511 5648 684 5718 magis
709 5649 950 5703 minusve
979 5649 1122 5702 nulla
1154 5647 1360 5702 ratione
1389 5649 1718 5717 suscipiunt,
1751 5649 1927 5704 nullus

329 5741 475 5796 enim
509 5739 640 5794 dicit
669 5739 784 5809 plus
807 5754 928 5794 esse
951 5739 1112 5794 alium
1140 5738 1398 5794 circulum
1423 5753 1581 5809 quam
1613 5739 1797 5807 alium,
1827 5753 1926 5797 nec

333 5836 658 5918 magisesse
680 5833 1161 5926 illud_triangulum
1185 5847 1343 5918 quam
1377 5831 1527 5906 illud,
1559 5832 1793 5912 dicitque
1817 5834 1924 5894 fors

2096 4726 2224 4780 Nam
2257 4728 2301 4780 si
2336 4727 2433 4782 hoc
2463 4725 2711 4780 tlitlinitio
2740 4723 2886 4789 facit,
2913 4733 2967 4779 ut
2990 4723 3324 4780 demonstret
3351 4724 3607 4784 rationem

2025 4819 2283 4890 cujusque
2307 4817 2624 4871 substantia:
2646 4859 2659 4883 ,
2687 4830 3013 4885 quaecunque
3050 4814 3367 4869 diflinitione
3411 4815 3608 4869 discre-

2028 4920 2173 4978 pant,
2205 4910 2291 4964 illa
2319 4910 2479 4964 etiam
2511 4907 2623 4976 ipsa
2657 4917 2850 4962 natura
2881 4906 3193 4962 substantiae
3215 4907 3610 4977 discrepabunt.

2028 5001 2193 5057 Recte
2223 5001 2382 5072 igitur
2404 5001 2448 5055 si
2474 5016 2574 5071 qua
2597 5000 2881 5069 cujuslibet
2901 5001 2977 5054 rei
3005 5001 3288 5070 propositze
3309 5000 3422 5055 sive
3452 4999 3610 5053 tt-ian.

2028 5095 2169 5166 guli,
2220 5096 2330 5151 sive
2375 5093 2621 5165 quadrati
2669 5093 3040 5148 dilﬁnitionem
3091 5110 3195 5148 non
3241 5094 3492 5162 capiunt,
3546 5091 3612 5146 ab

2029 5186 2270 5257 ejusdem
2296 5197 2483 5242 natura
2507 5179 2774 5255 ‘disjuncta
2798 5194 2941 5241 sunt.
2966 5185 3222 5252 Quocirca
3251 5199 3423 5254 neque
3449 5182 3612 5238 trian-

2027 5279 2240 5350 gulum,
2289 5273 2462 5348 neque
2508 5277 2856 5347 quadratum,
2905 5292 3078 5348 neque
3117 5275 3386 5342 circulus,
3441 5289 3614 5343 neque
3710 5326 3716 5332 .

2029 5371 2285 5442 quidquid
2316 5363 2505 5425 horum
2535 5379 2646 5437 est,
2681 5369 2976 5440 suscipiunt
3006 5366 3174 5438 magis
3196 5377 3248 5421 et
3277 5365 3474 5420 minus.
3507 5362 3614 5420 Sed

2031 5476 2152 5519 cum
2186 5462 2300 5518 hzec
2330 5463 2612 5532 qualitates
2642 5463 2770 5528 sint,
2802 5477 2904 5517 non
2936 5475 3123 5516 omnes
3148 5459 3430 5530 qualitates
3451 5473 3615 5528 aequae

2030 5557 2199 5627 magis
2245 5545 2486 5612 minusve
2532 5555 2848 5626 suscipiunt.
2883 5552 3031 5622 Quod
3063 5551 3107 5607 si
3153 5566 3325 5621 neque
3372 5551 3423 5606 in
3466 5550 3613 5606 omni

2030 5651 2283 5722 qualitate
2323 5651 2547 5707 intentio
2595 5649 2984 5718 diminutioque
3025 5647 3303 5716 provenit,
3347 5661 3519 5716 neque
3561 5645 3617 5701 in

2029 5744 2310 5815 sola,quud
2332 5745 2443 5800 ltzec
2461 5745 2644 5800 eadem
2663 5743 2713 5797 in
2740 5740 2997 5797 relatione
3024 5739 3279 5808 reperias,
3296 5753 3400 5806 npn
3417 5747 3618 5793 estma-

2030 5838 2110 5912 gis
2141 5841 2386 5900 minusve
2415 5840 2687 5912 suscipere
2713 5834 2984 5912 proprium
3024 5831 3316 5908 qualitatis.
3341 5830 3618 5906 Quodnam
