4022 6328
437 383 545 447 259

1662 390 1773 447 ΑΝ.
1814 384 2023 447 ΜΑΝι.
2065 387 2220 445 SEV.
2262 387 2497 445 BOETIL

3615 388 3719 446 260

438 508 599 579 Igitur
624 507 892 577 qualitatis
918 505 1187 577 proprium
1226 519 1346 562 esse
1371 500 1663 563 dicendum
1684 516 1801 576 est,
1834 505 1887 562 id
1907 507 2020 577 ipse
2050 505 2105 566 A
2137 502 2297 557 habet
2323 503 2423 556 sub
2453 518 2513 556 se
2533 499 2667 557 alias
2700 500 3063 572 habitudines,
3090 504 3491 574 grammaticam
3509 506 3568 558 et
3596 518 3721 573 geo-

441 584 750 669 planissime
776 597 1159 666 subterposuit.

2132 594 2400 649 metriam.
2438 594 2494 649 In
2527 593 2627 650 hoc
2658 595 2821 665 igitur
2854 598 3075 653 scientia
3100 597 3216 666 ipsa
3243 598 3387 668 quod
3413 610 3583 666 genus
3608 606 3719 662 est,

512 712 718 766 Similia
756 725 872 763 “r0
907 720 954 763 ει
994 709 1262 762 dun-mm“
1301 702 1581 764 magna",
1615 708 1755 764 ,σω
1781 710 2027 762 “cum”
2130 690 2197 743 ad
2229 688 2425 756 aliquid
2457 704 2671 753 semper
2704 688 2969 759 refertur,
3007 692 3237 747 dicimus
3267 691 3409 745 enim
3440 692 3719 746 scientiam

440 804 729 872 qualitates.
760 801 940 855 Simile
968 801 1102 853 enim
1145 799 1368 853 alterum
1408 799 1560 853 altari
1600 812 1703 853 non
1740 806 1817 855 est
1845 806 2027 853 secun-

440 893 561 946 dum
586 893 727 945 aliud
746 891 1023 961 quidquam
1044 926 1059 957 ,
1082 906 1234 960 quam
1263 890 1542 945 secundum
1569 891 1700 944 illud
1719 892 1853 960 quad
1874 893 2028 959 quale

441 992 531 1036 est.
564 984 734 1049 Quare
760 983 1027 1051 praprium
1054 986 1148 1035 erit
1178 982 1441 1052 qualitatis
1462 1016 1479 1049 ,
1501 982 1783 1039 secundum
1807 994 1919 1037 eam
1948 983 2024 1037 si-

439 1077 557 1129 mile
576 1087 624 1129 et
645 1076 895 1129 dissimile
923 1075 1046 1128 diei.
1896 1070 1899 1075 λ

508 1167 694 1220 Simile
737 1166 911 1234 inquit
942 1176 996 1218 et
1020 1165 1280 1220 dissimile
1303 1166 1436 1221 solas
1462 1165 2023 1237 retinentqualitates.

440 1259 564 1311 Na'n
597 1259 841 1327 quamvis
867 1257 1044 1311 simile
1073 1256 1139 1310 ad
1171 1257 1369 1326 aliquid
1393 1259 1485 1324 sit,
1520 1267 1696 1311 tamen
1730 1257 1831 1311 hoc
1853 1257 2026 1326 ipsum

440 1350 579 1419 quod
620 1350 878 1417 dicimus,
912 1350 1087 1405 simile
1133 1366 1240 1405 non
1277 1351 1534 1417 dicimus,
1566 1353 1667 1407 nisi
1695 1350 1839 1421 quod
1866 1352 2028 1422 quale

440 1450 542 1500 est.
571 1443 701 1497 Nam
725 1444 771 1498 si
802 1443 990 1497 eadem
1018 1443 1249 1513 qualitas
1270 1445 1340 1499 sit
1368 1444 1422 1498 in
1450 1444 1681 1508 duobus,
1709 1444 1800 1499 illa
1831 1445 1885 1499 in
1908 1444 2030 1512 qui-

444 1538 543 1590 bus
572 1545 655 1591 est
694 1536 890 1591 similia
921 1547 1043 1591 sunt
1063 1578 1076 1605 ,
1134 1550 1233 1591 nec
1261 1545 1344 1591 est
1383 1538 1527 1591 aliud
1557 1537 2029 1605 praedicamentum‘

440 1629 580 1699 quod
609 1628 900 1684 secundum
930 1629 1109 1684 simile
1140 1639 1195 1684 et
1224 1628 1483 1683 dissimile
1517 1629 1619 1684 dici
1651 1630 1847 1697 possit,
1877 1636 1935 1683 et
1961 1628 2032 1683 de

439 1720 561 1775 aliis
589 1720 806 1789 quidem
836 1720 1084 1775 omnibus
1129 1729 1312 1775 notum
1358 1731 1466 1777 est.
1499 1721 1751 1791 quoniam
1781 1720 1850 1775 de
1880 1720 2031 1774 nullo

440 1812 656 1867 dicitur.
703 1812 854 1878 Quod
908 1814 957 1869 si
1004 1813 1122 1882 quis
1168 1812 1236 1866 de
1281 1812 1579 1881 quantitate
1626 1812 1895 1877 afﬁrmet,
1922 1811 2029 1866 dici

440 1917 601 1974 posse
643 1904 936 1959 secundum
979 1919 1098 1980 eam
1143 1904 1316 1958 simile
1345 1915 1505 1974 atque
1540 1900 1833 1967 dissimile,
1872 1916 2029 1958 mons
2062 1917 2111 1977 Β

441 2002 665 2049 stratum
695 2005 774 2049 est
801 1994 1093 2049 secundum
1123 1995 1473 2064 quantitatem
1503 2008 1609 2049 non
1632 1994 1805 2048 simile
1834 2004 1885 2047 et
1912 1995 2030 2049 dis-

440 2085 619 2141 simile
637 2122 652 2149 ,
680 2087 779 2142 sed
806 2088 1011 2156 aiquale
1040 2098 1095 2143 et
1125 2087 1386 2157 inaequale
1428 2087 1723 2154 praedicari.
1765 2088 2029 2153 Quocirca

440 2179 688 2246 quoniam
718 2194 812 2242 per
838 2180 1041 2249 singula
1080 2195 1303 2249 quaeque
1338 2180 1714 2248 pergentibus,
1746 2187 1799 2233 et
1839 2181 1891 2233 in
1914 2190 2043 2233 om;

441 2268 599 2322 nibus
642 2269 785 2322 idem
829 2271 1176 2339 qualitatibus
1221 2272 1511 2343 invenitur,
1556 2279 1608 2324 et
1649 2270 1704 2324 in
1734 2270 1882 2324 nullo
1924 2270 2033 2325 alio

442 2360 857 2427 praedicamento
883 2376 1006 2415 esse
1033 2362 1385 2430 perspicitur,
1426 2373 1573 2417 recte
1621 2362 1724 2415 hoc
1754 2362 2031 2429 proprium

441 2450 712 2517 qualitatis
758 2465 880 2504 esse
926 2450 1175 2505 ﬁrmavit.
1225 2452 1331 2506 Sed
1378 2452 1625 2521 quoniam
1652 2464 1789 2507 cum
1829 2452 1899 2507 de
1947 2452 2032 2508 his

445 2551 562 2609 qua:
594 2543 898 2596 referuntur
926 2543 993 2596 ad
1023 2542 1222 2611 aliquid
1252 2544 1597 2610 tractaretur,
1622 2544 1844 2600 aﬁectus
1870 2552 2032 2615 atque

443 2633 659 2688 habitus
683 2634 735 2687 in
767 2634 849 2688 his
885 2650 1003 2702 qua:
1033 2645 1156 2689 sunt
1184 2636 1249 2689 ad
1289 2636 1491 2704 aliquid
1531 2628 1858 2703 numeravit,
1891 2648 2030 2692 nunc

443 2738 572 2779 vero
615 2725 831 2779 eosdem
873 2742 1088 2796 quoque
1134 2727 1380 2796 qualitati
1423 2729 1735 2798 supposuit,
1767 2724 1888 2797 ipse
1926 2728 2045 2783 sibi

441 2816 727 2883 quamdam
756 2816 953 2887 olijecit
992 2818 1372 2887 quaestionem,
1403 2832 1501 2875 cur
1542 2820 1591 2874 si
1635 2821 1782 2888 prius
1816 2820 1917 2875 Sub
1960 2821 2030 2876 iis

443 2920 561 2974 quae
584 2907 649 2961 ad
679 2907 875 2977 aliquid
909 2911 1241 2977 referuntur,
1272 2909 1374 2965 ista
1401 2910 1727 2980 subiecerit,
1760 2924 1901 2967 nunc
1929 2910 2043 2966 sub‘

440 2997 783 3068 qualitatibus
810 3012 875 3053 ea
898 2999 1014 3067 ipsa
1043 3001 1302 3067 posuerit.
1324 3001 1583 3070 Superius
1614 3016 1844 3072 namque
1872 3016 2028 3057 mou-

332 3148 339 3159 Δ
442 3090 632 3143 stravit
655 3104 719 3143 ea
742 3107 862 3159 quae
890 3101 1126 3146 essenta
1168 3106 1226 3145 se
1272 3092 1519 3158 diversa,
1563 3093 1779 3147 easdem
1822 3094 2045 3162 species

442 3181 644 3238 habere
674 3198 778 3237 non
803 3197 985 3252 posse,
1022 3196 1141 3238 cum
1169 3185 1300 3239 dicit
1328 3184 1663 3240 diversorum
1689 3198 1947 3256 generum
1974 3198 2030 3242 et
2086 3230 2091 3231 κ

444 3288 551 3329 non
613 3276 1022 3331 subalternatim
1097 3279 1390 3347 positormu
1443 3278 1671 3333 diversae
1717 3278 1926 3349 species
1979 3287 2106 3372 etc

442 3363 761 3421 diﬁerentiae
781 3379 925 3423 sunt.
965 3370 1224 3435 Quocirca
1247 3385 1366 3426 cum
1399 3370 1593 3426 relatio
1616 3384 1777 3441 atque
1803 3371 2041 3441 qualitas

442 3455 659 3512 diversa
688 3461 795 3514 sint
815 3474 1044 3528 genera,
1074 3460 1290 3517 easdem
1322 3463 1533 3531 utrique
1562 3463 1790 3534 supponi
1818 3465 2039 3534 species

443 3558 551 3602 non
578 3558 810 3617 oportet,
843 3551 943 3606 hoe
966 3558 1049 3607 est
1078 3552 1221 3608 enim
1251 3556 1393 3624 quod
1426 3553 1555 3609 dicit
1581 3570 1596 3610 :
2036 3576 2039 3581 η

515 3640 577 3691 At
611 3656 724 3693 vero
758 3658 857 3695 non
886 3642 1026 3696 decet
1055 3644 1377 3711 conturbari,
1405 3662 1467 3699 ne
1501 3647 1615 3713 quis
1654 3660 1749 3701 nos
1782 3645 1921 3699 dicat
1966 3649 2039 3699 de

441 3733 688 3801 qualitate
725 3736 1122 3803 propositionem
1164 3739 1405 3808 facientes
1430 3778 1445 3805 ,
1492 3737 1657 3792 multa
1701 3739 1764 3793 de
1804 3740 2033 3794 relativis

440 3824 834 3889 interposuisse,
872 3823 1074 3878 habitus
1111 3829 1267 3879 enim,
1291 3829 1652 3898 dispositiones
1703 3845 1881 3884 eorum
1920 3846 2039 3900 quas.

440 3902 557 3975 sunt
587 3911 656 3965 ad
685 3912 880 3982 aliquid
909 3931 1016 3968 esse
1054 3916 1374 3981 dicebamus,
1404 3935 1531 3988 pene
1566 3922 1699 3973 enim
1718 3920 1773 3973 in
1803 3902 2036 3975 omnibus

440 3994 767 4073 qualitatibus
800 4023 983 4077 genera
1032 4009 1099 4059 ad
1149 4008 1346 4076 aliquid
1386 4009 1629 4063 dicuntur
1655 4051 1669 4073 ,
1716 4026 1822 4087 non
1864 4022 2035 4066 autem

439 4095 637 4173 aliquid
666 4113 843 4151 eorum
869 4116 983 4169 qua:
1009 4101 1210 4170 singula
1236 4110 1372 4155 sunt.
1413 4098 1553 4155 Nam
1593 4117 1712 4155 cum
1754 4102 2033 4175 disciplina

439 4206 597 4263 genus
626 4192 689 4244 sit
708 4231 724 4254 ,
749 4192 842 4244 hoc
871 4194 1039 4259 ipsum
1069 4192 1204 4261 quod
1231 4204 1300 4246 est
1328 4194 1538 4247 alterius
1568 4195 1774 4263 dicitur,
1805 4196 2031 4268 alicujus

440 4284 570 4358 enim
591 4283 863 4353 disciplina
892 4285 1094 4337 dicitur.
1126 4283 1322 4338 Eorum
1350 4298 1465 4341 vero
1493 4303 1603 4357 qua
1628 4287 1836 4358 singula
1868 4298 1987 4342 sunt
2008 4329 2028 4356 ,

440 4354 566 4425 nihil
589 4375 753 4443 ipsum
773 4376 907 4442 quod
929 4384 1001 4428 est
1019 4375 1229 4429 alterius
1252 4375 1459 4442 dicitur,
1486 4354 1537 4431 ut
1567 4354 1903 4447 grantinatica
1928 4354 2031 4437 uois

439 4464 624 4516 dicitur
646 4465 865 4535 alicujus
888 4468 1262 4536 grammatica,
1298 4484 1389 4521 nec
1425 4470 1617 4523 musica
1653 4471 1876 4537 alicujus
1918 4486 2033 4523 mu-

438 4553 559 4617 sica,
578 4554 674 4609 nisi
697 4559 829 4624 forte
847 4557 1123 4610 secundum
1149 4576 1324 4628 genus,
1342 4569 1385 4612 et
1405 4558 1519 4614 haec
1539 4561 1606 4614 ad
1629 4561 1826 4629 aliquid
1848 4563 2029 4615 dicun-

439 4654 551 4711 tur,
588 4656 641 4700 ut
675 4649 1005 4717 grammatica
1055 4650 1244 4703 dicitur
1288 4652 1509 4719 alicuius
1556 4652 1830 4723 disciplina
1855 4698 1870 4722 ,
1924 4671 2030 4709 non
2056 4658 2129 4742 θ’

438 4734 659 4807 alicujus
684 4741 1037 4810 grammatica,
1062 4752 1111 4795 et
1131 4743 1323 4796 musica
1344 4741 1568 4816 alicujus
1596 4744 1894 4817 disciplina,
1922 4762 2027 4801 non

437 4828 654 4899 alicujus
698 4830 913 4883 musica.
961 4830 1289 4901 Quapropter
1328 4848 1445 4904 qua
1484 4834 1691 4905 quidem
1738 4836 2028 4909 singularia

437 4930 576 4991 sunt,
608 4941 706 4979 nou
732 4937 848 4980 sunt
875 4928 944 4982 ad
971 4930 1187 4999 aliquid.

450 5019 457 5023 '
506 5014 675 5083 Quam
704 5020 1053 5086 quaestionem
1074 5020 1395 5078 validissima
1424 5026 1889 5093 argumentatione
1912 5025 2027 5082 dis-

437 5104 615 5175 solvit,
653 5107 734 5163 his
765 5110 972 5166 scilicet
1005 5113 1179 5168 verbis
1206 5132 1215 5167 :
1244 5113 1382 5170 Pen‘e
1413 5115 1556 5172 enim
1581 5132 1640 5170 ca
1670 5133 1789 5186 qua:
1811 5127 1935 5171 sunt
1966 5118 2021 5173 iu

436 5198 681 5254 clunibus
713 5200 794 5256 his
833 5204 1120 5272 generibus
1150 5205 1217 5260 ad
1257 5206 1459 5277 aliquid
1506 5208 1781 5262 dicuntur.
1821 5208 2023 5263 Eorum

344 5318 347 5323 -
438 5283 567 5347 iero
596 5290 715 5363 qi'uc
744 5302 870 5349 sunt
908 5296 1245 5367 singulatim,
1287 5300 1337 5354 id
1373 5310 1455 5355 est
1478 5302 1720 5370 species,
1756 5300 1889 5354 nihil
1922 5300 2025 5355 hu-

432 5384 667 5455 jusmodi
723 5397 868 5445 sunt.
915 5390 1035 5446 llzec
1087 5393 1230 5447 enim
1282 5400 1366 5449 est
1413 5395 1804 5464 argumentatio
1864 5409 2025 5463 quam

438 5470 607 5533 ϐιηεοὶ
635 5482 956 5558 ὶπιχείρημα
981 5496 1192 5541 vocant.
1224 5484 1279 5539 ln
1311 5485 1615 5555 hujusmodi
1657 5482 2029 5555 alfectionibus

437 5582 591 5640 atque
623 5564 1048 5643 habitudinibus,
1083 5596 1199 5650 qua:
1235 5578 1377 5634 inter
1420 5594 1483 5633 ea
1528 5589 1651 5633 sunt
1678 5594 1905 5648 genera,
1934 5597 2027 5649 eas

434 5665 577 5715 solas
606 5665 670 5719 ad
712 5668 908 5737 aliquid
950 5684 1109 5739 po~se
1143 5672 1351 5736 reduci,
1382 5687 1499 5740 quae
1530 5687 1657 5724 vero
1702 5674 1911 5741 species
1942 5690 2027 5730 es-

438 5756 557 5809 Sent
588 5758 794 5813 illorum
821 5774 1074 5831 generum
1106 5778 1212 5816 non
1245 5777 1402 5830 posse
1432 5764 1480 5815 in
1518 5762 1780 5829 relativis,
1828 5764 1921 5819 sed
1970 5764 2029 5824 in,

436 5838 780 5910 qualitatibus
808 5853 1109 5920 numerari,
1144 5863 1199 5907 ut
1226 5854 1447 5909 scientia
1479 5870 1596 5909 cum
1627 5858 1693 5911 sit
1719 5855 1997 5917 habitudo.

2133 782 2361 849 alicujus
2416 781 2717 836 scientiam.
2776 783 3190 839 Grmmaticam
3251 796 3378 837 vero
3430 796 3551 852 quas
3606 781 3723 851 ejus

2132 874 2340 944 species
2366 878 2449 927 est
2467 915 2481 940 ,
2513 874 2690 928 nullus
2720 875 2851 929 dicit
2873 875 3102 944 alicujus
3123 884 3245 931 esse
3276 874 3681 945 grammaticam
3706 889 3721 939 ;

2140 966 2349 1020 dicatur
2367 964 2511 1021 enim
2543 968 2586 1020 si
2617 967 2731 1021 ﬁeri
2764 975 2939 1033 potest
2966 968 3396 1037 grammaticam,
3426 963 3724 1022 Aristarclii

2135 1071 2259 1111 esse
2282 1058 2707 1125 grammaticam.
2749 1059 2853 1113 Sed
2895 1060 3075 1113 omnia
3114 1064 3447 1129 quascunque
3474 1059 3727 1113 dicuntur

2135 1146 2202 1202 ad
2231 1148 2452 1217 aliquid,
2470 1157 2884 1205 convertuntur.
2908 1151 3109 1206 Dicitur
3128 1164 3256 1221 ergo
3280 1163 3331 1206 et
3360 1151 3725 1215 Aristarchus,

2138 1239 2504 1307 grammatica:
2527 1241 2900 1308 Aristarchus,
2930 1243 3070 1310 quod
3102 1242 3216 1315 ﬁeri
3248 1256 3351 1298 nou
3384 1248 3578 1310 potest.
3612 1243 3745 1296 Nuti-

2138 1329 2301 1398 igitur
2327 1332 2679 1400 grammatica
2709 1332 3041 1398 Aristarchi,
3072 1344 3130 1387 ut
3170 1333 3238 1387 ad
3277 1333 3476 1403 aliquid
3505 1332 3747 1387 dicitur.“

2141 1420 2238 1475 Est
2261 1423 2426 1476 etiam
2458 1432 2831 1491 argumentum
2848 1462 2866 1488 ,
2892 1439 2998 1479 non
3025 1424 3233 1493 species
3254 1466 3269 1493 ,
3294 1424 3386 1479 sed
3421 1420 3747 1492 hujnsmodi‘

2140 1526 2337 1580 genera
2362 1551 2377 1576 ,
2406 1512 2470 1566 ad
2499 1513 2700 1580 aliquid
2746 1514 3033 1582 appellari,
3068 1523 3124 1568 ut
3165 1529 3285 1568 cum
3333 1514 3464 1583 ipsa
3510 1513 3749 1582 quidem

2141 1584 2355 1671 species
2370 1600 2438 1656 ad
2477 1602 2675 1671 aliquid
2717 1617 2821 1658 non
2853 1602 3129 1670 dicantur,
3163 1613 3222 1657 ut
3245 1605 3594 1672 grammatica
3620 1614 3745 1657 non

2143 1691 2340 1747 dicitur
2368 1678 2595 1762 alicujus
2625 1696 2969 1763 grammatica
2987 1735 3003 1762 ,
3031 1696 3077 1751 si
3118 1696 3334 1765 quando
3362 1706 3538 1751 tamen
3567 1702 3654 1751 est
3677 1702 3751 1769 ut;

2143 1785 2351 1853 species
2377 1786 2440 1839 ad
2464 1786 2660 1856 aliquid
2684 1789 2973 1853 referatur,
2999 1790 3047 1842 id
3081 1798 3185 1844 non
3214 1789 3507 1845 scentulum
3534 1803 3615 1855 se,
3638 1788 3745 1844 sed

2143 1878 2438 1945 secundum
2466 1894 2635 1949 genus
2655 1918 2670 1945 ,
2702 1891 2761 1935 ut
2786 1882 3147 1950 grammatica:
3176 1884 3425 1951 quoniam
3454 1895 3623 1952 genus
3651 1884 3745 1940 eat

2142 1970 2384 2039 scientiae
2427 1987 2547 2040 quia
2574 1972 2813 2028 .relativa
2854 1982 2968 2039 est,
2996 1974 3042 2028 si
3074 1974 3192 2043 quis
3220 1978 3626 2043 grammaticam
3666 1974 3743 2031 ad

2142 2061 2341 2131 aliquid
2378 2066 2580 2119 referre
2608 2065 2924 2131 contendat,
2955 2080 3063 2120 non
3106 2076 3281 2135 potest
3318 2068 3614 2121 secundum
3658 2067 3744 2137 ip-‘

2143 2167 2258 2209 sam
2286 2157 2722 2225 grammaticam,
2751 2172 2869 2213 eam
2911 2157 2977 2211 ad
3022 2158 3221 2227 aliquid
3268 2158 3597 2227 prmdicare,
3638 2160 3741 2219 sed

2144 2246 2440 2303 secundum
2467 2247 2743 2302 scientiam
2770 2286 2787 2314 ,
2816 2248 2868 2303 id
2912 2258 2996 2303 est
3037 2248 3329 2304 secundum
3360 2266 3527 2319 genus
3553 2262 3736 2307 suum.

2088 2390 2091 2391 ν
2146 2332 2263 2388 Νοιι
2297 2337 2442 2391 enim
2481 2337 2675 2392 dicitur
2708 2342 3059 2408 grammatica
3093 2340 3323 2411 alicujus
3349 2343 3697 2410 grammatica
3720 2352 3743 2409 ,'

2148 2426 2243 2490 sed
2276 2426 2505 2483 fortasse
2550 2439 2894 2498 grammatica
2925 2429 3152 2501 alicujus
3189 2434 3432 2486 scientia.
3460 2431 3576 2488 Non
3603 2444 3741 2503 ergo

2143 2520 2496 2591 grammatica
2539 2522 2833 2592 secundum
2879 2522 3281 2593 grammaticam
3321 2523 3387 2578 ad
3417 2524 3615 2595 aliquid
3653 2524 3747 2581 dis

2145 2610 2309 2675 citur,
2339 2612 2435 2666 sed
2465 2612 2762 2683 secundum
2788 2612 3090 2670 scientiam.
3121 2614 3188 2669 Et
3219 2618 3320 2670 hoc
3348 2625 3434 2671 est
3456 2615 3599 2686 quod
3625 2618 3745 2684 ait,

2148 2714 2206 2779 ut
2229 2706 2580 2775 grammatica
2608 2723 2716 2763 una
2748 2706 2941 2764 dicitur
2966 2707 3192 2779 alicujus
3226 2710 3601 2778 grammatica,
3636 2722 3749 2767 nea

2148 2799 2381 2865 musica,
2410 2800 2505 2856 sed
2533 2800 2765 2858 fortasse
2798 2802 3090 2859 secundum
3115 2818 3286 2871 genus
3314 2803 3585 2873 proprium
3617 2803 3747 2872 ista~

2146 2885 2399 2946 dicuntur
2446 2892 2716 2962 alicujus,
2764 2902 2820 2948 ut
2866 2884 3218 2963 grammatica
3266 2894 3494 2964 alicujus
3538 2893 3750 2959 dicitur;

2145 2981 2403 3057 scientia,
2435 2999 2540 3039 non
2569 2985 2795 3055 alicujus
2824 2988 3194 3057 grammatica.
3225 2985 3368 3056 Ergo
3402 2988 3747 3057 singularum

2146 3078 2444 3149 specierum
2469 3079 2600 3135 nihil
2624 3093 2706 3137 est
2734 3082 2877 3152 quod
2898 3083 3070 3152 aliqua
3102 3084 3367 3141 relatione
3389 3085 3745 3154 pmdiceturi

2094 3168 2357 3226 “Genera
2396 3186 2525 3226 vero
2572 3172 2761 3227 harum
2810 3177 3108 3243 specierum
3159 3177 3383 3232 relative
3425 3187 3581 3241 sunt,
3615 3194 3746 3247 qua

2150 3262 2311 3330 paulo
2339 3261 2587 3332 superius
2620 3262 2761 3328 dixi;
2795 3263 2937 3333 quod
2985 3267 3130 3321 enim
3160 3268 3235 3321 ait
3267 3284 3281 3323 :
3324 3267 3466 3322 Pene
3502 3269 3745 3324 enituit!

2142 3353 2391 3408 omnibus
2418 3356 2990 3437 qualitatibusgenera
3016 3358 3299 3429 adaliquid
3325 3361 3594 3424 dicuntur,
3626 3369 3745 3417 non

2118 3452 2326 3499 .autcm
2351 3445 2552 3515 aliquid
2581 3461 2768 3502 eorum
2797 3464 2919 3518 quas
2943 3450 3343 3519 sunt-singula,
3374 3452 3474 3505 hoc
3510 3452 3743 3511 denseti-if

2144 3543 2318 3591 strare
2361 3538 2562 3606 voluit,
2609 3553 2805 3608 genera
2854 3541 2967 3609 ipsa
3010 3540 3385 3597 habitudinem
3422 3543 3745 3612 dispositio-

2144 3643 2380 3697 numque
2422 3646 2545 3687 esse
2583 3632 2837 3698 relativa,
2870 3633 3087 3702 species
3126 3648 3261 3692 vero
3299 3648 3563 3703 generum
3600 3644 3743 3707 quae

2145 3724 2454 3791 singulatim
2482 3739 2603 3779 esse
2631 3723 2801 3791 dixit,
2836 3727 2901 3780 ad
2930 3727 3131 3797 aliquid
3171 3727 3315 3783 nullo
3351 3729 3513 3784 modo
3540 3730 3743 3799 prde

2144 3812 2273 3866 cari.
2317 3812 2460 3881 Quas
2507 3816 2709 3872 idcirco
2761 3832 2882 3874 esse
2934 3819 3238 3888 singulatim
3294 3821 3547 3886 vaeavit,
3606 3806 3741 3891 quia

2143 3906 2497 3971 grammatica
2524 3922 2625 3961 una
2654 3918 2766 3974 est,
2792 3919 2843 3965 et
2877 3910 3063 3967 τυτθυὲ
3095 3912 3297 3967 musica
3335 3927 3472 3977 una»;
3502 3913 3741 3970 scientia

2148 4012 2276 4053 vero
2304 4014 2408 4051 non
2438 4015 2564 4054 uua.
2598 4000 2765 4057 Recte
2800 4004 2960 4073 igitur
2987 4005 3195 4075 species
3225 4005 3464 4062 scientia
3492 4006 3740 4075 singulae

2144 4089 2238 4143 tim
2268 4105 2391 4145 esse
2421 4092 2733 4147 nominavit.
2759 4092 2983 4165 Constat
3024 4096 3183 4165 igitur
3212 4095 3354 4166 quod
3391 4112 3591 4165 genera
3640 4097 3741 4157 Ιιιις

2140 4181 2379 4249 jusmodi
2424 4183 2795 4242 habitudiuum
2844 4187 3091 4243 dicantur
3134 4188 3198 4243 ad
3243 4189 3481 4260 aliquid,
3526 4192 3743 4258 species

2144 4289 2274 4329 vero
2309 4274 2377 4330 ad
2405 4276 2537 4331 nihil
2566 4279 2719 4337 aliud
2746 4279 2962 4350 propria
2995 4281 3373 4348 praedicatione
3404 4282 3739 4339 referantur.

2142 4366 2404 4433 Quocirca
2448 4369 2704 4437 quoniam
2753 4370 3056 4440 hujusmodi
3099 4373 3308 4441 species
3340 4373 3600 4429 relativus
3632 4390 3740 4431 non

2140 4474 2267 4519 esse
2290 4457 2700 4528 demonstravit,
2734 4478 2874 4518 nunc
2893 4464 3036 4535 quod
3057 4465 3321 4539 reliquum
3344 4475 3428 4522 est
3447 4466 3742 4537 qualitates

2088 4573 2095 4577 ·
2143 4559 2267 4607 esse
2296 4554 2601 4608 conﬁrmat.

2216 4644 2449 4699 Dicimur
2472 4657 2644 4702 autem
2674 4650 2949 4703 secundum
2970 4649 3179 4721 singula
3201 4652 3402 4723 quales.
3431 4651 3564 4707 ch
3600 4654 3741 4709 enim

2140 4749 2189 4795 et
2220 4741 2482 4794 habemus.
2512 4740 2741 4796 Scientes
2762 4744 2899 4797 enim
2924 4745 3164 4812 dicimur,
3195 4747 3330 4815 quod
3357 4745 3605 4802 habemus
3630 4748 3742 4801 sin.

2138 4836 2293 4904 gulas
2311 4836 2552 4889 scientias
2579 4836 2800 4906 aliquas.
2846 4838 3017 4905 Quare
3057 4839 3163 4893 luci:
3191 4850 3343 4892 erunt
3383 4840 3537 4894 etiam
3567 4842 3743 4910 quali-

2139 4910 2293 4993 tates,
2315 4941 2427 4996 qua
2452 4926 2742 4997 singularia
2758 4940 2899 4999 sunt,
2923 4929 3203 4984 secundum
3223 4946 3351 4997 quas
3379 4932 3537 4986 etiam
3554 4933 3743 5001 quales

2138 5019 2385 5079 dicimur.
2418 5019 2549 5077 Hau:
2575 5033 2745 5078 autem
2765 5038 2870 5078 non
2895 5034 3013 5079 sunt
3038 5037 3213 5079 eorum
3238 5041 3354 5095 qua
3376 5035 3505 5083 sunt
3529 5026 3599 5079 ad
3633 5025 3742 5081 alia

2140 5111 2289 5180 quid.
2786 5164 2787 5167 η
2874 5150 2878 5154 η
3434 5150 3439 5157 -
3731 5134 3735 5155 ῖ

2217 5209 2340 5264 Illas
2366 5225 2488 5267 esse
2516 5213 2801 5283 qualitates
2840 5215 3087 5284 superius
3129 5216 3505 5272 conﬁrmatum
3553 5228 3642 5274 est
3671 5234 3741 5274 ea

2138 5300 2333 5372 quibus
2367 5302 2532 5373 aliqui
2563 5304 2752 5374 quales
2780 5315 3133 5374 vocarentur,
3164 5322 3266 5363 nos
3303 5316 3482 5365 autem
3530 5308 3742 5365 idcirco

2138 5398 2473 5466 grammatici
2515 5399 2764 5465 dicimur,
2810 5416 2916 5456 non
2962 5401 3104 5472 quod
3151 5402 3513 5458 universalem
3555 5406 3742 5461 scien-

2141 5488 2306 5556 tiam,
2338 5489 2432 5545 sed
2477 5493 2616 5562 quod
2662 5492 2827 5560 ipsam
2861 5493 3265 5561 grammaticam
3307 5493 3636 5562 habeamus,
3685 5505 3742 5550 et

2140 5582 2242 5645 hoc
2266 5599 2391 5643 vere
2417 5583 2634 5652 dicitur,
2658 5585 2858 5641 idcirco
2879 5599 2978 5642 nos
2998 5586 3103 5642 dici
3123 5588 3380 5652 scientes,
3405 5590 3741 5658 quiagram-

2137 5658 2320 5737 tuatici
2349 5691 2557 5743 sumus,
2581 5678 2754 5743 potius
2776 5692 2931 5747 quam
2957 5676 3154 5732 idcirco
3179 5681 3562 5747 grammaticos
3585 5678 3740 5748 quod

2136 5766 2363 5843 aliquam
2389 5768 2667 5823 scientiam
2700 5770 3012 5824 retinemus.
3042 5768 3229 5824 Nullus
3256 5769 3400 5824 enim
3428 5784 3457 5822 a
3488 5770 3736 5846 generali

2134 5863 2358 5921 scientia
2390 5862 2806 5931 grammaticus,
2848 5872 2939 5920 aut
2965 5862 3172 5930 sciens,
3212 5862 3315 5920 nisi
3357 5877 3389 5921 a
3419 5862 3736 5933 singulatim
