4030 6336
222 321 361 443 est

1246 375 1311 431 IN
1347 362 1784 433 cumcosus
1828 352 2271 429 ARISTOTELIS
2309 373 2437 431 us.
2475 371 2563 430 tu.

226 450 694 581 scientiasclens,
728 495 1224 581 grammaticusque
1272 476 1604 566 perhibetur.
1663 486 1915 561 igiturA‘
1938 486 2115 543 facere
2166 496 2219 545 et
2267 499 2372 560 pati
2431 506 2485 545 in
2534 487 2619 544 bis
2668 484 2817 543 libris
2860 500 2991 558 quos
3027 482 3146 563 thpl
3180 462 3525 561 vinitam:

226 592 486 664 quoniam
506 608 572 665 es
602 578 695 665 his
724 578 1097 667 habitudinum
1128 589 1408 660 speciebus
1444 587 1631 657 quales
1672 600 1831 640 voca-

226 696 388 750 Inur,
429 686 559 753 ipsa:
601 685 811 753 species
860 681 917 739 in
966 681 1220 751 qualitate
1274 678 1625 736 numeranda:
1680 686 1826 733 sunt.

226 777 340 833 Sed
374 792 497 833 cum
529 776 650 846 quis
680 760 1029 845 grammatica
1082 771 1401 841 participat,
1450 768 1520 826 de
1560 784 1625 825 ea
1670 769 1830 824 etiam

230 868 655 943 genus-dicitur,
673 876 729 923 et
755 856 1053 947 secundum
1077 860 1195 920 eam
1221 880 1325 925 non
1357 863 1529 918 solum
1558 861 1623 916 ad
1655 876 1831 931 gram-

231 957 513 1027 maticam,
533 956 629 1015 sed
656 956 720 1010 ad
753 955 1033 1011 scientiam
1053 966 1267 1025 quoque
1293 952 1657 1022 conjungitur.
1688 950 1831 1005 Dici-

235 1062 326 1103 tur
353 1048 493 1104 enini
526 1047 728 1103 idcirco
758 1046 958 1103 sciens.
986 1045 1125 1118 Ergo
1149 1046 1400 1117 quoniam
1433 1044 1637 1101 habens
1658 1059 1834 1114 gram-

236 1140 524 1206 maticam,
556 1150 609 1195 et
636 1138 846 1206 sciens,
870 1151 923 1192 et
944 1137 1328 1210 grammaticus
1358 1136 1574 1201 dicitur,
1604 1153 1710 1192 non
1743 1153 1836 1208 po-

144 1250 172 1302 i,
238 1214 349 1285 test
404 1231 509 1285 ulla
568 1220 791 1286 scientia
860 1229 1218 1302 participare,
1280 1229 1371 1301 qui
1432 1229 1672 1299 singulas
1724 1244 1831 1283 non

239 1320 507 1389 habuerit.
540 1322 642 1391 Qui
664 1324 807 1380 enim
837 1322 1047 1379 cunctis
1078 1322 1363 1394 speciebus
1392 1332 1563 1389 caret,
1588 1323 1665 1377 illi
1698 1338 1833 1392 quo-

239 1429 347 1507 que
390 1430 589 1483 genere
631 1414 749 1499 ipso
788 1414 1080 1471 carendum
1103 1422 1209 1472 est.
1251 1415 1429 1481 Quare
1456 1414 1709 1507 quoniam
1737 1413 1835 1470 has

240 1506 454 1578 species
480 1508 783 1571 habemus,
823 1516 878 1563 et
903 1507 1198 1563 secundum
1239 1522 1333 1563 eas
1371 1506 1557 1578 quales
1586 1507 1833 1578 dicimur,

240 1615 270 1653 a
303 1601 653 1668 grammatica
695 1594 925 1653 scientes
976 1607 1031 1653 et
1067 1597 1400 1669 grammatici
1442 1613 1835 1668 nuncupantur,

244 1689 348 1745 has
375 1703 557 1746 autem
602 1690 745 1756 ipsas
792 1690 1001 1760 species
1029 1700 1387 1744 monstratum
1426 1700 1508 1746 est
1543 1690 1609 1743 ad
1640 1684 1840 1759 aliquid

248 1799 358 1855 npn
400 1784 604 1839 referri.
637 1783 796 1837 Recte
823 1782 983 1853 igitur
1012 1782 1319 1852 hujusuiodi
1350 1780 1691 1837 habitudines
1719 1796 1838 1851 qua:

1932 578 2121 654 φθορᾶς
2153 580 2445 650 inscripsit,
2480 579 2546 636 de
2579 579 2699 635 aliis
2724 594 2937 651 qu0que
2960 580 3387 649 prmdicamentis
3416 578 3523 635 non

1936 671 2009 724 illi
2056 673 2231 725 minor
2262 670 2313 725 in
2353 662 2473 726 aliis
2503 673 2753 740 Operihus
2789 670 3076 739 disputatio
3108 670 3235 736 l‘uit,
3275 680 3332 725 ut
3361 671 3427 726 de
3458 680 3525 727 eo
3557 714 3567 723 .

1938 762 2076 829 quod
2111 772 2191 820 est
2223 764 2310 818 ubi
2352 772 2405 818 et
2433 764 2645 834 quando
2688 764 2740 818 in
2792 762 3061 834 physicis,
3087 770 3143 818 et
3177 763 3245 818 de
3276 763 3525 819 omnibus

1939 856 2154 928 quidem
2209 856 2366 912 :iltius
2412 858 2765 931 subtiliusque
2822 858 2874 911 in
2929 856 3079 913 libris
3130 866 3262 925 quos
3290 858 3424 913 Μετά
3459 858 3526 915 τὰ

1942 951 2133 1025 φυσικά
2162 949 2396 1013 vocavit,
2421 948 2744 1019 exquiritur.
2775 948 2850 1004 Ac
2900 950 2967 1005 de
3015 949 3191 1005 facere
3229 950 3442 1019 quidem
3472 956 3528 1004 et

1943 1044 2051 1112 pati
2084 1041 2198 1111 ipse
2229 1042 2537 1113 planissime
2569 1042 2743 1110 posuit
2783 1056 2939 1109 posse
2974 1056 3035 1097 ea
3077 1042 3350 1112 suscipere
3393 1044 3527 1097 con-4

1942 1136 2268 1192 trarietates.
2302 1136 2537 1191 Dicimus
2566 1134 2708 1190 enim
2742 1136 2915 1205 ignem
2948 1132 3244 1191 calefacere
3274 1144 3327 1190 et
3369 1133 3530 1206 frige-i

1944 1228 2142 1297 facere,
2176 1230 2315 1300 quod
2345 1230 2551 1286 scilicet
2581 1229 2643 1283 ad
2678 1228 2978 1284 faciendum
3011 1228 3260 1285 refertur.
3295 1228 3528 1285 Dicimus

1942 1340 2133 1391 aquam
2166 1324 2401 1380 caleﬁeri
2443 1334 2500 1381 et
2543 1323 2827 1395 lrigelieri,
2886 1325 3024 1393 quod
3070 1324 3415 1380 nihilominus
3461 1310 3529 1380 ad

1943 1410 2181 1489 patiendi
2229 1419 2439 1473 ducitur
2481 1420 2976 1489 prmdicamenlum.
3020 1414 3183 1490 Magis
3224 1434 3431 1489 quoque
3474 1402 3531 1473 et

1944 1509 2122 1564 minus
2150 1510 2457 1578 suscipere,
2488 1512 2841 1581 apertissimis
2883 1513 3212 1566 demonstrat
3244 1491 3527 1579 exemplis;

1944 1594 2033 1659 Sic
2059 1603 2199 1656 enim
2231 1603 2402 1672 magis
2443 1600 2741 1659 calefacere
2781 1610 2835 1658 et
2866 1604 3071 1668 minus,
3104 1611 3157 1657 et
3197 1603 3362 1671 magis
3389 1600 3532 1673 cale:

1949 1690 2062 1746 lieri
2090 1702 2144 1747 et
2172 1694 2349 1747 minus
2372 1693 2586 1748 dicitur.
2613 1696 2784 1762 Atque
2816 1694 2928 1748 hrcc
2955 1690 3235 1756 hactenus,
3256 1693 3369 1761 ipse
3390 1692 3534 1748 enim

1947 1782 2065 1842 hzcc
2093 1787 2435 1856 apertissime
2466 1788 2659 1857 posuit.
2693 1787 2787 1842 Est
2814 1798 2991 1842 autem
3022 1786 3209 1841 horum
3247 1768 3536 1853 descriptio

243 1874 300 1928 in
331 1873 551 1928 alterius
579 1862 814 1928 relativis
850 1862 1058 1943 Species
1087 1870 1240 1938 sunt,
1270 1870 1329 1927 in
1356 1871 1609 1940 qualitate
1653 1887 1841 1927 nume-
1868 1870 1921 1933 B
1948 1878 2087 1948 talis,
2121 1879 2265 1950 quod
2295 1879 2348 1934 in
2376 1879 2627 1935 faciendo
2654 1880 2892 1948 quidem,
2923 1884 3073 1932 actus
3102 1876 3317 1948 quidam
3349 1884 3376 1929 a
3405 1882 3537 1945 quo-

243 1975 377 2019 ratic
403 1974 548 2019 sunt.
581 1963 734 2032 Quod
765 1965 810 2018 si
841 1965 961 2034 quis
990 1964 1092 2020 hoc
1118 1979 1332 2035 quoque
1360 1963 1557 2019 invitus
1586 1964 1839 2034 accipiat,

243 2056 388 2109 aliud
418 2055 563 2110 addit
590 2071 695 2126 quo
723 2064 891 2110 totum
921 2055 1236 2127 quaestionis
1259 2056 1529 2111 vinculum
1561 2056 1836 2122 solvetur;

245 2148 321 2205 ait
351 2154 493 2203 enim
529 2166 541 2201 :

266 2284 273 2289 .
321 2243 554 2311 Amplius
581 2242 626 2296 si
654 2243 916 2313 contingat
943 2240 1039 2296 Itoc
1065 2242 1230 2315 ipsum
1254 2253 1298 2298 et
1324 2243 1473 2313 quale
1499 2252 1543 2297 et
1574 2242 1844 2296 relativum

245 2348 387 2407 esse,
419 2332 547 2386 nihil
578 2341 650 2387 est
680 2332 1037 2388 inconveniens
1082 2334 1138 2387 in
1180 2335 1409 2405 utrisque
1437 2334 1545 2390 Itth
1575 2335 1842 2407 generibus

246 2441 562 2480 enumerare.

319 2516 452 2572 Nam
476 2531 597 2573 cum
624 2516 694 2572 sit
714 2531 899 2572 verum
925 2531 1085 2572 unam
1107 2518 1462 2588 eamdemque
1489 2534 1602 2575 rem
1631 2518 1844 2575 duobus

247 2608 481 2664 divcrsis
506 2607 796 2679 generibus
825 2609 1157 2678 suppositam
1190 2625 1311 2667 esse
1354 2627 1458 2665 non
1492 2626 1687 2680 posse,
1712 2610 1840 2665 illud

250 2712 432 2759 tamen
474 2704 728 2758 convenit
774 2704 1067 2759 secundum
1112 2703 1256 2758 aliud
1301 2714 1462 2773 atque
1500 2703 1642 2759 aliud
1681 2718 1843 2758 uuam

248 2794 605 2866 eamdemque
653 2795 892 2866 speciem
939 2795 1147 2851 duobus
1189 2797 1477 2866 generibus
1524 2810 1680 2865 posse
1716 2794 1838 2851 sub-

250 2890 434 2955 necti,
465 2899 523 2944 ut
551 2888 604 2944 in
632 2903 698 2944 eo
723 2887 865 2959 quod
896 2903 1057 2958 supra
1084 2886 1198 2959 jam
1228 2887 1429 2945 dictum
1458 2898 1541 2943 est
1559 2928 1572 2952 ,
1598 2903 1718 2943 cum
1747 2887 1847 2943 So-

250 2999 433 3045 crates
456 2988 751 3045 substantia
776 2990 881 3055 sit,
919 2998 1069 3059 pater
1107 3004 1237 3043 vero
1266 2992 1331 3042 ad
1361 2986 1562 3057 aliquid
1582 3028 1596 3053 ,
1619 3002 1849 3058 cumque

253 3083 556 3140 substantia
602 3083 868 3153 discrepet
910 3090 1071 3153 atque
1117 3082 1345 3150 relatio,
1392 3081 1521 3136 nihil
1558 3090 1734 3135 tamen
1767 3088 1849 3135 est

240 3176 642 3232 inconveniens
683 3173 931 3231 eumdem
979 3174 1155 3244 ipsum
1203 3174 1481 3230 Socratem
1512 3173 1567 3228 in
1608 3190 1673 3228 eo
1702 3172 1844 3242 quod

242 3266 421 3353 homo
464 3275 579 3332 est,
616 3264 934 3322 substantia:
975 3266 1238 3336 supponi,
1287 3265 1340 3319 in
1388 3280 1453 3322 eo
1498 3263 1641 3336 quod
1686 3261 1849 3319 habet
1876 3253 1945 3345 Ci

250 3359 453 3428 ﬁlium,
479 3360 745 3415 relationi.
811 3360 1070 3429 Quocirca
1095 3360 1139 3415 si
1170 3358 1462 3414 secundum
1494 3358 1655 3413 aliam
1687 3368 1850 3429 atque

250 3453 416 3509 aliam
442 3468 555 3508 rem
586 3451 795 3507 duobus
826 3449 1114 3522 generibus
1137 3448 1325 3507 eadem
1364 3446 1457 3506 res
1474 3450 1727 3521 quaelibet
1762 3450 1871 3505 di-.

222 3543 578 3612 _versissimis
604 3552 967 3614 supponatur,
999 3541 1134 3597 nihil
1166 3542 1555 3598 inconveniens
1582 3541 1747 3597 cadit.
1776 3540 1848 3596 lta
1882 3578 1887 3579 κ

252 3651 469 3708 quoque
497 3644 550 3692 et
581 3634 923 3691 habitudines
956 3635 1010 3689 in
1044 3649 1111 3690 eo
1139 3633 1284 3707 quod
1312 3632 1536 3704 alicujus
1578 3632 1654 3689 rei
1702 3633 1852 3689 habi-

240 3714 471 3805 tudines
502 3736 654 3792 sunt,
687 3724 738 3781 in
774 3724 1034 3783 relatione
1066 3736 1369 3797 ponuntur,
1400 3726 1454 3781 in
1488 3741 1554 3780 eo
1595 3724 1737 3796 quod
1764 3732 1850 3780 se-

232 3817 489 3909 1cundum
512 3833 603 3873 eas
628 3818 814 3889 quales
840 3819 1001 3888 aliqui
1033 3817 1316 3887 dicuntur,
1357 3816 1412 3873 in
1450 3817 1708 3890 qualitate
1754 3834 1851 3871 nu-

256 3919 553 3966 merantur.
581 3908 758 3978 Quare
788 3906 921 3963 nihil
952 3919 1033 3965 est
1071 3908 1457 3967 inconveniens
1485 3925 1644 3965 unam
1692 3919 1851 3980 atque

242 4002 504 4067 eamdem
553 4016 664 4055 rem
689 4042 702 4066 ,
744 4000 1034 4056 secundum
1084 4001 1325 4057 diversas
1373 4009 1578 4056 natura:
1609 4016 1723 4057 suae
1759 4014 1853 4069 po-

259 4097 481 4161 tentias,
504 4095 727 4164 geminis
756 4104 811 4150 et
839 4095 882 4149 si
906 4095 1177 4166 contingat
1210 4094 1474 4165 pluribus,
1503 4110 1854 4169 annumerare

230 4174 567 4264 ggeneribus.
603 4186 882 4255 Quocirca,
916 4187 1167 4257 quoniam
1190 4187 1257 4242 de
1281 4186 1537 4257 qualitate
1568 4196 1849 4242 tractatum

230 4268 365 4357 'est,
392 4293 490 4333 nos
517 4294 725 4349 quoque
752 4278 1011 4334 orationis
1032 4292 1245 4333 cursum
1272 4277 1337 4333 ad
1372 4279 1573 4350 reliqua
1597 4278 1852 4348 pradica-

228 4380 437 4449 ,menta
469 4379 759 4428 vertamus.

675 4484 764 4539 DE
804 4483 1074 4540 FACERE
1119 4483 1207 4539 ET
1247 4484 1425 4539 PATI.

238 4608 241 4611 ν
333 4575 561 4646 Suscipit
584 4584 754 4629 autem
780 4575 949 4645 {acere
978 4586 1024 4630 et
1052 4579 1159 4647 pati
1194 4577 1626 4641 contrarietatem,
1654 4584 1702 4629 et
1746 4592 1855 4631 ma-

1945 1969 2079 2029 lihet
2105 1971 2158 2026 in
2200 1971 2363 2027 aliam
2403 1976 2518 2027 riam
2555 1972 2777 2026 veniens
2799 2012 2814 2038 ,
2848 1970 3219 2025 consideratur
3245 1983 3273 2021 a
3312 1983 3418 2036 quo
3448 1982 3537 2020 ve-

1946 2064 2079 2118 niat.
2112 2060 2167 2117 ln
2199 2060 2451 2132 patiendo
2481 2070 2660 2117 autem
2689 2064 2741 2116 in
2764 2076 2829 2116 eo
2857 2060 2947 2115 ille
2978 2071 3127 2115 actus
3143 2060 3534 2125 consideratur,

1946 2154 2000 2209 in
2030 2169 2188 2225 quem
2227 2155 2391 2210 venit.
2434 2155 2599 2210 Actus
2637 2153 2778 2208 enim
2828 2163 2880 2208 et
2926 2154 3102 2222 passio
3131 2152 3290 2213 simul
3322 2153 3371 2206 in
3401 2152 3538 2223 phy-

1948 2246 2075 2301 sicis
2102 2261 2223 2302 esse
2253 2255 2545 2302 monstrata
2577 2254 2719 2301 sunt.
2768 2247 2844 2301 Ac
2884 2243 2951 2301 de
2993 2244 3170 2301 facere
3215 2242 3431 2315 quidem
3476 2258 3539 2300 ac

1950 2342 2077 2409 pati,
2109 2338 2173 2394 ad
2205 2354 2443 2411 prmsens
2474 2349 2688 2417 tempus
2715 2339 2831 2393 haec
2856 2337 2997 2393 dicta
3021 2336 3305 2393 sufficiant.

2022 2430 2230 2485 Dictum
2273 2441 2346 2487 est
2377 2442 2546 2486 autem
2588 2443 2636 2485 et
2682 2430 2744 2486 de
2790 2431 2943 2485 situm
2974 2446 3110 2494 esse,
3152 2430 3204 2483 in
3234 2429 3312 2483 his
3332 2441 3447 2499 qua
3472 2426 3541 2482 ad

1949 2523 2145 2593 aliquid
2171 2533 2310 2587 sunt,
2334 2510 2471 2592 quod
2497 2524 2870 2578 denominative
2897 2540 2927 2577 α
2964 2521 3300 2594 positionibus
3329 2520 3538 2589 dicitur,

1951 2615 2013 2669 de
2045 2614 2255 2685 reliquis
2300 2620 2470 2669 autem
2515 2615 2754 2685 quando,
2788 2622 2834 2667 ct
2864 2614 2948 2666 ubi
2966 2654 2981 2679 ,
3005 2624 3051 2667 et
3074 2612 3291 2678 habere,
3319 2630 3378 2667 eo
3406 2602 3544 2684 quod

1952 2705 2223 2774 manifesta
2262 2717 2415 2771 sunt,
2455 2707 2586 2759 nihil
2614 2706 2677 2760 de
2708 2707 2786 2761 Itis
2820 2703 2955 2758 ultra
2986 2707 3193 2767 dicitur,
3225 2714 3377 2773 quam
3406 2704 3544 2775 quod

1949 2798 2002 2852 in
2036 2798 2289 2865 principio
2321 2797 2515 2851 dictum
2546 2806 2652 2862 est,
2680 2799 2803 2869 quia
2842 2796 3026 2850 habere
3054 2794 3259 2865 quidem
3287 2796 3545 2865 signi/icti!

1953 2891 2234 2944 calceatum
2261 2905 2391 2955 esse,
2411 2900 2661 2944 armatum
2696 2905 2800 2943 esse
2824 2931 2837 2952 ,
2864 2886 2947 2941 ubi
2972 2890 3140 2941 autem
3161 2927 3175 2950 ,
3208 2904 3259 2940 ut
3286 2872 3338 2940 iu
3370 2872 3545 2957 lyceo,
3591 2930 3599 2937 .

1952 2982 2005 3035 in
2034 2985 2169 3050 foro,
2195 2982 2425 3050 quando,
2456 2992 2508 3034 ut
2540 2981 2669 3036 lteri.
2697 2980 2762 3034 Et
2790 2982 2895 3035 alia
2920 2994 3034 3052 quat
3054 2980 3116 3034 de
3142 2982 3219 3035 his
3240 2980 3375 3033 dicta
3402 2966 3545 3036 sttnl.

1954 3072 2033 3127 De
2075 3074 2348 3146 prapositis
2397 3074 2565 3144 itaque
2611 3062 2911 3145 generibus,
2956 3071 3210 3142 shﬂiciant
3244 3086 3375 3139 quae
3405 3066 3541 3126 dicta

1956 3176 2091 3221 sunt.

2336 3266 2425 3324 DE
2467 3260 2618 3324 SITU
2661 3262 2748 3322 ET
2788 3258 3165 3321 POSITIONE.

2026 3361 2226 3419 Positio
2270 3362 2486 3432 quidem
2536 3360 2787 3431 quoniam
2827 3359 2941 3430 ipsa
2985 3372 3067 3414 est
3102 3359 3327 3431 alicujus
3352 3401 3371 3427 ,
3399 3356 3451 3417 in
3482 3360 3548 3429 iis

1952 3471 2071 3525 qua:
2117 3462 2243 3509 sunt
2271 3453 2337 3509 ad
2386 3446 2620 3523 aliquid,
2666 3461 2945 3507 numerata
2995 3461 3109 3519 est,
3158 3450 3252 3507 sed
3295 3453 3547 3523 quoniam

1955 3536 2244 3601 omnis-res
2271 3560 2391 3616 quae
2418 3543 2483 3598 ab
2512 3544 2620 3598 alio
2648 3532 3059 3606 denominatur,
3094 3536 3239 3609 aliud
3277 3554 3357 3597 est
3390 3546 3548 3612 quam

1940 3637 2187 3711 idipsum
2218 3652 2246 3690 a
2277 3651 2382 3706 quo
2409 3632 2751 3688 denominata
2785 3642 2903 3699 est,
2933 3642 2990 3687 ut
3018 3630 3161 3686 aliud
3195 3642 3311 3700 est,
3345 3634 3436 3702 qui
3467 3632 3548 3711 erit

1958 3727 2368 3799 grammaticus,
2397 3736 2556 3796 atque
2583 3725 2928 3795 grammatica
2954 3766 2969 3791 ,
3001 3723 3253 3794 quamvis
3281 3720 3550 3805 gramma-

1962 3823 2095 3876 ticus
2121 3836 2148 3873 a
2174 3819 2516 3890 grammatica
2547 3815 2944 3873 denominetur.
2981 3816 3055 3871 Ita
3084 3824 3206 3871 cum
3251 3817 3321 3870 sit
3353 3810 3549 3889 positio

1936 3914 2180 3989 relativa
2204 3959 2217 3982 ,
2241 3912 2497 3985 quidquid
2529 3909 2933 3967 deuominative
2970 3926 2998 3965 a
3044 3909 3394 3979 positionibus
3419 3906 3550 3987 dici.

1964 4016 2069 4075 tur,
2105 4006 2206 4060 hoc
2236 4004 2580 4071 relatiwrutn
2610 4019 2808 4074 genere
2837 4019 2941 4057 non
2969 4002 3199 4058 tenetur.
3229 3994 3430 4072 Positio
3456 3998 3551 4083 au-

1942 4107 2069 4171 tem
2104 4098 2218 4162 ipsa
2248 4095 2469 4151 relativo
2502 4105 2606 4161 est,
2642 4096 2871 4163 positum
2919 4110 3048 4149 vero
3091 4104 3173 4149 est
3216 4110 3245 4149 a
3288 4095 3551 4167 positione

1964 4189 2385 4244 denominatum.
2414 4187 2585 4243 Statio
2610 4188 2752 4241 enim
2782 4188 3059 4255 cujusdam
3086 4187 3245 4243 statio
3270 4196 3371 4243 est.
3396 4188 3550 4269 Stare

1938 4298 2092 4353 vero
2118 4282 2368 4351 quoniam
2398 4297 2426 4334 a
2472 4280 2701 4336 statione
2742 4280 3143 4335 denominatum
3174 4291 3285 4345 est,
3320 4298 3423 4337 non
3450 4296 3550 4359 po-

1964 4374 2107 4430 nitur
2133 4375 2184 4428 in
2216 4388 2278 4428 eo
2305 4389 2503 4445 genere
2531 4372 2583 4427 in
2610 4389 2715 4443 quo
2743 4373 2905 4427 statio
2935 4371 3050 4428 fuit.
3081 4373 3257 4441 Quare
3277 4373 3376 4429 sub
3406 4378 3548 4439 rela-

1966 4468 2110 4521 tione
2144 4467 2244 4521 hoc
2286 4466 2762 4536 priedicamcntum
2803 4481 2909 4519 non
2961 4465 3248 4521 invenitur.
3278 4464 3382 4521 Sed
3412 4482 3548 4535 quo-

1964 4560 2105 4615 niam
2148 4559 2278 4614 nihil
2317 4568 2401 4614 est
2435 4559 2501 4613 ad
2540 4558 2679 4628 quod
2722 4558 2823 4612 hoc
2872 4556 3131 4613 reducere
3172 4572 3341 4628 genus
3389 4540 3550 4628 atque

226 4667 412 4739 ,σίδαι
456 4642 650 4721 ursinus.
691 4642 981 4737 Calefaccrc
1030 4642 1165 4722 enim
1188 4679 1233 4722 et
1258 4668 1558 4740 frigefaccre
1600 4669 1845 4721 contraria

1960 4664 2146 4722 aptare
2180 4652 2443 4721 possimus
2462 4690 2479 4717 ,
2507 4649 2793 4705 dicendum
2823 4660 2903 4703 est
2934 4665 3086 4704 suum
3112 4663 3233 4703 esse
3261 4665 3447 4718 genus.
3482 4642 3549 4705 Ut

225 4808 237 4819 ,
256 4766 404 4824 sunt,
426 4770 471 4813 et
507 4758 733 4825 caleﬁeri
766 4768 812 4812 et
843 4759 1111 4828 frigeﬁeri,
1137 4768 1185 4813 et
1207 4759 1444 4813 delectari
1462 4775 1524 4812 ac
1539 4759 1852 4813 contristari.

230 4896 233 4905 .
259 4852 431 4920 Quare
452 4851 665 4919 suscipit
694 4851 1104 4906 contrarietatem
1131 4860 1178 4906 et
1214 4852 1376 4922 magis
1417 4861 1463 4905 et
1491 4853 1657 4905 minus
1676 4890 1691 4916 ,
1718 4850 1854 4907 sate.

223 4994 235 5009 ,
256 4949 434 5017 mare
465 4947 601 5001 enim
631 4946 819 4999 dicitur
848 4945 1008 5016 magis
1033 4955 1080 4999 et
1112 4945 1308 5010 minus,
1339 4955 1384 4998 et
1424 4944 1651 5013 caleﬁeri
1687 4945 1853 5014 magis
1892 4976 1899 4981 -

228 5047 307 5091 [et
336 5037 531 5101 minus,
560 5049 606 5091 et
635 5035 928 5090 contristari
957 5036 1119 5109 magis
1144 5044 1191 5089 et
1218 5036 1386 5090 minus
1407 5079 1422 5103 ,
1453 5035 1667 5102 suscipit
1696 5034 1853 5104 igitur

228 5128 427 5198 Jugis
445 5138 489 5183 et
510 5129 712 5197 tacitus,
739 5131 906 5199 facere
931 5136 978 5181 et
1014 5128 1153 5199 pati;
1185 5128 1249 5183 de
1276 5127 1356 5182 his
1397 5129 1570 5201 itaque
1599 5136 1742 5181 tanta
1772 5126 1852 5180 dio

253 5232 468 5277 cantur.

234 5346 235 5349 η
328 5312 583 5368 Decursis
624 5319 853 5381 quatuor
883 5311 1311 5381 pradicamcntis
1338 5325 1462 5380 qum
1491 5308 1668 5379 aliqua
1694 5322 1847 5378 qua:-

254 5406 439 5460 stione
463 5412 517 5459 et
562 5388 997 5459 consideratione
1046 5417 1203 5471 egere
1233 5400 1581 5465 videbantur,
1619 5400 1852 5457 tenuiter
1936 5460 1941 5469 ,

225 5495 827 5575 αιιιθτδοὺτθνὶιοτφιθ
857 5493 1190 5562 perstringit.
1225 5493 1293 5546 Et
1330 5492 1398 5546 de
1425 5490 1605 5546 lacere
1633 5490 1849 5560 quidam
1940 5550 1941 5555 η

252 5597 311 5644 et
341 5586 451 5657 pati
479 5583 613 5642 nihil
645 5587 696 5640 in
730 5585 833 5640 hoc
862 5586 1029 5648 libro,
1064 5583 1166 5639 nisi
1205 5582 1347 5654 quod
1380 5582 1649 5638 contraria
1679 5583 1850 5639 susci-

226 5660 442 5753 ;piant,
472 5687 529 5735 et
557 5679 911 5734 intentionem
943 5676 1480 5746 imminutionemque
1526 5676 1594 5729 ab
1636 5673 1849 5730 Aristo-

224 5750 367 5830 :tele
392 5780 479 5829 est
504 5771 857 5841 disputatum,
889 5771 939 5824 in
971 5769 1091 5830 aliis
1115 5783 1242 5823 vero
1266 5769 1380 5837 ejus
1409 5767 1665 5838 operibus
1696 5768 1851 5836 plene

253 5869 327 5922 ab
364 5861 433 5923 00'
482 5859 826 5937 perfectaque
870 5871 1089 5921 tractata
1136 5872 1294 5932 sunt,
1338 5870 1394 5916 ut
1432 5860 1533 5918 hoc
1575 5859 1751 5933 ipsum
1780 5859 1850 5919 de

1959 4749 2277 4803 accumbere
2308 4746 2374 4799 ab
2413 4746 2694 4812 accubitu,
2738 4734 2883 4800 stare
2923 4760 2953 4800 a
2983 4745 3244 4811 statione,
3280 4756 3333 4800 et
3354 4758 3549 4811 caztera

1958 4841 2174 4912 quidem
2197 4857 2317 4913 qua:
2361 4841 2562 4894 idcirco
2591 4854 2649 4894 se
2690 4838 3007 4894 Aristoteles
3033 4839 3249 4909 exsequi
3283 4838 3548 4907 denegat,

1958 4932 2209 5005 quoniam
2232 4929 2539 5002 planissima
2566 4940 2684 4985 sunt
2703 4947 2725 4994 ;η
2750 4931 2823 4983 ait
2847 4929 2988 4983 enim
3016 4946 3029 4981 :
3058 4929 3131 4983 De
3150 4928 3372 5000 reliquis
3398 4943 3547 5001 vero,

1957 5028 2009 5082 id
2039 5038 2147 5091 est,
2172 5027 2406 5096 quando,
2428 5033 2482 5079 et
2511 5022 2621 5088 ubi,
2646 5032 2699 5077 et
2723 5018 2949 5087 habere;
2974 5030 3258 5091 proriterea
3287 5020 3403 5089 quia
3435 5035 3548 5095 ma-

1930 5119 2150 5198 .nil'esta
2181 5124 2340 5182 sunt,
2371 5116 2500 5170 nihil
2531 5115 2597 5169 de
2628 5114 2708 5168 his
2758 5115 2892 5167 ultra
2940 5111 3165 5180 dicitur,
3203 5127 3361 5182 quam
3401 5111 3545 5179 quod

1932 5213 2012 5285 ,in
2056 5210 2317 5281 principio
2365 5208 2566 5263 dictum
2615 5217 2729 5271 est,
2778 5213 2833 5260 et
2870 5220 3057 5261 eorum
3100 5203 3352 5274 pmdicta
3394 5202 3547 5273 ponit

1957 5304 2222 5375 exempla.

2402 5394 2490 5451 DE
2529 5392 2640 5450 L'Bl
2684 5391 2770 5447 ET
2805 5384 3102 5460 QUANDO.

2029 5488 2322 5545 Dicendum
2348 5497 2526 5543 autem
2555 5495 2635 5540 est
2660 5484 2893 5540 breviter
2919 5482 2985 5540 de
3016 5481 3395 5552 przedicatione
3426 5478 3545 5553 quae

1955 5570 2038 5639 cst
2067 5580 2154 5636 ubi
2185 5591 2240 5636 et
2266 5578 2500 5650 quando.
2533 5577 2683 5632 Sicut
2706 5577 2879 5645 ipsmn
2904 5574 2967 5627 ad
2990 5573 3190 5643 aliquid
3216 5588 3309 5641 per
3337 5587 3395 5627 se
3423 5590 3545 5631 esse

1955 5691 2062 5730 non
2088 5679 2285 5743 potest,
2312 5670 2415 5735 nisi
2447 5684 2511 5725 ex
2544 5669 2647 5724 alio
2678 5666 2854 5735 aliquo
2886 5675 3129 5719 naturam
3163 5662 3359 5727 trahat,
3392 5665 3458 5719 ita
3488 5677 3543 5719 et

1955 5766 2169 5837 quando
2198 5773 2252 5818 et
2278 5763 2389 5827 ubi,
2417 5774 2536 5815 esse
2583 5775 2687 5813 non
2714 5764 2908 5827 potest,
2936 5752 3038 5808 nisi
3069 5753 3215 5808 locus
3242 5770 3303 5808 ac
3331 5766 3544 5826 tempus

1957 5859 2140 5917 luerit.
2165 5858 2365 5914 Locum
2395 5852 2536 5911 enim
2566 5850 2677 5922 ubi,
2704 5848 2919 5921 tempus
2945 5862 3071 5905 vero
3099 5847 3345 5919 quando,
3376 5846 3547 5909 cum}.
