4022 6328
543 335 650 393 263

1775 329 1885 385 AN.
1923 325 2132 384 MANL.
2174 325 2328 385 SEV.
2374 324 2597 382 BOETll

3709 320 3810 378 164

544 455 703 503 tatur.
735 441 851 499 Non
878 451 961 499 est
983 447 1156 496 autem
1180 436 1319 494 idem
1345 445 1586 510 tempus,
1640 449 1694 494 et
1743 437 1987 508 quando,
2022 451 2120 492 nec
2147 440 2198 500 A
2223 437 2527 530 Scipionem
2563 436 2836 494 consulem
2875 434 3204 502 Romanum,
3249 448 3390 491 nunc
3415 447 3534 490 esse
3573 431 3811 530 Orientis

544 540 632 594 ubi
654 545 708 592 et
731 536 899 604 locus,
927 529 1019 588 sed
1051 529 1325 602 pr0posito
1349 529 1494 598 prius
1525 529 1641 586 loco
1665 530 1706 585 si
1734 544 1835 600 qua
1865 543 1950 585 res
1981 528 2034 584 in
2058 541 2122 583 eo

464 671 469 680 .
503 695 511 698 _
543 629 611 684 sit
655 628 851 698 posita,
883 623 967 678 ubi
1012 635 1131 676 esse
1180 621 1394 677 dicitur.
1427 619 1633 677 Rursus
1676 622 1720 676 si
1763 631 1909 677 certa
1942 634 2029 676 res
2068 618 2122 674 in

503 695 512 704 ’
545 695 782 788 tempore
813 724 926 781 est,
951 712 1163 785 quando
1189 727 1310 769 esse
1340 711 1670 782 perhibetur,
1706 721 1763 767 ut
1790 709 2124 782 Apollinares

547 807 676 871 ludi,
707 820 825 861 cum
857 814 963 858 sunt
993 804 1042 858 in
1073 800 1334 873 tempere,
1365 803 1579 874 quando
1603 818 1694 858 eos
1725 817 1846 859 esse
1872 803 2120 857 dicimus.

545 896 751 949 Habent
774 904 948 949 autem
980 895 1092 949 haec
1121 910 1333 964 quoque
1364 895 1608 964 proprias
1631 894 1999 958 diversitates,
2033 892 2121 968 ubi

542 991 790 1058 quidem,
841 988 980 1058 quod
1028 990 1312 1058 aliquoties
1375 989 1580 1042 infinite
1644 989 1856 1042 dicitur.
1917 983 2124 1041 Alicnbi

541 1082 682 1134 enim
707 1094 824 1135 esse
850 1081 1074 1133 dicimus
1101 1081 1332 1150 aliquem
1358 1121 1372 1144 ,
1405 1089 1460 1134 ut
1498 1081 1804 1145 Socratem,
1839 1077 2124 1148 aliquoties

543 1172 975 1238 autemdifiinite,
999 1182 1057 1226 ut
1080 1173 1297 1242 inlyceo
1323 1175 1403 1228 vel
1422 1174 1472 1227 in
1491 1173 1784 1228 academia.
1812 1172 2126 1240 Hahctquo-

538 1283 642 1338 que
674 1268 780 1334 ubi,
816 1267 1106 1322 secundum
1147 1269 1320 1338 ipsum
1354 1267 1528 1322 locum
1558 1266 1610 1320 in
1637 1282 1742 1336 quo
1773 1276 1853 1319 est
1875 1306 1888 1329 ,
1919 1265 2124 1333 aliquas

539 1360 969 1414 contrarietates.
1003 1360 1224 1415 Sursum
1266 1360 1408 1414 enim
1459 1373 1598 1422 esse,
1645 1367 1696 1412 et
1743 1357 1993 1412 deorsum
2035 1354 2122 1410 ubi

539 1466 658 1508 esse
686 1452 899 1507 dicitur.
927 1453 1250 1523 Temporum
1274 1467 1488 1522 quoque
1510 1453 1793 1506 varietates
1825 1451 1876 1504 in
1900 1465 1964 1504 eo
1989 1466 2124 1520 pra:-

539 1543 874 1610 dicamento,
905 1545 1042 1614 quod
1072 1555 1154 1600 est
1193 1544 1428 1614 quando,
1463 1559 1582 1600 esse
1630 1544 1970 1598 manifestum
2017 1550 2118 1597 est.

539 1635 738 1691 Futura
778 1638 916 1691 enim
963 1649 1018 1692 et
1067 1639 1346 1707 praesentia
1394 1638 1770 1707 prmteritaque
1807 1637 1860 1692 in
1909 1636 2123 1707 quando

539 1727 952 1796 przedicamento
971 1732 1209 1785 veniunt.
1227 1730 1464 1784 Dicimus
1487 1731 1628 1785 enim
1653 1730 1815 1785 fuisse
1835 1728 2120 1799 aliquando

2226 521 2624 598 imperatorem,
2657 526 2747 599 qui
2778 541 2920 583 nunc
2947 525 3264 583 Anastasius
3294 523 3612 597 appellatur.
3639 521 3812 578 Futu-

2226 632 2345 674 rum
2386 626 2565 675 autem
2615 632 2736 676 esse
2784 617 3051 689 aliquem,
3097 631 3217 690 quae
3265 614 3470 674 scilicet
3515 612 3813 673 secundum

2225 715 2436 787 quando
2466 715 2936 788 praedicamentum
2965 716 3231 772 dicuntur.

2808 810 2899 865 DE
2938 805 3243 864 HABERE.

2298 900 2504 958 Habere
2543 910 2720 957 autem
2762 910 2845 955 est
2893 898 3159 970 quoddam
3205 894 3538 951 extrinsecus
3567 890 3820 955 veniens,

2227 1011 2399 1066 neque
2424 997 2662 1051 innatum
2686 996 2736 1050 ei
2779 1011 2809 1049 a
2839 1009 2946 1064 quo
2974 992 3232 1056 habetur,
3264 986 3512 1058 aliudque
3547 997 3709 1055 quam
3733 989 3819 1036 est

2227 1089 2353 1142 illud
2386 1092 2556 1158 ipsum
2581 1104 2607 1140 a
2630 1103 2736 1158 quo
2759 1086 3006 1154 habetur,
3036 1085 3090 1139 in
3112 1099 3170 1138 se
3194 1082 3448 1147 retinere,
3473 1088 3528 1134 ut
3548 1085 3818 1133 armatum

2225 1195 2345 1234 esse
2367 1180 2450 1236 vel
2482 1180 2729 1235 vestitum
2760 1194 2898 1234 esse.
2941 1178 3150 1233 llaberc
3181 1176 3324 1232 enim
3348 1181 3431 1229 est
3456 1182 3635 1228 vestes
3659 1178 3820 1238 atque

2227 1285 2371 1324 arma
2422 1281 2628 1337 tenere,
2661 1286 2780 1341 qua:
2806 1286 2926 1324 cum
2957 1284 3021 1325 eo
3051 1278 3172 1324 nata
3204 1283 3308 1322 non
3337 1273 3483 1331 sunt,
3513 1277 3690 1332 neque
3719 1260 3820 1314 ali-

2228 1377 2328 1430 qua
2359 1377 2478 1415 cum
2506 1377 2570 1415 eo
2597 1363 2682 1428 qui
2718 1361 2906 1425 habet,
2939 1360 3209 1415 communi
3241 1365 3427 1412 natura
3458 1353 3819 1423 proprietate-

2228 1470 2330 1524 que
2353 1454 2680 1524 junguntur;
2706 1455 2798 1509 sed
2827 1454 3078 1524 quoniam
3102 1454 3170 1506 de
3193 1445 3600 1524 hislAristoteles
3629 1442 3819 1510 tacuit,

2228 1548 2380 1602 nobis
2410 1563 2619 1617 quoque
2650 1561 2791 1602 nunc
2821 1560 3007 1603 eorum
3039 1543 3248 1615 longior
3274 1550 3531 1598 tractatus
3556 1536 3817 1594 omitten-

2229 1639 2324 1694 dus
2353 1649 2456 1694 est.
3142 1636 3154 1645 “

551 1848 3794 1881 W

1608 1959 1992 2060 LIBER
2057 1952 2719 2080 QUARTUS.

605 2183 878 2256 Exprditis
905 2184 1151 2240 omnibus
1173 2183 1624 2254 praedicamentis,
1652 2199 1746 2239 cur
1777 2192 1968 2255 praeter
1994 2200 2121 2254 pro-
2154 2190 2201 2252 Β
2227 2183 2292 2239 de
2326 2183 2409 2238 his
2439 2199 2559 2252 quae
2588 2192 2714 2238 sunt
2741 2197 2908 2248 prius,
2934 2196 3158 2253 quaeque
3189 2180 3344 2236 simul
3369 2190 3557 2235 natura
3590 2179 3795 2250 gignun

534 2278 760 2346 positum
783 2279 958 2347 operis
981 2277 1032 2331 in
1058 2277 1192 2332 hanc
1209 2277 1573 2347 Oppositorum
1606 2277 2019 2346 disputationem
2052 2279 2121 2333 sit

530 2371 820 2440 ingressus,
845 2387 873 2424 a
904 2371 1081 2425 multis
1104 2380 1226 2426 ante
1249 2372 1528 2440 quaesitum
1548 2380 1649 2438 est,
1666 2373 1758 2427 sed
1782 2373 2121 2430 Andronicus

531 2464 668 2518 hanc
690 2479 809 2519 esse
835 2464 1184 2533 adjectionem
1226 2465 1532 2519 Aristotelis
1583 2480 1688 2519 non
1722 2475 1895 2534 putat,
1924 2466 2116 2520 simul-

530 2571 630 2625 que
663 2555 791 2609 illud
821 2556 1130 2621 arbitratur,
1162 2555 1360 2611 idcirco
1402 2557 1468 2611 ab
1496 2571 1560 2612 eo
1607 2558 1829 2613 fortasse
1863 2559 1999 2613 hanc
2024 2559 2119 2614 ad-

527 2648 812 2718 jectionem
842 2649 909 2704 de
939 2651 1221 2719 oppositis,
1249 2659 1301 2705 et
1332 2649 1398 2706 de
1427 2651 1509 2704 his
1537 2667 1656 2721 qua:
1682 2653 1840 2707 simul
1870 2662 1993 2707 sunt
2014 2697 2027 2719 ,
2064 2663 2117 2708 et

527 2740 593 2796 de
629 2743 825 2811 priore,
857 2751 913 2797 et
940 2742 1006 2796 de
1038 2753 1183 2796 motu
1216 2750 1270 2797 et
1309 2742 1376 2797 de
1405 2745 1849 2813 aequivocatione,
1885 2743 2116 2799 habendi

527 2849 633 2888 non
674 2850 793 2890 esse
840 2835 1057 2901 factam,
1107 2834 1247 2905 quod
1294 2834 1434 2889 hunc
1482 2835 1722 2891 libellum
1761 2843 1884 2890 ante
1915 2834 2112 2905 Topica

455 2913 458 2915 l
525 2928 820 2998 scripserit,
852 2928 1098 2998 quodque
1130 2927 1244 2982 haec
1269 2927 1334 2981 ad
1364 2927 1494 2982 illud
1519 2943 1652 2997 opus
1681 2943 1783 2982 non
1813 2929 2114 2982 necessaria

524 3023 936 3090 essesputaverit
955 3062 970 3085 ,
1003 3023 1140 3076 sicut
1170 3021 1284 3090 ipse
1310 3021 1610 3088 Categorite
1641 3031 1866 3089 prosunt
1896 3021 1961 3074 ad
1986 3037 2113 3074 sen-

524 3129 643 3167 sum
671 3112 1016 3182 Topicorum,
1085 3127 1191 3166 non
1241 3112 1490 3181 ignorans
1542 3111 1744 3166 scilicet
1772 3110 1913 3181 quod
1958 3112 2112 3166 suffi-

524 3204 730 3258 cienter
757 3203 808 3256 in
825 3202 1064 3272 Tepicis,
1081 3210 1337 3270 quantum
1361 3202 1427 3255 ad
1450 3212 1758 3270 argumenta
1784 3203 2110 3272 pertinebat,

524 3304 576 3348 et
604 3294 671 3348 de
699 3293 779 3347 his
806 3293 1057 3347 omnibus
1087 3308 1206 3362 qua:
1237 3293 1447 3363 adjecta
1479 3303 1634 3360 sunt,
1664 3303 1717 3349 et
1754 3293 1823 3350 de
1853 3295 2114 3364 prmdica-

523 3386 718 3441 mentis
745 3383 906 3440 fuisse
933 3385 1287 3456 propositum.
1308 3385 1414 3441 Sed
1443 3386 1558 3440 hare
1589 3386 1950 3443 Andronicus.
1981 3389 2112 3444 Por-

526 3475 746 3546 pbyrius
769 3491 893 3531 vero
917 3475 1054 3531 hanc
1096 3475 1454 3543 adjectionem
1481 3492 1672 3534 vacare
1702 3487 1756 3535 et
1787 3493 1973 3536 carere
2017 3496 2110 3534 ra-

2224 2287 2330 2343 tur,
2367 2277 2595 2331 strictim
2631 2275 2824 2346 tetigit,
2877 2277 3017 2345 quod
3047 2291 3186 2329 nunc
3231 2275 3301 2329 dil
3327 2281 3520 2345 genter
3563 2271 3800 2343 explicat

2223 2370 2474 2425 Faciendi
2501 2385 2627 2425 vero
2657 2369 2997 2439 patiendique
3026 2367 3436 2438 praedicamenta
3455 2366 3598 2433 sunt,
3626 2365 3677 2420 in
3701 2366 3795 2435 qui

2222 2464 2319 2518 bus
2349 2464 2562 2534 quidam
2605 2464 2756 2533 quasi
2811 2471 2987 2516 motus
3042 2461 3367 2531 agitatioque
3411 2459 3821 2527 consideratur_

2221 2573 2447 2613 necesse
2483 2557 2646 2626 igitur
2679 2556 2773 2610 fuit
2805 2555 2872 2610 de
2904 2565 3050 2610 motu
3081 2555 3285 2618 dicere,
3338 2553 3425 2623 qui
3454 2562 3695 2606 naturam
3741 2552 3819 2605 fas

2219 2652 2393 2707 ciendi
2428 2661 2585 2721 atque
2641 2627 2874 2719 patiendi
2918 2648 3080 2703 vellet
3109 2645 3417 2703 ostendere.
3452 2645 3582 2712 Quis
3635 2654 3803 2702 auten

2219 2743 2426 2798 dubitet
2485 2742 2773 2811 cujuslibet
2829 2741 3094 2796 sermonis
3137 2740 3614 2811 aequivocationem
3663 2751 3816 2791 mons

2219 2848 2414 2904 strare,
2441 2852 2562 2892 esse
2595 2835 2864 2905 perutile?
2896 2835 3070 2902 Quare
3100 2836 3352 2904 quoniam
3385 2832 3583 2888 habere
3602 2845 3816 2901 quoqut.

2231 2929 2705 2998 prmdicamentum
2733 2939 2831 2990 est,
2859 2942 2964 2981 non
2999 2927 3095 2981 fuit
3118 2927 3498 2982 inconveniens
3527 2939 3701 2995 neque
3735 2940 3819 2980 su-

2218 3022 2478 3092 perfluum
2503 3021 2569 3076 de
2603 3020 2827 3076 habendi
2858 3021 3285 3090 aequivocatione
3314 3027 3592 3075 tractasse.

2755 3113 2840 3167 DE
2870 3111 3240 3168 OPPOSITIS.

2293 3207 2367 3263 De
2399 3209 2643 3276 oppositis
2689 3218 2858 3262 autent
2891 3211 3088 3279 quoties
3119 3208 3282 3262 solent
3313 3209 3503 3278 opponi
3544 3207 3819 3263 dicendum

2215 3313 2307 3357 est.
2339 3300 2539 3356 Dicitur
2561 3311 2728 3356 autent
2749 3303 2969 3356 alterum
2992 3303 3142 3355 alteri
3164 3303 3352 3372 opponi
3381 3301 3813 3372 quadrupliciter,

2215 3409 2302 3451 aut
2334 3407 2387 3451 at
2415 3399 2484 3451 ad
2513 3399 2730 3468 aliquid,
2763 3408 2851 3451 aut
2897 3408 2951 3451 ut
2980 3400 3262 3465 contraria,
3305 3408 3394 3453 aut
3437 3408 3491 3452 ut
3536 3399 3745 3452 habitus
3775 3406 3819 3453 et

2217 3493 2452 3562 privatio,
2477 3500 2564 3544 aut
2607 3503 2661 3544 ut
2698 3491 2969 3560 aﬂirmalio
2996 3501 3041 3544 et
3074 3493 3311 3562 negatio;
3346 3493 3623 3560 opponitur
3649 3500 3817 3547 autem

523 3568 667 3624 tione
711 3584 815 3624 non
847 3578 1017 3639 puial.
1064 3568 1229 3639 Cuius
1282 3569 1419 3626 hanc
1472 3570 1704 3640 pr0didil
1751 3585 1989 3627 causain-
2038 3571 2107 3628 υι
2136 3565 2184 3631 C
2215 3583 2611 3654 unumquodque
2636 3583 2874 3648 istorum,
2899 3593 2948 3636 ut
2971 3584 3140 3655 ﬁgura
3163 3585 3326 3638 dicant
3350 3585 3564 3639 relativa
3583 3585 3821 3656 quidem,-

521 3662 664 3716 enim
699 3663 866 3717 multa
896 3672 1020 3716 sunt
1065 3677 1181 3732 qua:
1207 3663 1350 3734 quod
1383 3663 1758 3718 communibus
1780 3664 1943 3718 animi
1975 3679 2108 3721 con-

520 3757 858 3827 ceptionibus
885 3773 1005 3813 sese
1029 3766 1396 3828 suggererent,
1425 3758 1476 3812 in
1502 3756 1661 3828 hujus
1684 3757 1802 3812 libri
1836 3756 2110 3828 principiis

521 3844 591 3900 ab
620 3846 906 3902 Aristotele
934 3848 1183 3917 prmdicta
1214 3857 1358 3913 sunt,
1392 3856 1450 3901 ut
1479 3847 1547 3902 de
1567 3848 1875 3917 :equivocis,
1913 3859 1966 3914 et
1991 3847 2111 3904 uni-

519 3940 688 4009 vocis,
720 3949 774 3996 et
793 3939 1222 4007 denominativis,
1254 3951 1305 3996 et
1339 3940 1405 3996 de
1434 3939 1519 3993 his
1547 3939 1815 4005 omnibus,
1853 3957 2109 4010 quarcun-

522 4045 626 4100 que
654 4044 824 4100 usque
861 4029 928 4084 ad
959 4029 1268 4085 substantiae
1299 4030 1719 4099 disputationem
1767 4031 1834 4084 ad
1867 4030 2106 4100 ipsorum

517 4121 1055 4191 praedicamentorum
1087 4122 1366 4178 utilitatem
1398 4122 1864 4193 cognitionemque
1906 4124 2103 4193 praedio

517 4220 601 4267 cta
627 4223 769 4278 sunt,
804 4214 875 4269 ita
921 4214 1166 4285 quazdam
1221 4213 1386 4268 fuisse
1414 4229 1532 4283 quae
1577 4224 1759 4270 essent
1790 4215 2004 4285 quidem
2052 4217 2106 4272 in

516 4305 889 4359 communibus
917 4305 1196 4370 sensibus,
1226 4314 1449 4375 egerent
1492 4315 1668 4360 tamen
1696 4305 1992 4361 subtilioris
2019 4307 2105 4362 di-

517 4395 740 4451 visionis
793 4396 974 4464 modo,
1032 4397 1146 4452 haec
1201 4397 1489 4468 diligen’ter
1533 4400 1807 4468 supposita
1867 4409 2012 4467 sunt,
2048 4409 2106 4455 ut

513 4494 641 4565 quid
669 4503 850 4550 essent
879 4497 1092 4565 proprie
1141 4503 1536 4561 tenereturyne
1583 4495 1733 4550 falsis
1763 4497 2104 4566 Opinionibus

514 4587 791 4642 traductus
817 4601 920 4640 non
949 4587 1135 4642 firmus
1161 4587 1370 4642 animus
1398 4586 1695 4642 luderetur.
1729 4588 1892 4642 Docet
1921 4597 2101 4645 autem

514 4677 634 4744 hoc,
652 4679 844 4748 inquit,
862 4678 1021 4733 etiam
1042 4678 1158 4745 ipse
1184 4677 1318 4733 ordo
1342 4693 1612 4749 congruns
1643 4679 1940 4750 rationique
1968 4696 2101 4736 con-

512 4770 733 4825 veniens
757 4770 1055 4835 titulorum,
1077 4772 1215 4825 hanc
1243 4770 1599 4840 adjectionem
1624 4772 1784 4828 fuisse
1812 4774 2100 4843 perutilem

508 4875 668 4935 atque
724 4864 1104 4919 necessariam.
1155 4863 1312 4919 Prius
1360 4865 1502 4920 enim
1533 4866 1599 4920 de
1645 4867 1925 4936 Oppositis,
1980 4875 2101 4935 post

2221 3688 2274 3732 ut
2303 3677 2519 3747 duplum
2549 3676 2781 3730 dimidio.
2812 3675 3085 3731 Contraria
3129 3687 3297 3731 autem
3329 3687 3384 3730 ut
3414 3677 3550 3730 malo
3599 3678 3809 3742 bonum,

2219 3771 2496 3824 secundum
2527 3769 2856 3840 privationem
2879 3777 2926 3823 et
2958 3767 3204 3834 habitum,
3238 3780 3293 3822 ut
3323 3770 3521 3824 accitas
3550 3770 3702 3836 risui,
3727 3784 3810 3823 se-

2220 3862 2444 3917 cundum
2502 3861 2888 3933 a/ﬁrmationem
2931 3872 2978 3914 et
3031 3863 3379 3932 negationem,
3431 3872 3485 3915 ut
3527 3862 3669 3917 sedet
3716 3876 3816 3916 non

2217 3957 2375 4011 sedet.

2291 4046 2421 4100 Illud
2453 4062 2665 4116 quoque
2693 4047 2953 4114 quaeritur
3000 4054 3176 4100 utrum
3209 4043 3559 4115 oppositionis
3608 4057 3809 4099 nomen

2216 4137 2488 4206 mquivocc
2535 4132 2870 4206 praedicetur.
2916 4138 3150 4192 Dicimus
3187 4138 3328 4192 enim
3360 4145 3588 4206 quatuor
3637 4136 3813 4191 modis

2216 4231 2446 4301 apponi,
2475 4241 2564 4284 aut
2590 4239 2640 4284 ut
2676 4231 2968 4296 contraria,
2995 4242 3087 4284 aut
3111 4239 3167 4285 ut
3193 4230 3417 4300 aliquid,
3452 4238 3544 4284 aut
3571 4240 3630 4284 ut
3660 4229 3816 4284 habi-

2218 4335 2328 4378 tum
2359 4333 2411 4378 et
2439 4324 2816 4390 privationem,
2848 4334 2940 4378 aut
2972 4333 3028 4378 ut
3057 4323 3471 4379 aflirmationem
3489 4333 3543 4378 et
3564 4323 3815 4394 negatio-

2215 4430 2357 4470 nem.
2394 4414 2490 4469 Hic
2523 4430 2652 4479 ergo
2694 4416 3034 4470 contenditur
3059 4425 3232 4469 utrum
3264 4415 3619 4485 :equivocatio
3659 4428 3816 4483 qure-

2213 4508 2337 4562 dam
2368 4508 2508 4562 circa
2555 4508 2648 4562 has
2677 4517 2904 4577 quatuor
2949 4508 3290 4563 diversitates
3335 4508 3421 4574 sit,
3477 4522 3543 4561 an
3574 4507 3815 4576 idipsum

2213 4598 2354 4670 quod
2384 4599 2608 4654 dicimus
2637 4599 2942 4668 oppositum
2981 4599 3191 4671 generis
3219 4601 3337 4656 vice
3378 4599 3724 4669 praedicetur,
3761 4607 3818 4657 ut

2213 4690 2284 4744 sit
2309 4689 2617 4744 univocum.
2638 4689 2741 4745 Sed
2774 4692 2825 4745 in
2850 4693 2954 4746 hoc
2975 4691 3274 4746 Stoicorum
3298 4690 3815 4758 Peripateticorum-

2211 4796 2314 4852 que
2345 4780 2552 4837 diversa
2598 4782 2861 4837 sententia
2893 4782 3011 4849 fuit,
3042 4792 3095 4839 et
3123 4791 3179 4838 ut
3209 4784 3310 4850 ipsi
3342 4784 3482 4838 inter
3503 4798 3560 4838 se
3590 4783 3816 4855 Peripa~

2211 4871 2382 4940 tetici,
2407 4873 2620 4930 diverse
2652 4875 2842 4929 sectati
2865 4884 3008 4929 sunt.
3039 4876 3341 4931 Stoicorum
3369 4876 3623 4946 quoniam
3653 4877 3816 4948 longa

507 4973 635 5012 vero
662 4956 730 5012 de
758 4955 842 5010 his
868 4971 988 5026 (ιυω
1017 4955 1177 5012 Sim“!
1198 4965 1342 5023 sum,
1365 4965 1419 5014 Cl
1442 4957 1510 5014 de
1537 4959 1620 5014 his
1647 4975 1765 5029 quae
1795 4961 2095 5029 posteriora
2122 4965 2181 5026 D
2207 4966 2474 5020 sententia
2506 4975 2606 5031 est,
2636 4968 3097 5036 praetermittatur,
3137 4968 3256 5024 aliis
3285 4980 3461 5024 autem
3490 4969 3817 5039 Peripateti~

505 5058 650 5104 sunt.
680 5047 807 5102 Post
835 5057 1011 5102 autem
1035 5047 1101 5104 de
1124 5057 1294 5115 motu,
1322 5050 1387 5104 ad
1414 5061 1743 5120 postremum
1773 5050 1839 5107 de
1868 5052 2098 5110 habendi

512 5138 931 5209 :equivocatione
957 5154 1262 5196 sermonem
1283 5143 1505 5210 faciens,
1541 5144 1661 5199 libri
1691 5145 1885 5201 seriem
1915 5150 2102 5203 termi-

507 5234 671 5288 navit.
706 5233 911 5289 ldcirco
932 5235 1073 5306 quod
1103 5236 1154 5290 in
1185 5236 1435 5292 omnibus
1458 5237 1674 5307 quidem
1709 5238 2101 5307 prmdicamen-

453 5361 460 5368 .
505 5326 572 5379 tis
617 5335 740 5381 ante
768 5327 1045 5397 qumsivit,
1079 5337 1255 5383 utrum
1312 5328 1521 5398 possint
1572 5329 1772 5384 habere
1801 5332 2095 5385 contraria.

499 5413 553 5470 In
589 5414 670 5471 liis
699 5433 830 5472 vero
855 5431 972 5487 quae
1001 5427 1127 5473 sunt
1152 5418 1456 5488 atlaliquid,
1489 5418 1621 5474 dixit
1652 5435 1901 5491 magnum
1929 5438 2095 5492 parvo

496 5524 603 5563 non
627 5524 782 5580 posse
802 5525 923 5566 esse
950 5512 1302 5578 contrarium,
1328 5511 1421 5566 sed
1452 5512 1776 5581 oppositum.
1803 5514 1944 5581 Quid
1965 5530 2092 5570 vero

496 5612 637 5656 esset
662 5605 966 5674 oppositum
995 5604 1174 5660 dicere
1209 5606 1550 5674 praetermisit
1572 5647 1586 5671 ,
1621 5621 1690 5660 ne
1735 5606 1873 5661 ordo
1899 5607 2090 5677 dispu-

498 5694 639 5746 taudi
686 5701 968 5752 Continuus
1019 5706 1384 5767 rumperetur.
1414 5696 1507 5752 llic
1538 5697 1699 5767 igitur
1749 5707 1896 5754 recte
1944 5699 2090 5789 quod

496 5782 611 5841 illic
641 5791 1076 5863 prmtermiserat,
1103 5789 1249 5863 prius
1269 5789 1499 5858 edocuit.
1526 5791 1578 5850 In
1610 5791 1846 5852 relativis
1875 5782 2100 5866 quoque;

1450 5923 1490 5946 δι’

2216 5057 2294 5112 eis
2324 5056 2493 5126 placet
2528 5072 2721 5112 nomen
2761 5057 2862 5112 hoc
2887 5059 3120 5128 oppositi
3148 5059 3214 5114 de
3241 5059 3498 5130 subjectis
3528 5062 3816 5130 :equivooa

2213 5147 2495 5217 przedicari
2522 5190 2537 5215 ,
2567 5149 2637 5204 ita
2662 5149 3069 5218 affirmantibus,
3104 5153 3357 5220 quoniam
3391 5153 3719 5209 Aristoteles
3743 5154 3816 5210 ita

2216 5240 2391 5296 dixit:
2426 5240 2500 5296 De
2524 5243 2788 5311 Oppositis
2825 5244 3034 5311 quoties
3063 5243 3235 5300 solent
3280 5245 3478 5316 opponi
3517 5244 3816 5301 dicendum

2215 5340 2299 5387 est
2342 5331 2469 5400 hoc,
2525 5333 2576 5386 id
2623 5341 2707 5389 est
2747 5336 2956 5404 quoties
2992 5335 3056 5391 ad
3085 5336 3528 5407 multiplicitatem
3572 5340 3816 5408 pertinet

2183 5409 2669 5494 'mquivocationis.
2701 5427 2804 5484 Sed
2843 5431 2935 5500 qui
2969 5431 3158 5487 melius
3181 5431 3510 5502 judicavere,
3545 5432 3603 5488 hi
3633 5449 3816 5504 oppo-

2207 5515 2418 5573 sitionis
2444 5532 2638 5575 nomen
2671 5523 2881 5590 generis
2905 5524 3021 5579 loco
3051 5525 3236 5580 dicunt
3265 5517 3462 5582 debere
3495 5527 3813 5597 prirdicari,

2206 5604 2407 5664 idcirco
2460 5611 2601 5682 quod
2644 5629 2764 5669 cum
2816 5630 3012 5672 nomen
3049 5619 3403 5688 appositionis
3448 5621 3516 5675 de
3543 5619 3814 5689 subjectis

2205 5713 2433 5770 quatuor
2471 5706 2898 5775 oppositionibus
2956 5713 3296 5782 praedicetur,
3347 5713 3417 5767 ab
3474 5713 3556 5768 his
3586 5727 3815 5785 quoque

2167 5793 2453 5894 ‘difflnitio
2497 5811 2602 5862 non
2629 5801 2859 5861 oberret.
2895 5803 3026 5860 Sunt
3080 5806 3223 5863 enim
3279 5805 3520 5880 opposita
3568 5818 3692 5878 qua:
3752 5805 3816 5866 in

2202 5917 2242 5954 Ὅ
