4030 6336
162 354 270 408 205

1146 347 1206 401 IN
1247 339 1682 404 CATEGORIAS
1722 340 2169 403 ARISTOTELIS
2208 349 2334 402 LIB.
2376 342 2463 402 IV'.

3353 346 3457 412 266

161 464 378 527 eodem,
422 458 714 515 secundum
770 457 937 524 idem,
985 457 1040 512 in
1079 456 1269 512 eodem
1318 465 1578 526 tempore,
1609 458 1752 512 circa
1784 459 1838 518 Α
1937 457 2144 513 Dictum
2173 460 2330 514 estin
2359 458 2443 515 his
2467 473 2585 529 que
2609 457 2901 517 secundum
2954 461 3018 518 ad
3052 463 3248 535 aliquid
3293 485 3460 540 oppo-

163 572 325 614 unam
349 555 851 623 eamdemquerem,
886 551 1046 607 simul
1074 565 1195 607 esse
1221 567 1325 605 non
1348 559 1597 620 possunt,
1622 550 1764 621 quod

166 660 262 721 ,δει-
289 649 502 719 singula
542 660 769 717 quaeque
799 644 1140 714 pergentibus
1183 644 1234 697 in
1278 643 1506 709 singulis
1546 643 1767 712 opposi-

165 741 233 796 tis
264 740 557 795 invenitur.
608 738 849 808 Namque
893 737 1073 792 album
1111 744 1168 791 et
1216 737 1449 806 nigrum,
1492 751 1612 807 qua
1639 743 1768 791 sunt

164 834 454 901 contraria,
479 846 585 888 uno
621 830 918 901 eodemque
956 840 1198 897 tempore
1229 829 1372 884 circa
1400 844 1563 883 unum
1592 827 1765 882 idem-

163 942 275 997 que
303 940 496 997 corpus
524 933 840 996 partemque
869 923 1113 992 corporis
1145 922 1304 976 simul
1352 937 1473 977 esse
1508 936 1614 976 non
1645 936 1768 991 pos-

167 1028 331 1084 sunt,
371 1034 470 1073 nec
520 1032 710 1072 servus
757 1024 917 1084 atque
965 1014 1215 1069 dominus
1263 1012 1528 1083 ejusdem,
1576 1013 1765 1068 eodem

174 1122 418 1177 tempore
449 1111 591 1166 idem
624 1124 812 1166 servus
846 1108 988 1163 idem
1018 1107 1270 1163 dominus
1293 1116 1400 1172 est,
1434 1121 1533 1161 nec
1555 1106 1769 1161 habitus

166 1213 223 1261 et
248 1203 506 1274 privatio;
538 1202 661 1272 quis
687 1196 827 1256 enini
861 1199 1008 1254 dicat
1036 1199 1086 1253 in
1130 1198 1320 1252 eodem
1353 1197 1513 1253 oculo
1542 1211 1647 1251 uno
1676 1211 1771 1251 eo-

169 1296 402 1365 demque
434 1304 678 1365 tempore
698 1304 755 1350 et
785 1293 955 1346 visum
1001 1306 1159 1362 posse
1206 1305 1327 1345 esse
1353 1299 1408 1347 et
1436 1290 1769 1345 comitatem?

172 1390 293 1445 Jam
327 1403 456 1444 vero
497 1386 782 1442 aiﬁrmatio
830 1395 886 1441 et
931 1384 1149 1456 negatio
1196 1397 1357 1453 quam
1408 1391 1771 1452 repugnantes

170 1483 304 1551 sint,
334 1495 603 1552 quamque
619 1480 676 1533 in
695 1477 886 1533 eodem
916 1476 1077 1532 simul
1101 1491 1222 1531 esse
1241 1492 1349 1531 non
1375 1474 1604 1545 possint,
1634 1475 1771 1529 nulli

174 1576 395 1632 dubium
426 1583 529 1631 est.
561 1574 741 1640 Quare
768 1571 812 1626 si
838 1587 901 1626 ea
922 1586 1045 1641 qua:
1071 1570 1171 1625 sub
1196 1570 1540 1640 Oppositione
1564 1584 1774 1639 ponun-

170 1679 262 1724 tur
298 1667 651 1739 appositionis
694 1680 889 1722 nomen
922 1664 1410 1734 diiiinitionemque
1446 1665 1768 1735 suscipiunt,
1784 1710 1803 1739 κ

170 1759 307 1827 quid
347 1768 432 1815 est
458 1758 675 1813 dubium
706 1755 1100 1827 oppositiouem
1142 1768 1247 1809 non
1279 1754 1553 1824 aequivoce
1578 1754 1772 1824 praedi-

1873 557 2102 615 nuntur,
2131 549 2276 619 quod
2303 566 2364 604 ea
2395 553 2507 620 ipsa
2531 553 2581 607 id
2612 554 2752 624 quod
2785 564 2911 609 sunt
2933 557 2998 611 ad
3024 558 3072 612 id
3100 560 3241 628 quod
3261 564 3359 617 sibi
3377 573 3463 619 est

1868 642 2174 712 oppositum
2199 642 2527 699 dicerentur.
2552 645 2833 704 Contraria
2864 664 2994 705 vero
3009 659 3064 705 et
3093 652 3206 722 ipsa
3238 655 3456 723 quidem

1868 746 2211 808 opponuntur
2238 738 2359 804 sibi,
2393 739 2486 794 sed
2520 739 2570 793 id
2613 742 2753 810 quod
2781 753 2905 796 sunt
2948 746 3011 797 ad
3060 748 3305 813 Opposita
3354 765 3462 804 non

1868 830 2143 900 dicuntur,
2181 832 2447 885 contraria
2480 842 2661 887 autem
2693 834 2964 890 dicuntur.
3011 836 3121 891 Hoc
3153 847 3329 893 autem
3364 840 3462 895 hu-

1865 922 2103 993 jusmodi
2133 931 2237 979 est.
2281 922 2484 977 Bonum
2518 926 2657 978 malo
2686 928 3014 980 contrarium
3047 928 3274 983 dicimus
3305 946 3425 987 esse
3446 971 3463 997 ,

1870 1026 1925 1071 et
1964 1029 2152 1071 rursus
2182 1016 2381 1070 malum
2409 1018 2568 1071 bono.
2602 1016 2820 1085 Nigrum
2852 1033 3063 1087 quoque
3094 1019 3215 1073 albo
3244 1030 3465 1076 contra-

1870 1106 2006 1162 rium
2031 1118 2303 1177 putamus,
2325 1106 2676 1162 nihilominus
2701 1122 2918 1177 quoque
2938 1108 3120 1163 album
3163 1112 3335 1182 nigro.
3359 1112 3467 1168 Sed

1869 1215 1992 1255 cum
2025 1200 2126 1255 hoc
2157 1199 2513 1266 arbitramur,
2546 1216 2654 1255 non
2689 1210 2863 1255 tamen
2893 1201 3121 1259 dicimus
3150 1219 3211 1259 ea
3243 1204 3293 1258 id
3324 1205 3468 1275 quod

1870 1302 1997 1347 sunt
2042 1304 2164 1347 esse
2191 1291 2581 1360 oppositorum.
2633 1291 2692 1347 Si
2739 1292 2882 1346 enim
2905 1292 3207 1349 diceremus
3243 1293 3296 1349 id
3326 1296 3469 1366 quod

1872 1393 1954 1438 est
1981 1384 2179 1436 bonum
2227 1396 2348 1438 esse
2379 1383 2610 1452 Oppositi
2664 1383 2769 1449 sui,
2805 1399 2909 1438 non
2948 1384 3217 1440 diceretur
3269 1388 3467 1442 bonum

1873 1473 2015 1528 malo
2042 1488 2164 1528 esse
2192 1476 2545 1540 contrarium,
2576 1472 2674 1528 sed
2706 1473 2906 1528 bonum
2936 1489 3060 1529 esse
3087 1475 3212 1529 mali
3244 1476 3467 1532 bonum.

1873 1562 1980 1619 Nec
2008 1564 2077 1618 ila
2102 1563 2536 1636 praedicationem
2567 1565 2685 1633 quis
2722 1564 2924 1620 iaceret
2952 1567 3166 1636 nigrum
3201 1567 3323 1622 albo
3350 1584 3473 1625 csse

1873 1659 2200 1715 contrarium
2226 1700 2240 1725 ,
2277 1658 2372 1713 sed
2402 1658 2614 1728 nigrum
2650 1658 2759 1713 albi
2793 1675 2916 1715 esse
2962 1663 3195 1730 nigrum.
3232 1661 3343 1717 lloc
3388 1672 3477 1722 est

1876 1753 2018 1810 enim
2050 1753 2101 1809 id
2131 1754 2271 1824 quod
2296 1764 2379 1808 est
2402 1753 2614 1824 nigrum
2641 1752 2746 1808 dici
2777 1753 2844 1808 ad
2875 1755 3181 1823 oppositum
3214 1770 3392 1824 suum,
3428 1757 3476 1814 si

170 1850 327 1907 cari?
356 1849 448 1904 His
476 1849 635 1919 igitur
662 1847 870 1918 positis,
906 1847 973 1903 ad
1005 1860 1193 1902 eorum
1209 1844 1493 1900 distantias
1512 1843 1766 1901 diil'eren-
1794 1841 1843 1902 Β
1869 1849 1988 1920 quis
2017 1848 2162 1904 dicat
2191 1849 2402 1918 nigrum
2453 1847 2561 1903 albi
2590 1861 2711 1902 esse
2759 1847 2968 1918 nigrum
2994 1866 3007 1913 ;
3042 1849 3183 1918 quod
3214 1850 3469 1919 quoniam

173 1945 387 2011 tiasqae
416 1941 715 1998 veniamus.
1166 1990 1167 1995 η

250 2036 581 2107 Quaecunque
622 2037 783 2108 igitur
812 2045 867 2089 ut
915 2037 1131 2092 relativo
1175 2046 1526 2109 opponuntur,
1573 2051 1631 2091 ea
1660 2035 1775 2106 ipsa

176 2143 296 2199 qua:
323 2135 445 2182 sunt
474 2120 824 2199 oppositorum
848 2130 1117 2193 dicuntur,
1148 2139 1239 2185 aut
1265 2129 1647 2201 quomodolibet
1674 2130 1775 2183 ali-

180 2230 257 2274 ter
287 2220 354 2273 ad
380 2237 438 2274 ea
470 2264 485 2288 ,
511 2229 569 2273 ut
591 2219 806 2290 duplum
830 2221 1034 2275 dimidii
1078 2223 1242 2294 ipsum
1267 2224 1405 2292 quod
1435 2231 1529 2287 est,
1559 2222 1776 2277 alterius

177 2312 365 2365 dicitur
395 2309 639 2380 duplum,
670 2311 895 2384 alicujus
935 2314 1071 2366 enim
1099 2313 1336 2384 duplum;
1366 2314 1456 2369 sed
1498 2323 1544 2368 et
1564 2315 1778 2370 scientia

179 2404 347 2458 scibili
376 2413 617 2474 tanquam
640 2403 853 2459 relativo
874 2407 1111 2475 opposita
1135 2415 1211 2462 est
1229 2447 1244 2471 ,
1277 2414 1325 2462 et
1351 2406 1541 2460 dicitur
1566 2406 1780 2461 scientia

179 2493 279 2548 hoc
308 2495 475 2565 ipsum
516 2495 654 2565 quod
683 2504 758 2550 est
789 2494 980 2550 scibilis
998 2536 1015 2557 .
1044 2506 1093 2550 et
1118 2497 1293 2551 scibile
1319 2498 1414 2551 hoc
1451 2498 1620 2567 ipsum
1644 2497 1780 2567 quod

179 2596 256 2642 est
283 2588 350 2642 ad
379 2588 670 2659 appositum
702 2587 911 2655 dicitur,
943 2588 999 2642 id
1041 2597 1114 2643 est
1158 2588 1227 2643 ad
1274 2590 1557 2644 scientiam.
1593 2588 1782 2645 Scibile

179 2682 318 2736 enim
340 2681 514 2753 aliquo
545 2682 765 2736 dicimus
791 2681 986 2748 scibile,
1010 2682 1064 2736 id
1091 2691 1165 2737 est
1186 2682 1427 2737 scientia.
1457 2683 1782 2753 Quacumque

179 2791 305 2846 ergo
346 2777 580 2847 apposita
637 2784 757 2830 sunt
807 2786 1051 2847 tanquam
1097 2776 1167 2828 ad
1215 2776 1443 2846 aliquid,
1491 2778 1627 2844 ipsa,
1668 2792 1785 2848 quae

180 2874 301 2921 sunt
341 2866 564 2919 aliorum
593 2865 855 2932 dicuntur,
905 2875 995 2920 aut
1022 2868 1486 2937 quomodocumque
1510 2868 1579 2920 ad
1617 2884 1670 2923 se
1698 2868 1784 2922 in-

183 2974 369 3014 mem.

261 3071 338 3127 Ea
366 3071 579 3143 quidem
601 3072 761 3143 hujus
791 3075 1150 3145 oppositionis
1174 3091 1295 3147 qua;
1327 3076 1622 3133 secundum
1645 3077 1786 3133 rela-

182 3166 390 3221 tionem
420 3164 687 3230 dicuntur,
736 3175 790 3222 et
834 3182 931 3237 per
959 3168 1139 3237 seipsa
1169 3168 1327 3238 plana
1367 3176 1527 3240 atque
1571 3171 1783 3240 vulgata

181 3267 335 3325 sunt,
378 3269 431 3315 et
458 3260 723 3329 superiori
753 3260 1032 3316 relationis
1063 3261 1430 3331 disputatione
1455 3264 1568 3331 jam
1599 3262 1783 3332 cogni-

184 3358 263 3405 ta.
300 3349 390 3427 Illa
417 3352 562 3406 enim
582 3361 707 3408 sunt
728 3353 795 3407 ad
826 3352 1028 3424 aliqud
1058 3370 1397 3425 quaecunque
1420 3353 1475 3409 id
1496 3354 1637 3425 quod
1660 3364 1788 3411 sunt

184 3444 412 3500 aliorum
443 3445 714 3510 dicuntur,
746 3445 835 3500 vel
863 3446 1270 3515 quomodolibet
1304 3447 1462 3502 aliter
1486 3447 1554 3502 ad
1585 3462 1672 3515 ea,
1727 3456 1788 3504 ut

184 3550 377 3593 servus
397 3535 601 3592 domini
627 3551 837 3601 servus,
869 3544 925 3591 et
962 3536 1214 3592 dominus
1256 3538 1400 3592 servi
1428 3537 1702 3607 dominus,
1733 3546 1791 3595 et

187 3643 442 3701 magnum
494 3628 561 3683 ad
593 3643 817 3699 parvum
848 3629 1071 3693 dicitur.
1123 3640 1178 3685 et
1225 3645 1417 3686 rursus
1447 3646 1673 3701 parvum
1706 3647 1789 3688 re-

184 3721 361 3778 fertur
389 3722 455 3776 ad
490 3737 767 3794 magnum.
799 3721 953 3791 Quod
986 3723 1032 3778 si
1056 3724 1155 3779 hoc
1185 3724 1237 3777 in
1278 3724 1517 3779 relativis
1538 3725 1788 3780 omnibus

186 3815 480 3881 invenitur,
511 3813 657 3868 nulla
687 3823 771 3868 est
799 3813 1065 3869 dubitatio
1086 3815 1216 3882 quin
1245 3816 1410 3871 etiam
1457 3815 1513 3869 in
1580 3815 1664 3871 his
1688 3818 1792 3873 hoc

185 3906 518 3976 deprehendi
562 3906 747 3974 possit,
789 3920 913 3976 quae
941 3907 1237 3963 secundum
1264 3908 1329 3962 ad
1380 3908 1581 3978 aliquid
1616 3923 1788 3979 oppo-

187 4009 410 4063 nuntur,
442 4007 502 4053 ut
530 4014 593 4053 ea
638 3998 754 4068 ipsa
783 3998 833 4053 id
856 3998 998 4067 quod
1036 4007 1164 4055 sunt
1192 3999 1564 4070 oppositorum
1601 4000 1790 4056 dican-

186 4105 278 4150 tur
310 4093 396 4147 vel
443 4092 845 4160 quomodolibet
896 4092 1053 4146 aliter
1097 4094 1163 4146 ad
1214 4094 1482 4161 opposita,
1538 4102 1595 4148 ut
1633 4095 1677 4148 si
1707 4103 1793 4149 est

182 4199 384 4240 servus
405 4183 620 4239 domino
648 4185 948 4255 oppositus,
975 4185 1231 4241 dominus
1270 4185 1413 4240 servi
1461 4185 1696 4253 dicatur,
1737 4187 1793 4243 id

186 4270 277 4333 est
312 4277 543 4346 oppositi
575 4279 680 4347 sui,
720 4287 775 4334 et
802 4294 992 4334 rursus
1021 4279 1065 4333 si
1100 4278 1351 4334 dominus
1389 4296 1548 4336 servo
1571 4281 1793 4350 apposi-

187 4379 280 4424 tus
314 4358 421 4435 est,
456 4368 658 4424 domini
678 4385 864 4426 servus
908 4370 1139 4427 dicatur.
1172 4372 1403 4427 Parvum
1435 4388 1565 4429 vero
1590 4373 1657 4428 ad
1683 4387 1796 4429 ma-

188 4475 377 4529 gnum,
406 4469 459 4515 et
502 4475 751 4541 maguum
795 4462 862 4516 ad
887 4477 1131 4533 parvum,
1170 4463 1222 4518 id
1268 4464 1438 4520 estad
1487 4466 1791 4535 oppositum

189 4544 326 4607 sibi.
348 4553 523 4623 Atque
553 4553 657 4608 hoc
685 4555 902 4626 quidem
931 4556 984 4611 in
1003 4557 1256 4612 omnibus
1283 4558 1581 4614 secundum
1607 4558 1671 4614 ad
1694 4559 1794 4614 ali-

189 4642 322 4714 quid
373 4644 804 4713 oppositionibus
836 4646 1063 4702 inveniri
1113 4661 1335 4704 necesse
1380 4657 1483 4703 est.
1533 4648 1796 4715 Quocirca

188 4722 263 4791 sit
289 4736 405 4793 lucc
437 4738 734 4808 proprietas
762 4755 949 4796 eorum
982 4757 1104 4812 qua:
1148 4744 1450 4799 secundum
1490 4745 1555 4799 ad
1587 4745 1791 4814 aliquid

189 4839 564 4900 opponuntur,
597 4832 741 4902 quod
781 4848 844 4888 ea
879 4836 991 4904 ipsa
1024 4850 1144 4905 qua:
1186 4845 1310 4891 sunt
1336 4838 1403 4891 ad
1434 4838 1682 4907 opposita
1709 4853 1797 4893 re-

199 4925 472 4993 feruntur,
508 4936 563 4983 et
604 4929 841 4999 ipsorum
894 4944 1015 4986 esse
1054 4930 1322 4986 dicuntur.
1377 4930 1470 4986 His
1501 4947 1630 5003 ergo
1676 4940 1803 4988 ante

189 5021 502 5078 constituatis
546 5024 703 5081 docet
734 5023 1115 5097 diﬂ‘erentiam,
1158 5043 1263 5097 qua
1308 5027 1449 5083 inter
1486 5044 1546 5084 se
1584 5044 1646 5084 ea
1676 5044 1796 5099 qua:

188 5106 496 5193 secundum
539 5119 976 5175 contrarietatem
1006 5119 1282 5186 dicuntur,
1317 5122 1400 5176 vel
1440 5136 1505 5176 ca
1538 5137 1659 5192 qua:
1704 5137 1793 5178 se-

188 5208 435 5265 cundum
464 5209 527 5265 ad
552 5211 773 5281 aliquid,
808 5211 1116 5283 discrepant
1143 5222 1302 5283 atque
1329 5212 1689 5279 dissentiunt;
1725 5214 1798 5268 ait

190 5300 343 5356 enim
384 5316 400 5355 :

271 5393 380 5451 Illa
412 5412 527 5451 vero
552 5414 664 5468 qua:
697 5407 748 5453 ut
776 5401 1035 5455 contraria
1081 5410 1427 5473 opponuntur,
1459 5402 1573 5473 ipsa
1596 5400 1802 5470 quidem

193 5505 314 5560 qua:
337 5499 455 5545 sunt
486 5492 628 5546 nullo
656 5494 808 5547 modo
844 5496 911 5549 ad
944 5514 994 5550 se
1020 5496 1231 5550 invicem
1259 5496 1524 5563 dicuntur,
1546 5496 1804 5548 contraria

196 5599 316 5639 vero
343 5586 440 5637 sibi
469 5585 684 5640 invicem
716 5588 982 5648 dicuntur.
1009 5604 1171 5658 neque
1200 5589 1336 5642 enim
1366 5588 1553 5642 bonum
1575 5589 1700 5641 mali
1722 5587 1805 5641 di-

196 5678 333 5731 citur
376 5681 584 5746 bonum,
615 5682 705 5736 sed
749 5684 1089 5748 contrarium,
1123 5698 1212 5737 nec
1241 5682 1414 5737 album
1445 5681 1579 5753 nigri
1600 5682 1801 5749 album,

198 5771 291 5825 sed
320 5773 655 5837 rontrarium,
684 5792 841 5844 quare
864 5774 1111 5841 di/ferunt
1146 5792 1177 5829 a
1205 5792 1260 5831 se
1279 5775 1498 5831 invicem
1525 5773 1606 5830 Ita:
1639 5790 1803 5843 oppo-

199 5877 436 5919 MUONCS.

495 5961 769 6024 ΡΑι-ιιοι.
810 5962 1048 6056 ξιΧΙν.

1874 1958 1980 1999 non
2007 1941 2234 2008 dicitur,
2266 1956 2327 1996 ea
2359 1942 2473 2012 ipsa
2504 1956 2623 2011 quae
2660 1949 2783 1995 sunt
2831 1957 2935 1996 non
2982 1942 3232 1996 dicuntur
3261 1942 3480 2013 opposi-

1878 2044 2076 2101 torum,
2104 2050 2168 2090 ea
2218 2032 2428 2088 scilicet
2451 2049 2568 2104 quae
2594 2033 2695 2087 sibi
2727 2043 2785 2087 ut
2803 2035 3072 2089 contraria
3101 2034 3351 2090 videntur
3376 2050 3478 2107 op-

1876 2127 2022 2199 poni.
2071 2126 2175 2184 Sed
2224 2126 2473 2197 quoniam
2521 2124 2751 2181 dicimus
2808 2127 3005 2183 bonum
3056 2130 3198 2183 malo
3251 2139 3473 2185 contra-

1878 2223 2037 2289 rium,
2068 2231 2124 2279 et
2151 2222 2358 2293 nigrum
2391 2221 2515 2277 albo
2536 2223 2887 2288 contrarium,
2914 2238 3219 2294 quanquam
3242 2224 3294 2279 id
3323 2226 3470 2295 quod

1888 2328 2013 2373 sunt
2033 2316 2400 2389 oppoSitorum
2432 2333 2537 2371 non
2557 2316 2823 2384 dicantur,
2852 2328 3027 2374 tamen
3055 2320 3121 2374 ad
3148 2323 3390 2391 opposita
3413 2329 3474 2377 ut

1881 2410 2545 2470 contraria‘nominantur.
2577 2410 2751 2481 Atque
2784 2410 2886 2466 hoc
2926 2423 3008 2467 eSt
3038 2412 3177 2481 quod
3218 2413 3326 2467 ait:
3360 2413 3481 2482 ipsa

1882 2506 2099 2577 quidem
2124 2518 2241 2574 qua:
2267 2513 2393 2557 sunt
2420 2501 2568 2557 nullo
2592 2501 2751 2556 modo
2772 2502 2837 2555 ad
2866 2517 2925 2558 se
2953 2503 3179 2557 invicem
3196 2503 3471 2559 dicuntur.

1883 2597 2164 2653 Contraria
2189 2610 2318 2649 vero
2334 2594 2435 2649 sibi
2481 2592 2718 2649 invicem
2756 2592 3026 2648 dicuntur.
3062 2594 3177 2649 Non
3228 2596 3371 2650 enim
3399 2595 3485 2650 di-

1885 2693 2026 2748 citur
2063 2693 2264 2746 bonum
2318 2690 2446 2745 mali
2497 2690 2727 2755 bonum,
2776 2689 2877 2744 hoc
2904 2699 2987 2745 est
3037 2692 3179 2745 enim
3230 2692 3288 2746 id
3337 2691 3483 2762 quod

1888 2801 1970 2847 est
1994 2790 2225 2861 oppositi
2248 2788 2559 2858 praedicare,
2592 2787 2685 2841 sed
2712 2785 2942 2840 dicimus
2969 2786 3165 2841 bonum
3195 2787 3335 2842 malo
3357 2802 3485 2842 con-

1888 2886 2136 2941 trarium.
2170 2881 2433 2950 Quocirca
2465 2877 2723 2935 diﬂ‘erunt
2751 2893 2813 2932 ea
2841 2894 2961 2948 qua:
2990 2878 3239 2933 similiter
3277 2878 3344 2933 ad
3388 2879 3487 2933 ali-

1888 2980 2015 3051 quid
2061 2985 2406 3050 opponuntur
2446 2975 2531 3030 his
2568 2988 2686 3044 quae
2718 2974 3012 3028 secundum
3045 2973 3485 3029 contrarietatem

1889 3075 1992 3132 sibi
2023 3081 2148 3129 sunt
2171 3071 2413 3143 opposita
2441 3111 2455 3135 ,
2503 3068 2643 3136 quod
2670 3083 2732 3123 ea
2763 3068 2978 3139 quidem
3018 3084 3135 3139 qure
3190 3068 3486 3124 secundum

1892 3170 2212 3226 relationem
2246 3166 2496 3237 opposita
2541 3171 2668 3219 sunt
2690 3163 2739 3217 id
2770 3163 2911 3233 quod
2957 3175 3083 3219 sunt
3114 3166 3488 3233 oppositorum

1891 3263 2158 3320 dicuntur.
2203 3258 2299 3314 Illa
2342 3271 2473 3312 vero
2514 3271 2634 3326 qua:
2662 3256 3046 3321 utcontraria,
3097 3256 3211 3326 ipsa
3269 3256 3486 3326 quidem

1888 3358 2034 3429 quod
2068 3364 2188 3412 sunt
2214 3354 2583 3424 oppositorum
2612 3351 2830 3409 nomine
2861 3352 3081 3406 minime
3101 3394 3116 3415 .
3149 3351 3244 3406 sed
3280 3361 3491 3407 tantum

1890 3450 2158 3509 contraria
2210 3446 2601 3517 pl'mdicanlttt‘,
2649 3453 2709 3498 ut
2755 3444 2953 3499 bonum
3002 3444 3329 3498 contrarium
3368 3456 3492 3499 esse

1890 3547 2099 3603 dicatur
2115 3542 2345 3613 oppositi
2374 3540 2457 3595 sui
2499 3553 2604 3594 non
2648 3537 3056 3591 boni.l)icimus
3102 3538 3245 3592 enim
3291 3538 3490 3591 bonum

1891 3642 2032 3696 malo
2063 3637 2413 3700 contrarium,
2442 3648 2567 3689 cum
2598 3646 2704 3686 non
2738 3631 2980 3684 dicamus
3012 3630 3209 3684 bonum
3242 3630 3367 3684 mali
3396 3631 3491 3685 bo-

1892 3748 2039 3789 num.
2075 3730 2178 3787 Sed
2210 3728 2461 3800 quoniam
2491 3725 2848 3800 diil'erenliam
2874 3719 3169 3777 secundum
3195 3722 3260 3776 ad
3289 3722 3491 3791 aliquid

1891 3822 2243 3895 appositionis
2292 3796 2792 3885 contran'orumque
2834 3817 3191 3883 monstravit,
3239 3816 3487 3884 ipsorum

1894 3916 2035 3972 inter
2068 3931 2134 3970 se
2168 3911 2559 3969 contrariormn
2588 3906 2944 3964 differentiam
2969 3906 3493 3978 discrepantiamque

1896 4010 2251 4079 persequitur.

1969 4100 2297 4169 Quicumque
2327 4112 2442 4150 vero
2472 4094 2848 4149 contrariorum
2880 4095 3004 4148 talia
3034 4101 3173 4159 sinit,
3213 4104 3268 4147 ut
3290 4111 3343 4147 tn
3380 4096 3495 4164 qui-

1898 4193 1990 4247 bus
2031 4201 2154 4245 nata
2181 4198 2297 4245 sunt
2339 4189 2471 4255 ﬁeri,
2503 4188 2579 4241 vel
2621 4186 2683 4239 de
2710 4186 2890 4254 quibus
2918 4186 3289 4257 prmdicantur,
3323 4203 3497 4242 neces-

1895 4286 2087 4341 sarium
2116 4285 2180 4337 sit
2202 4282 2420 4336 alterum
2462 4282 2689 4346 ipsorum
2712 4281 2895 4343 inesse,
2927 4280 3054 4333 nihil
3080 4280 3264 4333 horum
3286 4291 3357 4334 est
3382 4298 3492 4336 me-

1898 4379 2062 4431 dium.
2095 4378 2322 4443 Quorum
2345 4389 2463 4427 vero
2480 4390 2583 4426 non
2608 4373 2947 4426 necessarium
2969 4382 3044 4426 est
3069 4374 3290 4427 alterum
3309 4373 3493 4438 inesse,

1900 4474 2080 4526 Iterum
2102 4471 2299 4537 aliquid
2317 4481 2389 4523 est
2412 4467 2634 4521 medium
2658 4469 2887 4530 omnino,
2911 4476 2962 4519 ut
2991 4465 3211 4537 languor
3230 4479 3275 4520 et
3299 4468 3493 4521 sanitas

1902 4566 1953 4619 in
1983 4581 2196 4633 carpare
2220 4563 2457 4617 animalis
2480 4572 2666 4615 natura
2692 4560 2877 4614 habent
2915 4560 3048 4629 fieri,
3086 4572 3130 4615 et
3151 4563 3496 4615 nrccssarium

1872 4655 1976 4714 test
2015 4660 2235 4713 alterum
2265 4672 2373 4710 esse
2401 4655 2640 4708 animalis
2688 4655 2740 4708 in
2788 4670 3032 4724 corpore,
3077 4656 3155 4709 vel
3194 4655 3492 4728 languorem

1902 4753 1981 4807 vel
2023 4752 2317 4814 sanitatem;
2351 4766 2446 4819 par
2473 4764 2673 4819 quoque
2697 4757 2744 4801 et
2771 4748 2939 4818 impar
2966 4749 3031 4801 de
3054 4764 3261 4802 numero
3304 4749 3492 4815 pradi-

1905 4854 2104 4906 caalur.
2136 4852 2180 4896 et
2210 4840 2549 4895 necessarium
2580 4850 2653 4893 est
2683 4842 2904 4893 alterum
2944 4840 2996 4893 in
3030 4856 3237 4893 numero
3269 4856 3376 4893 esse
3405 4849 3496 4894 aut

1906 4938 2075 5008 impar
2099 4944 2189 4989 aut
2212 4950 2328 5006 par,
2358 4942 2406 4987 ct
2427 4933 2559 4987 nihil
2579 4942 2653 4987 est
2678 4934 2732 4985 in
2756 4932 2925 4987 medio
2956 4948 3153 4995 eorum,
3188 4948 3349 5002 neque
3368 4934 3501 4985 inter

1909 5032 2206 5101 languorem
2251 5036 2301 5083 et
2357 5028 2659 5090 sanitatem,
2709 5041 2870 5095 neque
2908 5026 3040 5079 inter
3084 5041 3179 5097 par
3220 5036 3265 5080 et
3312 5027 3501 5093 impar.

1905 5124 2139 5192 Quorum
2171 5139 2283 5176 vero
2309 5138 2411 5176 non
2440 5132 2514 5176 est
2544 5124 2887 5175 necessarium
2932 5118 3151 5174 alterum
3191 5120 3376 5183 inesse,
3408 5118 3503 5171 ho-

1902 5232 2018 5271 rum
2042 5225 2113 5269 est
2134 5215 2342 5285 aliquod
2366 5215 2607 5278 medium,
2634 5222 2688 5267 ut
2706 5215 2908 5286 nigrum
2933 5212 3173 5267 eMlbum
3198 5213 3249 5264 in
3292 5226 3505 5279 corpore

1806 5362 1809 5363 ν
1905 5322 2093 5364 natura
2132 5308 2314 5361 habent
2335 5307 2466 5373 ﬁeri,
2493 5318 2538 5359 et
2575 5323 2677 5360 non
2704 5316 2775 5359 est
2805 5306 3147 5360 necessarium
3171 5305 3391 5357 alterunt
3412 5303 3507 5357 ho-

1907 5418 2025 5456 rum
2054 5402 2215 5455 inesse
2240 5400 2472 5470 corpori,
2506 5416 2605 5452 non
2631 5400 2766 5452 enim
2806 5413 2953 5451 omne
2979 5414 3161 5462 corpus
3188 5405 3275 5448 aut
3305 5394 3500 5459 album,

1916 5504 2006 5547 aut
2031 5494 2229 5562 nigrum
2250 5502 2344 5545 est.
2362 5489 2591 5545 Pravum
2611 5504 2808 5560 quoque
2835 5499 2881 5543 et
2913 5490 3196 5542 studiosum
3218 5485 3506 5554 prwdicuu—

1916 5599 2001 5643 tur
2031 5588 2236 5659 quidem
2266 5586 2329 5641 de
2354 5587 2585 5651 homine,
2617 5596 2665 5639 et
2711 5587 2774 5638 (le
2803 5583 2918 5637 aliis
2948 5586 3140 5647 multis,
3169 5580 3258 5636 sed
3297 5598 3397 5635 non
3430 5592 3507 5636 est

1913 5682 2249 5737 necessarium
2277 5681 2495 5733 alterum
2530 5679 2711 5732 horum
2742 5679 2903 5731 inesse
2932 5677 3036 5731 illis
3068 5677 3131 5730 de
3158 5675 3342 5746 quibus
3367 5692 3506 5746 prte-

1914 5776 2170 5840 rlieantur,
2202 5790 2299 5828 non
2323 5773 2459 5828 enim
2480 5773 2649 5825 omnia
2679 5772 2754 5825 vel
2781 5785 2959 5837 prava,
2985 5772 3061 5825 vel
3086 5770 3318 5826 studiosa
3345 5781 3463 5825 sunt
3486 5788 3503 5826 :

1913 5867 2000 5922 sed
2030 5875 2101 5921 est
2130 5865 2313 5921 horum
2343 5864 2562 5917 medium
2585 5860 2800 5931 aliquid,
2834 5870 2887 5913 ut
2909 5861 3012 5913 albi
3042 5862 3245 5931 quidem
3286 5877 3333 5919 et
3368 5868 3501 5937 ηὲςρνξ

2989 5955 3029 6021 9
