4022 6328
504 330 605 389 267

1760 327 2085 386 AN.MANL.
2126 327 2277 386 SEV.
2320 326 2543 388 ΒΟΕΊΊΙ

3683 332 3784 390 268

507 449 710 518 fuscant
738 453 785 500 et
812 444 1082 517 pallidum,
1134 450 1180 497 et
1223 444 1508 514 quicunque
1550 443 1643 498 alii
1683 444 1899 512 colores,
1949 442 2093 513 pravi
2119 442 2176 505 Δ
2202 447 2506 503 necessario
2536 446 2791 503 alterutra
2821 444 3078 517 subjectis
3106 444 3304 516 inesse,
3350 455 3403 505 et
3426 463 3547 519 qua:
3578 463 3684 503 non
3709 459 3790 505 est

509 557 623 594 vero
650 553 694 594 et
720 541 955 603 studiosi,
985 537 1120 607 quod
1146 554 1308 609 neque
1338 554 1572 606 pravum,
1604 553 1763 607 neque
1807 536 2096 590 studiosum

508 645 599 692 ut.
638 633 704 688 In
755 634 1010 701 aliquibus
1038 634 1209 701 itaque
1255 633 1463 687 nomina
1493 632 1659 701 posita
1689 639 1807 685 sunt
1852 631 1937 698 iis,-
1983 645 2099 700 quia

510 728 679 784 media
699 736 835 794 sunt,
868 734 924 781 ut
951 726 1056 780 albi
1084 735 1130 780 et
1149 726 1303 797 nigri,
1325 719 1534 796 Tuscum
1557 734 1607 779 et
1635 725 1908 793 pallidum,
1937 732 1985 778 et
2006 723 2099 778 alii

509 825 722 878 colores.
757 818 1091 890 lnaliquibus
1112 829 1286 875 autem
1307 821 1521 874 nomina
1550 818 1754 890 quidem
1774 815 1942 872 medio
1966 816 2098 871 assi-

510 932 667 987 gnare
696 923 989 985 promptum
1012 930 1112 967 non
1138 922 1232 981 est,
1256 913 1345 969 sed
1368 928 1457 984 per
1488 921 1815 982 utrorumque
1840 920 2099 966 extremo-

510 1028 626 1065 rum
668 1012 983 1081 negationem
1035 1010 1174 1081 quod
1206 1009 1429 1063 medium
1472 1016 1550 1062 est
1606 1005 1994 1071 determinatur,
2045 1013 2103 1058 ut

511 1124 671 1179 neque
701 1108 912 1175 bonum,
945 1120 1106 1175 neque
1154 1101 1367 1171 malum,
1397 1116 1555 1171 neque
1583 1102 1808 1171 justum,
1836 1112 1999 1168 neque
2023 1095 2105 1150 in-

510 1205 729 1275 iustum.

584 1295 772 1352 Brevis
817 1293 1209 1351 contrariorum
1251 1288 1465 1360 partitio
1506 1288 1608 1342 hoc
1656 1287 1815 1343 modo
1857 1283 2104 1341 facienda

512 1400 617 1446 est.
667 1387 1072 1445 Contrariorum
1115 1384 1219 1439 alia
1267 1392 1393 1440 sunt
1441 1380 1689 1436 habentia
1739 1377 2104 1443 medietatem,

513 1480 618 1536 alia
652 1495 778 1535 vero
808 1494 911 1535 non
940 1477 1213 1545 habentia,
1246 1485 1300 1531 et
1328 1489 1513 1531 eorum
1543 1485 1769 1543 quorum
1798 1479 1881 1527 est
1906 1467 2106 1539 aliquid

516 1572 775 1639 medium,
804 1572 857 1626 in
884 1570 1005 1625 aliis
1049 1570 1226 1640 plures
1254 1568 1588 1631 medietates,
1619 1565 1671 1620 in
1701 1563 1819 1619 aliis
1848 1577 1977 1618 vero
2000 1576 2105 1617 una

516 1674 723 1721 tantum
755 1662 1014 1719 medietas
1043 1660 1334 1717 invenitur.
1360 1660 1535 1729 Atque
1560 1657 1750 1714 horum
1776 1655 1971 1725 aliquae
1993 1666 2108 1708 me-

518 1757 748 1813 dietates
778 1756 1007 1825 propriis
1036 1753 1343 1809 nominibus
1368 1750 1724 1823 appellantur,
1755 1748 1809 1803 in
1838 1746 2107 1816 aliquibus

2204 555 2426 597 necesse
2452 542 2706 598 alterutra
2734 541 2993 613 subjectis
3030 543 3228 611 inesse,
3279 542 3384 598 iion
3428 552 3509 599 est
3569 541 3789 597 dubium

2203 635 2334 704 quin
2377 634 2487 690 illic
2526 634 2768 706 quaedam
2822 634 2992 705 possit
3030 648 3151 691 esse
3180 634 3457 699 medietas,
3492 634 3585 690 sed
3617 634 3667 687 in
3699 634 3792 689 ali-

2204 728 2403 798 quibus
2434 728 2652 797 quidem
2673 726 2889 796 .plures,
2941 725 2995 781 in
3045 726 3307 797 aliquibus
3337 734 3518 781 autem
3559 740 3666 779 una
3710 735 3792 779 est

2205 822 2487 891 medietas,
2515 831 2572 876 ut
2601 821 2652 877 in
2676 821 2857 878 colore
2883 821 3021 876 inter
3049 819 3226 877 album
3250 827 3408 890 atque
3438 819 3645 889 nigrum
3678 818 3794 888 plu-

2206 929 2295 970 res
2317 915 2631 971 niedietates
2647 921 2790 971 sunt.
2817 914 2911 968 Est
2933 912 3072 968 enim
3097 912 3177 982 (ut
3202 911 3400 967 dielum
3422 911 3526 981 est)
3551 911 3787 977 rubrum,

2207 1017 2292 1064 est
2316 1023 2529 1080 quoque
2558 1008 2835 1079 pallidum,
2869 1006 3057 1063 eodem
3090 1020 3301 1077 quoque
3331 1003 3492 1060 modo
3518 1010 3791 1071 venetum,

2207 1111 2264 1157 et
2308 1101 2473 1157 multa
2521 1104 2781 1172 praeterea
2833 1098 3159 1172 huiusmodi,
3195 1099 3247 1154 ln
3276 1097 3450 1155 calido
3478 1114 3612 1154 vero
3639 1107 3796 1169 atque

2209 1193 2406 1264 frigido
2428 1210 2532 1251 una
2563 1194 2823 1253 medietas
2852 1204 2957 1263 est,
3003 1209 3121 1265 quae
3151 1193 3346 1250 dicitur
3374 1201 3547 1263 tepor.
3595 1193 3796 1249 Horum

2210 1294 2388 1342 autem
2420 1287 2610 1357 quibus
2641 1304 2743 1341 una
2798 1286 3063 1343 medietas
3101 1297 3206 1352 est,
3238 1285 3291 1340 in
3323 1284 3445 1339 aliis
3492 1301 3690 1341 nomen
3718 1295 3799 1348 est

2210 1383 2463 1455 positum,
2496 1386 2547 1440 in
2578 1385 2695 1441 aliis
2726 1402 2852 1441 non.
2876 1384 2941 1440 Et
2968 1386 3199 1456 positum
3225 1385 3438 1455 quidem
3470 1397 3668 1438 nomen
3696 1389 3800 1448 est,

2212 1487 2267 1532 ut
2291 1476 2432 1533 inter
2453 1478 2686 1534 calidum
2719 1478 3097 1549 frigidumque,
3126 1477 3266 1534 hanc
3290 1479 3431 1535 enim
3456 1476 3801 1533 medietatem

2213 1570 2454 1641 tepidum
2486 1585 2606 1625 esse
2638 1569 3015 1641 praedicamus.
3049 1569 3165 1626 Non
3198 1580 3280 1625 est
3321 1585 3445 1625 vero
3474 1567 3711 1640 positum
3751 1566 3803 1626 in

2212 1678 2278 1719 eo
2306 1663 2449 1734 quod
2480 1663 2804 1719 Aristoteles
2844 1665 2955 1733 ipsc
2983 1663 3063 1719 sic
3102 1662 3240 1719 dixit
3269 1681 3282 1717 :
3308 1661 3544 1732 lmprobi
3586 1675 3717 1716 vero
3752 1668 3803 1720 et

2213 1755 2391 1825 probi,
2439 1753 2580 1825 quod
2620 1768 2792 1823 neque
2836 1756 3060 1825 probum
3104 1762 3207 1821 est,
3257 1769 3431 1824 neque
3477 1754 3802 1823 improbum.

517 1864 648 1905 νθτο
677 1849 807 1919 ipsa?
829 1847 1043 1918 quidem
1076 1846 1391 1902 ηὶεάίθιθίθε
1412 1843 1641 1914 Propriis
1656 1838 2107 1913 appellationibus
2135 1830 2184 1898 Β
2211 1847 2344 1903 Nam
2376 1849 2627 1919 quoniam
2660 1848 2856 1902 bonum
2887 1846 3044 1917 atque
3075 1846 3274 1902 malum
3297 1844 3397 1900 sibi
3427 1853 3551 1915 sunt
3578 1851 3803 1899 contra-

518 1951 722 2010 careut,
752 1940 1142 1996 contrariorum
1179 1954 1306 1995 vero
1338 1937 1621 2008 negatione
1663 1934 1958 2005 signantur.
2001 1929 2108 1986 Sed

517 2032 635 2088 haec
665 2048 786 2104 qua:
815 2032 953 2089 dicta
981 2042 1128 2100 sunt,
1157 2047 1184 2085 a
1215 2028 1511 2101 primordio
1542 2034 1848 2098 repetentes
1878 2021 2109 2094 propriis

517 2128 805 2197 probemus
833 2126 1111 2195 exemplis.
1163 2124 1254 2180 llla
1296 2139 1423 2180 vero
1466 2121 1738 2179 contraria
1779 2134 1897 2190 quae
1928 2116 2108 2183 medio

516 2227 706 2275 carent
731 2219 853 2273 talia
884 2226 1030 2284 sunt,
1064 2225 1120 2271 ut
1154 2230 1377 2272 necesse
1404 2214 1474 2270 sit
1502 2215 1729 2269 alterum
1756 2224 1943 2267 eorum
1982 2222 2108 2277 pro-

520 2312 639 2385 prio
662 2312 840 2368 inesse
860 2311 1125 2380 subjecto,
1151 2318 1210 2365 ut
1230 2320 1311 2365 est
1331 2306 1589 2379 aegritudo
1609 2315 1663 2362 et
1689 2303 1910 2360 sanitas.
1934 2301 2109 2356 Omne

519 2408 664 2466 enim
694 2422 890 2477 corpus
933 2407 986 2460 iu
1029 2418 1136 2476 quo
1179 2402 1439 2475 agritudo
1484 2403 1794 2471 sanitasque
1842 2405 2107 2460 versatur,

519 2510 615 2557 aut
633 2515 834 2572 agrum
862 2507 956 2553 aut
977 2511 1167 2553 sanum
1192 2505 1296 2552 est.
1319 2496 1497 2567 Atque
1528 2495 1648 2549 ideo
1676 2492 1926 2563 quoniam
1950 2488 2109 2561 aegri-

520 2593 652 2650 tudo
674 2600 729 2648 et
750 2591 951 2647 sanitas
993 2588 1282 2646 medietate
1309 2595 1518 2654 carent,
1562 2586 1879 2641 alterutrum
1917 2594 2106 2638 eorum

520 2686 684 2744 inerit
709 2686 760 2741 ei
790 2684 1051 2754 subjecto,
1092 2682 1149 2737 in
1177 2697 1285 2752 quo
1314 2693 1538 2751 utraque
1578 2688 1698 2733 nata
1730 2684 1856 2731 sunt
1881 2673 2020 2737 ﬁeri,
2052 2682 2109 2728 et

521 2781 590 2838 de
620 2795 725 2852 quo
772 2778 1152 2850 prmdicantur.
1182 2774 1315 2831 Nam
1344 2775 1596 2847 quoniam
1628 2772 1681 2828 in
1722 2784 1949 2841 corpore
1987 2767 2108 2824 ani-

521 2873 676 2931 malis
703 2872 906 2927 sanitas
926 2880 981 2926 et
1000 2868 1263 2940 aegritudo
1293 2870 1408 2925 lieri
1435 2875 1559 2924 nata
1587 2874 1694 2935 est,
1718 2865 1769 2920 id
1791 2873 1873 2920 est
1896 2865 1967 2916 ita
1989 2858 2108 2914 ﬁeri

521 2968 682 3035 solet,
725 2975 778 3020 et
817 2967 886 3020 ita
914 2979 1075 3019 omne
1107 2973 1289 3018 natum
1320 2971 1404 3018 est
1439 2959 1661 3025 animal,
1696 2967 1752 3013 ut
1778 2964 1871 3012 aut
1917 2966 2108 3010 sanum

522 3073 641 3115 esse
665 3058 833 3128 possit
856 3065 949 3111 aut
967 3070 1193 3126 aegrum.
1235 3053 1303 3108 Et
1330 3053 1583 3125 quoniam
1621 3052 1690 3107 de
1716 3048 1964 3105 animalis
1989 3060 2112 3101 cor-

524 3164 655 3221 pore
680 3157 770 3203 aut
796 3162 1006 3213 sanum,
1036 3156 1128 3202 aut
1162 3160 1363 3215 aegrum
1394 3144 1736 3215 praedicatur,
1778 3155 2001 3198 necesse
2025 3148 2111 3196 est

2213 1939 2313 2007 ria,
2343 1955 2452 1995 non
2480 1949 2657 1995 autem
2700 1954 2924 1996 necesse
2954 1949 3037 1994 est
3068 1953 3226 1993 omne
3265 1936 3406 2008 quod
3452 1936 3580 1991 boni
3611 1935 3806 1992 malive

2211 2031 2560 2102 susceptibile
2582 2040 2695 2101 est,
2725 2032 2810 2088 vel
2842 2032 3039 2087 bonum
3079 2046 3198 2086 esse
3226 2031 3307 2086 vel
3342 2030 3539 2086 malum
3559 2070 3574 2096 ,
3609 2028 3806 2085 idcirco

2218 2124 2357 2180 dixit
2393 2125 2590 2181 bonum
2629 2124 2955 2195 n-alumque,
2996 2138 3115 2180 cum
3139 2125 3247 2179 sint
3274 2124 3573 2191 contraria,
3612 2122 3808 2180 habere

2210 2217 2499 2288 quamdam
2546 2202 2919 2282 medietatem,
2962 2216 3047 2271 cui
3087 2232 3282 2272 nomen
3331 2215 3559 2286 positum
3588 2216 3808 2287 quidem

2211 2324 2319 2365 non
2350 2310 2448 2376 sit,
2472 2308 2567 2364 sed
2600 2309 2948 2364 nihilominus
2979 2324 3095 2365 eam
3143 2310 3260 2378 quis
3292 2308 3433 2365 inter
3462 2310 3557 2362 has
3588 2318 3808 2363 contra-

2212 2404 2415 2458 riorum
2464 2410 2683 2456 naturas
2727 2401 2981 2455 inveniet.
3034 2398 3166 2454 Nam
3216 2398 3361 2470 quod
3407 2398 3610 2454 dictum
3659 2406 3745 2454 est
3779 2414 3808 2453 a

2218 2498 2613 2571 posterioribus
2647 2498 2788 2552 inter
2816 2496 3015 2551 bonum
3043 2495 3351 2565 malumque
3380 2508 3499 2549 esse
3512 2509 3571 2549 ea
3589 2509 3712 2556 qua:
3726 2492 3807 2548 di-

2212 2604 2404 2650 cantur
2435 2591 2813 2657 indill'erentia,
2842 2601 2898 2645 ut
2928 2592 3149 2647 interest
3170 2590 3423 2646 virtutem
3447 2599 3610 2660 atque
3633 2588 3807 2659 turpi-

2213 2686 2476 2751 tudinem,
2510 2700 2629 2755 que:
2656 2694 2882 2753 utraque
2905 2682 3008 2739 sibi
3034 2690 3161 2738 sunt
3193 2682 3491 2747 contraria,
3522 2680 3727 2736 divitia:
3757 2689 3809 2737 et

2214 2778 2583 2851 pulchritudo,
2609 2792 2727 2847 quae
2755 2776 2835 2847 (ut
2864 2775 3031 2832 Stoici
3062 2771 3282 2847 putant)
3314 2790 3487 2845 neque
3515 2773 3678 2841 mala,
3710 2788 3808 2829 ne-

2214 2884 2317 2942 que
2346 2871 2483 2925 bona
2515 2877 2667 2931 sunt,
2714 2876 2873 2937 atque
2916 2865 3117 2922 idcirco
3166 2864 3521 2921 indiliercntia
3562 2862 3810 2919 nomina-

2214 2980 2377 3030 vere,
2409 2962 2506 3019 sed
2538 2962 2639 3017 hoc
2667 2961 2841 3030 ipsum
2886 2958 3030 3030 quod
3066 2958 3294 3015 dicimus
3325 2956 3638 3013 indiderens
3666 2955 3809 3026 apud

2215 3059 2423 3127 priores
2445 3068 2638 3109 nomen
2670 3067 2775 3108 non
2804 3060 2921 3108 erat
2940 3092 2954 3118 ,
2981 3061 3038 3108 et
3062 3065 3093 3106 a
3123 3049 3511 3122 posterioribus
3532 3048 3805 3104 inventum

2215 3160 2316 3206 est.
2350 3145 2670 3205 Aristoteles
2691 3154 2870 3201 autem
2892 3145 2982 3216 qui
3005 3145 3106 3201 huc
3132 3144 3351 3201 nomine
3380 3157 3508 3199 usus
3533 3156 3807 3213 nunquam

524 3240 774 3313 quoniam
806 3240 920 3294 haec
944 3238 1122 3294 medio
1141 3239 1394 3294 carentia
1422 3235 1569 3292 omni
1591 3250 1820 3304 corpore
1842 3231 2111 3302 animalis,

2221 3255 2334 3313 est,
2360 3242 2689 3313 ait.prohum
2718 3250 2878 3311 atque
2909 3215 3212 3310 improbum
3240 3237 3440 3294 habere
3468 3235 3690 3309 quidem
3720 3234 3811 3291 ali-

525 3329 1025 3401 autazgritudinem,
1053 3339 1142 3385 aut
1166 3331 1448 3386 sanitatem
1477 3343 1615 3385 esse.
1645 3328 1907 3397 Quocirca
1925 3342 2110 3382 eorum

526 3439 646 3495 qua:
665 3422 839 3479 medio
863 3434 1067 3489 carent,
1086 3436 1311 3479 necesse
1325 3422 1553 3478 alterum
1569 3422 1830 3478 interesse
1845 3419 2111 3491 subjecto,

527 3526 579 3574 et
600 3530 929 3587 quaecunque
953 3514 1073 3570 talia
1099 3524 1244 3583 sunt,
1272 3525 1328 3571 ut
1357 3514 1585 3570 alterum
1613 3515 1849 3585 ipsorum
1874 3511 2116 3582 subjecto

526 3611 705 3670 inesse
736 3624 956 3666 necesse
986 3610 1074 3674 sit,
1106 3609 1249 3664 nulla
1276 3607 1418 3664 inter
1446 3623 1508 3663 ea
1541 3607 1800 3663 medietas
1825 3606 2111 3661 clauditur.

527 3706 619 3761 Illa
650 3718 779 3759 vero
799 3705 1064 3760 contraria
1095 3703 1145 3756 in
1176 3701 1367 3771 quibus
1397 3701 1574 3771 aliqua
1603 3700 1862 3756 medietas
1891 3708 1974 3753 est
2007 3713 2117 3753 non

529 3808 655 3853 sunt
687 3796 830 3860 talia,
865 3805 921 3849 ut
965 3810 1152 3850 eorum
1182 3808 1402 3848 necesse
1430 3795 1511 3848 δη
1530 3793 1755 3849 alterum
1789 3793 1967 3848 inesse
1991 3790 2120 3844 sub-

530 3889 689 3960 iecto.
734 3885 867 3941 Nam
904 3886 959 3941 in
986 3886 1090 3939 illis
1112 3900 1229 3954 quae
1271 3885 1450 3939 medio
1474 3894 1681 3953 carent,
1728 3882 1930 3939 idcirco
1954 3883 2122 3938 alter-

534 3989 711 4036 utrum
755 3976 1000 4047 subjecto
1027 3975 1205 4030 inesse
1236 3989 1457 4030 necesse
1485 3984 1587 4043 est,
1622 3977 1763 4044 quod
1790 3988 1978 4029 eorum
2007 3988 2121 4028 me-

532 4074 709 4132 dietas
740 4072 881 4126 nulla
920 4079 1003 4126 est
1043 4085 1161 4140 qua:
1209 4069 1376 4140 possit
1406 4068 1611 4125 interea
1648 4069 1904 4139 subjectae
1944 4069 2123 4124 inesse

535 4168 872 4231 substantim,
900 4174 955 4220 ut
979 4164 1032 4219 in
1064 4180 1291 4220 numero
1318 4166 1570 4235 quoniam
1603 4165 1800 4235 paritas
1826 4172 1880 4219 et
1904 4162 2127 4231 impari-

539 4273 622 4315 tas
653 4258 887 4314 medium
920 4256 1053 4311 nihil
1099 4255 1296 4312 habent
1347 4256 1546 4327 (omnis
1576 4257 1718 4312 enim
1749 4269 2004 4310 numerus
2034 4264 2127 4310 aut

536 4368 631 4422 par
670 4361 762 4406 aut
807 4351 979 4420 impar
1019 4359 1121 4411 est.
1166 4365 1263 4405 nec
1292 4360 1377 4405 est
1416 4350 1555 4419 quod
1589 4360 1869 4420 propterea
1901 4361 2128 4404 numero

540 4447 719 4499 inesse
743 4442 953 4512 possit},
974 4441 1093 4497 ideo
1122 4442 1295 4497 omnis
1321 4456 1576 4496 numerus
1604 4449 1695 4495 aut
1715 4456 1807 4510 par
1835 4449 1926 4496 aut
1954 4440 2127 4509 impar

537 4548 638 4593 est.
656 4538 711 4591 In
745 4537 826 4591 his
850 4551 974 4591 vero
990 4552 1107 4606 quae
1132 4536 1268 4591 inter
1297 4552 1355 4591 se
1377 4534 1715 4591 medietatem
1733 4533 1966 4603 aliquam
1987 4548 2130 4589 com-

2217 3351 2380 3407 quam
2410 3334 2786 3401 medietatem,
2826 3340 3198 3388 verumtamen
3243 3346 3361 3387 eam
3406 3329 3553 3385 nullo
3596 3327 3813 3384 nomine

2220 3429 2553 3500 nuncupari,
2588 3428 2681 3483 sed
2705 3442 2825 3484 eam
2849 3428 3133 3499 utriusque
3163 3425 3419 3483 contrarii
3446 3424 3812 3494 negotiitione

2220 3522 2492 3579 dilﬁnivit.
2529 3521 2621 3576 Ait
2649 3523 2793 3575 enim
2832 3520 3178 3576 medietatem
3206 3517 3362 3589 p:obi
3399 3527 3559 3588 atque
3586 3516 3815 3587 improbi

2222 3630 2366 3684 esse,
2394 3614 2535 3686 quod
2563 3628 2739 3684 neque
2760 3615 2990 3684 probum
3022 3622 3167 3669 esset
3192 3628 3365 3684 neque
3399 3610 3731 3683 improbum,
3763 3617 3819 3669 ut

2219 3709 2347 3780 justi
2378 3720 2538 3780 atque
2569 3708 2749 3780 iniusti
2780 3708 3043 3764 medietas
3069 3718 3151 3763 es:
3172 3749 3185 3771 ,
3217 3707 3356 3777 quod
3387 3721 3562 3777 neque
3589 3705 3818 3777 justum,

2226 3818 2401 3872 neque
2431 3801 2685 3871 iniustum
2725 3809 2827 3855 est.
2868 3799 2976 3855 Sed
3026 3808 3094 3855 ne
3142 3798 3386 3856 videatur
3432 3799 3819 3854 inconveniens

2226 3895 2425 3966 aliquid
2458 3894 2836 3964 negationibus
2865 3892 3085 3949 dit‘liniri
3107 3935 3122 3959 ,
3157 3893 3271 3963 ipse
3308 3893 3383 3947 ait
3417 3909 3429 3945 :
3464 3892 3523 3947 in
3554 3891 3822 3964 aliquibus

2228 4004 2359 4044 vero
2389 3996 2597 4044 nonest
2624 3988 2838 4043 nomine
2861 3987 3133 4059 assignare
3164 3986 3824 4057 medietatem,utriusque

2231 4095 2362 4136 vero
2388 4081 2673 4149 negatione
2712 4078 2993 4134 diflinitur.
3025 4079 3267 4149 Namque
3303 4077 3394 4133 ubi
3439 4089 3523 4134 est
3565 4092 3670 4134 una
3714 4092 3826 4133 me-

2230 4171 2422 4238 dietas,
2450 4170 2495 4226 si
2521 4180 2747 4241 utraque
2776 4171 3043 4227 contraria
3069 4173 3180 4228 sint
3208 4179 3449 4240 remota,
3477 4171 3594 4229 sola
3624 4180 3827 4229 tantum

2230 4265 2491 4321 medietas
2520 4268 2887 4335 permanebit,
2923 4266 3065 4321 utin
3110 4279 3174 4321 eo
3217 4264 3361 4336 quod
3400 4273 3486 4321 est
3531 4264 3733 4321 bonum
3776 4272 3828 4321 et

2232 4361 2455 4427 malum,
2484 4360 2738 4429 quoniam
2773 4359 2856 4415 his
2878 4373 2981 4415 una
3011 4359 3274 4416 medietas
3303 4366 3419 4425 est,
3449 4356 3664 4414 sublato
3685 4357 3830 4414 bono

2231 4463 2393 4523 atque
2419 4451 2595 4517 malo,
2623 4450 2797 4505 solum
2827 4449 2973 4521 quod
3002 4464 3176 4521 neque
3213 4449 3411 4506 bonum
3434 4490 3452 4518 ,
3484 4462 3665 4520 neque
3710 4461 3830 4502 ma-

2234 4546 2344 4600 lum
2382 4555 2466 4601 est
2515 4543 2856 4613 relinquitur.
2914 4543 3176 4612 Quocirca
3238 4550 3348 4598 tota
3403 4556 3597 4599 rursus
3636 4539 3835 4600 divisio

538 4631 866 4701 plectuntur,
892 4644 993 4686 non
1025 4641 1105 4686 est
1136 4645 1358 4686 necesse
1393 4643 1608 4698 semper
1637 4627 1867 4682 alterum
1905 4637 2115 4682 contra-

2234 4640 2471 4697 breviter
2499 4637 2818 4695 assumenda
2868 4646 2969 4694 est.
3015 4638 3215 4694 Eorum
3251 4653 3374 4709 quae
3402 4645 3533 4694 sunt
3559 4636 3837 4696 contraria

538 4723 739 4779 riorum
773 4724 966 4778 inesse.
1001 4722 1185 4778 Potest
1210 4735 1440 4791 namque
1464 4721 1640 4776 inesse
1668 4719 1950 4786 medietas,
1977 4729 2034 4773 ut
2073 4720 2128 4775 in

540 4816 743 4881 colore,
782 4818 1034 4886 quoniam
1078 4815 1255 4870 album
1288 4828 1448 4886 atque
1483 4815 1693 4887 nigrum
1729 4815 2129 4873 contrarietatis

542 4906 661 4962 vice
690 4906 902 4962 diversa
950 4918 1093 4973 sunt,
1133 4907 1328 4962 habent
1357 4918 1536 4963 autem
1586 4906 1817 4963 medium
1855 4907 1999 4978 quod
2044 4915 2130 4963 est

544 4998 766 5054 rubrum
796 5000 878 5054 vel
909 4999 1186 5067 pallidum,
1234 4999 1431 5054 idcirco
1473 5015 1578 5054 non
1617 5014 1779 5056 omne
1810 5015 2006 5070 corpus
2042 5000 2129 5056 vel

543 5090 723 5145 album
750 5090 833 5145 vel
863 5091 1069 5160 nigrum
1114 5099 1216 5157 est,
1249 5091 1499 5160 quoniam
1542 5102 1716 5162 potest
1751 5091 2040 5161 aliquando
2072 5092 2125 5148 in

543 5182 799 5252 subjectis
825 5182 1141 5253 corporibus
1173 5183 1276 5237 albi
1312 5194 1472 5253 atque
1509 5184 1645 5254 nigri
1683 5183 1943 5240 medietas
1976 5184 2127 5240 inve-

543 5276 667 5331 niri.
728 5276 977 5331 Videmus
1026 5292 1255 5345 namque
1305 5277 1521 5332 rubrum
1569 5291 1796 5347 corpus,
1852 5286 1909 5333 ut
1950 5294 2125 5335 rosam

542 5368 848 5437 multosque
889 5379 1146 5439 pra-terea
1170 5370 1351 5434 liores,
1377 5384 1511 5440 quos
1538 5371 1688 5426 verni
1717 5372 1973 5440 temporis
2015 5374 2128 5428 cle—

542 5461 745 5517 mentia
774 5462 1017 5532 parturit.
1052 5460 1215 5516 Recte
1245 5462 1402 5530 igitur
1431 5462 1628 5518 dictum
1658 5472 1757 5529 est,
1784 5478 1970 5517 eorum
1995 5479 2125 5533 quo-

544 5570 663 5609 rum
711 5572 816 5610 non
862 5567 983 5610 sunt
1028 5556 1220 5626 aliqua:
1270 5555 1584 5611 medietates
1635 5556 1863 5612 alterum
1914 5571 2134 5626 semper

546 5646 724 5703 inesse
766 5649 1039 5717 subjectis,
1085 5658 1137 5704 et
1182 5649 1235 5704 in
1276 5648 1471 5719 quibus
1513 5664 1735 5705 necesse
1781 5660 1862 5704 est
1900 5650 2129 5706 alterum

544 5742 743 5809 inesse,
774 5742 888 5798 ﬁeri
916 5760 1020 5798 non
1044 5758 1203 5814 posse
1223 5744 1349 5815 quin
1376 5743 1484 5800 illic
1508 5744 1766 5800 medietas
1789 5744 1893 5800 ulla
1913 5744 2002 5799 sit.
2026 5746 2131 5802 Eo-

541 5838 666 5892 dum
699 5850 909 5907 quoque
951 5837 1109 5894 modo
1144 5846 1197 5895 ct
1242 5853 1362 5912 quae
1390 5837 1706 5896 medietates
1758 5837 1974 5907 habent,
2021 5854 2129 5899 non

2233 4742 2463 4806 quorum
2485 4747 2709 4792 necesse
2738 4745 2815 4788 est
2847 4747 3062 4804 semper
3090 4732 3320 4788 alterum
3350 4732 3533 4791 inesse
3557 4731 3612 4789 in
3642 4732 3744 4801 his,
3779 4729 3839 4793 in

2235 4829 2428 4899 quibus
2458 4844 2520 4885 ea
2560 4826 2854 4884 secundum
2898 4826 3167 4898 propriam
3204 4835 3451 4882 naturam
3482 4828 3662 4884 inesse
3703 4839 3839 4882 cons

2237 4921 2469 4990 tingunt,
2492 4935 2555 4976 ea
2579 4918 2781 4975 nullam
2811 4919 2951 4974 inter
2967 4933 3025 4975 se
3046 4920 3277 4975 retinent
3301 4918 3668 4983 medietatem,
3691 4927 3750 4973 ut
3782 4916 3841 4974 in

2236 5028 2463 5083 corpore
2492 5013 2693 5068 sanitas
2724 5021 2779 5067 et
2804 5011 3087 5080 aegritudo,
3112 5011 3166 5067 in
3196 5028 3423 5068 numero
3447 5012 3650 5084 paritas
3671 5021 3844 5083 atque

2242 5107 2538 5175 imparitas.
2577 5105 2922 5175 Qumcunque
2973 5119 3100 5161 vero
3135 5104 3187 5159 in
3237 5104 3320 5159 his
3365 5104 3419 5159 in
3465 5103 3661 5175 quibus
3710 5116 3844 5160 esse

2240 5207 2486 5268 possunt,
2519 5211 2627 5253 non
2654 5197 2722 5251 iti
2756 5204 2879 5252 sunt
2904 5240 2917 5264 ,
2952 5204 3009 5250 ut
3036 5210 3223 5252 eorum
3253 5209 3481 5252 necesse
3510 5196 3581 5252 sit
3606 5194 3846 5250 alterum

2242 5292 2439 5357 inesse,
2476 5292 2589 5345 hmc
2632 5290 2862 5359 aliquam
2910 5289 3046 5345 inter
3083 5304 3141 5344 se
3179 5289 3494 5359 qualitatem
3532 5286 3848 5344 medietatis

2238 5383 2650 5451 amplectuntur,
2679 5388 2737 5434 ut
2756 5378 2948 5435 albedo
2972 5387 3132 5449 atque
3161 5378 3417 5450 nigredo,
3451 5380 3668 5437 rubrum
3686 5420 3699 5443 ,
3730 5377 3847 5433 [ri-

2238 5475 2420 5547 gidum
2450 5486 2610 5545 atque
2655 5471 2887 5529 calidum
2936 5480 3199 5541 teporem
3254 5472 3457 5527 Horum
3508 5482 3683 5528 autem
3721 5469 3848 5525 alia

2234 5578 2360 5624 sunt
2378 5582 2499 5638 quae
2521 5581 2681 5621 unam
2703 5564 2871 5620 solam
2894 5563 3169 5619 continent
3189 5564 3556 5631 medietatem,
3580 5564 3677 5620 alia
3701 5576 3853 5620 vero

2236 5676 2357 5733 qum
2384 5660 2602 5726 multas,
2628 5665 2682 5712 et
2711 5656 2923 5722 multas,
2950 5667 3007 5711 ut
3034 5658 3171 5712 inter
3193 5657 3374 5711 album
3408 5668 3568 5728 atque
3596 5657 3846 5727 nigrum,

2237 5753 2517 5824 pallidum.
2552 5758 2828 5817 venetum,
2856 5764 2977 5817 quae
3003 5749 3326 5806 medietates
3355 5758 3501 5806 sunt.
3528 5752 3665 5805 Inter
3691 5748 3849 5802 cali-

2236 5846 2363 5903 dum
2392 5850 2551 5914 atque
2591 5838 2840 5911 frigidum
2870 5853 2974 5898 una
3020 5839 3135 5898 sola
3173 5849 3257 5898 est
3304 5840 3605 5913 medietas,
3652 5846 3848 5910 tepor.
