4030 6336
249 327 359 390 269
1232 314 1303 383 ΙΝ
1333 319 1778 386 CATEGORIAS
1811 304 2262 378 ARISTOTELIS
2301 310 2429 374 LIB.
2471 312 2561 375 Ν.
2736 359 2742 365 .
3180 314 3185 317 ’
3435 312 3541 367 270
3574 355 3616 376 ,λ

249 452 464 512 Horum
509 461 690 510 autem
727 466 851 525 qua:
886 466 1047 509 unam
1095 455 1329 511 retinent
1364 452 1741 517 medietatem,
1790 446 1845 503 in
1869 446 1925 510 Α
1949 440 2151 500 habere
2199 437 2516 496 naturaliter
2563 436 2744 504 debet,
2793 433 2986 491 dentes
3032 445 3143 488 non
3190 431 3373 503 habet,
3406 445 3465 493 ut
3487 438 3534 493 si
3568 426 3583 525 ξ

249 549 378 604 aliis
406 547 622 603 nomina
652 554 780 603 sunt
803 545 1012 618 posita,
1044 555 1103 602 ut
1128 546 1181 603 in
1211 562 1278 604 eo
1304 548 1422 618 ipso
1448 545 1627 602 calore
1653 557 1716 599 ac
1746 538 1843 597 fri-
1948 537 2070 611 quis
2096 550 2385 608 puerorum
2407 533 2641 605 septimo
2665 546 2808 588 anno
2836 531 3055 588 omnino
3084 528 3289 585 nullum
3315 542 3541 589 creave-
3570 584 3579 590 .

247 655 404 712 gere.
440 639 537 696 Est
559 641 706 695 enim
732 647 885 710 tepor
911 638 1172 695 medietas
1198 639 1393 696 caloris
1417 648 1578 709 atque
1606 635 1841 707 frigoris.

248 732 313 788 In
355 733 619 804 aliquibus
655 746 785 788 vero
815 747 1013 788 nomen
1052 730 1285 801 positum
1315 746 1421 788 non
1460 740 1577 798 est,
1611 738 1668 785 ut
1694 730 1749 784 in
1777 744 1843 784 eo

246 826 399 899 quod
425 834 508 883 est
545 826 741 881 bonum
778 834 940 895 atque
970 825 1201 893 malum,
1224 825 1426 896 justum
1474 833 1632 893 atque
1674 821 1845 893 injus-

251 928 393 974 tum.
422 918 479 974 ln
509 917 592 973 his
617 919 764 984 enim
794 916 1056 974 medietas
1097 932 1292 973 nomen
1331 918 1564 988 positum
1601 930 1707 971 non
1749 915 1845 970 ha-

248 1007 375 1080 bet,
408 1010 501 1067 sed
528 1024 879 1083 utrorumque
906 1010 1296 1067 contrariorum
1328 1008 1701 1082 negationibus
1738 1007 1837 1064 dif-

248 1106 457 1173 ﬁnitur,
491 1113 549 1160 ut
575 1104 815 1161 dicamus
845 1120 963 1160 eam
990 1120 1109 1160 esse
1139 1104 1265 1161 boni
1294 1115 1453 1175 atque
1485 1102 1611 1159 mali
1642 1101 1844 1159 medie-

247 1207 438 1265 tatem,
472 1198 614 1270 quod
637 1214 812 1270 neque
833 1198 1029 1254 bonum
1052 1181 1135 1254 est
1162 1213 1335 1268 neque
1363 1197 1561 1253 tnalum
1579 1237 1595 1263 ,
1618 1210 1844 1265 eamque

244 1290 520 1361 essejusti
548 1300 603 1346 et
628 1289 813 1360 injusti
853 1292 1213 1357 medietatem,
1239 1305 1359 1362 quae
1389 1299 1615 1360 utraque
1635 1294 1844 1344 contra-

244 1384 441 1438 rietate
471 1392 739 1439 summota
763 1424 779 1449 ,
812 1396 1162 1454 utrorumque
1192 1384 1476 1453 negatione
1499 1382 1840 1453 relinquitur,

246 1487 306 1533 ut
335 1488 417 1532 est
448 1493 622 1547 neque
643 1477 868 1546 justum,
899 1492 1073 1548 neque
1103 1478 1385 1546 injustum.

322 1570 553 1625 Privatio
575 1581 742 1624 autent
766 1580 813 1624 et
839 1569 1042 1624 habitus
1072 1570 1258 1623 dicitur
1286 1570 1491 1642 quidem
1517 1584 1632 1640 quia
1656 1566 1842 1623 habent

244 1663 364 1731 ﬁeri
394 1663 530 1716 circa
568 1661 702 1716 idem
738 1661 955 1731 aliquid,
982 1669 1036 1713 at
1058 1661 1182 1714 visio
1210 1669 1257 1714 et
1302 1661 1502 1715 cwcitas
1531 1660 1667 1715 circa
1712 1675 1837 1714 ocu-

245 1754 379 1809 lum.
410 1753 771 1809 Universaliter
794 1762 964 1806 autem
990 1752 1227 1819 dicendo,
1259 1753 1311 1807 in
1340 1769 1436 1823 quo
1467 1761 1624 1807 natus
1642 1762 1719 1809 est
1746 1752 1840 1807 Ita-

242 1848 384 1902 bitus
404 1848 538 1917 ﬁeri,
562 1848 698 1901 circa
727 1848 820 1900 hoc
849 1846 983 1900 idem
1005 1846 1195 1899 dicitur
1224 1854 1497 1917 utrumque
1522 1845 1727 1900 horum.

314 1940 517 1994 Ordine
532 1939 739 1994 tertiam
757 1938 990 2009 speciem
1005 1937 1291 2008 propositae
1307 1937 1659 2009 oppositionis
1680 1951 1837 1995 exse-

241 2035 426 2104 quitur
456 2049 572 2089 earn
602 2049 721 2104 qua:
757 2032 1053 2090 secundum
1092 2031 1332 2088 habitum
1374 2032 1836 2105 privationemque

243 2127 460 2192 dicitur,
485 2136 646 2199 atque
689 2128 742 2182 in
784 2142 846 2183 ea
884 2142 1043 2182 unam
1074 2125 1483 2183 similitudinem
1511 2127 1688 2197 posuit
1716 2142 1836 2198 quae

242 2219 318 2276 illi
349 2229 434 2276 est
469 2235 593 2275 cum
640 2220 1020 2275 contrarietate
1069 2219 1376 2289 conjuncta.
1422 2218 1555 2275 Nam
1603 2218 1743 2275 sicut
1771 2232 1834 2275 ea

241 2328 364 2384 quae
391 2323 515 2367 sunt
540 2312 811 2368 contraria
837 2312 979 2368 circa
1011 2310 1153 2366 idem
1196 2321 1343 2377 sunt,
1370 2318 1432 2366 ut
1459 2311 1667 2378 album,
1694 2326 1834 2379 quo-

240 2406 387 2461 niam
415 2420 629 2476 semper
659 2405 714 2460 in
751 2419 978 2475 corpore
1006 2413 1109 2472 est,
1145 2404 1354 2474 nigrum
1384 2418 1598 2475 quoque
1620 2418 1836 2474 semper

241 2506 327 2553 est
363 2496 415 2551 in
443 2511 698 2566 corpore,
729 2505 785 2551 et
826 2493 1057 2565 justitia,
1104 2494 1359 2564 quoniam
1405 2509 1623 2565 semper
1652 2496 1833 2550 animo

239 2586 442 2645 inserta
470 2597 574 2654 est,
608 2587 867 2659 injuStitia
910 2602 1123 2658 quoque
1168 2590 1363 2643 mentis
1394 2594 1479 2643 est
1514 2586 1727 2654 vitium,
1760 2587 1834 2642 ita

239 2696 455 2754 quoque
490 2695 553 2736 ea
589 2696 710 2752 qua:
748 2678 1044 2736 secundum
1091 2680 1446 2749 privationem
1485 2678 1835 2750 habitumque

239 2774 512 2842 dicuntur,
540 2773 683 2829 circa
719 2773 856 2829 idem
891 2788 1105 2843 semper
1133 2787 1355 2829 necesse
1391 2781 1473 2827 est
1497 2772 1749 2837 inveniri,
1777 2781 1834 2828 ut

238 2867 494 2939 quoniam
525 2866 675 2921 visus
704 2865 918 2921 habitus
947 2873 1031 2921 est
1060 2864 1355 2939 (habemus
1376 2864 1522 2920 enim
1542 2862 1756 2935 visum)
1779 2874 1835 2920 et

237 2961 395 3017 visus
430 2968 514 3015 est
542 2962 593 3015 in
624 2958 781 3016 oculo
810 2967 866 3014 et
900 2957 1044 3015 circa
1071 2957 1308 3022 oculum,
1349 2956 1567 3013 accitas
1594 2970 1829 3028 quoque,

240 3066 365 3127 qua:
398 3053 621 3124 privatio
642 3054 786 3109 visus
814 3061 918 3121 est,
954 3062 1154 3124 praeter
1187 3051 1406 3108 oculum
1446 3067 1556 3109 non
1585 3061 1687 3108 est.
1719 3052 1832 3108 Au-

238 3146 384 3203 ditus
406 3147 588 3213 etiam,
605 3145 694 3217 qui
711 3146 927 3202 habitus
948 3154 1054 3214 est,
1082 3144 1332 3217 quoniam
1358 3144 1499 3201 circa
1527 3159 1689 3201 aures
1717 3154 1824 3216 est,

1947 631 2038 698 rit,
2072 630 2194 687 illos
2230 627 2357 701 jure
2398 626 2681 687 edentulos
2708 625 3065 700 appellamus,
3092 633 3255 697 atque
3284 624 3386 681 hoc
3424 633 3529 693 est,

1948 723 2090 795 quod
2111 723 2185 779 ait
2206 739 2222 778 :
2549 744 2557 752 -

2018 816 2333 872 Edentulum
2352 816 2487 873 enim
2527 816 2740 873 dicimus
2762 832 2869 872 non
2893 816 2983 889 qui
3015 832 3118 872 non
3145 814 3291 870 habet
3335 816 3529 878 dentes,
3574 844 3577 847 ς

1946 929 2037 967 nec
2057 928 2243 967 ca'cum
2265 912 2353 984 qui
2386 927 2492 966 non
2521 911 2666 968 habet
2698 912 2883 978 visum,
2909 911 3000 967 sed
3019 911 3223 983 quando
3253 911 3340 981 qui
3366 909 3531 963 debuit

1946 1005 2129 1060 habere
2168 1022 2271 1059 non
2310 1004 2477 1059 habet.
2516 1004 2766 1073 Quazdam
2796 1005 2988 1059 enima
3013 1003 3340 1076 generatione
3378 1015 3537 1068 neque

1945 1100 2143 1166 dentes,
2173 1114 2329 1172 neque
2352 1099 2517 1154 visum
2550 1097 2761 1167 habent,
2782 1097 2873 1154 sed
2901 1114 3004 1153 non
3033 1097 3275 1153 dicuntur
3296 1094 3536 1151 edentula

1946 1208 2111 1264 neque
2134 1207 2290 1248 mea.

2018 1286 2131 1344 Hoc
2159 1296 2259 1354 est,
2294 1302 2403 1343 non
2443 1302 2605 1344 omne
2651 1286 2797 1359 quod
2843 1301 2951 1342 non
2981 1285 3129 1343 videt
3168 1299 3392 1357 caecum,
3435 1294 3534 1343 nec

1943 1378 2088 1450 quod
2116 1378 2304 1436 dentes
2336 1395 2441 1437 non
2471 1380 2633 1437 habet
2656 1381 2963 1438 edentulum
2998 1380 3349 1452 appellamus.
3378 1379 3534 1438 Plura

1942 1470 2088 1528 enim
2111 1479 2235 1527 sunt
2256 1487 2377 1543 quae
2406 1482 2501 1528 aut
2527 1473 2749 1528 omnino
2783 1480 2875 1527 aut
2903 1479 3053 1527 certo
3094 1478 3335 1540 tempore
3378 1480 3529 1527 natu-

1940 1563 2126 1619 raliter
2147 1561 2265 1643 htec
2293 1563 2495 1621 habere
2521 1579 2627 1621 non
2661 1574 2906 1635 possunt,
2937 1563 3034 1621 sed
3064 1572 3149 1621 est
3185 1565 3279 1619 illa
3304 1563 3532 1633 privatio

1940 1655 2152 1726 quoties
2182 1655 2228 1710 is
2256 1655 2496 1712 habitum
2524 1671 2632 1713 non
2661 1656 2847 1725 habet,
2875 1656 2967 1728 qui
2990 1655 3192 1713 habere
3218 1656 3534 1712 naturaliter

1942 1757 2142 1820 potest,
2176 1757 2230 1804 et
2263 1764 2329 1805 eo
2369 1759 2613 1821 tempore
2648 1765 2772 1808 cum
2806 1749 2919 1822 jam
2960 1766 3058 1822 per
3093 1761 3343 1807 naturam
3388 1749 3534 1806 illius

1867 1842 1919 1906 Β
1942 1857 2064 1900 esse
2090 1858 2311 1916 compos
2346 1844 2559 1901 habitus
2580 1846 2769 1917 possit,
2804 1846 2891 1901 vel
2924 1846 2969 1901 si
3001 1844 3208 1902 habens
3245 1844 3363 1917 quis
3404 1841 3534 1900 reti-

1940 1953 2187 2010 nensque
2226 1937 2490 2008 habitum,
2521 1939 2672 1996 illum
2701 1939 2990 2011 cujuslibet
3020 1940 3334 1997 incursione
3376 1952 3533 1995 casus

1939 2032 2204 2101 amiserit,
2236 2042 2294 2089 ut
2340 2033 2396 2089 in
2438 2033 2621 2105 pueris
2658 2032 2772 2105 jam
2814 2034 3011 2091 adultis
3050 2034 3099 2091 si
3142 2050 3248 2091 non
3297 2034 3531 2092 habeant

1939 2125 2152 2182 dentes.
2182 2123 2314 2182 Nam
2342 2128 2594 2197 quoniam
2618 2128 2866 2183 homines
2879 2136 3023 2195 sunt,
3059 2136 3282 2198 possunt
3308 2126 3531 2193 habere;

1938 2218 2083 2288 quod
2128 2222 2174 2275 si
2221 2217 2481 2276 habentes
2531 2219 2829 2288 amiserint,
2854 2219 3095 2276 cdentuli
3142 2219 3433 2286 dicuntur;
3481 2219 3529 2274 si

1938 2327 2072 2369 vero
2119 2313 2339 2369 omnino
2386 2329 2495 2369 non
2541 2314 2812 2371 creverint
2856 2314 3068 2383 dentes,
3118 2316 3370 2387 quoniam
3416 2312 3530 2385 jam

1938 2402 2126 2475 pueris
2155 2413 2317 2476 atque
2339 2404 2539 2461 adultis
2571 2416 2632 2462 ut
2661 2406 2853 2463 dentes
2894 2406 3181 2474 haberent,
3215 2405 3529 2461 naturaliter

1938 2506 2151 2571 poterat
2190 2500 2426 2565 evenire,
2457 2499 2509 2556 id
2543 2500 2686 2572 quod
2719 2515 2849 2557 casu
2878 2502 3062 2573 aliquo
3090 2500 3172 2556 vel
3212 2498 3528 2570 aegritudine

1938 2590 2211 2648 efﬁciente
2252 2591 2451 2648 factum
2493 2604 2597 2661 est,
2639 2609 2736 2651 eos
2776 2592 3057 2651 edentulos
3085 2602 3139 2650 et
3174 2591 3355 2649 habitu
3399 2592 3527 2649 den-

1938 2684 2072 2740 tium
2096 2685 2331 2757 privatos
2363 2700 2485 2742 esse
2513 2686 2879 2741 nominamus.

2011 2777 2217 2835 Privari
2256 2796 2373 2835 vero
2404 2790 2452 2833 et
2484 2780 2669 2835 habere
2700 2778 2956 2845 habitam,
2985 2794 3087 2833 non
3130 2788 3204 2832 est
3248 2777 3452 2830 habitus
3482 2785 3526 2830 et

1938 2871 2178 2943 privatio,
2214 2872 2415 2927 habitas
2442 2873 2575 2927 enim
2602 2881 2675 2927 ett
2701 2874 2860 2927 visus.
2896 2870 3123 2927 Privatio
3161 2887 3277 2925 vero
3303 2871 3526 2937 cwcitaa,

1937 2963 2125 3019 habere
2167 2975 2341 3020 autem
2368 2967 2552 3034 visum,
2580 2982 2680 3021 non
2711 2976 2784 3021 est
2820 2966 2977 3036 visus,
3023 2981 3114 3020 nec
3161 2980 3350 3020 caecum
3398 2980 3525 3029 esse,

1936 3056 2162 3124 cwcitas;
2181 3059 2398 3129 privatio
2422 3060 2555 3113 enim
2582 3059 2817 3131 quadam
2846 3068 2921 3115 est
2946 3060 3167 3128 ascitas,
3195 3074 3279 3113 civ.
3300 3074 3384 3112 um
3413 3072 3527 3113 vero

1935 3165 2044 3205 esse
2069 3150 2260 3222 privari
2276 3158 2323 3205 et
2348 3167 2451 3205 non
2480 3152 2697 3221 privatio
2718 3163 2810 3209 est.
3300 3146 3305 3151 ’

238 3241 359 3312 ejus
388 3257 598 3313 quoque
629 3240 853 3311 privatio
881 3257 1001 3313 quae
1028 3241 1260 3296 surditas
1281 3239 1496 3307 dicitur,
1522 3239 1591 3295 ab
1610 3238 1830 3296 auribus
1855 3235 1903 3300 C
2008 3243 2105 3299 Hic
2133 3243 2416 3299 verissima
2460 3244 2667 3301 ratione
2717 3253 3050 3301 monstratur
3091 3253 3268 3299 utrum
3309 3258 3371 3300 ea
3409 3257 3528 3313 qua)

238 3347 347 3391 non
380 3335 617 3404 recedit};
640 3334 711 3390 ita
738 3349 953 3405 quoque
973 3341 1029 3390 et
1059 3333 1200 3389 circa
1224 3333 1368 3404 quod
1393 3332 1555 3389 fuerit
1590 3333 1829 3404 habitus,

238 3428 383 3484 circa
406 3426 546 3482 idem
572 3426 746 3498 ipsum
778 3426 919 3482 illius
945 3426 1159 3482 habitus
1180 3426 1410 3496 privatio
1433 3427 1829 3484 consideratur.

240 3518 415 3589 Atque
440 3517 565 3574 hinc
599 3520 843 3588 regulam
870 3517 982 3573 dat.
1018 3516 1409 3574 Universaliter
1438 3518 1583 3575 enim
1620 3517 1752 3575 dicit
1777 3519 1831 3575 in

239 3628 345 3685 quo
370 3614 439 3668 sit
460 3612 674 3667 habitus
704 3610 757 3665 in
785 3624 852 3667 eo
875 3609 995 3667 ﬁeri
1029 3610 1406 3681 privationem.
1438 3609 1579 3679 Quid
1610 3626 1738 3668 vero
1763 3611 1832 3668 sit

236 3708 459 3779 privari,
486 3706 801 3762 continuata
830 3704 1183 3775 dispositione
1206 3704 1518 3774 subjunxit:

309 3796 516 3852 Privari
546 3807 720 3851 autem
751 3806 872 3851 tunc
910 3796 1130 3852 dicimus
1168 3797 1570 3869 unumquodque
1595 3799 1834 3871 suscepti-

237 3892 416 3947 biliam
459 3890 685 3957 habitus,
731 3888 939 3961 quando
978 3888 1034 3944 id
1065 3890 1200 3961 quod
1242 3899 1422 3945 natum
1450 3900 1525 3946 est
1554 3889 1758 3960 habere,
1783 3898 1831 3946 et

236 3988 446 4060 quando
479 3995 657 4041 natam
680 3984 984 4051 esthabere,
1012 3983 1160 4041 nullo
1184 3986 1335 4041 modo
1368 3985 1541 4043 habet.

224 4106 231 4121 ι
310 4079 450 4147 Quid
489 4080 558 4135 sit
598 4079 824 4149 privatio
856 4078 957 4134 hac
996 4070 1317 4137 Aristoteles
1345 4079 1668 4137 difﬁnitione
1696 4095 1830 4139 con-

238 4174 422 4230 clusit.
470 4174 650 4244 Neque
678 4174 822 4229 euim
854 4189 1190 4246 quaecunque
1236 4190 1344 4230 non
1389 4173 1590 4231 habent
1629 4175 1827 4244 visum,

236 4280 380 4325 caeca
407 4265 677 4333 dicuntur,
702 4281 803 4323 nec
828 4281 958 4321 vero
986 4265 1209 4322 surdum
1236 4275 1319 4323 est
1358 4281 1519 4322 omne
1547 4267 1689 4338 quod
1721 4282 1830 4323 non

236 4360 400 4418 sentit
440 4359 699 4425 auditum,
733 4374 892 4415 nemo
934 4358 1075 4415 enim
1107 4375 1282 4429 neque
1324 4361 1585 4430 parietem
1625 4375 1828 4418 caecum

235 4453 587 4528 dixerit,_nec
624 4452 846 4509 surdum
891 4453 1148 4523 lapidem,
1190 4468 1291 4509 nec
1335 4453 1592 4524 quidquid
1638 4447 1828 4525 hujus-

236 4550 381 4608 modi
410 4558 513 4606 est.
548 4549 654 4606 Sed
686 4564 749 4605 ea
794 4549 909 4605 sola
953 4549 1151 4619 privari
1184 4549 1413 4606 dicimus
1446 4550 1649 4619 habitu,
1681 4566 1829 4624 qure-

1934 3334 2037 3391 sub
2064 3334 2366 3409 privatione
2395 3344 2557 3407 atque
2593 3336 2779 3391 habitu
2824 3336 3022 3392 cadant
3060 3336 3389 3406 privationes
3422 3336 3528 3391 sint

1934 3438 2094 3501 atque
2120 3429 2358 3498 habitus,
2388 3447 2454 3485 an
2485 3430 2743 3486 minime:
2766 3445 2890 3485 nam
2920 3429 3173 3501 quoniam
3203 3429 3414 3484 habitus
3444 3437 3529 3484 est

1932 3527 2103 3591 vlsus,
2130 3524 2357 3593 privatio
2380 3538 2512 3579 vero
2536 3531 2770 3591 caecitas,
2798 3524 2900 3579 sub
2939 3522 3125 3578 habitu
3147 3536 3277 3577 vero
3319 3530 3401 3577 est
3429 3519 3526 3575 ha-

1932 3612 2065 3669 bere
2106 3614 2300 3682 visum,
2333 3625 2387 3670 et
2423 3614 2525 3670 sub
2572 3615 2871 3685 privatione
2916 3629 3039 3670 esse
3079 3628 3303 3680 caecum,
3343 3623 3524 3669 utrum

1933 3687 2135 3761 habere
2164 3706 2335 3760 visum
2373 3706 2514 3761 idem
2555 3706 2625 3761 sit
2650 3705 2791 3775 quod
2823 3707 2941 3777 ipse
2975 3706 3065 3776 qui
3095 3704 3323 3760 habetur
3350 3705 3526 3775 visus,

1933 3804 1989 3853 et
2016 3806 2194 3852 utrum
2231 3797 2372 3852 idem
2403 3797 2474 3853 sit
2504 3804 2704 3853 ciccum
2734 3812 2857 3854 esse
2884 3795 3029 3868 quod
3054 3795 3291 3863 cmcitas,
3319 3796 3527 3867 perspi-

1934 3890 2134 3945 caciter
2158 3889 2491 3946 intuentibus
2515 3888 2658 3946 aliud
2683 3889 2951 3961 quoddam
2973 3901 3055 3945 est
3092 3888 3291 3944 habere
3320 3888 3524 3958 aliquid

1932 3983 2075 4055 quod
2105 3981 2355 4039 habetur.
2384 3980 2519 4038 Tres
2543 3997 2772 4053 namque
2800 3997 2884 4037 res
2909 3991 3035 4037 sunt
3060 3982 3113 4036 in
3142 3997 3205 4037 co
3229 3982 3278 4035 in
3308 3997 3416 4052 quo
3444 3990 3525 4039 est

1933 4073 2169 4142 habitus,
2199 4076 2244 4133 is
2276 4075 2364 4147 qui
2392 4075 2571 4138 liabet,
2600 4091 2663 4130 ta
2692 4091 2778 4131 res
2809 4092 2927 4147 qua:
2961 4074 3207 4141 habetur,
3226 4087 3278 4129 ct
3302 4075 3523 4142 habere,

1932 4175 1994 4223 ut
2019 4177 2102 4224 est
2126 4169 2173 4225 is
2197 4170 2288 4240 qui
2329 4170 2492 4237 videt,
2523 4180 2578 4225 et
2615 4170 2729 4239 ipsc
2756 4169 2925 4233 visus,
2955 4179 3007 4224 et
3043 4169 3141 4224 hoc
3183 4170 3350 4239 ipsum
3386 4170 3524 4240 quod

1888 4287 1905 4305 ο
1932 4276 1998 4318 ex
2026 4263 2285 4334 utrisque,
2331 4263 2389 4318 ﬁt
2417 4279 2481 4320 ex
2514 4280 2579 4319 eo
2604 4265 2809 4320 scilicet
2837 4264 2926 4334 qui
2962 4265 3105 4321 videt
3134 4274 3186 4321 et
3212 4267 3347 4333 visu,
3382 4267 3523 4338 quid

1933 4363 2017 4411 est
2045 4355 2247 4412 videre.
2279 4355 2449 4411 Distat
2477 4365 2656 4412 autem
2683 4365 2739 4411 et
2764 4355 2948 4411 videre
2970 4356 3038 4412 ab
3059 4372 3124 4413 eo
3154 4358 3242 4428 qui
3270 4359 3437 4425 videt,
3468 4348 3524 4415 ’ἐι

1934 4448 2037 4504 hoc
2086 4449 2257 4520 ipsum
2302 4448 2484 4505 videre
2528 4464 2717 4505 rursus
2744 4464 2774 4505 a
2802 4452 2942 4503 visu.
2972 4450 3129 4505 Aliud
3168 4463 3251 4507 est
3294 4454 3435 4508 enim
3470 4452 3524 4509 id

1932 4543 2076 4614 quod
2110 4542 2167 4599 ﬁt
2217 4559 2379 4616 quam
2410 4544 2455 4599 is
2479 4544 2569 4615 qui
2594 4543 2736 4600 facit.
2756 4543 2951 4600 Videre
2978 4555 3153 4600 autem
3180 4546 3369 4602 videns
3398 4562 3523 4619 ope-

235 4657 447 4713 cunque
474 4650 566 4696 aut
593 4640 834 4696 habuere
865 4640 1103 4696 habitum
1130 4656 1302 4713 eoque
1334 4656 1583 4713 caruere,
1616 4620 1713 4699 aut
1734 4643 1831 4700 ha-
1853 4620 1909 4686 Ῑ)
1934 4644 2106 4703 ratur,
2132 4635 2274 4691 aliud
2300 4646 2383 4692 est
2410 4635 2573 4707 igitur
2602 4635 2787 4693 videre
2815 4651 2973 4705 quam
2997 4637 3204 4693 videns.
3236 4637 3403 4695 Distat
3430 4656 3525 4695 au-
3600 4676 3601 4679 η

234 4733 367 4791 bere
394 4744 619 4805 potuere
640 4742 693 4789 et
718 4749 825 4789 non
857 4733 1079 4789 habent.
1104 4732 1371 4793 Parietem
1397 4745 1579 4792 autem
1626 4736 1830 4794 idcirco

236 4842 344 4885 non
373 4827 601 4884 dicimus
645 4841 868 4894 caecum,
921 4826 1064 4898 quod
1103 4828 1159 4883 in
1209 4843 1275 4883 eo
1322 4828 1468 4885 visus
1514 4830 1831 4888 naturaliter

235 4923 421 4980 venire
454 4940 556 4980 non
586 4922 781 4993 potuit.
813 4920 1016 4977 Parvos
1043 4936 1172 4977 vero
1203 4924 1414 4979 catulos
1447 4923 1645 4995 quibus
1678 4926 1829 4982 visus

237 5030 345 5071 non
374 5024 477 5081 est,
511 5029 617 5070 non
648 5012 780 5069 satis
806 5011 966 5084 digne
999 5012 1192 5084 aliquis
1220 5028 1395 5070 caecos
1428 5030 1551 5072 esse
1584 5031 1823 5087 pronun-

236 5108 353 5163 tiet.
382 5107 459 5161 Eo
486 5107 627 5162 enim
653 5116 892 5175 tempore
920 5104 1159 5160 nondum
1190 5106 1508 5163 naturaliter
1531 5107 1705 5164 visum
1731 5109 1827 5164 ha-

234 5201 365 5256 bere
400 5207 639 5269 possunt.
684 5197 740 5252 Si
783 5212 913 5252 vero
955 5198 1229 5254 exhaustis
1273 5197 1462 5255 diebus
1503 5201 1701 5271 quibus
1744 5202 1830 5260 his

234 5294 379 5351 oculi
412 5293 656 5365 pateﬁeri
688 5301 743 5347 et
765 5292 937 5347 lucem
971 5291 1187 5348 haurire
1230 5293 1549 5350 naturaliter
1576 5306 1827 5366 possunt,

234 5406 344 5445 non
374 5389 606 5443 habeant
633 5388 826 5455 visum,
859 5402 952 5442 eos
981 5401 1156 5443 crecos
1194 5402 1316 5443 esse
1348 5387 1690 5444 manifestum
1723 5399 1826 5447 est.

234 5483 305 5538 At
342 5498 475 5538 vero
522 5496 695 5552 neque
736 5488 913 5535 ostrea
968 5478 1219 5533 dicuntur
1262 5479 1536 5545 edentula,
1575 5481 1827 5551 quoniam

233 5573 556 5630 naturaliter
598 5588 702 5626 non
747 5574 944 5625 habent
983 5569 1196 5638 dentes,
1243 5570 1339 5625 sed
1389 5585 1487 5626 nec
1533 5570 1831 5630 infantulos

235 5667 431 5738 quibus
474 5664 646 5718 adhuc
696 5662 928 5719 nondum
976 5660 1281 5730 huiusmodi
1322 5671 1453 5717 aetas
1500 5671 1601 5729 est,
1634 5670 1694 5719 ut
1735 5663 1834 5721 ha-

234 5763 402 5817 beant
443 5758 653 5823 dentes,
684 5770 938 5811 vocatnus
967 5754 1268 5820 edentulos,
1314 5755 1409 5810 sed
1442 5754 1487 5811 si
1516 5766 1606 5811 aut
1649 5758 1693 5811 is
1736 5756 1831 5829 qui

238 5864 364 5915 ante
397 5852 603 5921 habuit,
634 5849 823 5905 dentes
867 5847 1128 5914 amiserit,
1162 5856 1252 5904 aut
1295 5862 1400 5919 quo
1439 5848 1550 5919 jam
1582 5858 1830 5922 tempore

990 6002 1011 6007 η
1032 5978 1082 6014 ιδ

1936 4737 2045 4783 tem
2077 4727 2260 4784 videre
2304 4727 2466 4783 etiam
2498 4742 2529 4783 a
2557 4728 2697 4798 visu,
2727 4727 2871 4785 aliud
2915 4744 3145 4800 namque
3173 4739 3254 4785 est
3285 4730 3336 4786 id
3382 4732 3523 4802 quod

1935 4820 1997 4875 ﬁt
2026 4835 2185 4891 quam
2226 4821 2279 4875 id
2323 4835 2417 4890 per
2464 4821 2607 4891 quod
2645 4820 2846 4891 aliquid
2878 4822 3105 4892 geritur,
3130 4824 3319 4880 videre
3345 4836 3520 4880 autem

1932 4927 2033 4983 per
2054 4912 2224 4967 visum
2248 4910 2326 4966 ﬁt.
2346 4911 2516 4967 Distat
2539 4927 2667 4984 ergo
2692 4912 2878 4969 videre
2890 4912 2957 4968 ab
2986 4928 3050 4970 eo
3074 4914 3193 4984 ipso
3211 4916 3319 4986 (qui
3350 4917 3521 4987 ipsum

1932 5007 2117 5065 videre
2163 5008 2369 5081 efﬁcit)
2398 5010 2533 5076 visu,
2579 5009 2675 5064 sed
2719 5007 2902 5065 videre
2949 5010 3120 5066 visum
3176 5010 3373 5066 habere
3417 5021 3521 5078 est,

1931 5105 2103 5181 visum
2135 5114 2312 5158 autem
2365 5102 2564 5158 habere
2609 5101 2844 5156 habitum
2893 5102 3129 5159 retinere
3154 5113 3257 5173 est,
3291 5111 3345 5158 ct
3378 5105 3523 5157 visus

1931 5194 2148 5251 habitus
2172 5204 2272 5251 est.
2304 5194 2422 5251 Non
2450 5202 2534 5250 est
2560 5194 2722 5265 igitur
2756 5194 2896 5249 idem
2928 5194 3146 5252 habitus
3188 5205 3242 5250 et
3283 5194 3409 5263 quid
3440 5202 3523 5251 est

1931 5286 2033 5345 sub
2059 5289 2332 5357 habitu,id
2353 5298 2436 5344 est
2460 5289 2755 5364 quemlibet
2778 5289 3017 5345 habitum
3048 5290 3296 5346 retinere.
3315 5288 3518 5343 Eodem

1933 5398 2143 5455 quoque
2167 5381 2325 5438 modo
2348 5383 2507 5438 etiam
2533 5382 2585 5438 in
2609 5382 2932 5453 privatione,
2965 5389 3020 5439 et
3046 5382 3156 5437 illic
3173 5398 3388 5453 quoque
3415 5391 3525 5438 tres

1936 5484 2060 5532 sunt
2090 5492 2199 5545 res,
2228 5477 2273 5533 is
2299 5476 2388 5547 qui
2417 5475 2675 5547 privatur,
2704 5476 2805 5532 hoc
2840 5477 3011 5547 ipsum
3038 5475 3181 5548 quod
3222 5476 3302 5543 ﬁt,
3346 5475 3397 5529 id
3444 5484 3524 5533 est

1939 5571 2162 5643 privari,
2193 5580 2249 5627 et
2272 5572 2449 5643 ipsum
2491 5586 2598 5638 quo
2626 5571 2746 5641 quis
2784 5571 3043 5641 privatur,
3067 5568 3118 5624 id
3147 5579 3231 5624 est
3262 5570 3374 5640 ipsa
3414 5570 3525 5639 pri-

1904 5694 1907 5695 ν
1940 5669 2107 5723 vatio.
2139 5665 2291 5734 Quod
2320 5666 2364 5721 si
2396 5664 2557 5721 distat
2594 5665 2639 5720 is
2686 5664 2775 5736 qui
2820 5663 2983 5718 habet
3008 5677 3074 5717 eo
3102 5663 3219 5732 ipso
3264 5661 3407 5733 quod
3439 5671 3525 5717 est

1938 5755 2177 5814 habitum
2222 5757 2450 5824 habere,
2478 5756 2641 5811 distat
2680 5765 2733 5810 et
2774 5755 2819 5810 is
2857 5753 2946 5825 qui
2984 5753 3233 5823 privatur
3272 5770 3338 5810 eo
3379 5752 3524 5825 quod

1938 5856 2023 5909 est
2053 5848 2268 5921 privari.
2293 5848 2445 5915 Quod
2474 5847 2518 5903 si
2546 5847 2706 5902 etiam
2733 5844 2898 5902 distat
2921 5843 3063 5913 quod
3087 5856 3169 5901 est
3203 5847 3405 5903 habere
3427 5845 3523 5899 ltao
