4022 6328
487 296 590 353 271

1723 294 1835 351 AN.
1874 294 2081 352 MANL.
2122 295 2279 354 SEV.
2319 294 2541 353 BOETII

3678 294 3778 348 272

484 416 657 470 bitum
689 411 787 469 illo
818 406 937 485 ipso
964 408 1264 483 Μίλων]
1290 408 1742 469 habetur.~Bistat
1768 414 2078 470 necessario
2109 414 2167 477 Α
2189 413 2417 467 mativas
2438 426 2560 468 esse
2588 412 2971 482 negativasque
2996 410 3290 466 orationes.
3315 408 3469 479 Quod
3496 409 3543 465 si
3572 418 3775 467 exami-

486 508 540 562 id
570 506 713 579 quod
757 498 841 563 est
870 507 1093 578 privari‘
1120 504 1208 559 illa
1234 504 1344 574 ipsa
1394 504 1597 561 scilicet
1642 505 1940 576 privatione
1978 522 2080 577 qua

487 602 717 672 quisque
750 600 1006 671 privatur.
1036 599 1214 666 Quare
1245 613 1419 669 neque
1460 598 1513 654 id
1561 597 1703 670 quod
1749 599 1851 654 sub
1897 599 2082 655 habitu

488 706 572 752 est
602 695 815 750 habitus
848 692 1107 763 appellari
1152 701 1348 762 potest,
1381 707 1555 763 neque
1581 691 1633 747 id
1661 691 1802 763 quod
1843 692 1944 745 sub
1975 693 2103 767 βτί-η

487 789 700 843 vatione
750 787 1001 857 privatio.
1052 784 1218 840 Recte
1263 783 1424 854 igitur
1467 783 1672 839 dictum
1713 794 1795 838 est
1838 782 2082 839 habitum

488 879 691 936 habere
718 894 822 933 non
853 893 974 934 esse
997 876 1254 941 habitum,
1284 875 1591 947 privarique
1620 891 1726 930 non
1758 890 1879 931 esse
1902 876 2084 947 priva-

490 974 729 1027 tionem:
762 970 848 1025 cui
894 970 971 1025 rei
1020 967 1196 1039 aliqua
1224 967 1470 1038 quasdam
1520 966 1749 1022 validior
1799 968 1878 1021 vis
1921 980 2083 1035 argu-

488 1061 841 1120 mentationis
901 1061 1226 1132 adiungitur,
1266 1075 1426 1131 quam
1473 1058 1796 1115 Aristoteles
1838 1059 1911 1113 ita
1960 1072 2086 1127 pro-

491 1159 721 1213 nuntiat.

562 1250 796 1321 Amplius
819 1248 864 1303 si
892 1248 1029 1303 idem
1058 1257 1183 1304 esset
1209 1246 1411 1303 cwcitas
1440 1257 1487 1301 et
1514 1261 1705 1301 crocum
1734 1262 1859 1312 esse,
1883 1254 2083 1300 utrum-

489 1362 585 1416 que
612 1346 674 1399 de
710 1348 886 1401 eodent
926 1345 1316 1417 prtedicaretur.
1351 1341 1457 1400 Sed
1498 1358 1660 1396 cwcus
1699 1341 1890 1396 dicitur
1908 1344 2081 1407 homo,

491 1440 696 1495 accitas
728 1456 841 1493 vero
864 1438 1007 1492 nullo
1038 1438 1189 1492 modo
1226 1436 1379 1491 homo
1407 1436 1616 1491 dicitur.
2098 1508 2099 1511 η

520 1584 523 1585 ν
564 1533 621 1587 Si
652 1532 792 1587 idem
819 1532 991 1601 inquit
1014 1540 1159 1586 esset
1185 1528 1400 1585 cacitas
1428 1529 1571 1598 quod
1604 1534 1833 1583 estesse
1856 1540 2082 1591 caecum,

492 1624 561 1680 de
588 1640 910 1695 quocunque
957 1636 1155 1679 ciccum
1184 1636 1307 1678 esse
1349 1621 1642 1686 diceretur,
1679 1620 1747 1676 de
1779 1634 1846 1676 eo
1872 1631 2086 1689 quoque

491 1720 706 1773 caecitas
751 1717 1159 1788 praedicaretur,
1199 1717 1293 1771 sed
1324 1730 1527 1771 caecum
1557 1715 1788 1772 dicimus
1827 1728 1949 1769 esse
1990 1715 2086 1767 ho-

2187 506 2365 560 natius
2392 519 2456 560 ac
2488 504 2736 559 subtilius
2778 503 3076 573 definisset,
3110 503 3522 559 affirmationem
3573 518 3668 573 per
3694 505 3777 560 af-

2186 598 2506 654 firmativam
2540 597 2843 653 orationem
2875 612 2979 651 non
3009 596 3285 652 diffiniret.
3317 597 3450 652 Nam
3485 598 3527 651 si
3561 597 3778 653 dubium

2188 701 2269 745 est
2315 690 2440 759 quid
2474 690 2544 743 sit
2594 688 2903 757 affirmatio,
2952 688 3122 743 nihilo
3169 689 3337 759 magis
3383 690 3584 743 clarum
3623 700 3782 760 atque

2187 782 2526 851 perSpieuum
2566 792 2649 836 est
2692 781 2820 851 quid
2866 783 2934 836 sit
2976 781 3294 836 affirmativa
3335 785 3529 837 oralio’.
3575 782 3778 838 Idcirco

2187 874 2328 944 quod
2358 875 2400 928 si
2431 875 2551 943 quis
2583 876 2755 930 nescit
2776 873 2902 945 quid
2934 878 3003 929 sit
3031 875 3340 941 affirmatio,
3368 875 3509 932 idem
3546 878 3665 932 sine
3682 878 3781 931 du-

2187 968 2276 1023 bio
2307 970 2611 1023 nescitnrus
2635 978 2719 1022 est
2744 968 2871 1038 quid
2900 970 3074 1023 oratio
3099 970 3169 1024 sit
3190 969 3535 1025 affirmativa.
3568 970 3675 1026 Sed
3706 973 3783 1024 id-

2188 1059 2336 1114 circo
2384 1059 2472 1114 hic
2526 1060 2889 1131 indulgentius
2944 1061 3281 1127 terminavit,
3341 1064 3484 1131 quod
3539 1068 3589 1118 in
3651 1064 3790 1120 libro

2188 1157 2307 1231 Περὶ
2337 1155 2599 1229 ἐρμενείας
2628 1154 2907 1224 Utriusque
2936 1170 3117 1209 veram
3158 1154 3480 1225 plenamque
3516 1157 3623 1210 vim
3650 1156 3786 1211 diffi-

2187 1246 2406 1301 nitionis
2430 1248 2648 1315 aptavit.
2683 1247 2879 1301 Eadem
2919 1262 3131 1319 quoque
3172 1248 3225 1302 iu
3256 1247 3339 1303 his
3371 1249 3509 1304 ratio
3533 1261 3615 1305 est
3660 1266 3775 1320 qute

2189 1348 2315 1395 sunt
2354 1340 2457 1394 sub
2487 1340 2846 1396 afﬁrmatione
2885 1350 2939 1396 et
2967 1342 3273 1414 negatione,
3307 1359 3428 1413 qua:
3459 1344 3511 1398 in
3559 1344 3642 1399 his
3670 1360 3786 1414 qua:

2188 1433 2289 1487 sub
2329 1433 2630 1502 privatione
2659 1442 2822 1503 atque
2860 1435 3042 1491 habitu
3085 1436 3447 1506 ponebantur,
3496 1453 3618 1493 nam
3654 1438 3786 1493 sicut

2189 1543 2295 1582 nou
2336 1537 2418 1583 est
2464 1528 2607 1583 idem
2658 1529 2869 1584 habitus
2918 1540 3079 1601 atque
3111 1531 3344 1600 privatio
3395 1533 3537 1602 quod
3588 1534 3786 1590 habere

2188 1621 2429 1677 habitum
2458 1631 2625 1692 atque
2663 1624 2886 1693 privari,
2937 1624 3009 1679 ita
3042 1640 3148 1680 non
3179 1626 3320 1681 idem
3364 1636 3448 1681 est
3476 1626 3787 1682 affirmatio-

2191 1729 2313 1770 nem
2356 1725 2413 1771 et
2454 1719 2795 1786 negationem
2839 1732 2962 1772 esse
2999 1718 3140 1788 quod
3173 1727 3258 1773 est
3302 1719 3403 1774 sub
3432 1719 3787 1777 affirmatione

497 1813 722 1877 minem,
745 1811 1043 1865 caecitatem
1073 1826 1199 1865 vero
1226 1808 1399 1878 ipsum
1415 1808 1685 1863 hominem
1710 1808 1891 1862 nullus
1912 1805 2079 1861 dicit:
2115 1812 2162 1871 B
2189 1818 2244 1863 et
2273 1808 2579 1879 negatione.
2624 1809 2930 1864 Affirmatio
2962 1821 3063 1877 est,
3102 1811 3249 1866 verbi
3271 1815 3467 1881 gratia,
3509 1816 3661 1868 sedet
3693 1813 3787 1870 So~

491 1920 659 1973 quare
690 1904 941 1974 quoniam
977 1905 1028 1956 in
1054 1902 1297 1971 utrisque
1318 1901 1533 1957 diversa
1562 1913 1643 1956 est
1675 1898 2007 1970 praedicatio,
2037 1907 2090 1952 et

493 1997 559 2050 de
591 2011 699 2065 quo
744 1996 957 2051 caecitas
999 1995 1216 2059 dicitur,
1266 2001 1373 2049 nbn
1414 1994 1481 2048 de
1511 1982 1577 2048 eo
1613 1992 1810 2046 dicitur
1864 2005 2087 2057 caecum,

492 2100 814 2155 rursumque
841 2085 910 2140 de
934 2100 1042 2155 quo
1068 2099 1271 2138 etet-um
1296 2098 1419 2138 esse
1443 2082 1782 2152 prredicatur,
1812 2082 1856 2136 is
1878 2080 2091 2136 caecitas

492 2178 600 2235 dici
630 2195 735 2234 non
760 2189 958 2248 potest,
986 2193 1090 2233 non
1116 2188 1196 2234 est
1219 2176 1437 2233 dubium
1461 2176 1591 2247 quin
1615 2176 1758 2231 aliud
1786 2177 1857 2230 sit
1883 2188 2088 2229 caecum

492 2287 613 2328 esse
655 2286 815 2343 quam
863 2272 1102 2337 ctecitas,
1151 2268 1205 2325 id
1249 2277 1335 2325 est
1378 2269 1737 2339 privationem
1788 2283 1908 2322 esse
1942 2266 2089 2321 aliud

491 2383 651 2439 quam
681 2366 877 2437 privari
913 2382 927 2419 :
979 2364 1074 2419 sed
1132 2365 1375 2433 quamvis
1419 2362 1642 2427 distent,
1678 2362 1868 2432 aequali
1911 2370 2088 2416 tamen

491 2459 848 2531 appositionis
879 2459 996 2513 vice
1041 2458 1356 2527 funguntur,
1402 2455 1545 2527 quod
1587 2456 1702 2527 ipse
1729 2454 1962 2526 loquitur
1989 2457 2087 2508 sic.

566 2554 817 2625 Opposita
847 2569 965 2608 vero
1007 2554 1162 2606 etiam
1201 2551 1313 2606 haec
1355 2552 1596 2605 videntur
1638 2567 1763 2617 esse,
1805 2550 1998 2618 privari
2041 2557 2091 2603 et

494 2646 724 2702 habitum
755 2645 961 2711 habere,
990 2647 1124 2699 sicut
1150 2644 1368 2712 privatio
1402 2651 1450 2699 et
1485 2644 1710 2709 habitus,
1742 2644 1925 2696 modus
1955 2641 2092 2697 enim

492 2741 836 2812 appositionis
863 2741 1001 2794 idem
1030 2749 1124 2806 est,
1164 2755 1283 2792 nant
1313 2740 1443 2793 sicut
1470 2737 1671 2791 ewcitas
1699 2737 1830 2790 visui
1855 2735 2093 2805 OppOaita

490 2846 587 2904 est,
621 2837 692 2890 sic
724 2852 913 2891 caecum
939 2851 1049 2890 esse
1090 2835 1159 2887 ad
1191 2835 1354 2887 uisum
1381 2832 1565 2886 habere
1594 2832 1883 2903 appositum
1920 2838 2015 2883 est.

561 2928 736 3000 Equo
775 2943 1004 2997 namque
1030 2927 1382 2997 proportione
1404 2924 1509 2979 sibi
1541 2923 1768 2993 privatio
1799 2931 1961 2991 atque
1991 2921 2089 2973 ha-

489 3022 635 3077 bitus
658 3029 1021 3090 opponuntur,
1049 3029 1103 3073 et
1130 3032 1192 3072 ea
1216 3032 1334 3087 qua:
1352 3016 1450 3070 sub
1473 3016 1774 3085 privatione
1796 3014 2091 3083 habituque

489 3112 834 3167 clauduntur.
876 3113 983 3165 Cur
1023 3109 1168 3165 enim
1211 3109 1257 3163 si
1296 3108 1523 3178 privatio
1568 3117 1730 3176 atque
1764 3107 2001 3172 habitus,
2035 3103 2089 3160 id

2192 1912 2395 1969 crates,
2431 1903 2644 1973 negatio
2669 1918 2821 1971 vero,
2855 1918 2961 1958 non
2998 1903 3150 1959 sedet
3186 1903 3461 1960 Socrates.
3504 1905 3617 1961 Sub
3645 1907 3786 1961 afftr~

2195 1995 2437 2051 matione
2468 2006 2647 2051 autent
2694 1997 2796 2052 hnc
2824 1997 2997 2067 ipsum
3043 1998 3235 2055 sedere
3279 1998 3577 2065 Socratem,
3629 2001 3682 2055 id
3710 2012 3788 2062 est

2194 2087 2296 2141 hoc
2338 2087 2479 2157 quod
2526 2087 2626 2141 sub
2672 2087 3036 2144 affirmatione
3067 2089 3195 2145 dicit
3227 2091 3424 2146 facere.
3471 2091 3584 2148 Sub
3625 2109 3790 2166 nega-

2194 2180 2340 2235 tione
2379 2196 2508 2236 vero
2539 2195 2644 2235 non
2676 2181 2868 2237 sedere
2912 2181 3215 2249 Socratem,
3258 2183 3309 2239 id
3353 2193 3439 2240 est
3471 2200 3579 2240 non
3613 2184 3791 2245 facere

2195 2272 2243 2326 id
2275 2272 2417 2341 quod
2456 2274 2670 2343 negatio
2703 2274 3005 2332 submovet.
3034 2275 3145 2331 IIoc
3167 2286 3344 2333 autem
3393 2280 3461 2334 ita
3491 2282 3785 2350 probatur,

2193 2364 2337 2434 quod
2387 2367 2561 2420 omnis
2608 2366 2898 2423 affirmatio
2941 2369 3223 2440 omnisque
3267 2373 3479 2441 negatio
3517 2376 3789 2433 orationes

2194 2468 2345 2525 sunt,
2380 2459 2520 2513 sicut
2550 2474 2737 2515 eorum
2773 2461 3079 2531 supradicta
3108 2464 3361 2519 diffinitio
3387 2466 3789 2525 determinatio-

2194 2565 2298 2620 que
2336 2553 2673 2606 monstravit.
2701 2552 2908 2609 Sedere
2933 2566 3113 2610 autem
3160 2567 3214 2611 et
3244 2573 3350 2612 non
3382 2558 3594 2627 sedere,
3628 2560 3680 2615 id
3709 2571 3791 2619 est

2194 2641 2375 2700 facere
2414 2654 2468 2701 et
2504 2661 2610 2700 non
2654 2646 2857 2715 facere,
2894 2648 3172 2705 orationes
3220 2666 3325 2705 non
3371 2660 3517 2719 sunt,
3555 2654 3699 2721 quod
3746 2654 3791 2711 si

2192 2736 2481 2792 affirmatio
2511 2749 2564 2793 et
2599 2738 2815 2810 negatio
2844 2742 3119 2796 orationes
3149 2751 3294 2808 sunt,
3334 2744 3529 2798 dicitur
3558 2744 3610 2799 id
3643 2746 3789 2816 quod

2194 2832 2296 2887 sub
2331 2831 2688 2889 affirmatione
2734 2846 2787 2889 et
2825 2836 3113 2906 negatione
3156 2845 3261 2905 est,
3308 2820 3371 2892 ea
3406 2836 3521 2908 ipsa
3551 2840 3791 2895 affirma-

2195 2928 2341 2981 tione
2364 2935 2419 2983 et
2454 2929 2740 2999 negatione
2766 2930 2991 2987 distare.
3027 2932 3132 2989 Sed
3166 2936 3217 2988 in
3264 2933 3365 2989 hoc
3396 2945 3618 2991 servant
3647 2936 3791 2993 illam

2194 3036 2408 3092 quoque
2444 3023 2876 3095 similitudinem,
2906 3026 3052 3096 quod
3080 3041 3143 3082 ea
3176 3028 3287 3097 ipsa
3329 3029 3434 3085 sibi
3463 3041 3592 3085 sunt
3616 3045 3792 3102 oppo-

2194 3115 2322 3185 sita,
2365 3131 2484 3185 quae
2528 3118 2822 3174 secundum
2872 3119 3283 3176 affirmationem
3331 3122 3788 3195 negationemque

491 3217 575 3262 est
605 3209 754 3262 visus
782 3214 837 3261 et
864 3205 1082 3261 cmcilas
1111 3203 1213 3259 sibi
1243 3212 1367 3258 sum
1388 3203 1658 3273 ορροείιει,
1688 3218 1794 3256 non
1822 3204 1983 3256 etiam
2009 3198 2086 3254 vi-
2112 3190 2161 3258 C
2193 3206 2464 3264 dicuntur.
2506 3210 2658 3266 Sicut
2694 3213 2839 3267 enim
2872 3213 2986 3283 ipsa
3027 3213 3315 3270 affirmatio
3342 3190 3463 3286 quia:
3510 3216 3663 3283 dicit,
3701 3190 3791 3273 se-

488 3300 619 3355 dere
649 3310 811 3369 atque
852 3312 974 3353 esse
1016 3311 1220 3352 ctecum
1253 3295 1442 3351 eodem
1490 3294 1652 3349 modo
1682 3294 1913 3350 invicem
1958 3292 2089 3347 sibi-
2130 3290 2135 3294 ’

489 3401 599 3447 net
631 3398 991 3459 opponantur.
1041 3390 1218 3457 Quare
1259 3402 1563 3464 quanquam
1608 3387 1723 3442 haec
1762 3386 1979 3452 distent,
2012 3396 2092 3443 ta-

491 3495 613 3537 men
637 3480 825 3536 modus
864 3481 916 3534 in
952 3481 1035 3535 his
1066 3481 1419 3551 oppositionis
1450 3477 1671 3550 aequalis
1699 3487 1805 3534 est.

566 3572 687 3629 Non
730 3582 801 3628 est
850 3584 1023 3627 autem
1070 3590 1230 3645 neque
1268 3573 1323 3626 id
1365 3572 1502 3642 quod
1542 3572 1635 3627 sub
1665 3572 2002 3643 aﬂirmatione
2040 3585 2090 3629 et

493 3667 763 3739 negatione
784 3668 948 3738 jacet,
990 3666 1261 3737 afﬁrmatio
1293 3674 1340 3719 et
1368 3666 1594 3735 negatio,
1628 3666 1902 3736 afﬁrmatio
1938 3683 2090 3720 nant-

487 3776 586 3829 que
615 3762 779 3814 oratio
807 3774 879 3815 est
916 3760 1242 3830 affirmativa,
1289 3758 1492 3829 negatio
1531 3770 1701 3813 autem
1738 3761 1902 3815 oratio
1929 3776 2088 3831 nega-

487 3855 610 3917 tiva,
654 3853 841 3905 horum
882 3868 995 3905 vero
1039 3866 1156 3921 qua:
1211 3850 1305 3903 sub
1348 3850 1684 3919 affirmatione
1726 3860 1775 3904 et
1816 3852 2089 3920 negatione

488 3959 632 4009 sunt,
665 3945 868 4000 nullum
897 3956 972 3999 est
1003 3946 1194 4009 oratio,
1223 3943 1314 3997 sed
1347 3959 1426 3997 res
1456 3944 1599 4005 ipsw.
1636 3943 1888 3997 Dicuntur
1917 3954 2086 3997 autent

487 4042 645 4092 etiam
673 4039 781 4090 Ita’c
829 4053 934 4091 esse
962 4037 1199 4108 opposita
1226 4036 1509 4100 alterutris,
1559 4036 1692 4089 sicut
1736 4037 2004 4106 affirmatio
2039 4047 2087 4091 et

487 4132 710 4202 negatio,
740 4147 858 4185 nant
886 4132 939 4186 in
971 4130 1051 4183 Itis
1072 4130 1256 4185 modus
1288 4131 1627 4203 appositionis
1648 4140 1723 4185 est
1754 4132 2083 4187 idemXSicut

490 4222 627 4276 enim
666 4222 937 4293 affirmatio
978 4223 1223 4277 adversus
1259 4225 1579 4294 negationem
1612 4224 1846 4296 apposita
1885 4236 1980 4290 est,
2030 4234 2085 4278 ut

484 4326 600 4385 qia:
629 4315 769 4370 sedet
796 4316 844 4369 ei
873 4332 987 4385 qua:
1008 4333 1109 4371 non
1138 4317 1304 4382 sedet,
1336 4318 1410 4371 sic
1439 4327 1484 4372 et
1507 4334 1586 4373 res
1611 4335 1727 4388 qua:
1749 4318 1839 4372 sub
1869 4329 2085 4391 utroque

486 4407 670 4476 positae
692 4417 832 4473 sunt,
868 4407 1043 4462 sedere
1066 4409 1357 4479 quempiam
1384 4418 1430 4463 et
1456 4426 1559 4463 non
1580 4412 1773 4464 sedere.

554 4495 637 4552 Ad
668 4507 912 4569 quartam
945 4499 1302 4569 appositionis
1337 4500 1574 4569 speciem
1614 4502 1900 4555 transitum
1932 4501 2078 4570 fecit,

2194 3299 2289 3356 det
2319 3301 2593 3370 Socrates,
2634 3313 2691 3359 et
2719 3320 2839 3375 qum
2869 3306 3021 3371 dicit,
3070 3321 3174 3361 non
3206 3308 3359 3363 sedet
3402 3308 3679 3375 Socrates,
3721 3310 3793 3364 ita

2194 3409 2411 3464 quoque
2457 3396 2687 3467 idipsum
2731 3398 2871 3467 quod
2908 3408 2990 3453 est
3018 3400 3208 3456 sedere
3251 3400 3547 3465 Socratem,
3592 3413 3647 3458 ει
3683 3418 3793 3460 non

2196 3486 2410 3555 sedere,
2442 3501 2591 3544 certa
2630 3492 2840 3547 ratione
2868 3491 3239 3549 similitudinis
3268 3505 3635 3565 apponuntur.
3682 3496 3793 3555 Sed

2195 3564 2451 3648 quoniam
2496 3591 2729 3650 quatuor
2777 3585 2989 3653 species
3030 3564 3388 3655 appositionis
3432 3587 3589 3642 dictae
3631 3598 3791 3657 sunt,

2198 3688 2340 3729 nunc
2371 3674 2682 3730 Aristotelis
2720 3676 2945 3747 vestigia
2980 3692 3392 3749 persequentes,
3424 3691 3608 3736 earum
3638 3682 3793 3737 diffe-

2196 3766 2399 3821 rentias
2447 3766 2788 3837 colligamus,
2814 3783 2933 3838 qua:
2962 3778 3087 3824 sunt
3117 3787 3341 3828 numero
3384 3788 3475 3826 sex
3515 3790 3525 3824 :
3576 3790 3703 3828 nam
3748 3775 3792 3829 si

2192 3874 2313 3928 qua!
2341 3873 2429 3913 res
2459 3859 2570 3913 sint
2598 3869 2851 3930 quatuor,
2884 3877 3083 3933 easque
3110 3864 3327 3920 differre
3348 3881 3375 3918 a
3402 3880 3459 3920 se
3490 3880 3551 3921 ac
3585 3866 3793 3925 distare

2195 3951 2447 4006 volumus
2478 3990 2492 4016 ,
2543 3968 2639 4008 se:
2696 3957 2840 4010 solas
2896 3956 3228 4014 differentias
3273 3959 3594 4015 invenimus.
3653 3961 3792 4015 Cum

2192 4045 2336 4101 enim
2394 4047 2620 4117 primam
2670 4049 2890 4108 differre
2936 4069 2966 4108 a
3022 4054 3263 4110 secunda
3310 4069 3374 4110 ac
3424 4057 3581 4111 tertia
3630 4067 3793 4127 atque

2191 4149 2381 4209 quarta
2414 4144 2683 4210 ponimus,
2724 4154 2835 4200 tres
2875 4155 3002 4201 sunt
3044 4147 3384 4203 differentia.
3420 4148 3550 4204 Item
3594 4164 3794 4205 secun~

2112 4292 2127 4305 .
2192 4230 2313 4285 dam
2338 4247 2450 4288 rem
2480 4250 2509 4289 a
2534 4236 2702 4305 prima
2730 4252 2785 4291 re
2808 4237 3028 4295 differre
3057 4239 3347 4296 ostendere
3375 4251 3536 4312 atque
3563 4242 3792 4298 demon-

2192 4331 2369 4379 strare
2408 4326 2740 4395 superfluum
2779 4339 2880 4384 (st.
2918 4331 3051 4385 Cum
3092 4334 3235 4387 enim
3266 4334 3455 4403 prima:
3493 4336 3570 4390 rei
3601 4335 3666 4389 ad
3701 4352 3793 4391 se-

2191 4416 2420 4471 cundam
2465 4418 2777 4476 distantiam
2820 4423 3229 4496 cnlligeremus,
3268 4426 3395 4497 quid
3442 4430 3679 4483 secunda
3711 4430 3794 4485 di-

2190 4519 2356 4566 staret
2395 4527 2422 4565 a
2472 4514 2642 4583 prima
2688 4514 2992 4571 docuimus.
3035 4518 3242 4574 Relicta
3287 4520 3446 4591 igitur
3490 4520 3682 4590 prima:
3722 4522 3790 4576 ad

484 4603 606 4659 aure
647 4589 944 4644 secundum
983 4590 1399 4645 al'ﬁrmaliuncm
1449 4592 1897 4662 negationetnquc
1941 4592 2079 4646 dici-
2110 4587 2164 4649 Ι)
2189 4604 2477 4659 secundum
2514 4621 2626 4659 rem
2672 4606 2995 4675 differentia,
3044 4587 3399 4668 secundaevet
3427 4587 3622 4681 tertiae,
3657 4614 3793 4670 item
3870 4600 3877 4605 θ

484 4690 593 4736 tur.
635 4680 937 4739 Aftirmatio
978 4693 1158 4740 autem
1206 4696 1288 4739 est
1337 4701 1454 4755 qua:
1485 4686 1717 4757 aliquam
1767 4703 1882 4742 rem
1919 4687 2077 4744 alicui

482 4775 715 4845 quadam
747 4778 1157 4848 participatione
1187 4778 1485 4848 conjungit.
1528 4778 1755 4850 Negatio
1786 4795 1916 4835 vero
1956 4794 2078 4850 qua:

483 4868 718 4937 aliquam
750 4885 862 4924 rem
907 4871 976 4924 ab
1007 4870 1188 4940 aliqua
1232 4886 1293 4926 re
1321 4873 1552 4942 quadam
1583 4876 1930 4943 separatione
1969 4864 2079 4930 dis-

478 4960 676 5031 jungit,
714 4972 768 5016 ut
791 4972 876 5017 est
911 4963 1099 5018 Omnis
1141 4965 1303 5020 homo
1331 4978 1414 5021 est
1441 4968 1661 5032 animal,
1699 4970 1899 5024 animal
1931 4971 2075 5027 enim

478 5054 544 5107 ad
609 5055 882 5112 hominem
940 5057 1053 5113 htec
1102 5061 1273 5115 oratio
1322 5060 1517 5132 jungit.
1580 5063 1875 5134 Participat
1929 5067 2073 5121 enim

480 5146 644 5203 homo
678 5150 897 5219 proprio
927 5165 1149 5222 genere,
1182 5154 1387 5208 scilicet
1419 5156 1636 5225 animal,
1672 5159 1885 5229 negatio
1917 5174 2073 5226 vero,

478 5239 645 5295 homo
675 5242 811 5310 lapis
838 5256 942 5297 non
985 5252 1086 5297 est.
1126 5244 1388 5314 Disjungit
1430 5247 1573 5303 enim
1606 5258 1852 5305 naturam
1882 5244 2075 5320 lapidis

473 5330 543 5385 ab
568 5333 900 5389 immanitate
931 5334 1022 5405 qui
1052 5344 1231 5407 negat,
1265 5339 1358 5392 sed
1388 5339 1552 5393 multa
1585 5340 1654 5395 de
1686 5344 1768 5397 his
1798 5344 1847 5396 in
1881 5344 1973 5398 lib.
2005 5323 2074 5400 de

473 5420 923 5493 lnterpretatione
969 5426 1191 5482 dicenda
1234 5439 1377 5483 sunt.
1413 5431 1588 5498 Quare
1633 5432 1839 5502 plenior
1880 5436 2072 5490 horum

473 5511 768 5584 disputatio
786 5516 837 5571 in
866 5528 1075 5587 tempus
1098 5519 1242 5573 aliud
1266 5519 1564 5577 differatur.
1597 5524 1921 5582 Aristoteles
1944 5543 2071 5583 vero

471 5606 874 5676 simplicissime
902 5620 957 5666 et
996 5626 1131 5680 pene
1175 5613 1445 5669 incuriose
1485 5625 1704 5686 propter
1733 5633 1827 5674 eos
1861 5621 1949 5690 qui
1983 5619 2069 5675 in-

472 5697 765 5755 stituuntur
807 5700 1159 5758 diffinitiones
1220 5704 1593 5762 affirmationis
1653 5711 2068 5783 negationisque

470 5792 722 5859 signavit,
751 5794 937 5853 dicens
964 5798 1303 5866 negationem
1337 5798 1887 5874 afﬁrmationcmque,
1922 5808 2069 5863 affiro

2189 4695 2442 4751 secundae
2469 4707 2783 4769 quartzeque
2815 4700 3136 4757 differentia:
3170 4705 3631 4772 monstrabuntur,
3664 4722 3793 4777 qua:

2190 4795 2317 4839 sunt
2356 4786 2499 4854 duae,
2548 4805 2666 4859 qua:
2701 4791 2871 4846 tribus
2914 4795 3279 4862 superioribus
3305 4796 3508 4866 juncta:
3547 4799 3795 4870 quinque

2188 4881 2332 4937 solas
2364 4880 2626 4938 efﬁciunt.
2673 4884 2862 4940 Restat
2902 4890 3075 4943 tertia:
3120 4892 3197 4945 rei
3227 4901 3541 4963 quartaque
3572 4892 3792 4948 distan-

2190 4975 2282 5028 tia.
2312 4974 2445 5029 Nam
2479 4979 2665 5047 primae
2697 4979 2764 5033 ad
2789 4984 3077 5038 secundam
3115 4995 3277 5056 atque
3308 4987 3521 5042 tertiam
3550 4987 3789 5042 demon-

2186 5075 2358 5123 strata
2406 5079 2493 5125 est
2534 5070 2917 5141 discrepantia,
2969 5092 3088 5131 cum
3130 5079 3299 5147 prima
3342 5096 3373 5135 a
3412 5084 3651 5136 secunda
3694 5083 3808 5149 di-,

2183 5167 2377 5225 staret,
2424 5172 2586 5231 atque
2615 5165 2805 5220 eodem
2848 5168 3007 5225 modo
3062 5185 3091 5224 a
3124 5173 3279 5226 tertia
3321 5175 3787 5233 monSIrabamus.

2184 5251 2240 5306 Id
2269 5251 2352 5306 his
2378 5255 2635 5324 probatur
2661 5260 2943 5330 exemplis.
2974 5261 3105 5317 Nam
3132 5280 3252 5320 eum
3279 5267 3546 5338 oppositio
3572 5285 3632 5327 ea
3659 5286 3793 5342 quae

2183 5356 2266 5401 est
2306 5349 2598 5405 secundum
2643 5352 2709 5407 ad
2735 5354 2957 5424 aliquid,
2991 5357 3060 5411 ab
3090 5357 3174 5412 his
3202 5361 3631 5430 oppositionihus
3655 5381 3791 5435 quas

2181 5450 2308 5495 sunt
2356 5443 2651 5498 secundum
2702 5449 3164 5521 contrarietatem,
3217 5453 3571 5522 privationem
3616 5466 3795 5527 atque

2182 5534 2621 5609 habitum,atque
2648 5538 3059 5598 affirmationem
3092 5556 3143 5601 et
3168 5549 3535 5619 negationem,
3568 5551 3794 5610 distare

2182 5628 2517 5697 proponitur,
2552 5641 2658 5687 tres
2701 5643 2827 5688 sunt
2853 5633 3195 5691 differentiae.
3230 5639 3363 5695 Cum
3403 5657 3534 5697 vero
3564 5658 3621 5698 ea
3650 5658 3795 5713 qua:

2181 5720 2474 5775 secundum
2508 5724 2865 5790 privationem
2900 5736 3057 5798 atque
3088 5728 3326 5786 habitum
3368 5734 3633 5804 oppositio
3661 5742 3787 5802 est,

2179 5827 2208 5866 ε
2240 5813 2533 5869 contrariis
2586 5825 2639 5871 et
2669 5816 2737 5871 ab
2767 5819 3125 5879 affirmatione
3155 5827 3540 5897 negatioueque
3568 5826 3796 5882 disere-
