4030 6336
250 380 360 434 273

1237 378 1305 434 ttv
1340 376 1772 435 CATEGORIAS
1811 375 2254 434 ARISTOTELIS
2294 378 2421 433 LIB.
2464 376 2553 432 tv.

3422 383 3527 438 276

251 503 368 566 pet,
394 493 514 549 dum
543 502 668 548 sunt
700 491 1036 559 differentiae,
1080 506 1198 563 qua:
1222 492 1420 563 juncta:
1470 491 1838 561 superioribus
1865 496 1922 557 Α
2017 490 2167 557 Quod
2196 501 2367 543 autent
2399 506 2557 561 neque
2586 501 2639 545 ut
2668 493 2926 547 contraria
2948 500 3277 562 opponuntur
3306 508 3387 559 ea,
3411 508 3526 564 qua

251 590 491 660 quinque
522 588 825 658 perﬁciunt.
873 586 1078 642 Idcirco
1102 586 1244 640 enim
1272 586 1400 656 qttid
1430 585 1651 640 distaret
1689 584 1840 638 habi-

250 690 339 735 tus
378 691 537 749 alque
582 679 831 749 privatio,
863 692 927 732 ea
969 677 1306 748 oppositione
1332 690 1453 747 quae
1494 676 1713 731 relativa
1755 684 1840 729 est

250 773 728 845 pra-termisimus,
771 772 1022 841 quoniam
1064 772 1210 840 prius
1257 777 1667 826 monstravimus
1712 770 1836 840 quid

250 867 472 921 relativo
503 864 772 933 Oppositio
810 865 878 917 ab
917 863 1096 917 habitu
1129 864 1533 933 privationeque
1560 862 1835 927 diﬂ‘erret;

252 974 362 1012 non
392 967 472 1011 est
515 957 657 1011 enim
690 955 909 1010 dubium
949 971 1154 1025 aequam
1185 970 1306 1010 esse
1331 956 1384 1009 in
1413 955 1654 1025 utrisque
1680 934 1834 1010 dilfe-

252 1051 499 1114 rentiam,
540 1064 660 1103 eum
692 1064 795 1102 una
838 1048 907 1101 ab
935 1048 1038 1101 alia
1078 1047 1483 1116 discrepaverit.
1520 1048 1705 1103 Restat
1731 1063 1835 1103 una

251 1144 366 1198 sola
398 1141 720 1209 dilierentia,
754 1158 870 1211 qua:
902 1150 983 1196 est
1013 1142 1404 1196 contrariorum
1432 1142 1498 1196 ad
1526 1141 1836 1197 afﬁrmatio-

252 1250 376 1289 netn
401 1234 604 1289 scilicet
627 1245 681 1289 et
708 1234 1077 1302 negationem;
1103 1236 1465 1304 praetermissa
1496 1251 1727 1306 namque
1754 1246 1837 1293 est

250 1329 639 1383 contrariorum
681 1328 1008 1394 ditl‘erentin,
1047 1329 1117 1383 de
1154 1328 1372 1384 relativo
1422 1332 1627 1388 scilicet
1667 1344 1720 1387 et
1750 1348 1837 1388 se-

192 1476 203 1487 ,
247 1419 482 1472 cundum
530 1418 770 1471 habitum
816 1418 1276 1490 privationemque
1316 1422 1675 1491 Oppositione,
1707 1423 1833 1493 quid

247 1509 370 1565 haec
409 1512 656 1578 superius
704 1526 735 1565 a
762 1513 1142 1567 contrarietate
1183 1512 1431 1579 distaret,
1474 1525 1831 1571 monstratum

248 1611 355 1657 est.
401 1602 580 1669 Quare
625 1604 875 1671 quoniam
923 1614 1054 1671 quot
1101 1615 1227 1659 sunt
1276 1606 1467 1661 ltorum
1516 1606 1835 1667 dilferentiaa

249 1696 524 1763 cognitum
548 1704 652 1761 est,
674 1694 738 1751 ad
757 1697 1034 1767 sequentis
1060 1699 1237 1768 operis
1263 1699 1506 1756 ordinem
1531 1704 1830 1761 veniamus.

623 1894 648 1947 Α
848 1905 861 2243 Ι
1043 1923 1070 1965 Α
1261 1899 1269 2260 Ι
1458 1933 1479 1980 1
1648 1957 1653 1966 Ι

1017 2305 1058 2364 3

325 2541 476 2610 Quod
506 2549 673 2595 autem
694 2538 912 2610 privatio
942 2545 988 2591 et
1024 2536 1225 2589 habitus
1269 2550 1372 2588 non
1403 2536 1475 2588 sic
1503 2545 1835 2603 apponuntur

247 2646 305 2691 ut
328 2635 396 2689 ad
426 2634 644 2703 aliquid,
673 2631 998 2696 manifestum
1029 2636 1100 2682 est
1124 2645 1144 2691 ;
1176 2643 1333 2695 neque
1355 2626 1491 2679 enim
1520 2625 1710 2678 dicitur
1738 2622 1836 2677 hoc

247 2732 420 2799 ipsum
448 2718 587 2797 quod
627 2734 701 2779 est
730 2723 971 2795 appositi,
1008 2723 1144 2775 visus
1184 2721 1319 2773 enim
1360 2735 1458 2771 non
1491 2729 1564 2771 est
1593 2716 1837 2770 caecitatis

249 2823 411 2885 visus,
453 2836 542 2873 nec
570 2818 675 2871 alio
702 2816 809 2870 ulla
835 2816 989 2868 modo
1026 2815 1093 2867 ad
1124 2815 1294 2881 ipsum
1324 2810 1536 2863 dicitur.
1587 2806 1839 2863 Similiter

248 2927 423 2971 autem
449 2930 608 2983 neque
644 2912 869 2975 ctecitas,
902 2910 990 2964 sed
1022 2908 1237 2977 privatio
1266 2904 1470 2974 quidem
1511 2903 1650 2957 visus
1692 2901 1840 2954 eieci-

250 3020 333 3063 tas
356 3008 564 3071 dicitur,
597 3006 798 3060 siccitas
827 3019 944 3056 vero
967 3001 1102 3055 visus
1129 3014 1232 3053 non
1262 2997 1474 3052 dicitur.
1507 2993 1742 3062 Amplius
1771 2993 1841 3045 ad

249 3101 457 3170 aliquid
487 3099 678 3163 omnia,
711 3098 968 3166 reciproco
1005 3094 1265 3157 dicuntur,
1292 3105 1453 3160 quare
1490 3099 1539 3143 et
1569 3088 1771 3141 ca'citas
1795 3085 1841 3139 si

250 3203 383 3250 esset
419 3209 593 3247 eorum
626 3206 740 3259 qua?
777 3190 844 3241 ad
865 3188 1062 3257 aliquid
1101 3194 1242 3252 sunt,
1271 3184 1446 3253 utique
1470 3190 1841 3237 converteretur

1942 584 2223 639 secundum
2276 583 2611 653 privationem
2663 593 2710 637 et
2763 578 2993 636 habitum
3032 581 3291 648 dicuntur,
3344 598 3407 636 ea:
3443 582 3525 638 Itis

1944 679 2267 748 manifestum
2298 685 2390 731 est.
2425 676 2658 742 Quorum
2687 676 2824 731 enim
2857 678 3233 729 contrariarum
3278 675 3409 729 nihil
3452 687 3526 730 est

1942 771 2186 836 medium,
2229 785 2434 823 necesse
2473 778 2545 823 est
2582 770 2638 823 in
2663 769 2845 839 quibus
2882 776 3006 823 nata
3036 779 3155 823 sunt
3184 768 3318 838 ﬁeri,
3346 778 3435 824 aut
3462 770 3525 824 de

1941 862 2119 933 quibus
2158 861 2525 931 pradicantur,
2566 861 2786 913 alterum
2838 859 3064 931 ipsorum
3091 860 3255 914 inesse
3302 876 3521 930 semper,

1941 953 2122 1007 horum
2150 953 2285 1006 enim
2312 951 2439 1005 nihil
2468 960 2576 1005 erat
2604 952 2847 1017 medium,
2898 967 3117 1021 quorum
3164 951 3382 1007 alterunt
3436 970 3523 1007 tte-

1940 1045 2217 1101 cessarium
2248 1054 2355 1098 erat
2384 1045 2549 1097 inesse
2577 1043 2911 1114 susceptibili,
2944 1053 2999 1096 ut
3032 1046 3333 1116 languorem
3362 1057 3411 1099 et
3439 1062 3522 1099 sa-

1940 1142 2173 1207 nitatem,
2203 1150 2249 1192 et
2290 1139 2459 1208 impar
2504 1147 2552 1191 et
2598 1153 2711 1205 par.
2767 1136 2999 1203 Quorum
3043 1152 3161 1190 vero
3205 1137 3419 1208 aliquod
3446 1145 3521 1193 est

1939 1235 2198 1300 medium,
2249 1247 2513 1302 nunquam
2567 1230 2835 1284 necessitas
2903 1240 2975 1284 est
3024 1230 3162 1283 omni
3205 1230 3521 1299 susceptibili

1939 1329 2100 1381 inesse
2128 1325 2369 1392 alterum,
2398 1340 2559 1396 neque
2586 1323 2718 1378 enim
2747 1338 2947 1377 necesse
2975 1334 3048 1377 est
3096 1338 3242 1377 omne
3270 1324 3521 1393 suscepti-

1942 1419 2041 1473 bile
2061 1418 2340 1472 candidum
2371 1417 2448 1472 vel
2473 1418 2679 1485 nigrum
2708 1431 2837 1481 esse,
2875 1430 3033 1485 neque
3063 1415 3333 1485 frigidum,
3361 1431 3519 1486 neque

1939 1511 2187 1577 calidum,
2217 1510 2399 1563 harant
2425 1508 2559 1562 enint
2608 1506 2835 1561 medium
2877 1507 3073 1578 aliquid
3111 1506 3241 1560 nihil
3288 1507 3519 1577 prohibet

1938 1619 2063 1666 esse,
2080 1601 2264 1655 [torum
2280 1603 2435 1655 etiam
2456 1608 2563 1653 erat
2582 1599 2779 1669 aliquid
2799 1600 3040 1663 medium,
3060 1614 3275 1668 quorum
3293 1614 3395 1651 non
3412 1606 3519 1653 erat

1939 1695 2279 1748 necessarium
2332 1695 2549 1745 alterunt
2595 1693 2759 1745 inesse
2808 1690 3151 1763 susceptibili,
3201 1701 3385 1761 prwter
3426 1691 3520 1745 illa

1937 1787 2116 1857 quibus
2147 1786 2453 1839 naturaliter
2486 1800 2645 1838 unum
2683 1786 2832 1850 inest,
2858 1793 2910 1837 ut
2936 1785 3043 1854 igni
3065 1782 3291 1837 calidum
3317 1800 3446 1848 esse,
3474 1793 3520 1838 et

1862 1888 1911 1948 Β
1938 1882 2039 1936 nivi
2082 1879 2381 1934 candidum.
2425 1879 2491 1932 In
2524 1880 2601 1932 his
2630 1880 2766 1931 enim
2793 1877 3126 1931 determinatc
3174 1878 3518 1933 necessarium

1935 1982 2007 2030 est
2029 1975 2242 2027 alterum
2284 1973 2448 2026 inesse
2493 1981 2538 2025 et
2580 1987 2682 2024 non
2707 1969 3030 2035 alterutrum,
3058 1984 3158 2022 non
3188 1968 3323 2023 enim
3353 1969 3519 2040 possi-

1937 2068 2036 2122 bile
2077 2075 2149 2121 est
2189 2067 2360 2135 ignem
2408 2064 2656 2134 [rigidum
2696 2078 2826 2127 esse,
2877 2077 3036 2131 neque
3083 2062 3247 2115 nivem
3291 2058 3514 2132 nigram.

1939 2156 2110 2223 Quare
2158 2155 2296 2209 ontni
2342 2154 2547 2223 quidem
2576 2151 2890 2221 susceptibili
2934 2168 3035 2205 non
3081 2162 3154 2206 est
3183 2152 3521 2205 necessarium

1935 2252 2155 2305 alterum
2201 2263 2376 2303 eorum
2429 2247 2612 2312 inesse,
2643 2245 2731 2300 sed
2780 2243 2945 2300 solum
2981 2245 3162 2315 quibus
3214 2246 3523 2299 naturaliter

1936 2357 2093 2397 unum
2124 2342 2277 2407 inest,
2325 2339 2404 2394 Itis
2456 2337 2787 2393 determinate
2828 2352 3017 2404 unum,
3064 2351 3167 2390 non
3215 2337 3521 2391 alterutrum

1936 2434 2101 2488 inesse
2127 2431 2396 2502 contingit.

2010 2523 2374 2579 Prolixitatetn
2421 2531 2598 2577 textus
2646 2519 2849 2577 idcirco
2899 2518 3145 2574 contraxi
3203 2518 3344 2589 quod
3373 2526 3429 2574 et
3458 2532 3523 2577 ea

1941 2620 2053 2689 ipsa
2080 2633 2201 2688 quae
2239 2617 2491 2671 dicuntur
2517 2627 2681 2685 supra
2705 2614 2816 2683 jam
2844 2612 2985 2667 dicta
3010 2622 3154 2679 sunt,
3184 2627 3287 2668 nec
3315 2612 3524 2683 longior

1940 2711 2073 2766 ordo
2104 2708 2275 2779 possit
2303 2708 2520 2777 aliquod
2550 2720 2740 2762 creare
2769 2705 3067 2770 fastidium,
3109 2704 3253 2774 quod
3295 2718 3396 2759 nos
3422 2703 3524 2760 hac

1941 2812 2116 2858 textus
2144 2799 2407 2855 divisione
2432 2797 2795 2869 sejunxitnus.
2826 2795 2897 2850 Et
2947 2794 3096 2864 prius
3143 2793 3358 2865 quidem
3394 2809 3524 2865 pro-

1944 2894 2095 2964 ponit
2122 2903 2245 2947 ante
2271 2892 2455 2945 oculus
2510 2903 2699 2946 omnes
2727 2889 2866 2944 inter
2905 2901 2966 2943 se
2994 2887 3391 2941 contrariorum
3421 2884 3525 2940 dif-

1944 2987 2229 3052 ferentias,
2288 2997 2421 3056 quas
2474 2984 2590 3053 ipse
2640 2990 2900 3053 quantum
2952 2987 3142 3050 potero
3211 2976 3527 3033 brevissime

1943 3078 2419 3143 commemorabo;
2466 3077 2539 3130 ait
2563 3076 2709 3131 enim
2756 3072 3149 3129 contrariorum
3178 3085 3301 3141 qua:
3336 3069 3528 3126 mediis

1943 3182 2130 3230 carent
2171 3185 2387 3240 semper
2424 3169 2652 3224 alterum
2701 3167 2881 3222 inesse
2922 3164 2972 3219 ei
2998 3162 3141 3235 quod
3168 3162 3287 3217 illas
3309 3170 3525 3216 contra-

3358 2480 3403 2496 υ

250 3285 321 3339 ad
346 3284 478 3337 illud
505 3284 573 3336 ad
602 3256 739 3350 quod
778 3256 984 3342 dicitur,
1030 3276 1117 3331 sed
1164 3292 1267 3330 non
1311 3274 1640 3338 convertitur,
1672 3286 1842 3341 neque
1868 3273 1914 3335 C
1948 3272 2167 3325 rietates
2219 3266 2494 3332 suscipere
2525 3270 2731 3331 potest,
2787 3268 2842 3314 ut
2885 3256 3148 3328 aegritudo
3196 3264 3251 3311 et
3302 3256 3529 3322 sanitas,

252 3381 390 3435 enim
409 3381 543 3435 visus
576 3378 765 3432 dicitur
795 3374 1038 3429 cwcitatis
1062 3373 1220 3425 visus.

330 3473 397 3527 Et
438 3481 633 3527 (ta-tera
673 3467 890 3539 quidem
919 3480 1039 3534 qua:
1070 3472 1194 3517 sunt
1235 3460 1535 3516 differentia
1562 3458 1844 3530 perspicue

259 3564 509 3633 superius
540 3565 595 3616 in
626 3559 1024 3616 contrariorum
1054 3554 1353 3609 tliﬂ‘erentia
1384 3552 1610 3607 relativa
1636 3549 1846 3619 opposi-

260 3657 406 3713 tione
442 3662 567 3708 ante
614 3652 895 3723 praemissa
937 3657 1081 3704 sunt.
1116 3646 1285 3702 Unam
1332 3659 1561 3712 namque
1591 3642 1845 3697 dilTeren-

259 3752 388 3802 tiam
432 3745 824 3802 contrariorum
872 3741 1321 3809 relativorumque
1363 3737 1504 3791 dixit
1532 3749 1670 3799 esse,
1702 3733 1845 3803 quod

257 3839 526 3895 contraria
557 3852 663 3890 non
696 3836 768 3890 ita
795 3846 854 3888 ut
879 3850 941 3889 ea
972 3848 1091 3903 qua:
1128 3841 1252 3886 sttnt
1285 3830 1348 3884 ad
1392 3827 1589 3899 aliquid
1621 3842 1846 3882 conver-

258 3940 520 3987 terentur.
563 3928 749 3998 Neque
790 3925 931 3981 enitn
961 3925 1081 3995 quis
1112 3922 1422 3993 pronuntiat
1457 3920 1714 3973 malitiam
1753 3918 1847 3972 lio-

257 4023 443 4078 nitatis
471 4036 591 4076 esse
614 4019 895 4082 malitiam,
925 4032 1102 4087 neque
1142 4015 1434 4069 bonitatem
1479 4012 1695 4065 malitia:
1726 4023 1847 4064 esse

258 4114 582 4176 bonitatem,
611 4112 755 4166 velut
782 4110 949 4165 illium
987 4107 1156 4178 patris
1177 4121 1297 4162 esse
1326 4105 1517 4171 tilium,
1556 4116 1847 4172 rursusque

262 4215 469 4273 patrem
502 4203 595 4257 lilii
637 4212 861 4273 patrem.
916 4200 1115 4256 Eadem
1148 4214 1361 4268 quoque
1402 4205 1457 4253 et
1504 4197 1556 4250 in
1598 4195 1681 4251 his
1724 4209 1845 4265 quae

260 4296 562 4353 secundum
592 4295 944 4365 privationem
977 4291 1327 4360 habitumque
1355 4288 1678 4354 redduntur,
1717 4286 1848 4340 dici-

261 4400 352 4444 tur
409 4387 727 4443 differentia.
763 4387 891 4441 Nam
935 4385 1072 4440 sicut
1110 4398 1173 4439 ea
1213 4397 1333 4453 quae
1377 4390 1501 4434 sunt
1541 4380 1605 4434 ad
1646 4378 1849 4448 aliquid

257 4486 529 4557 opposita,
574 4484 859 4539 advrrsum
903 4481 1193 4550 semetipsa
1235 4477 1555 4542 redduntur,
1585 4484 1640 4530 et
1666 4473 1847 4527 omnia

262 4579 333 4635 ad
373 4578 617 4649 opposita
651 4576 1031 4647 praedicantur,
1085 4587 1189 4627 non
1224 4569 1414 4625 eodem
1465 4565 1623 4622 modo
1667 4566 1719 4621 in
1754 4564 1881 4619 lia-.

1946 3360 2197 3432 quoniam
2224 3372 2436 3427 semper
2458 3357 2509 3409 in
2542 3352 2787 3407 animalis
2816 3363 3045 3419 corpore
3070 3351 3356 3417 reperitur,
3387 3353 3442 3401 et
3467 3358 3530 3401 ea

1944 3456 2063 3509 sine
2105 3453 2219 3507 ullo
2257 3460 2339 3507 est
2383 3448 2646 3503 adversus
2672 3461 2825 3500 suum
2856 3442 3186 3498 contrarium
3216 3440 3415 3495 medio.
3448 3438 3529 3493 ld-

1944 3547 2090 3601 circo
2120 3540 2281 3599 omne
2301 3556 2497 3611 corpus
2522 3539 2768 3593 animalis
2790 3550 3006 3606 semper
3035 3544 3126 3588 aut
3163 3541 3409 3602 mgrotat,
3442 3543 3531 3585 aut

1947 3650 2136 3691 sanum
2185 3642 2289 3699 est,
2354 3641 2407 3686 et
2450 3643 2665 3699 semper
2709 3628 2935 3681 alterum
2978 3635 3070 3678 aut
3120 3622 3369 3676 sanitatis
3429 3628 3526 3673 aut

1934 3725 2280 3798 aegritudinis
2305 3723 2445 3778 inest
2466 3722 2513 3776 ei
2546 3718 2685 3790 quod
2723 3718 2821 3795 has
2850 3715 3076 3786 suscipit
3104 3711 3531 3769 contrarietates.

1950 3820 2148 3874 Eorum
2180 3831 2311 3871 vero
2335 3813 2728 3869 contrariorum
2757 3823 2875 3879 qua:
2920 3806 3121 3860 habent
3161 3803 3395 3873 aliquam
3416 3816 3533 3857 Vme-

1949 3912 2230 3976 dictatem,
2259 3922 2367 3963 non
2397 3919 2622 3962 necesse
2643 3912 2725 3957 est
2754 3916 2969 3971 semper
2998 3899 3225 3955 alterum
3264 3898 3444 3952 inesse
3486 3896 3535 3951 ei

1936 4004 2035 4057 ‘cui
2065 4003 2341 4066 accidunt,
2367 4007 2420 4054 ut
2444 3997 2620 4052 album
2652 4004 2808 4065 atque
2836 3993 3068 4062 nigrum,
3113 4005 3235 4045 cum
3260 3990 3370 4042 sint
3394 3998 3535 4042 utra.

1950 4110 2053 4166 que
2082 4093 2375 4157 contraria,
2404 4091 2657 4160 quoniam
2682 4086 2879 4141 habent
2908 4084 3142 4153 aliquam
3172 4079 3535 4147 medietatem,

1953 4198 2009 4242 ut
2038 4186 2282 4251 rubrum,
2313 4184 2537 4238 veniunt
2566 4188 2741 4233 autem
2790 4190 3007 4245 semper
3051 4175 3104 4228 in
3145 4186 3395 4242 corpora,
3433 4184 3538 4227 non

1953 4292 2174 4335 necesse
2196 4286 2279 4331 est
2301 4290 2461 4329 omne
2478 4286 2675 4340 corpus
2698 4269 2838 4339 ﬁeri,
2862 4276 2956 4321 aut
2976 4266 3154 4321 album
3184 4274 3275 4319 aut
3305 4264 3537 4333 nigrum,

1951 4370 2203 4441 quoniam
2246 4375 2422 4436 potest
2457 4362 2749 4433 aliquando
2778 4359 3095 4429 contingere
3134 4366 3190 4409 ut
3234 4353 3325 4409 illa
3352 4340 3539 4410 eoruin

1951 4462 2213 4518 medietas
2240 4457 2452 4529 corpori
2497 4455 2716 4512 cuilibet
2759 4452 2994 4509 eveniat.
3025 4451 3199 4518 Atque
3230 4446 3331 4501 hoc
3354 4447 3426 4500 ita
3461 4453 3539 4501 est

1953 4555 2007 4610 in
2033 4555 2099 4609 iis
2129 4569 2250 4624 quae
2276 4550 2452 4606 medio
2480 4564 2587 4603 non
2615 4554 2821 4612 carent,
2854 4558 2973 4614 qua:
3014 4543 3131 4611 ipsa
3177 4538 3403 4594 mediata
3444 4548 3539 4590 vo-

238 4668 377 4728 bitu
398 4681 559 4741 atque
589 4669 889 4740 privatione
915 4676 1018 4721 est.
1051 4665 1238 4721 Nullus
1259 4663 1401 4719 enim
1432 4660 1562 4715 dicit
1586 4657 1843 4714 czccitatis
1874 4662 1927 4723 1)
1952 4664 2159 4715 eamus,
2191 4647 2431 4717 exceptis
2459 4645 2542 4699 liis
2572 4643 2765 4713 quibus
2808 4655 2917 4695 una
2960 4636 3318 4694 contrarietas
3347 4641 3429 4689 est
3456 4632 3540 4687 in-

260 4778 386 4819 esse
416 4763 609 4826 visum,
641 4775 741 4815 nec
772 4773 957 4814 rursus
995 4760 1141 4811 visus
1185 4770 1305 4811 esse
1349 4752 1671 4808 caecitatem.
1703 4750 1847 4816 Quo-

258 4857 406 4912 circa
432 4855 476 4909 si
500 4868 567 4909 ea
597 4868 716 4923 qua:
751 4860 875 4906 sunt
904 4850 1125 4906 relativa
1165 4847 1231 4901 ad
1268 4844 1512 4915 opposita
1540 4842 1844 4912 praedican-

258 4959 372 5016 tur,
402 4945 815 5014 conversimque
841 4944 1093 4998 dicuntur
1121 4942 1269 5011 (cum,
1290 4936 1433 4993 enim
1471 4937 1543 4991 sit
1566 4933 1846 5005 oppositus

262 5040 375 5095 tilio
404 5050 573 5110 pater,
626 5047 776 5107 pater
812 5036 908 5091 lilii
936 5034 1151 5100 dicitur,
1184 5032 1386 5086 scilicet
1414 5030 1480 5084 ad
1518 5028 1842 5097 oppositum,

260 5147 558 5205 rursusque
584 5134 913 5187 convertitur
937 5138 994 5183 ut
1017 5129 1181 5199 patris
1211 5126 1349 5179 ﬁlius
1370 5121 1690 5193 appelletur)
1713 5136 1847 5191 quo-

258 5228 407 5285 niam
451 5227 552 5281 hoc
580 5226 632 5280 in
662 5224 747 5279 bis
768 5236 889 5294 quae
928 5231 1050 5276 sunt
1086 5218 1380 5275 secundum
1413 5217 1762 5285 privationem
1793 5222 1848 5269 et

260 5322 505 5378 habitum
534 5334 641 5375 non
683 5318 897 5373 dicitur.
929 5316 1111 5385 Neque
1151 5312 1294 5368 enim
1326 5325 1450 5365 eum
1482 5308 1551 5362 sit
1581 5307 1724 5361 visus
1752 5319 1847 5376 op—

259 5416 471 5485 positus
500 5412 754 5478 caecitati,
784 5407 1081 5465 secundum
1117 5404 1470 5475 privationem
1499 5410 1660 5470 atque
1691 5396 1845 5452 ltabi-

254 5517 373 5563 tum
404 5507 600 5563 dicitur
640 5506 789 5559 visus
825 5499 1101 5563 caecitatis,
1131 5498 1181 5552 id
1214 5506 1297 5551 est
1339 5507 1607 5563 nunquam
1650 5506 1847 5545 secun-

255 5604 386 5658 dum
418 5602 557 5656 hanc
595 5597 990 5668 oppositionem
1020 5592 1219 5663 aliquid
1249 5589 1479 5660 oppositi
1523 5584 1845 5656 praedicatur

255 5708 439 5764 neque
467 5692 825 5754 convertitur,
855 5700 1029 5755 neque
1058 5685 1198 5738 enim
1222 5681 1415 5736 dicitur
1437 5678 1649 5734 caecitas
1680 5676 1845 5737 visus,

256 5798 409 5847 recte
440 5784 665 5858 privatio
695 5795 856 5853 atque
887 5776 1101 5834 habitus
1136 5791 1241 5829 non
1276 5775 1329 5828 in
1360 5771 1549 5827 eadem
1578 5783 1681 5839 qua
1711 5766 1849 5822 rela-

260 5885 393 5946 tiva,
423 5878 516 5936 sed
546 5879 598 5934 in
626 5875 727 5933 alia
759 5872 939 5944 specie
971 5877 1249 5925 numerata
1279 5874 1429 5920 sunt.

1950 4744 2049 4799 sita
2081 4757 2176 4813 per
2203 4751 2470 4804 naturam,
2518 4748 2573 4791 ut
2605 4737 2691 4791 nix
2724 4735 2846 4789 alba
2888 4741 2992 4797 est,
3032 4731 3172 4801 ignis
3217 4725 3447 4783 calidus.
3480 4723 3543 4779 In

1951 4837 2034 4891 bis
2086 4838 2230 4891 enim
2285 4847 2446 4888 unam
2493 4845 2709 4901 semper
2754 4840 2974 4883 necesse
3026 4834 3108 4880 est
3158 4822 3376 4878 evenire
3434 4832 3542 4875 non

1950 4928 2131 4992 aliam,
2164 4939 2264 4980 nec
2296 4922 2635 4986 utrumlibet,
2679 4918 2773 4975 sed
2802 4916 3029 4973 dil'linite
3087 4929 3271 4970 unam.
3306 4913 3364 4967 Id
3395 4911 3543 4966 enim

1955 5036 2060 5076 non
2091 5020 2236 5076 venit
2284 5019 2335 5072 in
2385 5017 2584 5086 ignem,
2616 5023 2676 5068 ut
2724 5008 3013 5082 aliquando
3040 5008 3113 5063 sit
3160 5003 3416 5071 calidum,
3447 5001 3544 5056 ειιὶ-

1951 5112 2166 5182 quando
2198 5109 2467 5179 frigidum,
2496 5106 2780 5176 aliquando
2820 5118 2948 5157 vero
2998 5100 3139 5169 quod
3191 5098 3383 5151 horum
3420 5110 3535 5149 me-

1952 5207 2123 5263 dictas
2149 5215 2233 5262 est
2260 5202 2522 5274 tepidum,
2555 5199 2649 5255 sed
2681 5213 2896 5266 semper
2926 5193 3154 5250 naturali
3186 5192 3368 5245 calore
3410 5202 3536 5242 suc-

1952 5300 2239 5364 cenditur;
2276 5311 2376 5352 nec
2427 5296 2517 5350 nix
2549 5292 2838 5362 aliquando
2879 5289 2936 5343 lit
2987 5290 3157 5357 nigra,
3210 5296 3309 5338 nec
3349 5297 3539 5335 rursus

1955 5394 2143 5457 rubea,
2171 5403 2271 5445 nec
2301 5388 2423 5443 ullis
2457 5385 2579 5439 aliis
2624 5383 2898 5439 coloribus
2946 5384 3300 5449 pcrmutatur,
3335 5372 3429 5427 sed
3460 5361 3548 5425 so-

1955 5486 2063 5541 lum
2096 5497 2307 5551 semper
2336 5481 2455 5534 alba
2478 5488 2580 5533 est.
2612 5475 2743 5532 Cum
2776 5475 2893 5529 haec
2918 5476 2987 5527 ita
3030 5471 3160 5535 sint,
3193 5482 3255 5522 ea
3286 5480 3406 5535 qua:
3456 5477 3545 5518 se-

1957 5576 2191 5632 cundum
2223 5572 2465 5626 habitum
2498 5569 2961 5640 privationemque
3007 5568 3374 5631 opponuntur,
3407 5555 3451 5608 si
3493 5564 3545 5607 et

1959 5673 2026 5727 ab
2054 5672 2135 5724 liis
2164 5665 2447 5723 contrariis
2488 5663 2687 5717 distare
2717 5665 3010 5715 monstrata
3041 5653 3150 5707 sint
3174 5665 3293 5720 quae
3349 5646 3547 5702 mediis

1934 5760 1937 5763 ’
1967 5770 2176 5827 carent,
2206 5769 2256 5814 et
2280 5757 2348 5811 ab
2373 5754 2453 5809 liis
2481 5768 2602 5825 qua:
2633 5753 2769 5807 intra
2798 5763 2859 5805 se
2883 5744 3170 5817 quamdam
3202 5739 3545 5797 medietatem

1957 5852 2227 5925 qualitatis
2255 5846 2555 5906 includunt.
2579 5853 2635 5901 et
2662 5842 2729 5898 ab
2759 5841 2842 5897 his
2868 5848 3080 5910 quoque
3107 5849 3250 5906 quae,
3274 5845 3395 5891 cum
3425 5840 3543 5887 me.
