4022 6328
517 307 619 362 9.75

1741 297 1854 357 ΑΝ.
1894 296 2104 356 ΜΔΝΙ..
2141 295 2293 355 SEV.
2334 294 2555 356 BOETﬂ

2550 182 2613 193 καθ»

3675 300 3781 357 275

520 423 658 475 iliata
710 420 836 483 sint,
881 426 1057 472 tamen
1099 414 1328 471 diflinite
1374 414 1533 472 alicui
1597 413 1802 480 insunt,
1852 412 2095 481 perfecte
2104 410 2172 486 ⁸ᾼ
2196 413 2480 467 contrariis
2543 426 2662 483 quae
2711 411 2946 470 mediata
3007 421 3135 470 sunt
3200 414 3339 472 hanc
3388 412 3779 487 oppositionem

520 522 869 569 monstratum
902 520 983 567 est
1011 525 1071 564 ea
1100 525 1219 578 qua:
1247 508 1542 563 secundum
1586 507 1826 562 habitum
1879 514 1933 561 et
1984 504 2099 575 pri-

522 606 785 660 vationem
818 612 941 657 sunt
977 618 1005 656 a
1037 601 1317 661 contrariis
1361 601 1685 669 discrepare.
1743 600 1921 666 Quare
1971 595 2099 668 quid

522 700 718 754 distent
762 696 1048 752 Aristotele
1079 707 1357 750 teneamus
1380 707 1624 749 auctore.

594 793 657 844 In
704 789 984 858 privatione
1023 802 1137 840 vero
1176 795 1223 840 et
1270 785 1443 838 habitu
1493 793 1723 838 neutrum
1759 781 1945 835 horum
1987 796 2101 851 qua:

523 885 656 937 dicta
691 889 831 945 sunt,
868 895 1039 933 verum
1068 889 1160 942 est,
1197 894 1357 949 neque
1396 877 1524 929 enin
1560 890 1753 946 semper
1782 872 2101 945 susceptibili

522 976 858 1033 necessarium
888 984 959 1029 est
986 974 1202 1026 alterum
1230 973 1391 1026 inesse
1419 986 1611 1024 eorum.
1642 969 1791 1034 Quod
1814 969 1947 1022 enim
1974 984 2101 1020 non-

521 1073 642 1125 dum
671 1081 908 1124 naturam
939 1068 1082 1120 habet
1116 1068 1180 1121 ad
1203 1066 1496 1128 videndum,
1526 1080 1684 1133 neque
1705 1080 1914 1127 caecum,
1939 1078 2103 1131 neque

520 1166 682 1219 visum
710 1162 901 1219 habens
948 1162 1156 1216 dicitur.
1202 1145 1429 1225 ideoque
1460 1175 1563 1212 non
1607 1166 1751 1210 erunt
1787 1158 1894 1210 [uec
1924 1154 2104 1209 talium

520 1257 912 1323 contrariorum,
966 1270 1183 1326 quorum
1232 1251 1359 1306 nihil
1400 1261 1471 1309 est
1510 1252 1761 1315 medium,
1811 1249 1898 1303 sed
1945 1264 2101 1317 neque

519 1366 738 1423 quorum
777 1356 848 1403 est
882 1348 1131 1414 medium,
1164 1345 1504 1400 necessarium
1548 1342 1683 1398 enim
1722 1350 1795 1397 est
1824 1341 1964 1394 omni
2009 1356 2101 1394 su-

520 1442 767 1511 sceptibili
808 1440 1027 1495 alterum
1074 1439 1289 1493 istorum
1330 1437 1512 1491 inesse.
1567 1432 1787 1501 Quando
1822 1433 1957 1487 enim
1987 1434 2104 1503 jam

521 1543 699 1589 natum
719 1533 875 1605 fuerit
897 1530 965 1586 ad
995 1530 1288 1584 habendum
1302 1529 1488 1594 visum,
1514 1536 1634 1581 tunc
1662 1533 1751 1580 aut
1782 1540 1991 1588 caecum,
2017 1531 2105 1576 aut

521 1629 711 1683 habens
735 1628 896 1682 visum
925 1624 1142 1694 dicetur,
1181 1632 1225 1678 et
1264 1621 1450 1678 horum
1486 1636 1588 1674 non
1647 1618 1977 1674 determinate
2023 1612 2103 1667 al-

522 1729 706 1783 terum,
728 1719 819 1775 sed
839 1717 1144 1772 alterutrum
1173 1715 1567 1786 contingit,non
1595 1712 1730 1767 enim
1757 1709 2104 1766 necessarium

2200 505 2415 561 dill’erre
2447 507 2758 563 doceamus.
2787 508 2840 562 In
2874 509 2977 563 illis
3007 509 3152 565 enim
3184 526 3288 565 non
3318 525 3533 582 semper
3564 527 3782 569 necesse

2200 598 2301 653 erit
2349 600 2614 653 contraria
2666 600 2841 655 inesse
2888 602 3150 671 subjecto,
3188 602 3391 657 idcirco
3420 605 3562 673 quod
3591 621 3775 661 eorum

2211 691 2529 744 medietates
2566 691 2769 759 possint
2809 692 3062 761 subjectis
3103 695 3319 749 evenire
3367 696 3699 761 substantiis,
3731 707 3781 755 ttt

2201 784 2378 837 albtttn
2409 784 2489 837 vel
2529 783 2734 853 nigrum
2775 787 2915 853 quod
2950 801 3054 840 non
3083 798 3159 841 est
3192 788 3349 843 alicui
3379 805 3474 859 per
3519 800 3782 859 naturam,

2201 872 2294 926 sed
2322 882 2523 927 tantum
2566 875 2860 927 secundum
2890 877 3161 930 accidens.
3209 877 3437 932 Possunt
3462 881 3605 933 enim
3640 891 3782 934 utra-

2203 980 2305 1034 que
2338 980 2441 1019 non
2492 981 2612 1021 esse
2660 967 2713 1021 in
2757 968 3093 1038 corporibus,
3148 972 3398 1039 qttrtniam
3448 971 3532 1027 his
3573 974 3656 1027 vel
3700 991 3784 1027 ru-

2206 1057 2357 1113 brum
2412 1060 2491 1114 vel
2541 1061 2831 1130 pallidum,
2887 1078 3005 1132 qum
3058 1076 3184 1117 Sunt
3232 1080 3416 1119 eorum
3477 1065 3785 1121 medietates

2206 1151 2481 1205 eveniunt.
2536 1152 2588 1205 ln
2642 1153 2939 1221 privatione
2969 1169 3096 1211 vero
3137 1156 3188 1209 id
3231 1164 3285 1210 et
3318 1155 3498 1209 habitu
3545 1172 3653 1211 non
3684 1167 3784 1212 est.

2206 1244 2429 1311 Quando
2455 1245 2598 1300 enim
2638 1248 2834 1316 pulerit
2866 1263 2959 1316 per
3000 1257 3243 1303 naturam
3278 1249 3477 1304 habere
3524 1250 3785 1317 habitum,

2205 1339 2447 1408 utrisque
2473 1354 2591 1409 quae
2621 1354 2681 1395 ea
2716 1340 3036 1410 suscipiunt,
3065 1355 3249 1396 carere
3281 1357 3384 1399 non
3407 1353 3651 1412 possunt.
3686 1344 3787 1398 Ca-

2206 1431 2349 1486 tulus
2393 1433 2536 1488 enim
2578 1449 2700 1489 cum
2752 1450 2848 1504 per
2888 1445 3130 1492 naturam
3172 1437 3359 1492 videre
3408 1438 3659 1508 potuerit,
3703 1449 3787 1497 aut

2209 1522 2449 1579 habitum
2495 1524 2695 1580 habere
2742 1524 2959 1592 dicitur,
3004 1536 3059 1581 et
3102 1538 3183 1582 cst
3230 1528 3435 1595 videns,
3480 1538 3571 1583 attt
3619 1530 3788 1598 priva.

2208 1615 2428 1683 tionem,
2461 1619 2507 1672 si
2545 1618 2702 1673 fuerit
2741 1634 2934 1674 caecus.
2974 1620 3048 1673 Ita
3097 1636 3311 1691 semper
3339 1622 3405 1677 ab
3446 1637 3512 1678 eo
3550 1632 3789 1692 tempore

2207 1724 2314 1777 quo
2352 1709 2427 1764 illi
2469 1725 2568 1781 per
2601 1720 2843 1765 naturam
2879 1714 3189 1769 utrumlibet
3232 1714 3429 1770 habere
3473 1729 3790 1771 concessum

521 1824 615 1883 est,
649 1815 723 1871 vel
750 1830 958 1879 cazcum,
993 1814 1069 1868 vel
1097 1813 1287 1867 habens
1313 1783 1477 1866 visum
1514 1825 1644 1876 esse,
1674 1809 1763 1863 sed
1808 1806 1947 1879 quod
1985 1821 2107 1860 con-
2137 1783 2187 1846 Β
2215 1810 2322 1866 est,
2352 1802 2673 1859 alterutrum
2702 1805 2971 1874 retinebit,
3000 1806 3049 1859 id
3071 1815 3156 1859 est
3184 1817 3275 1859 aut
3298 1806 3651 1876 privationem
3669 1809 3789 1863 reti-

521 1908 688 1979 tiugit.
717 1904 783 1959 In
814 1906 1085 1960 contrariis
1124 1912 1297 1959 autem
1348 1901 1530 1979 quibus
1579 1900 1804 1954 medium
1841 1907 1937 1964 est,
1969 1913 2106 1951 nun-

519 2014 675 2077 quam
730 1997 1069 2053 necessarium
1135 1996 1232 2065 fuit
1301 1995 1443 2050 omni
1516 1991 1830 2062 susceptibili
1888 1990 2109 2043 alterum

520 2095 707 2161 inesse,
747 2094 838 2149 sed
879 2090 1204 2161 quibusdam,
1234 2098 1281 2151 et
1327 2089 1405 2144 his
1435 2087 1765 2143 determinate
1805 2099 1986 2149 unum,
2018 2083 2106 2137 sed

521 2202 622 2242 non
647 2186 784 2256 quod
799 2184 1067 2255 contingit,
1084 2182 1219 2237 unde
1241 2180 1413 2255 palam
1440 2178 1660 2251 estquod
1684 2177 1966 2233 secundum
1986 2191 2109 2229 neu-

522 2286 658 2343 trum
684 2277 892 2331 modum
920 2286 1164 2351 tanquam
1211 2273 1495 2338 contraria,
1528 2271 1764 2342 opposita
1806 2280 1924 2325 sum
1974 2267 2105 2336 Iure,

523 2386 639 2442 qua:
664 2368 945 2423 secundum
975 2366 1309 2434 privationem
1337 2376 1383 2418 et
1415 2363 1640 2418 habitum
1670 2369 2017 2432 apponuntur.

600 2460 699 2519 Dat
727 2460 905 2530 primo
934 2456 1264 2517 diﬂerentias
1293 2454 1487 2526 quibus
1524 2468 1586 2515 ea
1616 2468 1735 2523 quae
1765 2460 1890 2508 sunt
1915 2448 2109 2506 secun-

522 2551 650 2623 dum
699 2550 940 2609 habitum
986 2558 1039 2605 et
1069 2548 1419 2620 privationem
1446 2545 1712 2617 opposita,
1758 2544 1828 2599 ab
1881 2544 1943 2599 iis
1990 2557 2109 2613 quae

523 2652 654 2715 sunt
682 2644 986 2703 immediata
1016 2640 1301 2698 contrariis
1331 2640 1549 2697 distent.
1596 2639 1653 2696 ln
1694 2638 1777 2693 his
1805 2638 1947 2694 enim
1972 2652 2107 2692 con-

521 2736 704 2803 trariis
731 2751 850 2808 quar.
876 2733 1247 2795 medium~non
1277 2732 1497 2798 habent,
1528 2746 1745 2804 semper
1770 2744 1994 2793 necesse
2024 2736 2109 2785 est

518 2833 763 2903 ipsorum
794 2831 1023 2887 alterum
1064 2830 1242 2887 inesse
1270 2828 1320 2884 ei
1349 2826 1492 2903 quod
1518 2827 1604 2883 his
1646 2826 1778 2897 ipsis
1806 2824 2106 2894 subjectum

519 2933 624 2985 est.
672 2922 731 2983 in
786 2920 970 2977 habitu
1017 2934 1147 2975 vero
1187 2927 1243 2975 et
1289 2918 1589 2993 privatione
1628 2933 1735 2974 non
1770 2918 1838 2971 ita
1865 2925 1965 2972 est.
1989 2914 2108 2972 Non

521 3017 667 3077 enim
714 3028 929 3084 semper
957 3012 1215 3083 quaelibet
1257 3026 1346 3068 res
1386 3020 1479 3068 aut
1530 3010 1769 3067 habitum
1811 3011 1973 3066 habet
2016 3017 2111 3065 aut

520 3106 900 3178 privationem,
955 3104 1049 3165 sed
1093 3112 1178 3161 est
1204 3112 1415 3177 tempus
1442 3103 1655 3174 quando
1684 3112 1971 3174 utrumque
1994 3119 2103 3165 non

2209 1896 2393 1962 nebit,
2421 1905 2516 1952 aut
2537 1896 2798 1953 habitum.
2831 1899 3091 1967 Quocirca
3115 1900 3159 1955 si
3180 1901 3231 1954 in
3259 1900 3343 1956 bis
3371 1902 3657 1957 contrariis
3674 1918 3790 1972 qua

2211 1988 2387 2043 medio
2418 2004 2525 2045 non
2567 2003 2791 2057 carent,
2822 2001 2999 2062 potest
3029 1994 3141 2048 fieri
3174 2002 3230 2048 ut
3259 2002 3481 2063 utraque
3517 1996 3789 2050 contraria

2209 2079 2264 2135 ln
2292 2080 2538 2151 subjecto
2561 2097 2668 2137 non
2709 2083 2837 2149 sint,
2869 2084 2920 2138 in
2947 2086 3241 2152 privatione
3270 2100 3396 2140 vero
3424 2094 3476 2141 et
3507 2086 3693 2141 habitu
3721 2087 3789 2141 ab

2208 2188 2276 2230 eo
2299 2183 2539 2246 tempore
2550 2192 2658 2247 quo
2669 2192 2764 2248 per
2785 2188 3027 2233 naturam
3045 2190 3217 2249 potest
3233 2189 3517 2250 utrumque
3532 2181 3791 2249 retinere,

2210 2265 2326 2321 ﬁeri
2361 2281 2470 2323 non
2521 2277 2697 2338 potest
2723 2269 2825 2324 nisi
2853 2284 3041 2326 eorum
3078 2270 3273 2325 habeat
3310 2274 3560 2340 alterum,
3591 2272 3793 2331 distant

2211 2358 2327 2415 haec
2353 2375 2568 2431 quoque
2594 2362 2825 2419 mediata
2857 2364 2922 2431 ab
2951 2363 3032 2417 bis
3060 2378 3180 2433 quas
3218 2364 3511 2419 secundum
3544 2366 3654 2419 vim
3685 2366 3794 2435 pri-

2210 2452 2441 2507 vationis
2489 2460 2653 2525 atque
2700 2454 2910 2509 habitus
2955 2463 3319 2525 opponuntur.
3348 2455 3452 2510 Sed
3482 2465 3607 2512 ante
3636 2473 3795 2514 mon-

2211 2550 2442 2598 stratum
2487 2553 2570 2599 est
2617 2553 2674 2601 et
2718 2544 2799 2600 his
2825 2546 3109 2602 contrariis
3147 2562 3267 2619 qua:
3304 2562 3396 2616 per
3426 2556 3672 2603 naturam
3713 2564 3797 2604 es.

2212 2646 2355 2705 sent,
2384 2647 2440 2694 et
2477 2637 2541 2694 iis
2566 2654 2687 2709 quae
2715 2640 2894 2694 medio
2917 2649 3187 2705 carerent,
3233 2639 3370 2696 hanc
3399 2643 3796 2710 oppositionem

2211 2744 2335 2787 esse
2378 2730 2717 2788 dissimilem.
2765 2732 2934 2789 Recte
3002 2734 3163 2804 igitur
3218 2736 3448 2803 positum
3488 2747 3569 2791 est
3618 2737 3799 2805 priva-

2212 2821 2376 2877 tionis
2415 2828 2576 2895 atque
2601 2823 2815 2879 habitus
2851 2825 3243 2896 oppositionem
3276 2827 3343 2881 ab
3371 2827 3454 2882 his
3482 2843 3600 2899 qua:
3628 2843 3798 2899 oppo-

2214 2925 2416 2972 nuntur
2435 2926 2496 2974 ut
2521 2920 2811 2985 contraria,
2843 2919 3175 2990 discrepare.

2285 3009 2523 3078 Amplius
2543 3010 2599 3064 in
2628 3012 2893 3065 contrariis
2931 3012 3134 3082 quidem
3173 3014 3414 3068 existente
3446 3015 3799 3085 susceptibili,

2210 3100 2452 3171 possibile
2477 3110 2552 3156 est
2580 3101 2634 3156 in
2665 3103 2965 3157 alterutrum
3003 3103 3114 3170 ﬁeri
3142 3105 3501 3173 mutationem,
3532 3107 3634 3159 nisi
3672 3107 3802 3160 alte-

521 3167 738 3265 ltabeat,
764 3207 822 3250 ut
858 3167 1023 3251 catuli
1051 3193 1245 3263 quibus
1274 3167 1511 3250 nondum
1542 3208 1639 3265 per
1688 3167 1929 3251 naturam
1961 3196 2105 3252 oculi
2133 3167 2187 3237 (ἶ
2213 3167 2327 3248 rum
2354 3194 2514 3249 alicui
2537 3195 2841 3251 naturaliter
2869 3197 3014 3267 insit,
3045 3206 3099 3251 ut
3121 3199 3225 3269 igni
3254 3198 3477 3252 calidum
3499 3216 3803 3256 esseznam-

520 3296 727 3361 patent.
777 3286 905 3343 lllos
960 3285 1104 3343 enim
1152 3299 1253 3341 uec
1316 3284 1513 3341 habere
1562 3284 1799 3341 habitum
1851 3285 2104 3353 dicimus,

520 3380 769 3453 quoniam
815 3394 921 3435 non
962 3378 1169 3446 vident,
1206 3391 1307 3435 nec
1355 3379 1600 3450 privatos
1651 3379 1790 3445 visu,
1848 3379 2106 3449 quoniam

519 3474 723 3547 parvuli
763 3472 938 3530 adhuc
967 3473 1142 3528 visum
1173 3487 1270 3543 per
1300 3480 1547 3528 naturam
1588 3471 1789 3533 habere
1833 3488 1939 3529 non
1986 3487 2111 3544 pos-

519 3577 662 3626 sunt.
698 3566 861 3637 Igitur
888 3569 1080 3623 horum
1110 3581 1232 3638 quae
1279 3566 1383 3622 sibi
1422 3566 1714 3623 secundum
1746 3566 2107 3649 privationem

518 3660 864 3729 habitumque
886 3666 1013 3717 sunt
1038 3659 1306 3730 opposita,
1338 3672 1447 3714 non
1470 3673 1684 3730 semper
1720 3658 1953 3716 alterum
1982 3661 2111 3717 sub-

518 3753 663 3823 iecto
690 3753 834 3809 inest
878 3766 1086 3809 eorum.
1114 3750 1223 3808 Sed
1253 3766 1441 3807 eorum
1492 3766 1612 3822 quas
1660 3760 1787 3809 sunt
1837 3753 2110 3809 contraria

520 3843 852 3909 immediata,
894 3843 947 3899 id
976 3849 1061 3901 est
1108 3842 1287 3899 medio
1334 3843 1597 3909 carentia,
1625 3856 1842 3913 semper
1882 3844 2109 3899 alterum

520 3935 854 4004 susceptibili
878 3934 1040 3991 inest.
1074 3934 1248 3990 Distat
1276 3933 1439 4004 igitur
1466 3948 1529 3989 ea
1550 3947 1669 4004 qua:
1690 3933 1987 3989 secundum
2016 3934 2110 3990 ha-

520 4028 695 4085 bitum
714 4036 769 4083 et
794 4026 1147 4097 privationem
1169 4034 1253 4083 est
1274 4025 1563 4096 oppositio,
1590 4024 1657 4080 iis
1678 4040 1793 4096 quae
1815 4026 2107 4088 secundum

520 4119 791 4175 contraria
835 4123 1088 4189 putantur
1122 4117 1343 4187 opponi.
1377 4115 1484 4173 Sed
1513 4117 1767 4188 quoniam
1796 4127 1919 4175 sunt
1949 4134 2104 4189 qua:-

522 4209 646 4265 dam
678 4209 949 4266 contraria
971 4223 1094 4280 qum
1115 4208 1297 4267 insunt
1316 4208 1475 4263 alicui
1508 4224 1602 4279 per
1630 4218 1895 4276 naturam,
1921 4223 1978 4266 ut
2001 4212 2108 4269 nivi

520 4299 723 4367 album,
772 4300 877 4370 igni
908 4298 1164 4365 calidum,
1212 4313 1377 4355 corvo
1423 4302 1659 4369 nigrum,
1701 4302 1863 4359 etiam
1910 4303 1978 4358 ab
2027 4304 2110 4361 his

522 4393 790 4463 discrepat
832 4391 1100 4463 oppositio
1143 4392 1459 4463 privationis
1496 4400 1551 4449 et
1601 4393 1838 4452 habitus.
1870 4397 1941 4451 Ea
1967 4398 2109 4455 cnim

521 4498 642 4555 quae
668 4498 762 4552 per
791 4492 1035 4539 naturam
1064 4484 1266 4548 insunt,
1290 4482 1515 4539 diliinita
1542 4493 1690 4553 sunt,
1708 4495 1763 4543 et
1781 4486 1926 4547 nullo
1950 4489 2110 4544 modo

2210 3300 2309 3356 que
2344 3285 2583 3357 possibile
2610 3298 2682 3342 est
2720 3288 2856 3355 quod
2883 3305 3065 3343 sanum
3106 3298 3209 3359 est,
3247 3290 3509 3363 languere,
3540 3302 3589 3347 et
3622 3296 3804 3348 candi-

2211 3376 2368 3447 dum,
2419 3378 2622 3448 nigrum
2666 3379 2807 3448 ﬁeri,
2849 3390 2894 3433 et
2940 3397 3003 3434 ea:
3047 3382 3296 3447 studioso,
3340 3399 3585 3452 pravum,
3635 3396 3688 3439 et
3742 3400 3805 3442 ea

2213 3484 2391 3541 pravo,
2419 3470 2705 3524 studiosum
2754 3472 2991 3539 possibile
3030 3483 3102 3527 est
3137 3474 3271 3542 fieri.
3317 3473 3515 3530 Pravus
3550 3477 3692 3530 enim
3731 3480 3803 3531 ad

2212 3561 2447 3618 meliores
2474 3564 2867 3619 consuetudines
2897 3566 3165 3633 deductus,
3193 3577 3241 3621 et
3272 3569 3341 3621 ad
3379 3569 3662 3636 doctrinas,
3688 3580 3739 3625 et
3760 3575 3806 3625 si

2213 3654 2469 3708 modicum
2498 3655 2698 3726 aliquid
2726 3657 2964 3728 proﬁciat
2994 3669 3046 3713 ut
3089 3662 3268 3713 melior
3299 3661 3383 3717 sit.
3413 3661 3474 3717 Si
3503 3678 3620 3716 vero
3646 3664 3807 3718 semel

2214 3748 2293 3803 vel
2318 3749 2576 3804 modicum
2599 3761 2909 3806 crementum
2932 3756 3231 3824 sumpserit,
3265 3756 3433 3824 palam
3456 3766 3527 3811 est
3550 3756 3688 3825 quod
3711 3767 3807 3810 aut

2214 3839 2433 3911 perfecte
2468 3841 2772 3910 mutabitur,
2802 3853 2891 3897 aut
2920 3847 3042 3899 satis
3073 3846 3288 3899 multum
3318 3848 3685 3902 incrementum
3717 3866 3807 3901 su-

2216 3941 2336 3990 met.
2363 3931 2577 4005 Semper
2605 3935 2738 3988 enim
2769 3936 2893 3993 bene
2942 3939 3174 3992 mobilior
3209 3940 3277 3992 ad
3304 3941 3535 3995 virtutem
3570 3943 3687 4010 fiet,
3728 3946 3808 3997 vel

2214 4026 2548 4096 quodcunque
2576 4040 2889 4083 crementum
2930 4033 3195 4102 sumpserit
3236 4050 3268 4086 a
3309 4034 3581 4104 principio.
3629 4036 3807 4103 Quare

2213 4116 2484 4171 verisimile
2513 4127 2586 4172 est
2617 4120 2839 4191 amplius
2869 4137 2985 4174 eum
3023 4139 3220 4178 sumere
3246 4136 3585 4192 crementum,
3626 4136 3672 4182 et
3708 4128 3808 4182 Itoc

2217 4209 2339 4264 dum
2367 4227 2565 4282 semmr
2603 4213 2692 4289 ﬁt,
2723 4217 2944 4285 perfecte
2970 4217 3022 4269 in
3051 4219 3364 4271 contrarium
3389 4219 3508 4271 habi
3531 4236 3618 4272 um
3648 4222 3806 4274 resti-

2217 4312 2406 4371 tuetur,
2453 4305 2551 4358 nisi
2599 4308 2731 4377 forte
2780 4317 3001 4379 tempore
3047 4326 3350 4377 suspensum
3392 4314 3477 4365 sit.
3524 4312 3708 4366 Verum
3752 4315 3807 4367 its

2217 4395 2500 4462 privatione
2521 4405 2568 4450 et
2591 4396 2765 4451 habitu
2792 4398 3101 4467 impossibile
3120 4413 3191 4455 est
3232 4404 3561 4457 mutationem
3583 4406 3633 4456 in
3668 4405 3809 4457 alte-

2215 4494 2421 4541 rutrum
2454 4488 2596 4557 ﬁeri,
2626 4490 2716 4544 sed
2745 4507 2807 4544 ea:
2837 4490 3013 4545 habitu
3051 4494 3251 4561 quidem
3286 4496 3337 4548 in
3370 4495 3705 4566 privationem
3748 4497 3809 4563 ﬁt

521 4585 915 4648 permutantur,
951 4584 1009 4632 ut
1036 4586 1120 4633 est
1145 4576 1325 4633 album
1355 4578 1481 4633 nivi.
1530 4578 1645 4635 Non
1693 4581 1834 4636 enim
1882 4584 1968 4637 nix
2022 4593 2114 4641 aut
2139 4568 2199 4635 Ῐ)
2222 4582 2452 4650 mutatio,
2485 4598 2517 4635 α
2548 4583 2829 4651 privatione
2863 4601 2981 4639 vero
3011 4586 3064 4639 in
3104 4588 3327 4639 habitum
3357 4588 3669 4658 impossibile
3697 4602 3807 4655 est,

522 4669 643 4724 alba
670 4676 763 4723 aut
798 4667 948 4738 nigra
987 4676 1093 4734 est,
1141 4668 1236 4723 sed
1264 4676 1471 4724 tantum
1516 4670 1671 4739 alba,
1694 4681 1748 4727 et
1775 4687 1975 4728 corvus
2002 4689 2108 4729 non

521 4768 617 4816 aut
654 4759 809 4816 albus
839 4766 933 4815 aut
975 4758 1147 4829 niger,
1172 4758 1268 4816 sed
1297 4759 1472 4815 solum
1516 4762 1687 4831 niger.
1723 4762 1779 4817 In
1812 4763 2112 4831 privatione

523 4866 653 4910 vero
695 4859 750 4909 et
780 4849 962 4907 habitu
988 4865 1093 4907 una
1121 4864 1209 4907 res
1246 4865 1370 4908 esse
1396 4867 1505 4907 non
1534 4862 1708 4923 potest
1739 4854 1986 4920 dillinita,
2017 4856 2113 4913 sed

524 4957 745 5015 semper
793 4950 885 5000 aut
936 4942 1163 5014 privatio
1206 4944 1488 5014 contingit,
1537 4954 1627 5001 aut
1665 4945 1898 5013 habitus,
1927 4958 1980 5004 et
2011 4948 2113 5007 hoc

527 5046 612 5094 est
637 5034 780 5106 quod
809 5036 906 5104 ait,
926 5044 981 5092 et
1008 5035 1198 5091 horum
1229 5051 1336 5094 non
1366 5036 1595 5094 difﬁnite
1623 5039 1873 5107 alterum,
1896 5041 1991 5097 sed
2021 5052 2113 5099 ant

504 5110 645 5201 iboc,
694 5134 786 5183 aut
831 5126 981 5184 illud.
1032 5127 1214 5198 Neque
1239 5129 1381 5184 enim
1420 5144 1645 5186 necesse
1671 5139 1754 5187 est
1780 5143 1873 5188 aut
1909 5148 2108 5191 caecum

506 5212 676 5287 esse,
728 5228 820 5275 aut
860 5218 1147 5277 habentem
1189 5220 1361 5277 visum
1414 5221 1645 5277 dittinite
1676 5223 2107 5282 subaudiendum

524 5321 630 5382 est,
655 5312 864 5368 catulus
892 5311 1036 5369 enim
1051 5311 1143 5382 qui
1164 5327 1260 5382 per
1284 5322 1526 5370 naturam
1551 5314 1787 5370 nondum
1826 5317 1993 5381 videt,
2018 5326 2112 5374 aut

524 5404 765 5461 habitum
811 5403 1089 5460 habiturus
1135 5413 1240 5475 est,
1290 5403 1343 5460 id
1392 5413 1476 5462 est
1503 5406 1696 5473 visum,
1752 5415 1848 5462 aut
1884 5423 1948 5465 eo
1993 5409 2109 5481 pri-

520 5498 728 5554 vandus
755 5506 861 5565 est,
891 5505 951 5552 ut
971 5498 1257 5566 sitcacus,
1283 5497 1379 5554 sed
1408 5512 1513 5555 non
1546 5498 1771 5556 dil‘llnite
1797 5517 1983 5569 unum,
2013 5503 2112 5559 sed

522 5603 614 5648 aut
640 5593 743 5649 hoc
772 5600 864 5648 aut
889 5592 1020 5651 illud
1065 5592 1352 5649 iudil‘ﬂnite
1398 5593 1675 5665 contingit.
1723 5595 1893 5651 Distat
1943 5596 2108 5667 igitur

503 5662 639 5760 {haec
668 5685 936 5760 oppositio
965 5683 1050 5741 bis
1077 5685 1363 5741 contrariis
1389 5700 1508 5754 quae
1558 5662 1823 5757 aliquibus
1866 5662 1988 5759 ρει·-
2009 5705 2108 5746 na-

526 5782 699 5831 turam
748 5774 1154 5839 immutabiliter
1196 5775 1462 5835 accidunt.
1504 5777 1689 5835 Restat
1734 5779 1890 5859 igitur
1937 5789 1994 5838 ut
2024 5782 2109 5839 his

2221 4688 2381 4743 neque
2416 4673 2548 4727 enim
2574 4675 2661 4744 qui
2708 4690 2871 4729 ca'cus
2903 4677 3068 4741 {actus
3097 4689 3198 4746 est,
3245 4696 3421 4734 rursus
3459 4681 3615 4747 vidit,
3648 4698 3812 4748 neque

2221 4779 2336 4815 cum
2366 4772 2492 4818 esset
2520 4764 2716 4833 calvus,
2758 4782 2936 4821 rursus
2960 4780 3188 4824 comatus
3216 4780 3287 4824 est
3331 4771 3522 4840 factus,
3566 4790 3657 4826 nec
3690 4790 3811 4827 cum

2222 4864 2350 4910 esset
2370 4855 2478 4911 sine
2501 4855 2755 4924 dentibus,
2779 4858 2951 4913 dentes
2974 4860 3153 4914 iterant
3180 4863 3277 4915 orti
3302 4873 3441 4916 sunt.

2296 4947 2468 5002 Aliam
2515 4965 2699 5005 rursus
2728 4952 3117 5006 contrariorum
3162 4964 3214 5008 ct
3255 4955 3410 5024 hujus
3452 4959 3813 5026 oppositionis

2222 5053 2340 5110 qua:
2376 5039 2665 5095 secundum
2698 5039 2936 5097 habitum
2970 5044 3422 5117 privationcmque
3448 5048 3661 5111 dicitur,
3696 5051 3813 5105 dis-

2222 5134 2553 5203 crepantiam
2619 5136 2786 5205 ponit.
2856 5135 2931 5190 Ea
2983 5137 3123 5191 enim
3172 5155 3291 5209 quae
3330 5128 3594 5196 contraria
3644 5153 3813 5210 sunt,

2222 5233 2446 5295 possunt
2473 5224 2526 5279 in
2576 5225 2776 5280 alterna
2818 5229 3035 5282 variatis
3066 5229 3267 5283 vicibus
3310 5234 3619 5301 permutari.
3647 5232 3815 5299 Quod

2223 5318 2362 5372 enim
2396 5317 2622 5372 calidum
2666 5329 2747 5374 est
2793 5330 2966 5389 potest
2995 5320 3137 5377 el'tici
3187 5322 3467 5393 frigidum,
3513 5342 3819 5394 rursusque

2224 5411 2363 5482 quod
2391 5412 2639 5482 trigidum
2672 5424 2752 5467 est
2791 5423 2962 5483 potest
2992 5416 3043 5470 in
3082 5417 3275 5472 caloris
3307 5420 3440 5474 verti
3470 5421 3818 5490 qualitatem.

2222 5503 2315 5558 llis
2339 5512 2514 5559 tamen
2549 5506 2629 5576 (ut
2660 5505 2858 5561 dictum
2889 5512 2991 5577 est)
3021 5511 3151 5566 solis
3178 5512 3444 5582 exceptis,
3476 5515 3662 5582 quibus
3692 5529 3820 5570 una

2221 5596 2473 5667 quislibet
2504 5612 2591 5652 res
2630 5601 3020 5656 contrariorum
3053 5606 3364 5661 naturaliter
3394 5606 3549 5661 insita
3591 5616 3698 5670 est,
3752 5607 3821 5666 in

2222 5688 2303 5744 bis
2333 5690 2476 5745 enim
2507 5689 2637 5744 solis
2668 5690 2784 5746 ﬁeri
2834 5708 2939 5747 non
2984 5704 3159 5769 potest
3201 5699 3405 5754 alterna
3456 5699 3707 5755 mutatio:
3753 5701 3821 5763 in

2220 5784 2302 5842 bis
2330 5800 2458 5841 vero
2501 5801 2621 5858 quae
2667 5787 2971 5845 accidenter
3006 5801 3060 5847 et
3105 5807 3213 5850 non
3257 5810 3353 5881 per
3395 5806 3631 5854 naturam
3669 5797 3821 5853 ευδ-
