4030 6336
217 332 327 389 277

1204 322 1284 380 IN’
1307 320 1742 381 CATEGORIAS
1782 319 2228 380 ARISTOTELIS
2266 323 2395 379 LIB.
2435 322 2525 381 IV.

3394 318 3500 380 278

217 446 386 519 jectis
424 444 705 511 eveniunt,
738 443 797 499 ﬁt
835 455 1047 513 semper
1073 441 1127 496 in
1167 432 1435 496 contraria
1466 439 1807 511 permutatio,
1836 436 2088 506 Aprium
2113 436 2485 497 afﬁrmationis
2503 444 2557 495 et
2579 437 2895 507 negationis,
2920 444 2979 492 ut
2998 450 3087 493 eas
3115 450 3329 509 semper
3356 452 3494 509 quaee

217 552 282 596 ut
326 555 394 597 ex
434 554 567 595 sano
612 553 845 609 :rgrum,
873 551 939 592 ex
976 549 1123 605 aegro
1162 550 1352 590 rursus
1393 549 1581 589 sanum
1611 547 1806 603 corpus

217 632 457 687 efﬁcitur
510 630 775 685 animalis.
815 628 933 684 1am
981 642 1112 683 vero
1162 626 1294 683 illud
1346 641 1531 682 verum
1578 634 1689 692 est,
1740 639 1807 680 ex

216 726 369 780 bona
405 725 693 793 proclivior
733 738 947 793 semper
987 723 1179 779 semita
1218 722 1429 778 videtur
1469 722 1538 776 ad
1574 721 1803 786 malum,

216 828 279 872 et
302 817 550 872 facillima
573 830 692 871 esse
713 830 776 870 ex
801 814 1067 886 probitate
1086 814 1151 868 ad
1176 815 1434 870 malitiam
1457 814 1805 884 permutatio,

219 910 371 980 quod
400 910 723 965 Terentiano
749 909 974 965 docetur
993 908 1244 978 exemplo
1269 925 1282 961 :
1315 909 1359 963 Α
1391 906 1575 963 labore
1602 907 1806 977 procli-

225 1016 353 1055 vem
384 1000 447 1056 ad
480 1000 781 1056 libidinem.
811 1001 917 1056 Sed
942 1016 1246 1072 quanquam
1287 999 1519 1056 difﬁcilis
1560 1001 1632 1055 sit
1660 1008 1810 1055 tran-

216 1092 363 1147 situs
387 1092 453 1147 ad
484 1093 707 1147 virtutes
744 1107 774 1147 a
803 1092 1137 1161 turpitudine
1178 1093 1460 1158 vitiorum,
1490 1092 1807 1147 Aristoteles

222 1191 408 1239 tamen
441 1184 551 1239 ﬁeri
595 1198 754 1254 posse
797 1185 939 1239 hunc
978 1186 1259 1240 transitum
1306 1183 1607 1239 conﬁrmat.
1638 1183 1807 1254 Hujus

219 1278 369 1332 enim
419 1276 724 1346 philosophi
774 1277 1039 1333 sententia
1088 1286 1202 1343 est,
1252 1274 1475 1333 virtutes
1533 1289 1638 1331 non
1686 1290 1806 1333 esse

218 1367 499 1433 scientias,
531 1376 588 1422 ut
618 1369 871 1424 Socrates
891 1367 995 1437 ait,
1019 1382 1194 1436 neque
1220 1375 1276 1421 ut
1299 1366 1461 1423 Stoici
1494 1367 1807 1431 naturaliter

220 1473 319 1514 eas
344 1473 482 1523 esse,
509 1460 602 1514 sed
633 1459 927 1527 discibiles,
962 1468 1017 1514 et
1058 1473 1153 1529 per
1181 1458 1467 1528 quamdam
1508 1459 1632 1515 boni
1671 1473 1803 1513 con-

221 1549 565 1605 suetudinem
609 1549 881 1605 hominum
926 1551 1190 1606 mentibus
1235 1550 1419 1605 inScri.
1468 1551 1640 1621 Atque
1684 1549 1806 1606 ideo

218 1642 272 1697 si
299 1641 421 1712 quis
469 1643 539 1697 sit
578 1643 905 1711 quibuslibet
950 1642 1217 1713 prioribus
1258 1644 1399 1698 vitiis
1445 1642 1729 1708 obnoxius,
1760 1643 1804 1707 si

222 1749 355 1789 eum
387 1735 575 1797 melior
594 1749 769 1790 sermo
798 1735 1123 1805 susceperit,
1146 1743 1202 1790 et
1230 1736 1549 1807 sapientum
1581 1749 1808 1797 consue-

1913 545 2092 586 ramus
2120 546 2436 600 agnoscere,
2468 541 2528 587 ut
2559 534 2601 591 si
2630 548 2730 604 qua
2761 535 2866 589 sint
2908 549 3028 600 quae
3068 534 3170 590 hoc
3210 536 3363 604 signo
3396 535 3495 588 mi-

1913 624 2057 679 nime
2088 631 2395 691 teneantur,
2440 626 2529 681 illa
2562 626 2630 682 ab
2672 626 3045 683 afﬁrmationis
3084 626 3492 697 negationisque

1909 716 2248 784 oppositione
2291 714 2507 772 dilferre
2549 716 2808 773 dicamus.
2851 717 2906 772 In
2935 716 3290 772 afﬁrmatione
3342 717 3489 772 enim

1910 815 1965 861 et
1991 806 2275 876 negatione
2314 806 2431 871 ﬁeri
2478 822 2584 863 non
2629 817 2834 876 potest,
2868 818 2922 865 ut
2950 809 2997 865 si
3041 807 3329 873 affirmatio
3370 822 3495 873 vera

1909 898 2007 961 sit,
2039 898 2218 954 statim
2259 897 2393 955 falsa
2434 900 2647 969 negatio
2690 914 2796 955 non
2838 901 2939 964 sit;
2984 902 3028 956 si
3077 899 3289 971 negatio
3337 914 3496 967 vera,

1908 988 2192 1045 afﬁrmatio
2223 990 2488 1055 mendacii
2516 1000 2639 1047 nota
2663 1006 2851 1047 carere
2878 993 3084 1063 possit,
3114 1002 3170 1048 ut
3194 992 3239 1048 si
3268 993 3389 1062 quis
3414 991 3495 1047 di-
3561 989 3571 1031 ἓ

1908 1088 2027 1147 cat,
2075 1081 2329 1138 Socrates
2377 1081 2647 1147 ambulat,
2690 1082 2940 1140 Socrates
2982 1098 3088 1141 non
3140 1084 3401 1138 ambulat.
3435 1083 3495 1139 Si

1908 1186 2094 1227 verum
2131 1183 2213 1229 est
2250 1172 2528 1239 Socratem
2575 1174 2872 1241 ambulare,
2899 1174 3089 1231 falsum
3118 1182 3202 1230 est
3230 1188 3337 1229 non
3382 1188 3495 1228 am-
3540 1174 3559 1241 ς

1908 1262 2115 1329 bulare,
2149 1272 2203 1319 et
2231 1277 2414 1321 rursus
2440 1265 2485 1322 si
2514 1279 2699 1320 verum
2726 1273 2807 1321 est
2837 1279 2943 1321 non
2973 1264 3266 1333 ambulare,
3302 1264 3493 1319 falsum

1908 1364 1992 1410 est
2033 1356 2329 1413 ambulare.
2370 1358 2523 1419 Hanc
2551 1368 2727 1413 autem
2773 1359 2885 1415 veri
2915 1358 3137 1427 falsique
3176 1357 3494 1412 divisionem

1909 1448 2091 1505 nullus
2120 1466 2349 1520 unquam
2386 1453 2437 1506 in
2478 1453 2597 1508 aliis
2628 1438 3075 1523 'oppositionibus
3122 1452 3315 1522 poterit
3348 1454 3495 1508 inve-

1910 1544 2045 1599 nire.
2078 1544 2210 1600 Nam
2240 1546 2293 1600 in
2322 1545 2405 1601 his
2428 1560 2547 1616 quae
2575 1557 2700 1602 sunt
2719 1546 2786 1602 ad
2817 1548 3015 1618 aliquid
3042 1562 3149 1627 non
3178 1550 3353 1602 solum
3390 1563 3492 1603 non

1910 1647 1992 1692 est
2030 1654 2252 1693 necesse
2294 1640 2685 1715 oppositionem
2716 1642 2883 1714 ipsam
2911 1642 3012 1696 sibi
3043 1656 3227 1696 verum
3273 1640 3494 1696 falsum-

1910 1746 2013 1799 que
2040 1731 2299 1798 dividere,
2325 1732 2419 1787 sed
2450 1733 2504 1786 in
2538 1733 2619 1787 his
2647 1734 2791 1789 nulla
2830 1736 3051 1789 omnino
3080 1749 3249 1803 neque
3276 1736 3495 1802 veritas,

222 1826 415 1881 tudine
461 1826 995 1897 confabulationeque
1038 1836 1302 1894 comatur,
1348 1826 1547 1897 aliquid
1587 1843 1655 1891 ex
1682 1837 1805 1883 ante
1836 1826 1885 1885 B
1910 1836 2086 1892 neque
2118 1822 2322 1878 falsitas
2352 1824 2641 1881 invenitur.
2674 1826 2729 1881 Si
2759 1827 2879 1896 quis
2908 1827 3049 1906 enim
3078 1826 3223 1881 dicat
3249 1827 3351 1881 hoc
3382 1836 3497 1880 tan-

221 1918 362 1975 actis
401 1920 650 1975 vitiorum
696 1918 966 1983 illecebris
1007 1920 1401 1985 emendabitur,
1448 1928 1502 1974 et
1546 1935 1667 1975 sese
1708 1920 1806 1979 ali-

218 2012 538 2081 quantulum
579 2021 769 2079 exuet,
803 2004 857 2075 et
894 2012 1166 2083 paululum
1212 2010 1431 2067 liberior
1472 2011 1539 2065 ad
1584 2010 1806 2075 meliora

220 2104 500 2175 procedet,
533 2104 606 2159 lta
638 2113 695 2159 ut
716 2106 785 2159 sit
818 2104 988 2174 primo
1012 2104 1228 2177 quidem
1258 2105 1433 2159 minus
1465 2104 1656 2166 malus,
1685 2112 1807 2171 post

218 2209 353 2250 vero
380 2211 485 2249 non
536 2196 736 2271 malus,
785 2195 976 2252 deinde
1014 2198 1125 2266 jam
1151 2195 1367 2267 jamque
1416 2195 1802 2266 aliquantulum

219 2283 413 2340 bonus.
438 2286 534 2340 Cui
564 2287 607 2341 si
643 2286 942 2354 huiusmodi
974 2288 1205 2343 intensio
1234 2287 1662 2358 frequentissime
1691 2287 1802 2355 ﬁat,

220 2391 324 2432 nec
352 2378 611 2447 parvitate
639 2379 897 2450 temporis
928 2380 1310 2450 praeveniatur,
1343 2388 1437 2434 aut
1464 2379 1512 2434 ei
1544 2381 1803 2434 terminus

218 2469 408 2523 mortis
436 2467 703 2537 oﬁ'ecerit,
749 2484 853 2524 non
898 2480 980 2526 est
1019 2470 1238 2525 dubium
1280 2470 1430 2525 illum
1477 2484 1541 2525 ex
1572 2469 1805 2540 pessimo

220 2568 319 2628 per
345 2558 538 2641 probas
566 2561 985 2623 consuetudines
1004 2560 1565 2632 confabulationesque
1592 2560 1805 2631 sapien-

219 2658 366 2718 tum,
394 2652 446 2707 in
491 2653 778 2723 perfectam
818 2655 1031 2709 virtutis
1074 2653 1439 2722 habitudinem
1486 2654 1801 2725 permutari.

220 2741 319 2797 Est
348 2743 508 2817 igitur
532 2759 596 2799 ex
630 2744 772 2798 bono
803 2745 856 2799 in
888 2745 1115 2812 malum,
1144 2753 1199 2800 et
1238 2759 1303 2800 ex
1336 2745 1478 2800 malo
1518 2746 1571 2798 in
1603 2744 1803 2800 bonum

219 2845 409 2889 rursus
441 2836 783 2913 permutatio,
824 2832 983 2909 atque
1013 2838 1115 2893 hoc
1144 2837 1362 2909 quidem
1407 2836 1466 2891 ﬁt
1497 2838 1547 2892 in
1584 2847 1801 2893 contra-

220 2927 338 2981 riis.
370 2928 425 2983 ln
468 2928 645 2984 habitu
688 2944 818 2984 vero
858 2939 913 2985 et
942 2930 1237 3001 privatione
1270 2945 1375 2985 non
1409 2930 1498 3000 lit,
1531 2939 1615 2986 est
1654 2946 1803 2984 nam-

221 3033 332 3091 que
377 3023 713 3091 permutatio,
744 3022 839 3078 sed
873 3022 987 3083 haec
1016 3039 1118 3077 una
1161 3031 1396 3087 tantum,
1426 3022 1570 3078 nulla
1597 3024 1804 3079 ratione

219 3127 344 3168 sese
366 3125 707 3180 convertens;
732 3114 804 3169 ait
833 3114 974 3170 enim
1001 3134 1013 3168 :
1044 3115 1125 3170 Ab
1152 3116 1333 3170 habitu
1359 3115 1422 3169 ad
1451 3116 1801 3185 privationem

1913 1922 2057 1978 tum,
2092 1924 2265 1985 pater,
2295 1914 2379 1970 vel
2425 1931 2634 1983 rursus,
2668 1916 2829 1985 ﬁlius,
2869 1933 3043 1988 neque
3068 1934 3251 1973 verum
3299 1918 3496 1988 aliquid

1910 2019 2083 2075 neque
2134 2006 2321 2060 falsum
2365 2008 2692 2077 pronuntiat.
2737 2009 2803 2063 Et
2846 2009 2899 2063 in
2945 2011 3231 2065 contrariis
3273 2025 3490 2079 quoque

1909 2097 2048 2152 idem
2090 2107 2203 2165 est,
2234 2113 2357 2153 nam
2385 2113 2505 2153 cum
2534 2099 2677 2155 bono
2717 2101 2916 2156 malum
2943 2100 3014 2155 sit
3042 2102 3402 2168 contrarium,
3449 2103 3495 2156 si

1908 2189 2027 2259 quis
2072 2189 2313 2244 nominet
2356 2188 2585 2259 bonum,
2621 2200 2674 2246 et
2713 2192 2758 2246 si
2790 2193 2910 2262 quis
2952 2207 3140 2248 rursus
3183 2194 3497 2264 simpliciter

1908 2282 2219 2350 pronuntiet
2249 2282 2477 2347 malum,
2512 2283 2655 2337 nulla
2686 2282 2742 2338 in
2770 2283 2870 2339 hac
2900 2284 3279 2355 praedicatione
3324 2300 3497 2354 neque

1908 2368 2129 2437 falsitas,
2166 2387 2339 2443 neque
2370 2372 2569 2428 veritas
2608 2382 2711 2429 est.
2758 2374 2957 2431 Eodem
3001 2391 3214 2445 quoque
3244 2391 3303 2431 se
3334 2378 3497 2431 modo

1910 2459 2071 2515 habet
2099 2462 2258 2517 etiam
2292 2464 2346 2525 in
2375 2464 2459 2519 his
2499 2480 2618 2533 qua:
2647 2466 2944 2522 secundum
2974 2468 3211 2523 habitum
3240 2470 3487 2539 privatio-

1908 2568 2139 2623 nemque
2166 2555 2436 2611 dicuntur.
2465 2557 2725 2614 Similiter
2749 2560 2891 2615 enim
2921 2560 3051 2614 nihil
3080 2576 3251 2631 neque
3272 2577 3455 2616 verum
3474 2602 3489 2630 ,

1909 2662 2084 2715 nequc
2125 2645 2317 2703 falsum
2350 2658 2461 2716 est,
2502 2652 2547 2705 si
2587 2652 2707 2717 quis
2748 2653 2917 2706 visum
2954 2655 3193 2707 nominet
3221 2654 3307 2709 vel
3336 2655 3497 2710 caeci-

1910 2745 2105 2808 tatem,
2138 2738 2240 2795 hoc
2269 2750 2445 2795 autem
2493 2742 2694 2798 idcirco
2722 2745 2931 2812 evenit,
2976 2746 3097 2816 quia
3120 2747 3320 2815 omnia,
3349 2763 3495 2818 qua:-

1909 2847 2118 2903 cuuque
2149 2843 2301 2899 sunt,
2326 2834 2380 2888 in
2412 2836 2603 2906 quibus
2646 2845 2739 2891 aut
2785 2837 3010 2903 falsitas,
3042 2849 3134 2894 aut
3176 2842 3374 2895 veritas
3406 2842 3491 2897 in-

1910 2927 2147 2994 venitur,
2171 2929 2466 2984 secundum
2493 2930 2726 3001 aliquam
2756 2933 3182 3002 complexionem
3218 2934 3492 2991 dicuntur.

1910 3016 1985 3071 Ea
2033 3033 2163 3075 vero
2215 3033 2334 3090 quae
2394 3022 2708 3092 simpliciter
2757 3025 3125 3094 proferuntur,
3170 3028 3284 3083 veri
3331 3037 3494 3100 atque

1910 3110 2030 3167 falsi
2062 3112 2359 3182 prolatione
2388 3124 2605 3183 carent,
2641 3126 2697 3172 ut
2732 3118 2846 3188 ipse
2869 3119 2969 3189 ait,
2997 3135 3115 3176 cum
3149 3123 3201 3176 in
3231 3123 3497 3193 principio

219 3206 565 3281 permutatio,
597 3222 625 3259 a
657 3208 954 3293 privatione
993 3222 1123 3263 vero
1163 3208 1228 3262 ad
1276 3209 1512 3264 habitum
1554 3210 1803 3278 impossi-
1834 3206 1884 3275 C
1911 3207 2090 3262 omnia
2151 3207 2571 3276 przedicamenta
2638 3223 2967 3280 numeraret,
3025 3214 3211 3269 dicens
3283 3216 3497 3286 singula

219 3294 328 3351 bile
366 3307 469 3351 est.
517 3296 583 3351 Et
630 3300 730 3353 hoc
779 3298 1089 3369 planissime
1134 3299 1292 3355 docet
1338 3302 1626 3370 exemplis.
1676 3302 1807 3369 Quis

220 3391 366 3457 enim
412 3406 644 3465 unquam
680 3406 747 3447 ex
784 3380 936 3448 caeco
978 3392 1147 3448 factus
1177 3403 1258 3449 est
1289 3394 1513 3450 videns?
1554 3397 1670 3466 quis
1710 3398 1809 3450 ati-

221 3482 435 3555 quando
463 3483 647 3538 calvus
688 3483 913 3539 crinitus
952 3485 1216 3541 efﬁcitur?
1265 3488 1351 3541 cui
1393 3486 1601 3542 amissis
1648 3497 1807 3544 tetate

221 3575 475 3631 dentibus
518 3592 706 3632 rursus
740 3575 827 3631 alii
859 3578 1239 3648 procreantur?
1276 3578 1451 3646 Quare
1483 3580 1523 3632 si
1574 3580 1625 3633 in
1674 3594 1805 3635 con-

221 3665 401 3720 trariis
428 3665 484 3721 lit
526 3667 732 3721 alterna
764 3670 1009 3733 mutatio,
1043 3669 1093 3722 in
1135 3670 1429 3738 privatione
1475 3684 1603 3723 vero
1647 3679 1808 3740 atque

221 3755 408 3812 habitu
451 3773 556 3813 non
596 3759 686 3826 ﬁt,
735 3759 897 3815 distat
936 3760 1049 3815 haec
1088 3761 1351 3830 oppositio
1392 3763 1458 3814 ah
1500 3776 1560 3814 ea
1604 3762 1809 3817 scilici-t

222 3849 556 3921 oppositione
577 3866 694 3921 quae
722 3851 780 3906 ﬁt
800 3852 1092 3908 secundum
1123 3856 1420 3908 contrarias
1444 3856 1747 3924 qualitates.

296 3967 625 4037 Quaecunque
659 3982 777 4021 vero
804 3976 1046 4038 tanquam
1084 3970 1353 4040 afﬁrmatio
1384 3980 1429 4024 et
1473 3972 1680 4045 negatio
1718 3988 1807 4043 op-

221 4058 389 4127 posita
415 4068 564 4123 sunt,
598 4058 770 4129 palam
802 4067 872 4114 est
900 4060 1037 4133 quod
1065 4060 1208 4114 nullo
1238 4061 1594 4128 prwdictorum
1630 4064 1808 4117 modo-

224 4162 344 4211 rum
376 4150 607 4219 apposita
636 4158 775 4204 sunt.
814 4148 879 4215 In
906 4152 1025 4213 solis
1054 4153 1187 4205 enim
1228 4153 1335 4219 istis
1368 4155 1703 4225 necessarium
1736 4165 1809 4208 est

224 4256 425 4312 semper
444 4241 587 4297 aliud
612 4243 812 4313 quidem
834 4260 1008 4299 eorum
1032 4260 1238 4315 verum,
1262 4247 1405 4299 aliud
1425 4259 1590 4301 autent
1616 4247 1810 4317 falsum

221 4349 352 4397 esse,
380 4350 539 4404 neque
563 4336 697 4399 enim
728 4337 780 4389 in
819 4337 1086 4407 contrariis
1116 4341 1453 4405 necessarium
1485 4349 1556 4391 est
1584 4356 1804 4407 semper,

223 4425 442 4487 alterum
473 4442 645 4495 verum
668 4443 793 4490 esse,
824 4429 1037 4481 alterum
1079 4429 1299 4498 falsum,
1328 4447 1486 4501 neque
1524 4429 1575 4483 in
1605 4432 1665 4499 iis
1696 4448 1810 4501 qua:

222 4526 346 4583 sunt
372 4518 439 4571 ad
469 4518 695 4585 aliquid,
726 4534 884 4588 neque
902 4520 958 4586 in
988 4519 1161 4572 habitu
1194 4530 1235 4572 et
1269 4521 1566 4587 privatione,
1597 4532 1648 4573 ut
1670 4522 1812 4574 sani-

1909 3311 2093 3352 eorum
2122 3312 2241 3369 quae
2270 3308 2454 3354 essent
2491 3300 2631 3355 dicta
2665 3299 2720 3355 in
2752 3301 2895 3357 nulla
2947 3303 3308 3362 afﬁrmatione
3353 3306 3495 3378 dici,

1911 3387 2143 3460 quadam
2172 3404 2301 3446 vero
2335 3392 2712 3462 complexione
2739 3393 2879 3450 inter
2913 3409 2972 3451 se
3016 3396 3204 3453 horum
3235 3399 3498 3468 praedica-

1910 3491 2216 3537 mentorum
2247 3483 2525 3537 veritatem
2562 3483 2956 3555 falsitatemque
2994 3488 3173 3557 gigni,
3208 3488 3277 3543 de
3305 3489 3499 3559 quibus

1908 3572 2230 3629 Aristoteles
2276 3572 2494 3628 edocuit
2552 3582 2747 3643 praeter
2794 3575 3221 3643 complexionem
3264 3578 3498 3648 aliquam

1913 3665 1967 3719 in
2012 3665 2355 3721 sermonibus
2380 3665 2657 3721 veritatem
2692 3666 3082 3739 falsitatemque
3121 3670 3346 3725 inveniri
3391 3685 3499 3727 non

1912 3772 2093 3828 posse.
2126 3758 2182 3812 Si
2214 3758 2428 3827 quidem
2470 3758 2719 3827 exemplo
2753 3774 2967 3830 quoque
3012 3762 3111 3815 hoc
3158 3762 3498 3818 manifestum

1913 3860 2016 3904 est.
2057 3848 2113 3906 Si
2153 3850 2297 3905 enim
2334 3850 2541 3919 dixero,
2581 3850 2833 3907 Socrates
2861 3852 3022 3907 homo
3047 3860 3158 3919 est,
3192 3862 3285 3909 aut
3311 3868 3500 3911 verum

1913 3952 2005 3996 aut
2034 3941 2225 3997 falsum
2256 3950 2357 3997 est.
2392 3941 2546 4011 Quod
2573 3944 2618 3998 si
2652 3945 2751 3999 hoc
2782 3951 2987 4000 tantum
3019 3945 3194 4000 dicam
3223 3947 3495 4012 Socrates,

1913 4046 2003 4089 aut
2032 4050 2241 4099 rursus,
2271 4036 2452 4102 homo,
2483 4036 2612 4092 nihil
2644 4038 2697 4093 in
2728 4052 2795 4092 eo
2840 4054 3013 4108 neque
3042 4040 3284 4096 veritatis
3329 4058 3501 4113 neque

1913 4127 2161 4183 falsitatis
2188 4137 2289 4184 est.
2320 4129 2578 4198 Quocirca
2601 4130 2853 4200 quoniam
2874 4133 3048 4187 omnis
3070 4132 3355 4189 afﬁrmatio
3376 4150 3500 4191 cum

1914 4219 2289 4289 complexione
2338 4219 2624 4288 profertur,
2675 4231 2853 4293 potest
2902 4225 2955 4277 in
2996 4238 3092 4290 ea,
3140 4235 3231 4280 aut
3278 4229 3501 4296 veritas,

1917 4320 2006 4365 aut
2034 4312 2233 4365 falsitas
2260 4312 2508 4367 inveniri.
2552 4313 2627 4367 Ea
2674 4330 2805 4368 vero
2850 4330 2972 4385 qua:
3018 4326 3144 4371 sunt
3187 4321 3253 4373 ad
3297 4320 3502 4391 aliquid

1918 4402 2231 4472 simpliciter
2259 4413 2310 4458 et
2341 4404 2459 4459 sine
2489 4404 2596 4459 ulla
2623 4405 2995 4475 complexione
3034 4407 3304 4464 dicuntur.
3335 4410 3503 4466 Simi-

1920 4494 2041 4551 liter
2080 4503 2257 4551 autem
2288 4503 2342 4549 et
2382 4495 2683 4563 contraria,
2714 4506 2768 4551 et
2796 4512 2859 4553 ea
2885 4511 3007 4568 qua:
3032 4507 3158 4554 sunt
3203 4501 3501 4557 secundum

224 4620 305 4677 las
330 4619 374 4663 et
402 4609 620 4680 languor
648 4612 904 4677 contraria
931 4620 1077 4677 sunt,
1119 4620 1165 4663 et
1197 4623 1430 4664 neutrum
1456 4629 1615 4682 neque
1636 4629 1806 4683 verum

1926 4586 2163 4642 habitum
2214 4586 2679 4657 privationemque
2725 4587 2940 4643 sibimet
2985 4590 3265 4659 opposita,
3313 4602 3371 4647 ut
3418 4602 3504 4649 est

224 4716 386 4769 neque
414 4701 605 4771 falsum
636 4711 727 4755 est.
774 4702 1023 4758 Similiter
1051 4703 1265 4773 duplum
1305 4712 1351 4756 et
1383 4703 1656 4771 dimidium
1695 4713 1807 4757 tau-

224 4808 382 4865 quam
403 4792 612 4846 relativa
640 4794 876 4863 opposita
901 4803 1042 4857 sunt,
1066 4804 1113 4847 et
1145 4811 1241 4847 non
1262 4805 1332 4847 est
1364 4811 1538 4848 eorum
1568 4799 1807 4863 alterum,

225 4899 390 4954 neque
401 4899 594 4961 verum,
618 4901 776 4953 neque
794 4886 1001 4955 falsum,
1026 4886 1114 4957 sed
1140 4903 1297 4957 neque
1319 4903 1376 4940 ea
1397 4903 1509 4961 quo:
1532 4891 1810 4957 secundum

229 4974 562 5045 privationem
596 4985 644 5030 et
687 4975 913 5028 habitum
939 4974 1205 5059 dicuntur,
1246 4979 1377 5047 sicut
1408 4979 1544 5049 visus
1584 4990 1631 5033 et
1669 4981 1817 5034 caeci-

229 5074 331 5118 tas.
371 5064 590 5133 Omnino
626 5077 798 5122 autent
825 5086 1000 5124 eorum
1029 5086 1141 5141 quae
1178 5072 1456 5125 secundum
1500 5075 1812 5143 complexio-

229 5172 349 5212 nem
372 5157 531 5229 ullam
559 5161 821 5229 dicuntur,
854 5161 985 5215 nihil
1015 5178 1170 5233 neque
1197 5180 1369 5219 verum
1389 5206 1402 5228 ,
1440 5182 1595 5236 neque
1626 5167 1815 5235 falsum

226 5259 333 5315 est,
379 5268 532 5321 porro
577 5264 747 5307 autem
786 5271 901 5325 qua:
939 5257 1078 5310 dicta
1118 5266 1272 5328 sunt,
1314 5257 1423 5313 sine
1465 5262 1818 5331 complexione

228 5344 492 5399 dicuntur.

308 5456 573 5523 Expositis
603 5457 685 5523 liis
724 5456 1040 5531 ditl'erentﬂs
1065 5460 1257 5531 quibus
1297 5462 1383 5518 vel
1418 5466 1705 5525 contrariis
1734 5482 1821 5524 re-

231 5546 413 5611 lativo,
448 5546 526 5605 vel
566 5548 794 5620 privatio
835 5558 891 5606 et
938 5550 1151 5607 habitus
1194 5554 1463 5624 relativis,
1500 5557 1584 5623 vel
1632 5574 1819 5627 rursus

233 5637 462 5708 privatio
491 5649 546 5693 et
574 5638 788 5699 habitus
817 5641 1105 5697 contrariis
1133 5642 1535 5717 discreparent,
1570 5664 1710 5705 nunc
1736 5667 1822 5719 se-

231 5729 416 5800 quitur
465 5730 589 5799 quid
637 5733 717 5786 liis
765 5734 1018 5790 omnibus
1063 5736 1357 5795 secundum
1408 5739 1821 5801 afﬁrmationem

236 5822 690 5895 negationemque
715 5825 960 5898 opposita
988 5826 1219 5900 distent,
1247 5840 1303 5900 et
1331 5831 1425 5889 dat
1453 5833 1682 5909 signum.
1689 5852 1821 5910 pro-

1918 4692 2068 4750 pater
2099 4680 2262 4746 ﬁlius,
2296 4680 2493 4736 bonum
2526 4683 2754 4747 malum,
2784 4685 2931 4737 visus
2959 4683 3196 4750 caecitas,
3225 4699 3345 4756 quae
3370 4702 3504 4757 quo-

1919 4772 2061 4828 niam
2110 4773 2228 4829 sine
2259 4772 2635 4842 complexione
2670 4774 2918 4831 dicuntur
2964 4776 3087 4846 (ubi
3133 4787 3311 4835 autem
3357 4796 3506 4838 com-

1917 4866 2096 4936 plexio
2141 4882 2245 4922 non
2278 4875 2387 4933 est,
2422 4866 2528 4922 illic
2577 4883 2674 4923 nec
2718 4868 2923 4925 falsitas
2954 4887 3127 4941 neque
3171 4875 3368 4933 veritas
3397 4888 3501 4933 est.

1920 4959 1978 5013 In
2028 4958 2483 5016 afﬁrmationibus
2524 4976 2654 5016 vero
2704 4963 2831 5017 solis
2879 4974 2934 5018 et
2972 4967 3341 5035 negationibus
3387 4984 3507 5040 quin

1920 5053 2212 5105 secundum
2263 5053 2691 5121 complexionem
2726 5054 2997 5125 dicuntur,
3028 5066 3117 5111 aut
3166 5061 3382 5128 veritas,
3413 5072 3506 5117 aut

1922 5146 2123 5219 falsitas
2169 5149 2478 5218 reperitur),
2522 5150 2816 5205 secundum
2868 5150 3278 5207 afﬁrmationem
3317 5165 3369 5209 et
3410 5169 3504 5210 ne-

1921 5241 2188 5323 gationem
2222 5241 2489 5313 oppositio
2515 5257 2544 5296 a
2597 5244 2803 5298 cunctis
2852 5243 2969 5298 aliis
3009 5246 3376 5313 superioribus
3417 5247 3503 5301 di-

1921 5340 2049 5389 Stal.

1998 5444 2103 5503 Sed
2131 5449 2350 5502 maxime
2375 5446 2625 5504 videbitur
2655 5448 2753 5501 hoc
2780 5450 2880 5503 tale
2900 5449 3187 5519 contingere
3214 5451 3268 5505 in
3292 5453 3370 5519 his
3397 5469 3509 5529 quin

1926 5539 2205 5607 secundum
2253 5541 2655 5609 complexionem
2704 5541 2960 5605 catitratia
3008 5540 3264 5611 dicuntur.
3312 5526 3509 5619 Sanum

1928 5657 2145 5711 namque
2169 5657 2278 5705 esse
2310 5640 2608 5709 Socratem,
2634 5642 2702 5696 ad
2734 5642 2974 5721 languere
3006 5640 3267 5695 Socratem
3299 5654 3508 5700 contra-

1924 5742 2060 5797 rium
2106 5752 2211 5811 est,
2242 5742 2330 5796 sed
2372 5757 2531 5817 neque
2574 5742 2627 5795 in
2670 5740 2749 5795 his
2793 5737 3127 5794 necessarium
3173 5753 3243 5795 est
3287 5741 3509 5800 alterum

1927 5831 2125 5913 semper
2152 5859 2352 5911 verum,
2391 5842 2609 5901 alterum
2639 5850 2809 5897 autem
2842 5839 3029 5911 falsum
3061 5856 3186 5914 esse,
3231 5860 3345 5898 eum
3375 5845 3509 5905 enim

4007 3562 4009 3697 l

4007 3562 4009 3697 l
