4022 6328
2058 207 2142 245 ιι.

523 327 588 377 79
1734 323 1846 381 ΑΝ.
1889 322 2076 381 ΜΑΜ

2180 320 2306 381 ξεν.
2348 321 2576 381 ΒΟΕΤΙΙ

3679 326 3783 382 280

484 440 725 495 Socrates
750 439 843 504 sit,
877 439 968 492 erit
998 437 1127 490 illud
1164 435 1366 505 quidem
1395 450 1600 501 verum,
1631 433 1767 490 illud
1806 452 1921 492 vero
1958 438 2074 507 [αι-
2102 439 2160 500 Α
2181 436 2402 491 dentem
2434 451 2558 493 esse
2584 436 2673 492 vel
2718 451 2942 492 caecum.
2992 436 3086 491 ille
3114 437 3257 492 enim
3286 438 3436 495 videt
3474 448 3637 511 atque
3681 454 3785 495 ca:-

481 547 628 597 sum;
654 548 770 585 cum
794 546 908 583 vero
939 545 1039 582 non
1067 529 1131 581 sit
1151 569 1165 593 ,
1192 529 1341 581 ambo
1389 525 1522 595 falsa
1561 537 1712 596 sunt,
1743 544 1905 595 neque
1933 530 2073 582 enim

481 625 750 695 languere,
790 637 951 691 neque
988 636 1171 673 sanum
1211 635 1339 684 esse,
1367 635 1541 672 verum
1569 629 1677 685 est,
1709 635 1825 673 cum
1862 636 1963 674 non
2002 620 2071 674 sit

479 722 591 786 ipse
622 716 858 771 Socrates
887 713 1118 767 omnino.
1143 710 1210 765 In
1239 712 1523 781 privatione
1543 726 1659 767 vero
1678 719 1727 766 et
1752 711 1929 766 habitu
1950 728 2071 766 cum

478 828 585 865 non
606 810 701 876 sit,
728 816 963 861 neutrum
987 820 1160 860 verum
1188 813 1288 869 est;
1319 820 1434 857 cum
1463 819 1579 859 vero
1606 806 1705 872 sit,
1738 822 1843 859 non
1869 822 2073 875 semper

477 906 573 960 erit
614 904 831 957 alterum
877 915 1081 964 verum,
1131 899 1347 952 alterum
1387 907 1560 952 autem
1606 899 1821 968 falsum.
1864 898 2076 954 Habere

475 1009 700 1064 namque
724 993 887 1046 visum
918 990 1185 1047 Socratem
1213 989 1281 1043 ad
1323 990 1381 1043 id
1409 990 1549 1061 quod
1570 998 1647 1045 est
1675 990 1944 1046 Socratem
1965 1009 2073 1046 σιε-
2124 1000 2125 1003 “

2122 1098 2127 1105 '
2184 1082 2361 1139 estde
2390 1082 2474 1138 bis
2513 1091 2800 1154 utrumque
2839 1085 3143 1154 praedicari.
3188 1086 3243 1141 In
3276 1086 3636 1141 afﬁrmatione
3656 1100 3780 1141 vero

475 1106 593 1144 cum
625 1104 732 1143 esse
770 1086 1059 1158 oppositum
1095 1092 1199 1151 est,
1231 1085 1363 1138 sicut
1402 1085 1621 1155 privatio
1654 1093 1700 1139 et
1736 1084 1961 1141 habitus.
2001 1084 2073 1139 Et

475 1200 593 1237 cum
634 1183 731 1249 sit,
760 1179 1107 1235 necessarium
1137 1193 1239 1231 non
1281 1185 1356 1232 est
1386 1176 1607 1230 alterunt
1637 1192 1809 1230 verum
1850 1177 1927 1231 vel
1966 1177 2071 1246 {al-
2118 1180 2121 1185 ’

474 1292 590 1330 sum
612 1290 739 1341 esse,
770 1287 886 1325 cum
921 1271 1055 1325 enim
1088 1270 1318 1324 nondum
1340 1277 1491 1323 natus
1518 1278 1591 1324 est
1619 1269 1824 1337 habere,
1853 1280 2072 1340 utraque

475 1370 614 1440 falsa
642 1376 789 1431 sunt;
820 1378 865 1419 et
895 1381 1010 1418 cum
1054 1379 1157 1417 non
1199 1364 1266 1416 sit
1304 1362 1510 1416 omnino
1552 1361 1811 1427 Socrates,
1837 1364 1909 1417 sic
1937 1380 2069 1433 quo-

476 1477 573 1532 que
601 1460 736 1531 falsa
766 1468 883 1511 sunt
911 1467 1145 1526 utraque,
1172 1464 1219 1509 et
1249 1455 1411 1509 visunt
1437 1470 1553 1509 eum
1576 1453 1781 1522 habere,
1805 1464 1852 1508 et
1882 1471 2074 1509 ciccum

475 1571 602 1608 €888.

546 1671 808 1739 Quoniam
870 1670 1116 1723 videntur
1159 1664 1407 1737 qumdam
1456 1665 1724 1719 contraria
1767 1665 2072 1720 secundum
2115 1660 2120 1665 ’

473 1766 897 1835 complexionem
947 1762 1070 1824 dici,
1115 1759 1390 1829 inquibus
1432 1766 1522 1812 aut
1561 1757 1763 1813 falsitas
1789 1759 2068 1826 reperitur

473 1868 565 1912 aut
589 1859 809 1920 veritas,
868 1856 960 1909 sed
1012 1869 1188 1924 neque
1220 1863 1277 1906 ut
1321 1851 1609 1905 affirmatio
1664 1850 1735 1905 sit
1789 1864 1963 1920 neque
2013 1860 2076 1913 ut

472 1955 706 2023 negatio,
750 1951 816 2006 de
861 1951 941 2004 liis
968 1964 1180 2019 quoque
1221 1947 1370 2011 dicit,
1414 1945 1537 2015 quid
1566 1944 1769 2000 distent
1801 1946 1881 1999 his
1923 1960 2079 2001 com-

471 2046 843 2115 plexionibus,
902 2059 1022 2114 qua:
1074 2042 1372 2099 secundum
1430 2040 1843 2115 afﬁrmationem
1905 2056 2077 2112 nega-

471 2140 783 2207 tionemque
865 2135 1135 2190 dicuntur.
1242 2132 1374 2187 Nam
1456 2132 1595 2187 sicut
1666 2132 1947 2205 :rgritudo
1990 2143 2081 2189 est

470 2233 737 2288 contraria
793 2230 1041 2297 sanitati,
1108 2228 1181 2282 ita
1232 2241 1446 2297 quoque
1502 2233 1760 2295 aegrotum
1805 2239 1925 2280 esse
1972 2225 2083 2281 So-

469 2335 711 2389 cratem,
775 2323 824 2377 ei
864 2322 1004 2392 quod
1044 2330 1128 2376 est
1190 2335 1378 2375 sanum
1410 2334 1531 2374 esse
1590 2319 1913 2374 contrarium
1964 2328 2072 2374 est.

470 2417 656 2473 Oratio
738 2432 950 2485 quoque
1027 2429 1148 2486 quae
1205 2413 1333 2468 dicit
1391 2412 1643 2469 Socrates
1708 2427 1868 2468 sanus
1934 2421 2018 2467 est
2049 2456 2071 2481 ,

469 2509 740 2566 contraria
762 2518 846 2563 est
884 2508 931 2561 ei
955 2523 1076 2577 quae
1102 2506 1412 2578 pronuntiat
1438 2505 1688 2562 Socrates
1720 2515 1961 2575 aegrotat.
2010 2504 2073 2560 In

470 2602 557 2658 bis
597 2617 724 2672 ergo
753 2609 807 2655 et
839 2600 1037 2654 veritas
1077 2599 1349 2654 invenitur
1375 2607 1429 2652 et
1457 2596 1681 2652 falsitas.
1727 2597 1879 2665 Quod
1912 2597 2076 2666 igitur

469 2695 589 2751 haec
614 2695 814 2750 distant
846 2709 907 2749 ea
936 2693 1273 2763 oppositione
1297 2707 1417 2761 qua:
1456 2690 1753 2745 secundum
1783 2691 1890 2745 vim
1922 2690 2073 2744 affir-
2100 2680 2103 2683 λ

478 2790 735 2845 mulionis
759 2797 852 2843 aut
874 2787 1176 2858 negationis
1202 2785 1510 2855 apponitur,
1556 2785 1656 2837 hoc
1693 2783 1901 2838 scilicet
1929 2784 2105 2865 quod.

469 2882 801 2937 subsistente
832 2895 911 2947 re,
950 2880 1018 2935 de
1046 2893 1151 2949 qua
1181 2888 1409 2948 utraque
1440 2876 1712 2940 dicuntur,
1757 2875 2075 2931 utrumlibet

469 2992 659 3032 eorum
687 2990 875 3031 verum
919 2982 1021 3037 est,
1053 2973 1096 3026 si
1144 2982 1321 3026 tamen
1369 2985 1430 3025 ca
1481 2968 1751 3023 contraria
1775 2967 2077 3037 praedican-

469 3079 581 3136 tur,
613 3084 733 3139 quae
771 3066 961 3122 mediis
1001 3076 1211 3128 carent,
1246 3078 1370 3117 nam
1396 3063 1613 3116 vivente
1653 3067 1707 3116 et
1745 3060 2077 3117 subsistente

2173 529 2283 581 ‘cus
2312 538 2395 583 est
2445 529 2535 598 qui
2570 528 2882 599 vivitatque
2931 529 3196 592 subsistit,
3245 545 3367 585 cum
3397 546 3523 585 vero
3566 530 3635 586 de
3677 546 3783 602 quo

2181 620 2384 677 dicitur
2417 636 2523 676 non
2558 623 2629 677 sit
2650 624 2894 688 omnino,
2925 632 3151 692 utraque
3168 623 3236 679 de
3259 639 3325 679 eo
3357 623 3490 679 falso
3510 623 3778 679 dicuntur.

2183 711 2247 766 In
2275 712 2469 768 catulis
2507 727 2721 783 quoque
2743 713 2884 769 idem
2914 723 3018 781 est,
3048 730 3169 768 nam
3199 728 3319 768 cum
3346 714 3457 783 jam
3478 723 3603 770 sunt
3626 715 3778 783 editi,

2183 806 2489 865 subsistunt
2517 807 2764 879 quidem;
2820 809 2913 865 sed
2954 825 3128 879 neque
3153 811 3281 865 czeci
3333 820 3461 865 sunt
3497 826 3674 880 neque
3701 815 3781 866 vi-

2184 899 2399 966 dentes,
2426 899 2550 971 quia
2598 900 2838 956 nondum
2868 917 2964 973 per
2994 913 3236 958 naturam
3262 903 3433 958 visum
3460 902 3663 959 habere
3691 919 3782 972 po-

2184 999 2422 1046 tuerunt.
2470 991 2565 1047 Sin
2604 1006 2732 1047 vero
2778 995 2999 1048 omnino
3052 1010 3158 1049 non
3198 994 3328 1063 sint,
3371 1009 3558 1050 rursus
3587 992 3780 1048 falsum

2185 1187 2241 1232 et
2265 1179 2548 1247 negatione
2578 1194 2683 1233 nou
2707 1179 2779 1233 ita
2809 1189 2914 1245 est,
2950 1189 3008 1234 ut
3048 1179 3166 1249 ipse
3198 1178 3525 1249 pronuntiat.

2257 1295 2327 1351 In
2364 1298 2699 1367 aﬁirmatione
2725 1313 2842 1352 vero
2863 1307 2909 1351 et
2945 1299 3214 1367 negatione
3232 1313 3427 1369 semper
3446 1298 3551 1352 sive
3568 1299 3656 1361 sit,
3680 1298 3781 1352 sive

2185 1404 2291 1442 non
2314 1390 2401 1455 sit,
2441 1389 2585 1443 aliud
2612 1389 2817 1460 quidem
2851 1405 3025 1443 verum
3059 1390 3177 1456 erit,
3219 1390 3365 1442 aliud
3402 1404 3521 1442 vero
3567 1388 3779 1458 falsum,

2185 1480 2427 1548 languere
2455 1495 2673 1549 namque
2701 1479 2970 1535 Socratem
2995 1488 3046 1533 et
3085 1495 3189 1533 non
3211 1478 3457 1549 languere
3490 1476 3779 1540 Socratem.

2114 1578 2117 1579 ⁷
2185 1587 2303 1624 cum
2322 1572 2430 1642 ipse
2451 1574 2517 1625 sit
2538 1571 2711 1644 palam
2730 1581 2824 1637 est,
2842 1574 2963 1641 quia
2999 1572 3221 1626 alterum
3241 1586 3419 1625 eorum
3445 1586 3640 1637 verum,
3656 1571 3782 1624 alte-

2185 1681 2299 1718 rum
2330 1680 2446 1719 vero
2480 1664 2674 1737 falsum
2716 1678 2809 1730 est,
2848 1675 2895 1720 et
2945 1681 3060 1719 cum
3102 1682 3203 1719 non
3232 1666 3319 1731 sit,
3353 1664 3629 1731 similiter;
3652 1654 3783 1719 lan-

2188 1773 2339 1828 guere
2361 1760 2496 1813 enim
2524 1775 2640 1813 cum
2666 1775 2769 1813 non
2801 1759 2887 1826 sit,
2915 1759 3101 1829 falsust
3131 1770 3225 1825 est,
3265 1774 3367 1811 non
3401 1756 3649 1829 languere
3673 1773 3772 1812 au-

2192 1861 2295 1905 tem
2324 1869 2515 1907 verum.
2544 1853 2712 1919 Quare
2750 1853 2807 1907 in
2836 1854 2916 1907 his
2955 1852 3082 1907 solis
3122 1852 3390 1924 proprium
3420 1852 3542 1918 erit,
3583 1867 3781 1920 semper

2189 1946 2409 1999 alterum
2438 1961 2611 1998 eorum
2651 1961 2846 2010 verum,
2886 1944 3107 1998 alterum
3134 1942 3324 2013 falsum
3367 1959 3494 2010 esse,
3536 1957 3779 2010 quaecun-

2185 2052 2285 2108 que
2311 2048 2553 2108 tanquam
2572 2038 2841 2108 afﬁrmatio
2862 2048 2909 2092 et
2938 2039 3143 2107 negatio
3173 2037 3408 2107 apposita
3427 2045 3563 2091 sunt.

2262 2151 2320 2207 In
2346 2151 2726 2218 affirmatione,
2757 2151 2947 2222 inquit,
2966 2159 3020 2206 et
3041 2151 3323 2220 negatione
3343 2150 3455 2205 sive
3483 2163 3573 2206 res
3600 2150 3783 2221 subje~

2187 2254 2272 2299 cta
2293 2244 2570 2309 subsistat,
2596 2244 2711 2301 sive
2740 2260 2847 2299 non
2877 2244 2948 2297 sit
2980 2242 3223 2311 omnino,
3250 2256 3464 2314 semper
3487 2243 3541 2298 in
3564 2260 3670 2298 una
3693 2259 3785 2299 ve-

2106 2402 2107 2405 η
2186 2337 2342 2405 ritas,
2371 2338 2424 2393 in
2445 2336 2555 2413 alia
2576 2337 2779 2393 falsitas
2809 2337 3174 2393 inveniuntur.
3204 2336 3319 2392 Non
3335 2351 3460 2393 esse
3479 2337 3623 2392 enim
3643 2336 3785 2391 idem

2186 2430 2371 2485 dicere
2399 2438 2660 2500 aegrotare
2700 2430 2937 2500 aliquem
2975 2431 3119 2501 quod
3150 2446 3259 2487 non
3289 2436 3412 2487 esse
3441 2444 3655 2492 sanum,
3686 2443 3787 2484 nec

2188 2522 2329 2577 idem
2370 2536 2573 2578 caecum
2605 2536 2728 2579 esse
2752 2522 2895 2591 quod
2925 2539 3033 2577 non
3076 2522 3279 2580 videre'
3321 2520 3786 2592 perspicaciséime

2186 2613 2366 2670 docet.
2396 2613 2528 2669 Nam
2569 2614 2659 2685 qui
2709 2623 2939 2686 aegrotat
2984 2616 3086 2672 nisi
3128 2616 3396 2681 subsistat
3442 2628 3547 2669 non
3606 2620 3786 2683 potest

2186 2717 2472 2775 aegrotare.
2514 2707 2630 2763 Non
2662 2723 2784 2765 esse
2820 2718 2998 2766 autem
3042 2724 3251 2777 sanum,
3287 2723 3392 2765 non
3422 2709 3494 2763 its
3522 2715 3626 2769 est.
3660 2706 3787 2762 nam

2186 2799 2397 2854 etiamsi
2425 2814 2529 2855 non
2586 2801 2655 2855 sit
2675 2799 2899 2856 omnino
2926 2802 3143 2871 aliquis,
3175 2809 3351 2871 potest
3378 2800 3447 2856 de
3473 2813 3540 2855 eo
3566 2799 3656 2868 qui
3674 2813 3785 2854 non

2186 2902 2270 2945 est
2303 2891 2419 2946 haec
2460 2891 2677 2962 negatio
2703 2892 3008 2961 praedicari.
3052 2892 3205 2960 Quod
3229 2892 3373 2946 enim
3414 2892 3635 2947 omnino
3674 2905 3784 2944 non

2186 2990 2289 3045 est,
2317 2997 2506 3037 sanum
2534 2998 2659 3039 esse
2687 2998 2794 3040 non
2818 2993 3017 3054 potest,
3049 2983 3191 3054 quod
3212 2998 3400 3039 sanum
3419 2996 3662 3039 essenon
3691 2996 3785 3051 po-

2186 3084 2296 3130 test
2334 3092 2442 3131 non
2479 3085 2563 3133 est
2592 3076 2775 3147 utique
2804 3091 3016 3133 sanum.
3054 3076 3258 3133 Eodem
3280 3090 3492 3147 quoque
3512 3073 3673 3130 modo
3701 3083 3784 3129 est

468 3162 717 3226 Socrate,
742 3159 993 3229 quoniam
1015 3155 1276 3225 aegritudo
1304 3162 1361 3209 et
1387 3151 1913 3208 sanitasimmediata
1943 3146 2156 3250 con-'C
2189 3178 2243 3224 ει
2269 3169 2338 3225 de
2383 3170 2627 3226 meum,
2651 3146 2707 3227 οι
2734 3170 2803 3227 de
2832 3170 2975 3239 νίευ,
3024 3185 3198 3242 neque
3228 3146 3374 3226 enim
3410 3168 3553 3224 idem
3582 3177 3666 3223 εει
3703 3167 3785 3222 di.

469 3256 634 3312 traria
657 3264 803 3319 sunt,
835 3254 880 3307 si
905 3253 1027 3322 quis
1048 3250 1117 3304 de
1145 3249 1369 3304 Socrate
1400 3248 1545 3302 dicat
1578 3264 1590 3298 :
1618 3246 1871 3301 Socrates
1906 3260 2073 3299 sanus

469 3356 575 3416 est,
623 3358 914 3414 rursusque
954 3342 1089 3396 alius
1133 3338 1489 3410 pronuntiet:
1528 3337 1783 3394 Socrates
1822 3344 2070 3405 :egrotat,

468 3454 631 3497 unam
657 3452 860 3506 veram,
895 3449 1053 3489 unam
1078 3433 1261 3487 falsam
1300 3445 1421 3486 esse
1437 3442 1661 3485 necesse
1688 3435 1792 3483 est.
1823 3426 2078 3484 Socrates

468 3535 614 3592 enim
645 3532 833 3587 vivens
871 3539 964 3586 aut
1003 3535 1228 3600 aegrotat
1265 3536 1357 3579 aut
1395 3538 1560 3580 sanus
1596 3530 1698 3588 est,
1723 3531 1778 3577 et
1807 3522 1853 3577 si
1881 3536 2077 3577 verum

465 3637 551 3684 est
577 3641 700 3683 eum
741 3633 1023 3694 aegrotare,
1059 3635 1250 3677 sanum
1276 3632 1397 3673 esse
1414 3616 1606 3673 falsum
1627 3626 1729 3682 est,
1747 3625 1800 3671 et
1814 3615 1860 3670 si
1879 3614 2074 3669 falsum

466 3728 550 3777 est
572 3727 855 3790 aegrotare,
878 3730 1069 3772 sanum
1099 3728 1219 3769 esse
1236 3726 1425 3766 verum
1449 3719 1531 3765 est
1551 3726 1566 3775 ;
1587 3713 1631 3764 si
1674 3723 1803 3765 vero
1823 3707 2075 3765 Soetates

465 3815 582 3883 ipse
599 3826 704 3867 non
726 3809 983 3864 subsistat
1009 3822 1184 3877 neque
1212 3805 1435 3860 omnino
1465 3805 1555 3869 sit,
1598 3812 1888 3872 utrumque
1919 3802 1986 3855 de
2008 3816 2075 3857 eo

466 3906 660 3962 falsum
687 3912 771 3959 est
808 3902 1012 3967 dicere,
1045 3898 1300 3969 quoniam
1322 3905 1544 3966 aegrotat
1573 3905 1626 3950 et
1656 3910 1818 3949 sanus
1846 3902 1948 3948 est.
1972 3893 2071 3961 Qui

466 4001 612 4058 enim
644 3997 864 4054 omnino
892 4010 1000 4051 non
1030 4001 1135 4059 est,
1168 4005 1341 4059 neque
1374 3988 1595 4043 omnino
1620 3988 1818 4057 poterit
1840 3995 2073 4056 mgrotus

466 4107 589 4151 esse
619 4105 719 4147 nec
748 4103 932 4145 sanus.
976 4086 1119 4154 Ergo
1148 4083 1201 4137 in
1228 4078 1516 4136 contrariis
1544 4078 1869 4133 subsistente
1907 4092 1967 4132 re
2003 4077 2073 4132 de

467 4200 570 4259 qua
589 4183 968 4256 prmdicantur,
987 4191 1204 4246 semper
1220 4189 1323 4228 una
1342 4172 1652 4241 praedicatio
1691 4185 1817 4227 vera
1836 4178 1938 4238 est,
1965 4169 2072 4225 alia

466 4278 626 4343 falsa,
666 4277 722 4331 in
763 4275 847 4329 liis
886 4270 1095 4326 scilicet
1124 4265 1414 4323 contrariis
1453 4278 1574 4333 quae
1604 4262 1897 4318 secundum
1922 4277 2071 4319 com-

467 4371 775 4442 plesionem
803 4365 1054 4419 dicuntur
1070 4370 1124 4415 et
1146 4365 1335 4413 carent
1365 4356 1560 4411 medio.
1596 4355 1710 4410 Non
1737 4355 2071 4412 subsistente

467 4470 648 4518 autem
693 4474 786 4525 re,
841 4454 1259 4511 contrarietates
1312 4458 1552 4518 utraeque
1590 4457 1716 4502 sunt
1755 4447 1924 4503 falsae.
1975 4447 2069 4502 illa

466 4572 598 4613 vero
634 4569 753 4624 qua:
791 4548 1090 4606 secundum
1118 4542 1474 4614 privationem
1507 4540 1855 4610 habitumque
1880 4539 2069 4594 dicun-

467 4660 579 4714 tur,
625 4646 670 4701 si
699 4658 817 4699 cum
858 4637 1239 4710 complexione
1288 4633 1666 4705 praedicentur,
1718 4642 1775 4688 et
1810 4630 2071 4687 subsistat

466 4755 583 4807 res,
615 4750 723 4793 non
749 4746 971 4789 necesse
998 4738 1083 4786 est
1110 4728 1269 4784 aliam
1290 4740 1470 4782 veram
1501 4739 1643 4790 esse,
1671 4723 1828 4778 aliam
1856 4722 2067 4790 falsam,

468 4841 527 4888 et
551 4844 674 4885 cum
698 4841 783 4882 res
808 4824 1027 4879 omnino
1068 4836 1174 4876 non
1204 4820 1294 4885 sit,
1326 4829 1569 4887 utrmque
1598 4823 1725 4871 sunt
1756 4814 1926 4869 falsae.
1961 4814 2064 4869 So-

469 4933 648 4982 crates
673 4921 818 4975 enim
842 4933 963 4974 cum
980 4916 1051 4971 sit
1063 4915 1175 4985 jam
1194 4915 1245 4968 in
1262 4928 1373 4970 suae
1386 4913 1573 4968 matris
1589 4910 1729 4977 alvo,
1753 4916 1809 4965 et
1826 4908 2066 4964 nondum

469 5018 544 5074 sit
572 5012 785 5083 genitus
814 5010 868 5065 in
898 5010 1069 5065 lucem
1105 5007 1323 5077 quidem
1348 5005 1526 5061 editus
1556 5019 1663 5058 non
1692 5013 1795 5070 est,
1829 5002 1945 5065 ipse
1983 5010 2063 5055 ta-

470 5122 597 5163 men
627 5113 712 5161 est
737 5113 899 5174 atque
926 5101 1078 5166 vivit,
1114 5100 1209 5156 sed
1237 5110 1364 5154 tunc
1405 5112 1582 5168 neque
1618 5094 1808 5151 videns
1843 5104 1927 5149 est
1964 5108 2064 5149 ne-
2122 5120 2125 5127 ·

471 5212 581 5268 que
601 5210 799 5262 caecus,
826 5202 883 5250 et
906 5193 1097 5249 videns
1127 5189 1343 5261 quidem
1374 5203 1482 5243 non
1514 5197 1623 5249 est;
1657 5186 1909 5256 quoniam
1932 5198 2066 5239 non-

471 5291 602 5347 dum
645 5290 697 5342 in
730 5287 902 5343 lucem
934 5293 1019 5341 est
1066 5284 1261 5340 editus.
1293 5279 1483 5335 Caecus
1531 5292 1663 5334 vero
1708 5277 1906 5331 idcirco
1960 5291 2067 5331 non

471 5382 692 5448 dicitur,
721 5380 975 5451 quoniam
1023 5377 1198 5433 adhuc
1225 5375 1429 5457 .videre
1475 5387 1582 5428 non
1643 5379 1870 5441 poterat.
1926 5368 2067 5439 Ergo

473 5492 595 5533 cum
624 5476 695 5531 sit
718 5483 877 5546 atque
903 5473 1164 5529 subsistat
1190 5483 1279 5526 res
1308 5470 1376 5524 de
1401 5481 1504 5537 qua
1547 5464 1763 5520 habitus
1802 5474 1856 5519 et
1884 5463 2065 5533 priva-

474 5570 551 5623 tio
580 5566 959 5637 praedicantur,
1015 5572 1191 5634 potest
1228 5560 1342 5615 fieri
1379 5567 1440 5614 ut
1485 5558 1554 5613 de
1584 5571 1646 5611 ea
1677 5556 1809 5611 falsa
1838 5565 2065 5627 utraque

476 5671 836 5744 prmdicentur
853 5687 869 5738 ;
888 5659 947 5724 'si
980 5683 1112 5724 vero
1140 5680 1228 5721 res
1256 5664 1325 5721 de
1352 5678 1455 5735 qua
1481 5663 1677 5718 dicitur
1702 5676 1810 5717 non
1833 5661 1924 5727 sit,
1951 5675 2069 5717 om-

476 5776 607 5833 nino
638 5782 893 5843 utrasque
924 5771 1084 5826 falsas
1109 5783 1230 5824 esse
1261 5780 1483 5823 necesse
1512 5774 1616 5835 est,
1653 5772 1710 5819 ut
1736 5777 1857 5818 cum
1877 5763 2067 5819 Socra-

477 5889 560 5937 tes
587 5877 809 5936 omnino
848 5889 954 5931 non
985 5882 1087 5941 est,
1139 5870 1334 5928 falsum
1365 5876 1452 5926 est
1486 5881 1611 5924 eum
1658 5864 1838 5921 dicere
1873 5864 1958 5919 vel
1989 5863 2069 5920 vi—

2093 4590 2150 4652 D

2183 3278 2309 3320 cere
2333 3278 2536 3321 caecum
2559 3279 2680 3321 esse
2700 3264 2932 3336 aliquem
2956 3263 3101 3337 quod
3122 3279 3232 3320 non
3267 3262 3490 3321 videre:
3520 3261 3613 3333 qui
3634 3259 3785 3316 enim

2181 3371 2359 3413 czecus
2390 3366 2494 3424 est,
2528 3354 2774 3414 subsiétit
2813 3359 3072 3428 vivitque,
3113 3366 3175 3413 ut
3217 3357 3290 3411 sit
3334 3350 3666 3420 cecus,non
3698 3351 3780 3406 vi-

2181 3451 2313 3507 dere
2329 3464 2459 3505 vero
2480 3450 2641 3506 etiam
2654 3450 2723 3506 de
2743 3451 2966 3506 omnino
2983 3464 3091 3505 non
3112 3449 3436 3505 subsistente
3454 3446 3556 3503 dici
3581 3453 3779 3516 potest.

2181 3543 2281 3611 Qui
2312 3542 2458 3598 enim
2489 3556 2595 3598 non
2631 3541 2880 3598 subsistit
2909 3543 3129 3598 omnino
3155 3541 3338 3597 videre
3362 3556 3467 3595 non
3496 3547 3695 3610 potest,
3728 3546 3782 3593 et

2179 3637 2271 3709 qui
2298 3637 2485 3693 videre
2510 3649 2617 3691 non
2647 3644 2824 3705 potest
2851 3650 2958 3691 non
2980 3634 3144 3691 videt.
3162 3628 3423 3701 Quocit‘ca
3449 3632 3502 3687 in
3533 3630 3781 3686 afﬁrma-

2181 3730 2327 3784 tione
2356 3736 2411 3784 et
2439 3726 2727 3798 negatione
2763 3726 2879 3782 sive
2926 3724 2995 3781 sit
3043 3725 3112 3780 de
3139 3740 3248 3795 quo
3274 3724 3488 3787 dicitur,
3522 3722 3640 3778 sive
3670 3738 3783 3777 non

2177 3820 2268 3886 sit,
2303 3834 2409 3874 una
2440 3831 2656 3886 semper
2686 3831 2815 3871 vera
2844 3826 2948 3884 est,
2980 3816 3150 3871 altera
3191 3815 3346 3871 falsa.
3380 3814 3512 3869 Nam
3558 3828 3682 3869 cum
3710 3816 3781 3869 sit

2175 3913 2431 3971 Socrates
2460 3921 2515 3967 et
2563 3912 2725 3978 vivat,
2768 3911 2812 3966 si
2853 3910 2922 3965 de
2952 3924 3021 3965 eo
3055 3922 3243 3964 verum
3288 3916 3373 3963 est
3412 3907 3614 3973 dicere,
3645 3921 3782 3976 quo-

2177 4007 2321 4061 niam
2342 4004 2509 4075 videt,
2536 4003 2727 4059 falsum
2757 4011 2844 4059 est
2872 4002 3075 4071 dicere,
3099 4001 3349 4073 quoniam
3382 4015 3487 4054 non
3521 3999 3690 4064 videt,
3723 4010 3782 4056 et

2174 4098 2223 4153 si
2251 4096 2322 4153 de
2348 4112 2414 4153 eo
2443 4111 2627 4152 verum
2668 4094 2995 4163 est-dicere,
3037 4093 3291 4164 quoniam
3331 4107 3493 4146 sanus
3532 4101 3636 4157 est,
3679 4089 3782 4146 fal-

2175 4205 2295 4246 sum
2327 4198 2412 4245 est
2438 4189 2622 4245 dicere
2646 4187 2715 4243 de
2744 4202 2811 4244 eo
2836 4186 3091 4258 quoniam
3118 4199 3227 4241 non
3250 4193 3336 4240 est
3376 4199 3561 4241 sanus.
3593 4183 3650 4239 Si
3682 4199 3783 4240 ne-

2174 4283 2418 4355 gationes
2464 4297 2609 4338 veras
2663 4289 2809 4351 sunt,
2859 4279 3006 4335 falsa:
3054 4286 3184 4333 sunt
3240 4276 3652 4333 afﬁrmationes.
3713 4275 3779 4332 Si

2174 4392 2306 4434 vero
2368 4390 2455 4432 res
2516 4374 2758 4443 subjecta
2806 4388 2914 4427 non
2961 4371 3217 4427 subsistat
3268 4370 3529 4437 omnino,
3586 4367 3657 4423 de
3710 4383 3781 4424 ea

2175 4467 2393 4537 quidem
2438 4466 2727 4521 afﬁrmatio
2775 4464 2906 4520 falsa
2954 4471 3059 4533 est,
3116 4462 3329 4533 negatio
3374 4476 3593 4531 semper
3621 4476 3778 4517 vera.

2176 4561 2373 4616 Nostro
2400 4559 2543 4615 ettim
2598 4568 2841 4633 tempore
2898 4573 3021 4613 cum
3067 4555 3321 4613 Socrates
3378 4572 3487 4611 non
3538 4565 3623 4611 est
3671 4571 3781 4612 ηο-

2173 4667 2281 4724 que
2307 4651 2586 4717 subsistit,
2620 4652 2664 4705 si
2713 4649 2831 4722 quis
2861 4649 3005 4705 dicat
3043 4648 3294 4707 Socrates
3324 4649 3489 4715 videt,
3540 4658 3596 4705 et
3633 4650 3781 4705 alius

2173 4745 2321 4799 dicat
2366 4743 2619 4799 Socrates
2670 4758 2778 4798 non
2833 4741 3019 4809 videt,
3088 4741 3280 4797 falsum
3326 4742 3541 4811 quidem
3581 4751 3663 4797 est
3706 4743 3781 4800 de

2173 4853 2239 4895 eo
2291 4838 2489 4901 dicere,
2538 4836 2792 4908 quoniam
2842 4836 3019 4901 videt,
3057 4849 3245 4891 verum
3283 4843 3464 4890 autem
3511 4837 3779 4905 quoniam

2174 4947 2281 4987 non
2311 4931 2477 4987 videt.
2526 4928 2630 4999 Qui
2683 4930 2827 4987 enim
2884 4926 3106 4985 omnino
3160 4943 3266 4984 non
3296 4937 3400 4996 est,
3443 4927 3631 4983 videre
3663 4944 3781 4984 non

2171 5032 2371 5095 potest,
2400 5022 2491 5092 qui
2521 5020 2707 5077 videre
2744 5036 2852 5077 non
2882 5029 3079 5092 potest,
3122 5036 3232 5077 non
3255 5020 3419 5076 videt.
3450 5019 3526 5075 ita
3553 5021 3779 5076 ﬁrmum

2171 5111 2615 5183 immntabileque
2644 5126 2861 5182 semper
2902 5123 3084 5167 manet
3133 5112 3187 5167 in
3235 5109 3688 5166 aiﬁrmationibus
3719 5120 3783 5167 et

2173 5206 2544 5277 negationibus
2573 5205 2793 5260 alteram
2818 5219 3033 5274 semper
3059 5219 3267 5271 veram,
3311 5205 3536 5259 alteram
3578 5204 3779 5260 falsam

2171 5301 2228 5357 in
2253 5299 2635 5367 praedicatione
2674 5299 2947 5354 constitui.
2984 5298 3247 5367 Quocirca
3274 5299 3528 5368 quoniam
3554 5299 3608 5352 in
3637 5313 3778 5354 con-

2171 5394 2351 5449 trariis
2379 5405 2434 5451 et
2461 5394 2513 5449 in
2545 5394 2611 5449 iis
2636 5409 2755 5464 qua:
2794 5392 3088 5448 secundum
3118 5392 3470 5463 privationem
3498 5391 3778 5448 habitum-

2172 5500 2277 5558 que
2303 5495 2448 5553 sunt,
2479 5485 2525 5541 si
2555 5499 2677 5541 cum
2726 5484 3106 5555 complexione
3152 5491 3380 5555 utraque
3420 5484 3671 5539 dicantur
3702 5485 3779 5540 de

2173 5595 2236 5637 re
2265 5593 2370 5635 non
2388 5578 2732 5642 subsiStcnte,
2754 5577 2886 5631 falsa
2919 5586 3043 5632 sunt
3068 5586 3294 5647 utraque
3320 5592 3442 5647 qua:
3465 5577 3779 5648 prta-dican-

2176 5682 2280 5729 tur.
2308 5670 2440 5729 Cum
2470 5671 2570 5727 hoc
2601 5670 2742 5725 idem
2774 5669 2826 5724 in
2853 5668 3299 5725 afﬁrmationibus
3313 5679 3367 5725 et
3387 5671 3775 5740 negationibus

2174 5782 2280 5823 non
2313 5767 2400 5831 sit,
2429 5778 2617 5819 omnes
2641 5773 2849 5817 caetera:
2884 5761 3250 5831 Oppositiones
3289 5762 3359 5817 ab
3401 5762 3777 5819 affirmatione

2177 5874 2230 5921 et
2250 5859 2533 5929 negatione
2560 5854 2905 5912 dissentiunt.
2930 5854 3238 5911 Monstrum
3262 5864 3387 5909 sunt
3406 5854 3569 5925 igitur
3590 5870 3773 5925 oppo-
