4022 6328
736 226 771 247 ἿῙ

732 246 758 256 νδ

729 258 752 286 ,γ

270 362 379 418 981

1258 354 1319 407 IN
1356 334 1791 407 CATEGORIAS
1826 336 2297 411 ARISTOTELIS
2320 351 2448 408 us.
2489 350 2576 407 tv.

3442 353 3551 406 282

279 476 509 531 sitiones
563 479 793 539 quatuor
829 475 885 522 et
928 478 1023 520 sex
1073 463 1434 519 diﬂerentize:
1491 479 1594 517 una
1647 463 1861 531 quidem
1890 460 2226 527 Afirmavit.
2289 463 2423 519 lllud
2479 477 2690 534 quoque
2734 462 2940 518 addidit
3009 461 3147 517 mala
3189 458 3348 532 posse
3399 462 3555 519 malis

279 567 679 624 contrariorum
728 571 779 615 et
823 559 940 628 ejus
981 573 1099 627 quae
1144 564 1227 610 est
1256 556 1322 610 ad
1363 555 1602 626 aliquid;
1633 554 1865 611 secunda

271 656 668 713 contrariorum
697 660 753 707 et
781 664 967 706 eorum
995 664 1115 718 qua:
1139 656 1265 701 sunt
1291 646 1585 701 secundum
1619 646 1864 701 habitum

270 761 327 806 et
355 749 745 819 privationem;
777 743 936 798 tertia
975 739 1367 796 contrariorum
1406 749 1462 795 et
1494 738 1609 808 ejus
1648 736 1868 808 opposi-

272 843 441 897 tionis
470 854 592 910 quae
632 847 716 892 cst
760 835 1053 891 secundum
1096 832 1506 888 afﬁrmationem
1533 842 1587 886 et
1627 831 1869 900 negatio-

272 949 431 998 nem;
473 940 666 1000 quarta
695 928 1043 982 relativorum
1071 932 1128 980 et
1155 925 1272 993 ejus
1296 937 1419 994 qua:
1456 932 1540 978 est
1572 922 1868 977 secundum

274 1024 518 1079 habitum
566 1030 621 1077 et
651 1018 1037 1089 privationem;
1070 1015 1251 1086 quinta
1282 1014 1629 1071 relativorum
1675 1021 1730 1067 et
1753 1013 1871 1079 ejus

273 1132 395 1187 quae
420 1125 505 1170 est
525 1110 901 1167 aftirmationis
924 1117 978 1163 et
1009 1106 1341 1179 negationis;
1372 1116 1524 1163 sexta
1549 1104 1872 1175 privationis

273 1218 327 1261 et
360 1205 572 1262 habitus
595 1205 663 1259 ad
684 1202 1023 1273 negationem
1053 1209 1107 1255 et
1147 1198 1580 1253 alﬁrmationem.
1618 1195 1724 1251 Sed
1748 1204 1873 1265 post

274 1300 376 1353 bas
420 1298 825 1366 oppositionum
858 1292 1187 1347 differentias
1215 1291 1461 1361 quaedam
1489 1290 1560 1346 de
1589 1289 1873 1344 contrariis

274 1392 339 1444 ad
372 1392 575 1444 multas
602 1386 933 1457 proficientia
964 1383 1289 1454 quaestiones
1323 1382 1393 1438 ab
1436 1381 1727 1437 Aristotele
1766 1390 1873 1435 tra-

276 1484 502 1537 duntur.

348 1593 681 1649 Contrarium
729 1602 901 1646 autem
926 1602 1001 1646 est
1041 1591 1174 1645 bono
1220 1591 1428 1661 quidem
1476 1604 1539 1644 ea:
1578 1585 1876 1641 necessitate

275 1686 500 1748 malum,
520 1685 616 1738 Itoc
640 1694 810 1737 autem
833 1685 1008 1755 palam
1034 1691 1107 1737 est
1147 1698 1237 1751 per
1260 1680 1582 1752 singulorum
1616 1678 1877 1732 inductio-

278 1794 423 1844 nem,
445 1786 501 1831 ut
525 1777 734 1831 sanitati
758 1776 997 1846 languor,
1026 1785 1074 1828 et
1091 1775 1318 1847 justitiai
1344 1772 1624 1846 injustitia,
1654 1780 1701 1825 et
1729 1770 1876 1841 forti-

276 1870 458 1924 tudini
482 1870 753 1933 timiditas,
779 1840 1017 1922 similiter
1046 1840 1220 1921 autem
1261 1876 1309 1920 et
1338 1840 1409 1920 inv
1432 1866 1571 1919 aliis.
1602 1862 1745 1919 Malo
1784 1878 1876 1916 au-
1906 1840 1956 1902 Β

274 1971 378 2017 tem
408 1964 694 2033 aliquando
722 1963 909 2016 bonum
924 1961 1129 2025 quidem
1151 1968 1227 2015 est
1243 1957 1876 2026 contrarium,a!iquando

272 2063 449 2108 autem
479 2050 695 2120 malum,
722 2054 934 2125 egestati
965 2052 1123 2119 enim,
1169 2068 1287 2106 cum
1322 2054 1387 2105 sit
1434 2054 1653 2121 malum,
1696 2067 1879 2121 super-

271 2146 597 2199 abundantia
623 2148 885 2199 contraria
909 2154 1008 2208 est,
1052 2161 1169 2199 cum
1208 2147 1363 2198 etiam
1401 2146 1515 2215 ipsa
1557 2146 1623 2200 sit
1662 2144 1874 2199 malum.

272 2237 540 2293 Similiter
564 2247 740 2291 autem
780 2249 829 2292 et
864 2238 1199 2292 mediocritas
1228 2239 1493 2292 contraria
1527 2238 1732 2308 utrique
1761 2254 1877 2292 cum

273 2327 366 2393 sit,
390 2326 587 2380 bonum
612 2338 713 2392 est,
741 2328 831 2382 sed
850 2327 907 2381 in
946 2330 1123 2395 paucis
1161 2329 1257 2381 hoc
1283 2326 1386 2382 tale
1424 2328 1678 2399 quispiam
1714 2328 1881 2397 inspi-

271 2419 395 2488 εἰει,
418 2420 475 2474 in
502 2418 737 2490 pluribus
766 2435 886 2473 vero
914 2434 1115 2489 semper
1143 2419 1282 2472 malo
1330 2418 1519 2472 bonum
1563 2420 1879 2474 contrarium

271 2525 377 2570 est.
616 2524 619 2525 ⁷

354 2629 475 2683 Hoc
507 2631 624 2684 loco
646 2635 969 2684 monstratur
1010 2627 1153 2700 quod
1201 2642 1362 2684 omne
1408 2626 1607 2683 bonum
1663 2640 1882 2696 semper

271 2720 428 2777 malo
458 2721 787 2775 contrarium
815 2729 919 2786 est,
954 2735 1062 2775 non
1102 2729 1279 2774 autem
1311 2719 1457 2774 omni
1489 2718 1632 2773 malo
1660 2732 1878 2785 semper

272 2812 504 2877 bonum,
551 2828 673 2868 nam
702 2813 1061 2884 quodcunque
1102 2811 1264 2867 fuerit
1296 2812 1516 2875 bonum,
1567 2809 1742 2864 solum
1804 2808 1881 2882 illi

275 2905 479 2960 malum
516 2906 847 2961 contrarium
882 2914 986 2971 est,
1018 2904 1161 2959 malo
1189 2914 1366 2959 autem
1393 2912 1449 2958 et
1477 2904 1673 2958 bonum
1704 2910 1883 2971 potest

277 3011 407 3053 esse
448 2998 780 3052 contrarium
834 3008 890 3052 et
932 2996 1154 3053 malum.
1186 2995 1415 3052 Sanitati
1446 2995 1589 3051 enim
1608 3009 1726 3065 qua:
1741 2993 1882 3049 bona

279 3097 391 3152 est,
436 3090 694 3160 :egritudo
721 3105 843 3160 qua:
873 3096 957 3146 est
987 3089 1148 3157 mala,
1196 3088 1466 3143 contraria
1517 3096 1620 3143 est.
1674 3086 1882 3142 Rursus

276 3183 521 3239 felicitati
549 3199 672 3254 qua:
701 3194 786 3239 est
822 3183 985 3250 bona,
1028 3182 1316 3238 infelicitas
1355 3196 1475 3253 qua:
1516 3182 1627 3252 ipsa
1668 3194 1883 3251 quoque

276 3287 363 3333 est
392 3278 553 3343 mala,
578 3277 851 3331 contraria
897 3285 998 3330 est.
1037 3275 1131 3330 Est
1174 3284 1354 3328 autem
1399 3274 1641 3328 invenire
1682 3271 1880 3326 malum

275 3370 431 3441 quod
462 3370 596 3425 duas
624 3370 786 3425 habet
809 3370 1241 3433 contrarietates,
1275 3368 1397 3421 boni
1424 3366 1635 3421 scilicet
1671 3374 1727 3421 et
1745 3365 1882 3420 alte-

276 3463 399 3519 rius
424 3463 572 3516 mali.
606 3461 738 3516 Nam
759 3476 880 3515 cum
911 3475 973 3515 ea
995 3467 1123 3514 sunt
1148 3458 1416 3514 contraria
1448 3472 1568 3528 quae
1606 3471 1635 3509 a
1678 3470 1737 3510 se
1763 3455 1885 3525 plu-

277 3554 482 3611 ﬁmum
502 3554 733 3619 distent,
765 3568 886 3608 cum
918 3551 985 3606 sit
1017 3551 1276 3606 timiditas
1316 3549 1529 3605 habitus
1564 3548 1729 3602 animi
1758 3562 1882 3616 pes-

279 3646 486 3710 simus,
513 3646 644 3699 duas
660 3643 823 3698 habet
845 3643 1273 3708 contrarietates,
1300 3642 1657 3695 temeritatem
1679 3639 1886 3693 scilicet

278 3748 337 3796 et
360 3739 753 3806 fortitudinem,
781 3755 905 3793 nam
936 3739 1024 3809 qui
1051 3739 1231 3792 omnia
1263 3738 1413 3792 timet
1433 3744 1488 3791 et
1527 3726 1609 3789 est
1634 3733 1879 3798 timidus,

280 3844 340 3891 ιι
368 3834 460 3904 qui
489 3834 621 3889 nihil
644 3834 796 3888 timet
826 3832 1125 3904 omnino'in
1146 3846 1254 3903 quo
1279 3839 1361 3886 est
1400 3829 1699 3893 temeritas,
1728 3814 1886 3899 longe

282 3938 316 3980 ι
348 3925 687 3980 scsedistant
715 3933 768 3979 et
803 3924 1130 3993 discrepant,
1181 3924 1431 3994 quocirca
1471 3922 1573 3978 sibi
1618 3920 1884 3977 contraria

274 4016 443 4081 sunt,
467 4032 588 4071 cum
610 4027 835 4086 utraque
856 4016 962 4071 sint
985 4015 1147 4070 mala.
1171 4014 1379 4070 Rursus
1406 4013 1662 4086 quoniam
1684 4013 1882 4067 bonum

226 4156 241 4166 ,
284 4101 445 4157 Italo
486 4103 831 4164 contrarium,
863 4112 916 4155 ct
976 4099 1231 4155 fortitudo
1286 4099 1423 4154 bona
1473 4109 1579 4165 est,
1631 4097 1888 4151 timiditas

296 4194 448 4250 Itala
477 4194 594 4262 erit,
622 4203 676 4249 et
715 4194 817 4247 i-rit
864 4176 1171 4248 fortitudini
1223 4190 1489 4246 contraria
1538 4191 1888 4260 oppositaque

292 4284 580 4341 timiditas.
612 4285 736 4339 Duae
760 4284 920 4354 igitur
946 4284 1356 4340 contrarietates
1376 4291 1723 4352 opponuntur
1754 4280 1891 4334 timi-

290 4378 479 4443 ditati,
510 4380 783 4432 temeritas
805 4386 859 4431 et
889 4376 1176 4441 fortitudo;
1199 4376 1294 4430 sed
1322 4374 1599 4429 temeritas
1616 4370 1892 4427 contraria

290 4480 392 4527 est
432 4470 724 4524 secundum
770 4469 1131 4539 longissimam
1162 4466 1471 4522 distantiam
1513 4464 1891 4534 quantitatem-

294 4578 412 4637 que
437 4563 794 4634 discrepantis
839 4562 1055 4616 habitus
1085 4571 1246 4630 atque
1288 4557 1563 4614 contrarii.
1612 4555 1893 4610 Timiditas

293 4672 439 4713 vero
458 4655 758 4710 fortitudini
789 4655 1001 4709 videtur
1026 4653 1307 4725 opposita,
1340 4650 1636 4708 secundum
1677 4648 1901 4720 qualita-

293 4759 417 4805 tem
458 4747 709 4801 bonitatis
737 4756 897 4817 atque
928 4745 1166 4800 malitiai.
1224 4744 1401 4811 Quare
1450 4739 1780 4795 sufﬁcienter
1817 4746 1902 4795 est

295 4841 735 4898 demonstratum
787 4839 923 4894 bona
978 4852 1190 4906 semper
1231 4836 1384 4890 malis
1436 4848 1556 4889 esse
1607 4829 1899 4893 contraria,

295 4934 455 4990 mals
480 4946 609 4987 vero
648 4932 810 4987 etiam
842 4930 1017 4985 malis.
1072 4928 1315 4985 lnductio
1344 4936 1523 4983 autem
1555 4932 1640 4980 est
1667 4921 1903 4993 singulo-

296 5040 435 5083 rum
462 5026 826 5092 exemplorum
857 5024 1122 5088 collectio,
1150 5032 1205 5077 et
1230 5022 1296 5076 ad
1326 5018 1686 5075 universalem
1714 5030 1811 5086 per
1839 5029 1902 5069 ea

260 5128 269 5133 ‘
297 5118 676 5188 cognitionem
707 5116 1191 5185 collectioncmque
1227 5112 1490 5176 reductio,
1515 5119 1574 5163 ut
1602 5109 1645 5163 si
1676 5104 1797 5176 quis
1825 5104 1908 5160 di-
1976 5142 1979 5147 ς

251 5224 259 5229 '
297 5221 405 5268 cat
434 5210 524 5281 qui
549 5210 806 5265 musicam
833 5208 979 5262 novit
1007 5208 1239 5261 musicus
1272 5214 1372 5268 est,
1407 5212 1462 5258 et
1487 5203 1554 5256 ab
1583 5215 1644 5255 ca
1668 5197 1909 5254 denomi-
1980 5262 1983 5271 η

300 5310 502 5365 natur,
528 5310 583 5356 et
608 5301 847 5354 medicus
871 5298 959 5369 qui
992 5298 1337 5359 medicinam,
1383 5306 1568 5348 rursus
1598 5291 1685 5361 qui
1727 5303 1908 5358 gram-

252 5410 253 5413 ‘
297 5395 569 5452 maticam
598 5392 997 5464 grammaticus,
1032 5401 1085 5443 ct
1111 5405 1175 5443 ex
1223 5389 1305 5441 his
1339 5383 1565 5453 singulis
1611 5382 1771 5437 rebus
1800 5378 1911 5434 col-

302 5491 448 5559 ligat
470 5487 867 5553 universalitcr,
892 5493 944 5539 et
965 5483 1270 5553 quicunque
1298 5481 1534 5549 aliquam
1565 5483 1736 5530 artem
1760 5472 1911 5527 novit

300 5581 560 5653 ejusdem
602 5579 1037 5637 denoniinatione
1089 5576 1347 5647 signatur,
1409 5582 1519 5625 uta
1566 5568 1910 5640 grammatica
1974 5616 1981 5619 _

300 5690 720 5749 grammaticus,
777 5691 807 5730 a
838 5674 1104 5729 medii-ina
1136 5672 1394 5736 medicus,
1422 5680 1474 5724 et
1499 5678 1692 5724 caetera
1724 5665 1911 5735 bujus-

302 5771 490 5828 modi.
508 5770 769 5839 Quocirca
801 5769 905 5824 hoc
925 5766 1067 5838 quod
1110 5780 1268 5835 supra
1310 5763 1567 5819 diximus
1592 5761 1661 5817 de
1706 5766 1915 5816 contra-

303 5863 436 5930 riis,
481 5864 797 5921 Aristoteles
840 5861 1213 5931 exemplorum
1251 5853 1561 5928 planissima
1608 5851 1915 5911 inductione

1968 572 2090 613 esse
2110 558 2397 621 contraria,
2438 558 2492 612 in
2532 557 2868 627 paucissimis
2898 557 3144 624 inveniri,
3184 571 3417 627 semper
3448 554 3554 612 'au-

1968 658 2075 705 tem
2108 650 2241 705 mala
2274 650 2428 706 bonis
2450 644 2571 706 esse
2591 650 2881 706 contraria.
2916 650 3047 705 Nam
3070 658 3125 707 et
3153 646 3207 705 in
3233 650 3316 705 bis
3342 650 3474 721 ipsis
3503 651 3557 707 in

1969 743 2165 813 quibus
2212 742 2351 797 mala
2396 742 2554 798 malis
2602 744 2872 798 contraria
2921 752 3065 808 sunt,
3112 736 3266 798 inest
3298 751 3474 798 tamen
3500 749 3558 799 ut

1970 838 2131 896 etiam
2160 837 2317 892 simul
2361 837 2520 892 bonis
2548 837 2813 891 contraria
2849 850 2970 890 esse
2995 835 3300 904 videantur,
3332 843 3390 888 ut
3419 835 3557 888 timi-

1971 929 2131 992 ditas,
2164 928 2416 997 quoniam
2467 925 2757 982 temeritati
2806 924 3076 982 contraria
3117 936 3222 991 εει,
3285 925 3444 981 simul
3474 934 3558 981 est

1972 1026 2132 1081 etiam
2177 1023 2474 1078 fortitudini
2505 1016 2936 1079 contraria.'Sed
2968 1036 3075 1076 non
3116 1028 3468 1085 necesse‘est,
3501 1031 3559 1073 ut

1972 1118 2328 1189 quodcunque
2357 1106 2553 1171 malum
2579 1115 2723 1170 bono
2751 1124 2836 1169 est
2857 1115 3211 1179 contrarium,
3241 1108 3367 1167 mox
3392 1114 3553 1167 etiam

1973 1213 2099 1269 mali
2125 1226 2248 1267 esse
2277 1210 2633 1274 contrarium,
2666 1218 2721 1264 ut
2743 1208 3007 1277 aegritudo
3049 1200 3263 1262 sanitati
3319 1204 3556 1275 quidem,

1974 1307 2116 1378 quod
2143 1315 2227 1361 est
2262 1306 2459 1361 bonum
2498 1303 2769 1359 contraria
2819 1309 2925 1363 est.
2967 1298 3061 1355 alii
3102 1313 3231 1355 vero
3254 1296 3395 1352 malo
3431 1309 3560 1349 con-

1975 1402 2138 1458 traria
2181 1416 2287 1455 non
2316 1407 2420 1455 est.
2455 1398 2623 1454 Recte
2649 1397 2810 1464 igitur
2836 1395 3035 1450 dictum
3066 1383 3169 1458 est,
3200 1386 3561 1447 malumman

1973 1492 2302 1549 contrarium
2334 1492 2386 1545 in
2420 1489 2757 1556 paucioribus
2783 1487 3030 1544 inveniri.
3560 1488 3565 1498 ‘

2046 1584 2283 1655 Amplius
2308 1583 2622 1636 contrarium
2646 1596 2749 1633 non
2774 1579 3113 1633 necessarium
3142 1583 3237 1640 est,
3269 1575 3315 1630 si
3342 1575 3562 1628 alterum

1974 1679 2063 1744 sit,
2085 1676 2401 1746 etreliquum
2420 1690 2547 1727 esse.
2611 1672 2768 1727 Sanis
2800 1686 3019 1739 namque
3066 1659 3316 1731 omnibus,
3371 1667 3565 1720 sanitas

1977 1766 2183 1839 quidem
2207 1767 2322 1831 erit,
2351 1765 2568 1834 languor
2595 1778 2712 1817 vero
2735 1776 2837 1815 non
2877 1760 2992 1814 erit.
3041 1757 3296 1813 Similiter
3334 1764 3507 1809 autem
3522 1755 3566 1808 si

1980 1877 2154 1917 omnes
2192 1859 2293 1913 albi
2316 1859 2442 1921 sint,
2483 1856 2663 1909 albedo
2695 1852 2898 1921 quidem
2928 1852 3045 1916 erit,
3076 1848 3290 1920 nigredo
3330 1862 3445 1900 vero
3464 1842 3568 1900 non

1980 1955 2097 2008 erit.
2127 1950 2364 2017 Amplius
2406 1949 2451 2002 si
2483 1948 2749 2003 Socratem
2788 1961 2894 1998 esse
2922 1957 3126 2003 sanum.
3158 1939 3226 1993 ad
3251 1939 3306 1993 id
3335 1938 3569 2008 quodest

1981 2043 2248 2099 Socratem
2277 2041 2518 2109 languere
2557 2034 2871 2091 contrarium
2900 2041 2995 2095 est,
3036 2046 3152 2084 eum
3178 2045 3280 2083 non
3308 2029 3369 2081 sit
3410 2027 3569 2094 possi-

1980 2136 2081 2191 bile
2121 2144 2396 2203 utrumque
2420 2132 2583 2187 eidem
2617 2130 2787 2182 inesse
2828 2125 3005 2189 simul,
3034 2139 3136 2177 non
3165 2122 3261 2175 erit
3306 2118 3568 2188 possibile,

1980 2244 2097 2283 cum
2142 2212 2382 2281 alterum
2408 2221 2725 2277 contrarium
2772 2218 2858 2284 sit,
2899 2225 2948 2270 et
2990 2213 3243 2283 reliquum
3292 2225 3572 2275 esse;cum

1981 2321 2120 2374 enim
2148 2318 2244 2372 hoc
2271 2320 2357 2383 sit,
2389 2314 2659 2371 Socratem
2688 2325 2875 2365 sanum
2902 2324 3029 2375 esse,
3062 2322 3162 2361 non
3182 2304 3279 2358 erit
3306 2302 3438 2358 illud
3460 2302 3573 2356 lano

1981 2427 2134 2483 guere
2162 2409 2453 2465 Socratem.
3091 2454 3097 2459 ,

2056 2504 2263 2559 Dictum
2292 2510 2378 2557 est
2429 2500 2485 2554 in
2526 2497 2815 2563 relatione,
2861 2492 3107 2564 quaedam
3138 2489 3365 2546 relativa
3412 2484 3575 2544 simul

1983 2613 2105 2653 esse
2138 2593 2474 2658 naturaliter,
2523 2598 2584 2645 ut
2619 2604 2741 2645 cum
2791 2586 2863 2642 sit
2913 2584 3079 2649 illius,
3123 2588 3410 2652 paterest,
3453 2592 3575 2637 cum

1983 2706 2114 2748 vero
2140 2690 2209 2743 sit
2231 2695 2399 2757 pater,
2429 2684 2548 2739 sine
2569 2681 2680 2737 lilio
2701 2694 2822 2735 esse
2844 2691 2949 2732 non
2993 2690 3177 2745 posse.
3209 2671 3471 2740 Quocirca
3488 2670 3576 2725 ἐἰ-

1985 2782 2095 2838 mul
2126 2792 2342 2847 semper
2366 2785 2485 2830 sunt
2514 2781 2666 2843 pater
2687 2779 2743 2825 et
2781 2768 2943 2832 illius,
2980 2766 3082 2820 hoc
3111 2778 3243 2818 vero
3274 2766 3325 2816 in
3355 2770 3576 2816 contra-

1986 2874 2082 2929 riis
2110 2885 2216 2926 non
2245 2875 2349 2922 est.
2376 2862 2629 2922 Ait'enim
2660 2873 2767 2914 non
2810 2870 3036 2912 necesse
3065 2862 3149 2908 est
3173 2851 3333 2907 simul
3362 2862 3577 2919 semper

1986 2977 2106 3021 esse
2128 2958 2421 3017 contraria.
2452 2954 2511 3011 Si
2533 2953 2675 3010 enim
2702 2949 2883 3005 nullus
2909 2962 2988 3016 aig
3000 2954 3141 3002 rotet
3164 2952 3221 2999 et
3255 2943 3364 2998 sint
3389 2953 3578 2997 omnes

1986 3059 2126 3123 sani,
2158 3066 2281 3109 cum
2301 3050 2369 3104 sit
2398 3048 2633 3113 sanitas,
2664 3058 2773 3099 non
2803 3041 2909 3097 erit
2934 3036 3214 3109 aegritudo,
3235 3043 3293 3091 et
3313 3049 3418 3089 una
3444 3045 3578 3088 con-

1987 3121 2262 3205 trarietate
2288 3150 2558 3205 manente,
2604 3137 2707 3192 alia
2736 3134 2959 3192 omnino
2992 3144 3101 3186 non
3128 3129 3259 3194 erit,
3287 3134 3345 3181 ut
3376 3124 3423 3181 si
3456 3121 3580 3193 quis

1908 3227 1956 3291 (ἶ
1987 3242 2093 3298 hoc
2120 3239 2261 3294 idem
2292 3235 2438 3291 dicat
2461 3232 2532 3287 de
2557 3229 2766 3301 cygnis,
2808 3225 3009 3281 etenim
3049 3233 3240 3277 omnes
3265 3217 3421 3291 cygni
3456 3222 3580 3270 sunt
3666 3210 3671 3214 ’

1983 3332 2113 3399 albi,
2140 3330 2191 3384 in
2216 3326 2408 3400 cygnis
2452 3320 2674 3395 nigredo
2706 3333 2813 3373 non
2836 3315 2961 3372 erit.
2998 3314 3172 3383 Atque
3200 3306 3305 3366 hoc
3347 3308 3490 3364 idem
3511 3306 3581 3362 ad

1983 3420 2309 3480 universalia
2337 3413 2689 3472 referendum
2717 3417 2821 3465 est.
2853 3408 2986 3461 Nam
3029 3405 3075 3459 si
3102 3402 3280 3459 omnia
3308 3415 3430 3471 quas
3455 3406 3581 3455 sunt

1983 3513 2105 3580 alba
2130 3519 2276 3579 sunt,
2302 3506 2522 3562 omnino
2544 3500 2767 3573 nigredo
2788 3513 2895 3553 nun
2940 3495 3066 3551 erit.
3097 3493 3355 3548 Tractum
3394 3497 3576 3545 autem

1986 3604 2091 3659 hoc
2118 3600 2331 3656 videtur
2356 3611 2479 3654 esse
2500 3592 2771 3665 sigillatim
2803 3604 2834 3644 a
2862 3586 3126 3658 partibus.
3150 3584 3280 3638 Nam
3301 3580 3447 3650 quod
3472 3580 3583 3638 duo

1986 3694 2257 3753 contraria
2289 3693 2342 3747 in
2367 3689 2561 3747 eodem
2590 3699 2702 3741 uno
2728 3681 3027 3749 eodemque
3065 3687 3445 3745 temporeesse
3476 3686 3584 3731 non

1987 3795 2234 3860 possunt,
2262 3791 2323 3839 ut
2340 3781 2598 3838 Socrates
2616 3790 2738 3832 cum
2762 3787 2923 3829 sanus
2944 3775 3318 3849 est,a:grotus
3345 3779 3453 3820 non
3478 3770 3582 3829 est,

1989 3856 2044 3936 et
2072 3892 2194 3933 cum
2236 3889 2401 3930 sanus
2427 3882 2532 3937 est,
2561 3874 2815 3924 manente
2835 3862 3089 3924 sanitate,
3119 3872 3225 3913 non
3255 3871 3377 3913 esse
3390 3856 3586 3927 poterit

1990 3968 2276 4043 aegritudo.
2329 3965 2398 4023 Et
2443 3960 2695 4023 nouerit
2752 3953 3118 4013 necessarium
3168 3964 3275 4004 uno
3312 3945 3586 4004 contrario

1989 4068 2186 4138 posito,
2213 4078 2337 4119 mox
2366 4057 2624 4127 subsequi
2654 4055 2906 4109 alterum.
2941 4047 3071 4103 Nam
3103 4043 3151 4097 si
3177 4053 3400 4097 necesse
3438 4047 3588 4093 esset

1992 4136 2101 4213 uno
2129 4153 2404 4211 contrario
2452 4148 2767 4212 constituto,
2814 4159 2937 4199 mox
2988 4137 3135 4195 aliud
3182 4136 3354 4205 sequi,
3407 4136 3588 4205 posset

1992 4247 2140 4303 idem
2188 4244 2442 4298 Socrates
2492 4255 2601 4294 uno
2649 4236 2950 4304 eodemque
3014 4242 3277 4300 tempore,
3326 4233 3384 4279 et
3429 4234 3589 4278 sanus

1993 4352 2115 4394 esse
2140 4345 2373 4405 etaiger,
2396 4329 2543 4402 quod
2577 4328 2695 4383 ﬁeri
2735 4339 2842 4381 non
2885 4327 3081 4390 potest.
3127 4317 3246 4372 Non
3296 4323 3381 4369 est
3429 4313 3591 4383 igitur

1996 4440 2218 4484 necesse
2238 4400 2360 4480 c—um
2404 4400 2475 4476 sit
2505 4434 2608 4474 una
2649 4412 3006 4471 contrarietas
3054 4423 3179 4464 mox
3206 4407 3371 4461 aliam
3413 4400 3590 4472 sequi.

1999 4519 2263 4588 Quocirca
2308 4514 2427 4570 ﬁeri
2458 4521 2635 4584 potest
2664 4519 2723 4565 ut
2764 4523 2886 4564 cum
2918 4519 3082 4560 unum
3128 4498 3477 4571 contrarium,
3504 4495 3592 4560 sit,

1924 4604 2144 4667 Daliud
2176 4624 2282 4664 non
2311 4607 2401 4662 sit.
2442 4605 2609 4674 quue
2649 4602 2702 4657 in
2750 4597 3109 4669 singularibus
3158 4596 3319 4647 etiam
3370 4600 3592 4645 necesse

2003 4713 2109 4770 est,
2132 4710 2194 4758 ut
2220 4701 2273 4755 in
2297 4714 2361 4755 eo
2383 4696 2524 4767 quod
2570 4704 2654 4750 est
2680 4694 2953 4749 Socratem
2983 4702 3105 4763 esse
3132 4697 3348 4749 sanum,
3379 4695 3485 4736 non
3512 4685 3593 4734 est

2005 4797 2285 4854 Socratem
2328 4800 2610 4861 aegrotare,
2650 4784 2793 4856 quod
2820 4779 3058 4838 Socratis
3087 4775 3301 4832 sanitati
3338 4782 3422 4829 est
3465 4785 3593 4826 con-

2007 4887 2247 4944 trarium.
2334 4884 2586 4938 Socrates
2652 4877 2797 4934 enim
2849 4885 3152 4945 quanquam
3210 4865 3595 4924 contrariorum

2007 4974 2366 5048 susceptibil'ts
2428 4976 2517 5038 sit,
2571 4974 2823 5041 quoniam
2888 4965 3184 5021 substantia
3240 4969 3342 5022 est,
3420 4966 3597 5011 tamen

2009 5088 2115 5128 uno
2138 5070 2433 5139 eodemque
2464 5048 3005 5135 tenipore‘contraria
3048 5064 3271 5125 utraque
3316 5067 3422 5107 non
3472 5063 3591 5102 sus-

2010 5163 2158 5232 cipit.

2084 5275 2269 5330 Palant
2296 5288 2412 5328 vero
2442 5281 2515 5327 est
2543 5269 2678 5340 quod
2706 5277 2754 5322 et
2780 5267 2915 5321 circa
2940 5265 3075 5319 idem
3104 5270 3193 5316 aut
3222 5258 3385 5329 specie
3410 5264 3497 5308 aut
3518 5244 3599 5323 ge.

2012 5387 2131 5427 nere
2158 5380 2343 5424 natura
2361 5366 2547 5420 habent
2575 5365 2686 5433 fieri
2712 5360 2975 5417 contraria
3018 5374 3035 5411 :
3069 5358 3289 5424 languor
3315 5364 3531 5418 namque
3557 5358 3600 5401 et

2015 5466 2209 5520 sanitas
2248 5463 2302 5516 in
2330 5475 2543 5531 corpore
2564 5458 2803 5511 animalis
2833 5464 3017 5509 natura
3046 5450 3230 5503 habent
3261 5446 3390 5516 ﬁeri,
3424 5442 3598 5498 albeds

2016 5568 2187 5612 autem
2227 5565 2272 5610 et
2320 5552 2534 5626 nigredo
2563 5550 2865 5620 simpliciter
2891 5551 2944 5602 in
2991 5559 3226 5617 corpore,
3248 5538 3458 5614 justitia
3484 5551 3600 5591 vero

2016 5652 2069 5706 in
2089 5649 2262 5704 anima
2283 5645 2511 5701 hominis
2535 5652 2583 5699 et
2609 5642 2885 5715 injustitia.

2089 5750 2257 5810 Docet
2301 5752 2443 5806 circa
2488 5762 2609 5819 qua:
2645 5759 2860 5815 semper
2889 5741 3098 5814 possint
3136 5753 3259 5796 esse
3306 5736 3598 5793 contraria.

2019 5848 2108 5906 Ait
2133 5845 2278 5905 enim
2306 5843 2450 5903 circa
2475 5853 2568 5899 eas
2605 5853 2689 5898 res
2720 5851 2838 5908 quae
2866 5844 2960 5894 aut
2991 5848 3188 5908 genere
3233 5836 3420 5891 eadem
3461 5830 3595 5896 sint,
