4022 6328
486 316 589 377 283

1722 309 1836 369 ΔΝ.
1876 308 2106 369 MANL.
2143 309 2299 369 SEV.
2339 311 2567 372 BOETII

3677 326 3777 383 28d

488 444 582 493 aut
603 419 812 504 Specie,
839 422 898 491 ut
933 424 1018 493 est
1047 446 1244 505 corpus
1262 431 1478 504 quidem
1517 432 1766 493 animalis
1796 449 1958 495 unum
1989 448 2078 490 se-
2105 434 2162 506 Α
2188 433 2438 505 dicimus,
2472 435 2573 490 hoc
2603 444 2686 491 est
2724 436 2939 507 quando
2964 436 3198 509 aliquam
3248 453 3364 496 rem
3399 440 3502 497 alia
3530 456 3619 501 res
3648 452 3775 500 tem'

489 530 725 587 cundum
759 541 948 597 genus,
987 526 1225 583 omnium
1260 525 1405 582 enim
1455 526 1765 587 animalium
1792 543 1956 584 unum
1988 542 2080 598 ge—

491 637 592 677 nus
622 630 725 683 est.
750 627 806 676 et
832 620 973 674 circa
1001 618 1104 674 hoc
1140 618 1405 688 aegritudo
1430 619 1513 677 vel
1540 620 1745 677 sanitas
1783 617 2071 677 invenitur.

492 713 748 770 Similiter
766 720 822 767 et
840 712 984 769 circa
1016 726 1215 781 corpus
1243 726 1403 768 omne
1425 710 1734 781 indiscrete,
1759 713 1844 770 vel
1875 714 2081 769 anima-

491 806 559 862 lis
581 806 667 860 vel
699 803 1000 871 inanimali,
1046 804 1240 860 albedo
1263 812 1317 860 et
1344 804 1569 876 nigredo
1600 816 1703 875 est,
1733 806 1896 877 quod,
1936 806 2081 863 scili-

491 909 577 955 cet
603 912 763 953 omne
787 912 982 967 corpus
998 906 1052 953 et
1073 899 1244 967 ipsum
1269 898 1566 955 secundum
1592 912 1764 968 genus
1781 908 1866 955 est
1891 914 2078 965 unum,

470 982 723 1060 'namque
758 989 841 1045 his
870 1005 1042 1060 genus
1071 999 1155 1047 est
1190 991 1511 1047 substantia.
1542 990 1754 1047 iustitia
1784 1006 1997 1064 quoque
2025 1001 2081 1049 et

490 1081 748 1151 iniustitia
778 1083 828 1137 in
856 1083 1033 1137 anima
1063 1092 1165 1139 est.
1195 1082 1385 1141 Omnis
1414 1092 1593 1140 autem
1622 1084 1802 1141 anima
1843 1100 1962 1155 quae
1992 1084 2079 1155 ju-

489 1174 688 1231 stitiam
734 1174 1157 1245 injustitiamque
1200 1176 1444 1245 suscipit,
1477 1176 1756 1235 rationalis
1780 1184 1882 1244 est,
1914 1175 1968 1232 id
1998 1186 2081 1245 est

490 1264 760 1332 hominis;
792 1269 887 1323 sed
933 1282 1123 1324 omnes
1153 1268 1402 1326 homines
1444 1268 1585 1325 idem
1632 1280 1758 1331 sunt
1783 1270 2077 1331 secundum

488 1358 743 1427 speciem,
773 1374 961 1419 omnes
990 1358 1153 1430 igitur
1176 1362 1371 1417 animae
1395 1362 1600 1419 easdem
1629 1361 1925 1421 secundum
1951 1377 2078 1432 spe.-

488 1448 624 1505 ciem
662 1460 817 1517 sunt;
870 1450 1078 1521 iustitia
1107 1466 1236 1522 ergo
1264 1461 1319 1513 et
1361 1451 1623 1523 injuStitia
1671 1453 1813 1509 circa
1861 1452 2078 1511 easdem

488 1553 577 1597 res
617 1539 911 1601 secundum
963 1540 1197 1612 speciem
1227 1543 1590 1613 reperiuntur.
1636 1543 1900 1611 Quocirca
1936 1554 2080 1613 recte

488 1634 597 1704 iam
641 1633 950 1690 conclusum
1003 1642 1105 1700 est,
1134 1635 1315 1690 omnia
1352 1635 1620 1692 contraria
1657 1636 1795 1692 circa
1852 1635 2071 1709 easdem

489 1739 581 1781 res
605 1724 694 1781 vel
733 1724 1024 1785 secundum
1049 1739 1237 1796 genus,
1282 1726 1368 1781 vel
1397 1725 1696 1783 secundum
1728 1728 1967 1797 speciem
1999 1728 2082 1795 iu-

492 1818 686 1875 veniri.

560 1911 921 1968 Necessarium
945 1920 1020 1969 εει
1039 1920 1208 1969 autem
1231 1914 1408 1968 omnia
1429 1912 1691 1969 contraria
1712 1913 1789 1969 vel
1822 1913 1879 1967 in
1904 1914 2080 1981 eodem

488 2021 671 2078 genere
693 2021 823 2074 esse,
862 2005 939 2060 uel
968 2006 1024 2061 in
1050 2006 1323 2061 contrariis
1363 2006 1632 2077 generibus
1669 2023 1797 2072 esse,
1840 2008 1915 2060 uel
1966 2007 2082 2077 ipsa

488 2113 676 2169 genera
701 2113 832 2154 esse.
868 2097 1053 2153 Album
1093 2099 1229 2153 enim
1255 2106 1304 2157 et
1349 2099 1552 2169 nigrum
1579 2098 1634 2152 in
1679 2097 1857 2161 eodem
1898 2113 2082 2171 genere

488 2199 625 2257 sunt,
655 2191 800 2245 color
820 2191 954 2245 enim
985 2206 1144 2263 genus
1169 2206 1347 2251 eorum
1390 2199 1489 2255 est;
1526 2190 1729 2264 iustitia
1758 2204 1876 2245 uero
1913 2198 1961 2255 et
2000 2191 2083 2251 in-

488 2282 684 2355 iustitia
707 2283 763 2337 in
788 2282 1059 2338 contrariis
1090 2283 1378 2354 generibus,
1412 2284 1554 2343 illius
1599 2284 1739 2349 enim
1764 2283 1947 2349 uirtus,
1984 2282 2082 2341 Im-

489 2375 572 2448 itts
609 2384 778 2430 autem
825 2377 1051 2447 nequitia
1081 2392 1242 2447 genus
1265 2385 1357 2431 est.
1397 2376 1599 2431 Bonum
1637 2391 1754 2435 vero
1801 2384 1851 2433 et
1885 2376 2081 2431 malum

490 2479 594 2521 non
632 2476 751 2522 sunt
776 2468 830 2523 in
876 2469 1193 2541 genere,.sed
1242 2469 1359 2540 ipsa
1401 2478 1519 2529 sunt
1562 2485 1746 2543 genera
1790 2469 2082 2541 aliquorum

490 2560 780 2616 existentia.
1070 2626 1075 2629 γ

561 2650 824 2707 Monstrat
852 2652 906 2707 id
930 2653 1073 2723 quod
1108 2653 1376 2724 reliquum
1404 2662 1507 2723 est,
1545 2653 1599 2712 id
1627 2644 1718 2711 est
1741 2654 1831 2715 ubi
1859 2664 2084 2724 possunt

489 2760 705 2818 semper
757 2751 1025 2804 contraria
1074 2751 1355 2821 vestigari,
1406 2751 1587 2806 omnia
1633 2750 1778 2807 enim
1806 2765 1927 2820 qua:
1955 2756 2084 2813 sunt

489 2839 780 2907 contraria,
812 2848 905 2896 aut
932 2841 1034 2896 sub
1070 2841 1263 2898 eodem
1293 2856 1495 2912 genere
1523 2850 1670 2909 sunt,
1703 2851 1799 2901 aut
1823 2841 1925 2899 sub
1951 2856 2085 2897 con-

489 2933 673 2988 trariis
716 2935 1027 3004 generibus,
1072 2944 1164 2992 aut
1209 2936 1323 3005 ipsa
1354 2943 1480 2991 sunt
1503 2950 1724 3006 genera.
1755 2934 1867 2991 Sub
1891 2934 2082 2995 eodem

489 3039 690 3096 genere
717 3037 839 3082 sunt
868 3030 1161 3095 contraria,
1191 3037 1251 3084 ut
1277 3029 1458 3085 album
1501 3037 1559 3084 et
1606 3029 1816 3099 nigrum
1845 3028 1947 3087 sub
1975 3042 2082 3087 uno

489 3129 711 3187 genere,
740 3116 793 3173 id
821 3130 906 3174 est
945 3119 1150 3190 colore,
1182 3121 1335 3177 color
1357 3120 1499 3177 enim
1536 3119 1801 3176 albedinis
1821 3131 1876 3179 et
1902 3122 2083 3190 nigre-

2184 542 2316 599 pore
2347 528 2619 597 prmeedit,
2653 538 2705 584 et
2735 540 2974 600 superat,
3019 539 3074 587 et
3108 531 3234 591 dum
3266 536 3486 605 proprie
3513 535 3774 607 loquimur

2183 621 2476 676 secundum
2523 621 2779 691 temporis
2819 623 3251 691 praecessionem.
3306 625 3449 685 aliud
3506 628 3773 697 antiquus

2184 713 2456 779 dicimus,
2535 716 2678 779 aliud
2726 717 2928 775 senius.
2992 717 3279 788 Antiquius
3329 719 3545 789 quidem
3604 721 3659 777 in
3713 721 3774 776 iis

2183 821 2304 879 quae
2370 807 2665 865 inanimata
2715 820 2883 877 sunt,
2940 818 2999 867 ut
3050 811 3345 883 Porphyrio
3411 812 3623 883 placet,
3692 828 3769 869 se-

2184 902 2309 958 nius
2348 916 2478 958 vero
2528 903 2581 960 in
2635 904 2701 959 iis
2757 919 2877 974 quae
2943 906 3121 962 anima
3178 920 3286 962 non
3353 917 3541 963 carent
3574 927 3589 962 :
3622 918 3681 963 ut
3729 910 3771 964 si

2182 994 2303 1065 quis
2350 993 2497 1050 dicat
2552 994 2827 1065 antiquius
2901 996 3065 1061 fuisse
3130 996 3330 1054 bellum
3399 998 3770 1059 Thebanorum

2183 1097 2343 1157 atque
2366 1086 2679 1144 Graecorum
2718 1087 2897 1159 Troia
2925 1088 3159 1155 excidio,
3212 1088 3413 1146 idcirco
3443 1090 3586 1162 quod
3637 1099 3771 1146 tem-

2182 1194 2315 1249 pore
2339 1181 2628 1250 praecedat,
2670 1180 2763 1236 lilii
2789 1196 3020 1253 namque
3041 1182 3237 1239 ducum
3275 1184 3366 1255 qui
3397 1182 3656 1241 Thebano
3686 1197 3772 1252 pe-

2183 1271 2325 1328 riere
2359 1274 2564 1343 praelio,
2612 1274 2791 1344 Troia
2822 1273 3022 1345 praeliis
3054 1274 3436 1341 interfuerunt,
3467 1284 3525 1331 ut
3562 1274 3771 1330 Diome-

2182 1365 2281 1421 des
2324 1366 2510 1438 ΤΥ(ιωί
2558 1366 2721 1432 ﬁlius,
2756 1376 2810 1423 et
2839 1367 3092 1435 Stenelus
3123 1366 3265 1423 ﬁlius
3312 1367 3569 1438 Capanei.
3601 1367 3772 1437 Atque

2184 1456 2287 1513 hoc
2309 1458 2523 1528 quidem
2547 1458 2640 1521 ita,
2671 1457 2923 1527 quoniam
2965 1466 3052 1512 est
3080 1465 3138 1512 et
3170 1458 3224 1511 in
3250 1457 3429 1514 .rebus
3472 1455 3771 1513 inanimatis

2183 1551 2323 1622 quod
2353 1550 2625 1620 antiquius
2653 1549 2869 1619 dicitur,
2904 1557 2962 1604 ut
3002 1565 3127 1617 cum
3158 1547 3385 1607 dicimus
3414 1548 3767 1620 antiquiorem

2184 1655 2303 1697 esse
2329 1639 2749 1709 dominationem
2774 1654 2959 1709 regum
2988 1640 3041 1709 in
3080 1638 3296 1703 civitate
3322 1624 3581 1704 Romana,
3612 1654 3769 1715 quam

2184 1733 2464 1805 consulum
2499 1741 2554 1787 et
2578 1732 3003 1803 magistratuum.
3051 1730 3111 1791 In
3162 1731 3322 1799 rebus
3351 1746 3481 1795 vero
3518 1731 3771 1802 animatis

2109 1828 2159 1891 Β
2185 1827 2366 1884 senius
2421 1840 2699 1895 vocamus.
2774 1825 3060 1900 Seniorem
3104 1839 3334 1899 namque
3391 1826 3619 1883 dicimus
3676 1825 3771 1897 Py-

2185 1920 2461 1989 thagoram
2486 1912 2732 1991 Socrate,
2763 1917 3043 1987 Socratem
3076 1916 3388 1985 Aristotele,
3408 1916 3613 1987 idcirco
3633 1916 3772 1990 quod

2183 2025 2242 2071 se
2276 2010 2605 2082 temporibus
2635 2011 2976 2081 antecedant.
3011 2010 3153 2082 Ergo
3174 2009 3326 2085 prius
3355 2010 3581 2079 alterum
3606 2011 3773 2069 sltem

2184 2105 2379 2173 dicitur
2422 2105 2639 2176 proprie
2686 2104 2983 2173 secundum
3038 2113 3292 2176 tempus,
3349 2104 3545 2175 prioris
3595 2112 3774 2175 autem

2182 2209 2412 2269 quatuor
2460 2200 2611 2255 lbere
2651 2198 2949 2269 distantias,
2999 2204 3057 2252 ut
3096 2196 3213 2268 ipse
3269 2194 3583 2267 Aristoteles
3626 2195 3773 2267 dicit,

2184 2308 2306 2359 cum
2330 2295 2404 2349 ait
2432 2310 2447 2348 :
2482 2294 2636 2361 Prius
2658 2293 2889 2359 alterum
2913 2293 3085 2357 altero
3121 2290 3317 2361 dicitur
3340 2290 3774 2367 quadrupliciter.

2184 2385 2397 2457 Easque
2435 2384 2710 2455 sigillatim
2751 2384 2992 2447 breviter
3033 2392 3342 2453 enumerat,
3388 2381 3454 2439 ad
3491 2396 3627 2453 quas
3666 2382 3777 2453 ipse

2183 2479 2389 2535 addidit
2420 2480 2683 2549 quintam,
2738 2492 2859 2547 quae
2890 2476 3085 2545 priscis
3124 2472 3461 2546 philosophis
3502 2478 3651 2527 esset
3694 2472 3777 2527 in-

2186 2573 2417 2651 cognita.
2453 2572 2517 2628 Et
2548 2573 2801 2647 quoniam
2841 2571 2910 2626 de
2936 2571 3110 2649 primo
3139 2570 3333 2642 prioris
3373 2566 3534 2622 modo
3574 2565 3776 2621 dictum

2186 2673 2290 2731 est,
2327 2664 2395 2743 de
2424 2664 2661 2719 secundo
2690 2662 2953 2718 dicamus.

2278 2758 2520 2829 Secundo
2574 2766 2744 2827 autem
2798 2755 2933 2827 quod
2987 2770 3089 2827 non
3143 2751 3448 2823 convertitur
3502 2751 3777 2817 secundum

2185 2851 2495 2929 subsistendi
2537 2850 2967 2925 consequentiam,
3004 2857 3060 2903 ut
3099 2864 3256 2917 unum
3287 2846 3483 2900 duobus
3513 2844 3652 2917 prius
3680 2856 3777 2900 est:

2188 2944 2386 3021 duobus
2428 2944 2565 3011 enim
2610 2942 2959 3011 existentibus,
3004 2956 3125 3007 mox
3170 2954 3479 3011 consequens
3513 2949 3583 2990 est
3623 2952 3779 2990 unum
3872 2948 3875 2951 λ

2185 3054 2315 3115 esse,
2353 3053 2460 3109 uno
2494 3046 2663 3107 autem
2696 3037 2970 3115 existente,
3019 3051 3123 3105 non
3163 3042 3237 3107 est
3284 3031 3622 3097 necessarium
3679 3030 3781 3107 duo

2185 3147 2314 3193 esse.
2359 3129 2564 3201 Idcirco
2601 3145 2705 3201 non
2742 3128 3050 3199 convenitur
3090 3129 3153 3181 ab
3183 3141 3284 3197 uno
3312 3124 3687 3205 consequentia,
3723 3136 3780 3193 ur

489 3209 637 3266 diuis
658 3218 744 3265 est
771 3226 961 3280 genus.
990 3212 1119 3268 Haec
1146 3214 1286 3282 igtur
1307 3213 1408 3269 sub
1436 3226 1542 3266 uno
1564 3219 1689 3266 sunt
1713 3226 1937 3282 genere.
1963 3212 2081 3271 Alia

2185 3228 2251 3285 sit
2280 3228 2555 3297 reliquum,
2587 3226 2732 3303 prius
2762 3233 2932 3278 autem
2967 3223 3163 3277 videtur
3193 3219 3325 3289 illud
3351 3236 3458 3291 esse
3486 3237 3519 3273 a
3542 3235 3644 3291 quo
3681 3234 3782 3272 non

490 3312 622 3358 vero
651 3304 921 3358 contraria
965 3305 1019 3360 in
1062 3303 1352 3359 contrariis
1381 3302 1668 3373 generibus
1710 3304 2081 3372 inveniuntur,

490 3401 551 3449 ut
576 3393 781 3464 iustitia
820 3405 876 3451 et
904 3394 1185 3465 iniustitia.
1220 3394 1449 3451 iustitiae
1490 3396 1638 3451 enim
1679 3410 1846 3466 genus
1877 3406 1960 3455 est
1990 3398 2086 3454 bo-

491 3500 643 3554 num,
678 3486 957 3558 iniustitiae
984 3500 1118 3542 vero
1141 3486 1363 3552 malum,
1397 3486 1599 3545 malum
1623 3503 1752 3544 vero
1787 3490 1929 3553 bono
1958 3504 2086 3547 con-

490 3581 717 3635 trarium
746 3588 850 3647 est,
881 3578 1086 3649 iustitia
1125 3593 1256 3651 ergo
1285 3588 1340 3636 et
1370 3579 1628 3651 iniustitia
1673 3581 1773 3636 sub
1802 3583 2087 3639 contrariis

490 3674 780 3743 generibus
807 3678 950 3727 sunt.
986 3671 1192 3729 Rursus
1222 3672 1325 3729 alia
1354 3673 1468 3744 ipsa
1491 3681 1620 3730 sunt
1649 3688 1864 3745 genera,
1901 3685 1957 3731 ut
1989 3675 2087 3730 bo-

491 3758 621 3821 num
642 3775 698 3822 et
726 3767 944 3835 malum,
971 3775 1196 3839 utraque
1217 3778 1341 3825 sunt
1370 3783 1569 3840 genera
1601 3769 1703 3824 sub
1732 3783 1792 3825 se
1823 3769 2084 3825 malorum

492 3857 862 3930 bonorumque
883 3859 1201 3930 positorum,
1223 3869 1278 3917 et
1301 3876 1409 3915 non
1440 3862 1540 3916 hoc
1562 3876 1704 3916 nunc
1722 3860 1917 3917 dicitur
1937 3860 2081 3930 quod

491 3949 704 4008 bonitas
734 3962 789 4007 et
818 3952 1017 4007 malitia
1042 3952 1173 4007 nulli
1204 3953 1296 4007 alii
1317 3952 1502 4023 generi
1523 3953 1845 4015 subduntur,
1873 3969 2078 4023 ponun-

492 4051 581 4099 tur
610 4043 754 4099 enim
792 4044 893 4100 sub
929 4044 1207 4114 qualitate.
1249 4045 1355 4100 Sed
1388 4046 1788 4115 particularium
1820 4045 2082 4103 bonorum

492 4144 549 4193 et
570 4138 831 4193 malorum
862 4152 970 4193 non
998 4152 1119 4194 esse
1148 4138 1252 4193 alia
1284 4153 1500 4209 genera,
1535 4140 1636 4194 nisi
1678 4139 1851 4209 ipsum
1883 4140 2083 4195 bonum

493 4237 549 4284 et
571 4228 769 4284 malum
796 4229 1138 4300 generaliter.
1168 4228 1332 4284 Recte
1362 4229 1523 4301 igitur
1554 4228 1752 4284 bonum
1787 4240 1844 4285 et
1874 4232 2071 4285 malum

494 4319 719 4375 aliorum
751 4320 1150 4391 particularium
1175 4320 1460 4387 bonorum,
1486 4322 1855 4393 malorumque
1875 4338 2077 4394 genera

494 4423 622 4471 sunt
652 4427 948 4470 numerata.
994 4417 1171 4482 Quare
1203 4416 1504 4471 rectissime
1534 4416 1735 4472 dictum
1780 4426 1864 4473 est
1902 4419 2083 4473 omnia

493 4509 785 4575 contraria,
835 4515 928 4562 aut
968 4509 1068 4563 sub
1098 4508 1290 4564 eodem
1323 4522 1442 4563 esse
1472 4522 1687 4580 genere,
1731 4518 1787 4565 ut
1817 4509 1997 4564 album
2030 4521 2086 4567 et

2187 3321 2497 3387 convertitur
2526 3318 2722 3375 αδετιάὶ
2755 3316 3130 3391 consequentia.

2256 3411 2529 3481 Secunda,
2574 3411 2765 3487 inquit,
2797 3407 3113 3483 signiﬁcatio
3153 3404 3347 3478 prioris
3374 3410 3477 3483 est,
3518 3416 3639 3483 qua
3680 3416 3784 3477 non

2186 3516 2432 3576 tempore
2471 3504 2807 3575 intelligitur,
2855 3501 2949 3571 sed
2996 3512 3205 3566 natura,
3251 3506 3307 3555 et
3346 3499 3450 3553 hoc
3492 3496 3570 3551 ait
3609 3510 3641 3551 a
3678 3511 3784 3567 quo

2186 3616 2296 3665 non
2342 3599 2677 3659 convertitur
2723 3593 3050 3671 subsistendi
3097 3592 3500 3665 consequentia.
3550 3589 3685 3645 Nam
3738 3590 3784 3657 si

2186 3695 2307 3763 dum
2346 3708 2434 3751 res
2468 3692 2541 3761 ita
2581 3690 2689 3759 sint
2716 3688 2999 3760 oppositae,
3028 3696 3084 3741 ut
3114 3685 3161 3740 si
3192 3699 3294 3740 una
3332 3687 3422 3763 sit,
3461 3696 3689 3738 necesse
3713 3683 3785 3759 sit

2186 3760 2308 3845 esse
2331 3760 2602 3852 aliam,et
2628 3782 2676 3853 si
2707 3783 2810 3849 alia
2842 3780 2933 3846 sit,
2962 3792 3067 3851 non
3099 3790 3327 3832 necesse
3346 3762 3422 3847 sii
3450 3788 3570 3849 esse
3596 3774 3783 3849 aliam,

2186 3854 2278 3936 illa
2316 3877 2461 3949 prior
2498 3882 2582 3932 est
2619 3887 2722 3949 qua
2764 3873 2934 3947 posita
2976 3879 3033 3925 ut
3069 3868 3161 3939 sit,
3204 3882 3311 3925 non
3348 3875 3433 3923 est
3466 3864 3627 3920 aliam
3660 3878 3788 3933 esse

2187 3987 2439 4041 necesse,
2491 3977 2546 4027 et
2590 3968 2693 4039 huc
2740 3965 2961 4039 quidem
3010 3962 3386 4045 universaiiter
3431 3960 3635 4016 dictum
3677 3968 3784 4029 est.

2187 4068 2401 4125 Planius
2430 4077 2558 4120 vero
2584 4062 2667 4119 bis
2696 4061 2788 4118 ﬁet
2816 4058 3099 4131 exemplis.
3143 4058 3391 4114 Binarius
3419 4056 3565 4113 enim
3595 4069 3789 4133 nume-

2186 4178 2281 4220 rus
2317 4170 2373 4218 et
2413 4160 2587 4223 unitas
2622 4172 2742 4223 eam
2787 4157 2985 4217 retinet
3017 4163 3293 4222 naturam,
3335 4160 3394 4206 ut
3431 4149 3476 4204 si
3519 4147 3641 4219 quis
3678 4148 3792 4227 duo

2186 4269 2308 4312 esse
2362 4260 2656 4323 proponat,
2710 4263 2883 4307 unum
2939 4261 3153 4318 quoque
3205 4257 3324 4301 esse
3375 4242 3787 4311 monstraverit,

2188 4360 2353 4403 unum
2392 4346 2537 4401 enim
2576 4344 2628 4403 in
2671 4342 2801 4411 ipsis
2830 4339 3038 4409 duobus
3066 4336 3429 4401 concluditur,
3457 4347 3558 4390 nec
3584 4342 3794 4404 prater

2186 4436 2322 4491 duas
2347 4436 2585 4495 unitates
2611 4433 2811 4504 poterit
2836 4445 2959 4487 esse
2979 4429 3241 4487 binarius.
3302 4425 3563 4493 Quocirca
3593 4424 3642 4480 si
3662 4425 3796 4496 quis

2188 4527 2453 4585 binarium
2486 4540 2767 4585 numerum
2798 4538 2917 4588 esse
2944 4521 3203 4592 posuerit,
3230 4531 3395 4583 unum
3426 4530 3641 4589 quoque
3665 4529 3797 4581 esse

494 4600 707 4671 ηῑεωηι
739 4600 841 4656 ευδ
870 4601 1073 4666 εοιοΐθι
1116 4610 1208 4655 ³1η
1249 4602 1301 4655 in
1351 4602 1638 4656 εοηίτθτίίε
1668 4602 1979 4672 Βοηθνίῦυεν
2028 4610 2086 4656 ιη
2110 4614 2168 4675 Β
2190 4620 2561 4691 consequitur,
2595 4617 2798 4674 idcirco
2828 4616 3066 4672 binarius
3097 4622 3155 4683 ut
3204 4612 3279 4668 sit
3321 4608 3521 4680 indiget
3553 4606 3793 4673 unitate.

494 4691 701 4766 iustitia
730 4701 890 4761 atque
920 4692 1179 4763 iniustitia
1234 4693 1333 4747 sub
1370 4694 1510 4749 bono
1549 4702 1605 4748 et
1646 4693 1809 4760 malo,
1844 4702 1938 4748 aut
1968 4696 2083 4764 ipsa
2192 4718 2263 4775 At
2284 4730 2412 4772 vero
2441 4714 2487 4771 εί
2511 4714 2630 4784 quis
2657 4721 2821 4784 ροηδε
2848 4724 2966 4777 esse
2993 4710 3269 4777 υηίωιθω,
3302 4705 3537 4763 nondum
3562 4718 3801 4773 necgsge

495 4800 618 4841 esse
644 4800 861 4857 Βθηθτθτ
895 4793 954 4840 ⁸η
977 4795 1060 4841 θεῖ
1091 4785 1263 4856 ipsum
1293 4786 1492 4841 bonum
1523 4795 1577 4841 ⁸⁸
1606 4786 1827 4850 malum,
1851 4801 1970 4853 quae
1994 4800 2087 4857 8⁸⁸·
2192 4820 2275 4866 est
2302 4824 2425 4866 esse
2454 4807 2743 4865 binarium.
2801 4805 2941 4874 Ergo
2971 4803 3039 4860 ab
3061 4804 3265 4873 unitate
3294 4798 3623 4871 subsistendi
3650 4813 3801 4873 con-

496 4892 625 4935 nera
649 4878 873 4948 iustitiae
894 4887 1055 4949 atque
1082 4878 1358 4949 iniustitiae
1387 4886 1667 4933 numerata
1696 4887 1841 4933 sunt.
2192 4902 2472 4974 sequentia
2514 4915 2620 4957 non
2650 4898 3001 4963 convertitur.
3044 4895 3225 4961 Posita
3260 4894 3406 4961 enim
3447 4892 3651 4961 unitate
3697 4906 3805 4969 ne-

957 4990 1047 5047 DE
1087 4992 1292 5049 MODIS
1333 4991 1621 5048 PRIORIS-
2193 5012 2349 5054 cesse
2378 5010 2484 5051 non
2515 4995 2617 5050 fuit
2643 4992 2833 5051 binarii
2868 4991 3076 5047 numeri
3110 4988 3365 5060 subsequi
3404 4988 3801 5060 quantitatem,

566 5103 725 5161 Prius
753 5080 919 5160 autem
962 5108 1179 5159 alterum
1229 5106 1391 5160 aItero
1423 5107 1609 5159 dicitur
1641 5106 2039 5177 quadrupliciter
2068 5123 2081 5161 .'

2194 5090 2399 5145 idcirco
2427 5087 2569 5157 quod
2596 5084 2810 5141 binario
2850 5099 2958 5140 non
3004 5082 3211 5154 indiget
3248 5083 3447 5149 unitas,
3478 5082 3620 5137 sicut
3643 5081 3804 5139 indi-

498 5200 662 5275 prt'mo
684 5199 887 5268 quidem
926 5208 972 5252 et
1025 5201 1246 5252 maxime
1288 5198 1491 5271 praprie
1533 5197 1812 5250 secundum
1867 5206 2081 5265 tempus,

2194 5197 2327 5255 gens
2365 5189 2480 5236 erat
2522 5178 2726 5234 unitate
2762 5175 3023 5232 binarius.
3081 5174 3261 5243 Quare
3299 5174 3445 5245 prior
3487 5181 3571 5229 est
3606 5173 3805 5230 unitas

499 5264 774 5348 secundum
804 5290 940 5365 quod
971 5294 1228 5363 antiquius
1258 5264 1477 5344 alterum
1516 5290 1681 5343 altera
1711 5298 1755 5341 et
1802 5264 1975 5342 senius
2004 5291 2085 5343 di-
2194 5277 2403 5334 Βίηπίο
2432 5292 2446 5331 ε
2475 5272 2618 5345 qum
2644 5274 2688 5328 εί
2716 5272 2789 5327 ίιδ
2819 5279 2923 5336 εει»
2948 5279 3004 5326 θί
3029 5267 3289 5340 quidquid
3320 5267 3392 5324 ί¹³
3423 5267 3601 5334 merita
3633 5264 3808 5365 “hab

499 5388 650 5449 citur,
676 5386 730 5440 in
751 5358 1122 5456 eo'enimquod
1142 5392 1340 5455 tempus
1363 5382 1583 5451 amplius
1608 5391 1701 5448 est,
1727 5389 1773 5434 et
1797 5380 2083 5445 antiquius,
2194 5391 2261 5432 eo
2295 5370 2621 5429 subsistendi
2664 5365 3050 5439 consequentia
3084 5379 3194 5420 non
3233 5370 3602 5456 convertatur,
3626 5358 3806 5456 prius

498 5488 543 5533 et
574 5479 743 5534 senius
770 5450 1009 5533 dicitur;
1247 5450 1257 5455 ⁷
1452 5450 1457 5451 ί
2197 5467 2485 5525 Aristotele
2508 5472 2726 5521 auctore
2750 5459 3085 5532 probabitur,
3108 5464 3167 5515 ut
3186 5456 3239 5512 in
3267 5470 3332 5513 eo
3353 5453 3497 5525 quod
3523 5462 3607 5507 eat
3626 5450 3809 5506 homo

570 5575 856 5646 Postquam
904 5588 1032 5629 vero
1073 5571 1142 5626 de
1172 5567 1434 5639 oppositis
1465 5565 1883 5635 disputationem
1918 5578 2089 5634 quan-
2196 5572 2251 5619 et
2269 5559 2490 5616 animai.
2514 5555 2650 5613 Cum
2676 5555 2797 5611 dico
2824 5552 3119 5646 hominem,
3142 5563 3269 5646 mox
3289 5546 3398 5646 dixi
3420 5544 3639 5646 animal;
3668 5557 3808 5646 curn

498 5676 613 5724 tum
662 5637 731 5724 ad
781 5679 1019 5739 praesens
1068 5637 1279 5731 tempus
1320 5658 1580 5714 attinebat
1612 5658 1915 5728 explicavit,
1951 5670 2094 5711 nunc
2196 5653 2394 5711 animal
2436 5650 2655 5718 dixero,
2697 5647 2827 5705 nihil
2865 5645 3043 5741 adhuc
3078 5642 3148 5703 de
3184 5638 3403 5697 homine
3442 5637 3645 5699 dictum
3667 5642 3802 5741 .est:

498 5778 619 5836 quae
650 5725 829 5835 priora
863 5760 968 5815 dici
996 5725 1227 5828 possint,
1252 5770 1375 5825 quae
1423 5725 1720 5825 posteriora
1752 5751 1991 5807 disserit.
2026 5749 2096 5805 Et
2198 5747 2385 5805 Omnis
2433 5745 2576 5802 enim
2615 5743 2779 5800 homo
2820 5737 3021 5799 animal
3063 5745 3181 5808 est,
3228 5747 3337 5793 non
3382 5747 3545 5795 omne
3592 5725 3803 5793 animal

497 5855 597 5925 ait,
626 5855 802 5927 primo
820 5851 1043 5925 quidem
1080 5858 1138 5909 et
1166 5849 1405 5923 proprie,
1443 5857 1500 5906 et
1528 5844 1761 5931 quodin
1796 5858 1897 5903 usu
1943 5845 2093 5918 prius
2200 5841 2388 5899 homo.
