  <div class='ocr_page' id='page_1' title='image "/cluster/home/n/w/nwhite01/storage/ocr_20150623/64/hvd.32044024222309/150.png"; bbox 0 0 4030 6336; ppageno 0'>
   <div class='ocr_carea' id='block_1_1' title="bbox 204 292 321 348">
    <p class='ocr_par' dir='ltr' id='par_1_1' title="bbox 204 292 321 348">
     <span class='ocr_line' id='line_1_1' title="bbox 204 292 321 348; baseline -0.009 0"><span class='ocrx_word' id='word_1_1' title='bbox 204 292 321 348; x_wconf 74' lang='grc'><strong><em>285</em></strong></span> 
     </span>
    </p>
   </div>
   <div class='ocr_carea' id='block_1_2' title="bbox 1208 297 2525 369">
    <p class='ocr_par' dir='ltr' id='par_1_2' title="bbox 1208 297 2525 369">
     <span class='ocr_line' id='line_1_2' title="bbox 1208 297 2525 369; baseline 0.011 -15"><span class='ocrx_word' id='word_1_2' title='bbox 1208 297 1275 353; x_wconf 82' lang='lat' dir='ltr'><strong><em>IN</em></strong></span> <span class='ocrx_word' id='word_1_3' title='bbox 1305 297 1742 358; x_wconf 74' lang='lat' dir='ltr'><strong><em>CATEGORIAS</em></strong></span> <span class='ocrx_word' id='word_1_4' title='bbox 1786 303 2235 364; x_wconf 80' lang='lat' dir='ltr'><strong><em>ARISTOTELIS</em></strong></span> <span class='ocrx_word' id='word_1_5' title='bbox 2274 308 2401 367; x_wconf 83' lang='lat' dir='ltr'><strong><em>LIB.</em></strong></span> <span class='ocrx_word' id='word_1_6' title='bbox 2436 308 2525 369; x_wconf 79' lang='lat' dir='ltr'><strong><em>IV.</em></strong></span> 
     </span>
    </p>
   </div>
   <div class='ocr_carea' id='block_1_3' title="bbox 3393 319 3494 374">
    <p class='ocr_par' dir='ltr' id='par_1_3' title="bbox 3393 319 3494 374">
     <span class='ocr_line' id='line_1_3' title="bbox 3393 319 3494 374; baseline 0.01 -1"><span class='ocrx_word' id='word_1_7' title='bbox 3393 319 3494 374; x_wconf 69' lang='lat'><strong><em>286</em></strong></span> 
     </span>
    </p>
   </div>
   <div class='ocr_carea' id='block_1_4' title="bbox 287 410 3492 498">
    <p class='ocr_par' dir='ltr' id='par_1_4' title="bbox 287 410 3492 498">
     <span class='ocr_line' id='line_1_4' title="bbox 287 410 3492 498; baseline 0.009 -34"><span class='ocrx_word' id='word_1_8' title='bbox 287 410 467 467; x_wconf 84' lang='lat' dir='ltr'><strong><em>Tertio</em></strong></span> <span class='ocrx_word' id='word_1_9' title='bbox 497 427 611 468; x_wconf 78' lang='lat' dir='ltr'><strong><em>vero</em></strong></span> <span class='ocrx_word' id='word_1_10' title='bbox 643 413 921 467; x_wconf 81' lang='lat' dir='ltr'><strong><em>secundum</em></strong></span> <span class='ocrx_word' id='word_1_11' title='bbox 951 413 1180 468; x_wconf 80' lang='lat' dir='ltr'><strong><em>ordinem</em></strong></span> <span class='ocrx_word' id='word_1_12' title='bbox 1205 417 1478 485; x_wconf 75' lang='lat' dir='ltr'><strong><em>quemdam</em></strong></span> <span class='ocrx_word' id='word_1_13' title='bbox 1509 418 1651 485; x_wconf 78' lang='lat' dir='ltr'><strong><em>prius</em></strong></span> <span class='ocrx_word' id='word_1_14' title='bbox 1675 419 1806 472; x_wconf 88' lang='lat' dir='ltr'><strong><em>dici-</em></strong></span> <span class='ocrx_word' id='word_1_15' title='bbox 1839 420 1893 483; x_wconf 78' lang='grc' dir='ltr'><strong>Α</strong></span> <span class='ocrx_word' id='word_1_16' title='bbox 1913 436 2050 477; x_wconf 86' lang='lat' dir='ltr'><strong><em>uera.</em></strong></span> <span class='ocrx_word' id='word_1_17' title='bbox 2084 421 2167 478; x_wconf 79' lang='lat' dir='ltr'><em>Ex</em></span> <span class='ocrx_word' id='word_1_18' title='bbox 2193 441 2250 479; x_wconf 91' lang='lat' dir='ltr'><strong><em>eo</em></strong></span> <span class='ocrx_word' id='word_1_19' title='bbox 2277 427 2410 479; x_wconf 68' lang='lat' dir='ltr'><strong><em>enim</em></strong></span> <span class='ocrx_word' id='word_1_20' title='bbox 2434 427 2571 498; x_wconf 86' lang='lat' dir='ltr'><strong><em>quod</em></strong></span> <span class='ocrx_word' id='word_1_21' title='bbox 2596 444 2673 483; x_wconf 85' lang='lat' dir='ltr'><strong><em>res</em></strong></span> <span class='ocrx_word' id='word_1_22' title='bbox 2701 438 2792 496; x_wconf 82' lang='lat' dir='ltr'><strong><em>est,</em></strong></span> <span class='ocrx_word' id='word_1_23' title='bbox 2826 430 2905 485; x_wconf 84' lang='lat' dir='ltr'><strong><em>vel</em></strong></span> <span class='ocrx_word' id='word_1_24' title='bbox 2932 446 3033 486; x_wconf 87' lang='lat' dir='ltr'><strong><em>non</em></strong></span> <span class='ocrx_word' id='word_1_25' title='bbox 3063 441 3156 498; x_wconf 88' lang='lat' dir='ltr'><strong><em>est,</em></strong></span> <span class='ocrx_word' id='word_1_26' title='bbox 3186 434 3349 488; x_wconf 78' lang='lat' dir='ltr'><strong><em>oratio</em></strong></span> <span class='ocrx_word' id='word_1_27' title='bbox 3377 451 3492 493; x_wconf 77' lang='lat' dir='ltr'><strong><em>sera</em></strong></span> 
     </span>
    </p>
   </div>
   <div class='ocr_carea' id='block_1_5' title="bbox 208 505 1806 602">
    <p class='ocr_par' dir='ltr' id='par_1_5' title="bbox 208 505 1806 602">
     <span class='ocr_line' id='line_1_5' title="bbox 208 505 1806 602; baseline 0.005 -45"><span class='ocrx_word' id='word_1_28' title='bbox 208 515 323 588; x_wconf 68' lang='lat' dir='ltr'><strong><em>tur,</em></strong></span> <span class='ocrx_word' id='word_1_29' title='bbox 363 505 793 573; x_wconf 82' lang='lat' dir='ltr'><strong><em>quemadmodum</em></strong></span> <span class='ocrx_word' id='word_1_30' title='bbox 820 514 869 559; x_wconf 92' lang='lat' dir='ltr'><strong><em>et</em></strong></span> <span class='ocrx_word' id='word_1_31' title='bbox 907 505 962 558; x_wconf 86' lang='lat' dir='ltr'><strong><em>in</em></strong></span> <span class='ocrx_word' id='word_1_32' title='bbox 993 506 1278 602; x_wconf 57' lang='lat' dir='ltr'><strong><em>disciplinis</em></strong></span> <span class='ocrx_word' id='word_1_33' title='bbox 1304 518 1355 564; x_wconf 88' lang='lat' dir='ltr'><strong><em>et</em></strong></span> <span class='ocrx_word' id='word_1_34' title='bbox 1387 510 1442 563; x_wconf 87' lang='lat' dir='ltr'><strong><em>in</em></strong></span> <span class='ocrx_word' id='word_1_35' title='bbox 1469 510 1806 580; x_wconf 71' lang='lat' dir='ltr'><strong><em>orationibus,</em></strong></span> 
     </span>
    </p>
   </div>
   <div class='ocr_carea' id='block_1_6' title="bbox 208 597 1811 672">
    <p class='ocr_par' dir='ltr' id='par_1_6' title="bbox 208 597 1811 672">
     <span class='ocr_line' id='line_1_6' title="bbox 208 597 1811 672; baseline 0.003 -21"><span class='ocrx_word' id='word_1_36' title='bbox 208 614 337 651; x_wconf 87' lang='lat' dir='ltr'><strong><em>nam</em></strong></span> <span class='ocrx_word' id='word_1_37' title='bbox 372 607 418 651; x_wconf 87' lang='lat' dir='ltr'><strong><em>et</em></strong></span> <span class='ocrx_word' id='word_1_38' title='bbox 474 598 527 650; x_wconf 86' lang='lat' dir='ltr'><strong><em>in</em></strong></span> <span class='ocrx_word' id='word_1_39' title='bbox 577 597 981 651; x_wconf 80' lang='lat' dir='ltr'><strong><em>demonstrativis</em></strong></span> <span class='ocrx_word' id='word_1_40' title='bbox 1021 597 1305 669; x_wconf 68' lang='lat' dir='ltr'><strong><em>disciplinis</em></strong></span> <span class='ocrx_word' id='word_1_41' title='bbox 1352 609 1428 655; x_wconf 89' lang='lat' dir='ltr'><strong><em>est</em></strong></span> <span class='ocrx_word' id='word_1_42' title='bbox 1461 602 1603 671; x_wconf 89' lang='lat' dir='ltr'><strong><em>prius</em></strong></span> <span class='ocrx_word' id='word_1_43' title='bbox 1637 610 1684 655; x_wconf 91' lang='lat' dir='ltr'><strong><em>et</em></strong></span> <span class='ocrx_word' id='word_1_44' title='bbox 1715 618 1811 672; x_wconf 84' lang='lat' dir='ltr'><strong><em>po-</em></strong></span> 
     </span>
    </p>
   </div>
   <div class='ocr_carea' id='block_1_7' title="bbox 207 688 1810 764">
    <p class='ocr_par' dir='ltr' id='par_1_7' title="bbox 207 688 1810 764">
     <span class='ocr_line' id='line_1_7' title="bbox 207 688 1810 764; baseline 0.002 -21"><span class='ocrx_word' id='word_1_45' title='bbox 207 690 399 743; x_wconf 85' lang='lat' dir='ltr'><strong><em>sterius</em></strong></span> <span class='ocrx_word' id='word_1_46' title='bbox 429 704 518 759; x_wconf 90' lang='lat' dir='ltr'><strong><em>per</em></strong></span> <span class='ocrx_word' id='word_1_47' title='bbox 544 690 797 753; x_wconf 84' lang='lat' dir='ltr'><strong><em>ordinem,</em></strong></span> <span class='ocrx_word' id='word_1_48' title='bbox 824 688 1071 747; x_wconf 81' lang='lat' dir='ltr'><strong><em>elementa</em></strong></span> <span class='ocrx_word' id='word_1_49' title='bbox 1098 690 1232 745; x_wconf 88' lang='lat' dir='ltr'><strong><em>enim</em></strong></span> <span class='ocrx_word' id='word_1_50' title='bbox 1259 691 1316 745; x_wconf 89' lang='lat' dir='ltr'><strong><em>in</em></strong></span> <span class='ocrx_word' id='word_1_51' title='bbox 1340 693 1611 760; x_wconf 82' lang='lat' dir='ltr'><strong><em>geometria</em></strong></span> <span class='ocrx_word' id='word_1_52' title='bbox 1635 696 1810 764; x_wconf 85' lang='lat' dir='ltr'><strong><em>priora</em></strong></span> 
     </span>
    </p>
   </div>
   <div class='ocr_carea' id='block_1_8' title="bbox 208 766 1809 854">
    <p class='ocr_par' dir='ltr' id='par_1_8' title="bbox 208 766 1809 854">
     <span class='ocr_line' id='line_1_8' title="bbox 208 766 1809 854; baseline 0.003 -19"><span class='ocrx_word' id='word_1_53' title='bbox 208 791 355 847; x_wconf 35' lang='lat' dir='ltr'><strong><em>sunt,</em></strong></span> <span class='ocrx_word' id='word_1_54' title='bbox 377 782 441 835; x_wconf 84' lang='lat' dir='ltr'><strong><em>iis</em></strong></span> <span class='ocrx_word' id='word_1_55' title='bbox 468 797 579 849; x_wconf 68' lang='lat' dir='ltr'><strong><em>quae</em></strong></span> <span class='ocrx_word' id='word_1_56' title='bbox 602 780 953 836; x_wconf 84' lang='lat' dir='ltr'><strong><em>describuntur</em></strong></span> <span class='ocrx_word' id='word_1_57' title='bbox 976 798 1065 851; x_wconf 87' lang='lat' dir='ltr'><strong><em>per</em></strong></span> <span class='ocrx_word' id='word_1_58' title='bbox 1093 783 1342 840; x_wconf 80' lang='lat' dir='ltr'><strong><em>ordinem.</em></strong></span> <span class='ocrx_word' id='word_1_59' title='bbox 1382 782 1651 854; x_wconf 86' lang='lat' dir='ltr'><strong><em>Principia</em></strong></span> <span class='ocrx_word' id='word_1_60' title='bbox 1676 766 1809 840; x_wconf 73' lang='lat' dir='ltr'><strong><em>enim</em></strong></span> 
     </span>
    </p>
   </div>
   <div class='ocr_carea' id='block_1_9' title="bbox 210 873 1808 946">
    <p class='ocr_par' dir='ltr' id='par_1_9' title="bbox 210 873 1808 946">
     <span class='ocr_line' id='line_1_9' title="bbox 210 873 1808 946; baseline 0.005 -21"><span class='ocrx_word' id='word_1_61' title='bbox 210 875 397 944; x_wconf 85' lang='lat' dir='ltr'><strong><em>priora</em></strong></span> <span class='ocrx_word' id='word_1_62' title='bbox 437 882 551 928; x_wconf 83' lang='lat' dir='ltr'><strong><em>sunt</em></strong></span> <span class='ocrx_word' id='word_1_63' title='bbox 595 873 995 929; x_wconf 82' lang='lat' dir='ltr'><strong><em>theorematibus</em></strong></span> <span class='ocrx_word' id='word_1_64' title='bbox 1037 874 1245 939; x_wconf 85' lang='lat' dir='ltr'><strong><em>ordine,</em></strong></span> <span class='ocrx_word' id='word_1_65' title='bbox 1297 884 1345 929; x_wconf 90' lang='lat' dir='ltr'><strong><em>et</em></strong></span> <span class='ocrx_word' id='word_1_66' title='bbox 1382 876 1436 931; x_wconf 77' lang='lat' dir='ltr'><strong><em>in</em></strong></span> <span class='ocrx_word' id='word_1_67' title='bbox 1478 880 1808 946; x_wconf 84' lang='lat' dir='ltr'><strong><em>grammatica</em></strong></span> 
     </span>
    </p>
   </div>
   <div class='ocr_carea' id='block_1_10' title="bbox 211 966 1808 1037">
    <p class='ocr_par' dir='ltr' id='par_1_10' title="bbox 211 966 1808 1037">
     <span class='ocr_line' id='line_1_10' title="bbox 211 966 1808 1037; baseline 0.002 -17"><span class='ocrx_word' id='word_1_68' title='bbox 211 966 466 1020; x_wconf 81' lang='lat' dir='ltr'><strong><em>elementa</em></strong></span> <span class='ocrx_word' id='word_1_69' title='bbox 489 966 664 1033; x_wconf 84' lang='lat' dir='ltr'><strong><em>priora</em></strong></span> <span class='ocrx_word' id='word_1_70' title='bbox 690 972 808 1027; x_wconf 86' lang='lat' dir='ltr'><strong><em>sunt</em></strong></span> <span class='ocrx_word' id='word_1_71' title='bbox 834 966 1066 1037; x_wconf 82' lang='lat' dir='ltr'><strong><em>syllabis,</em></strong></span> <span class='ocrx_word' id='word_1_72' title='bbox 1089 975 1136 1020; x_wconf 91' lang='lat' dir='ltr'><strong><em>et</em></strong></span> <span class='ocrx_word' id='word_1_73' title='bbox 1159 968 1212 1023; x_wconf 91' lang='lat' dir='ltr'><strong><em>in</em></strong></span> <span class='ocrx_word' id='word_1_74' title='bbox 1236 968 1550 1024; x_wconf 76' lang='lat' dir='ltr'><strong><em>orationibus</em></strong></span> <span class='ocrx_word' id='word_1_75' title='bbox 1574 968 1808 1024; x_wconf 83' lang='lat' dir='ltr'><strong><em>similiter</em></strong></span> 
     </span>
    </p>
   </div>
   <div class='ocr_carea' id='block_1_11' title="bbox 210 1058 1372 1128">
    <p class='ocr_par' dir='ltr' id='par_1_11' title="bbox 210 1058 1372 1128">
     <span class='ocr_line' id='line_1_11' title="bbox 210 1058 1372 1128; baseline 0.003 -16"><span class='ocrx_word' id='word_1_76' title='bbox 210 1059 517 1128; x_wconf 66' lang='lat' dir='ltr'><strong><em>proemium</em></strong></span> <span class='ocrx_word' id='word_1_77' title='bbox 548 1058 691 1127; x_wconf 83' lang='lat' dir='ltr'><strong><em>prius</em></strong></span> <span class='ocrx_word' id='word_1_78' title='bbox 718 1067 794 1127; x_wconf 71' lang='lat' dir='ltr'><strong><em>est</em></strong></span> <span class='ocrx_word' id='word_1_79' title='bbox 824 1059 1139 1124; x_wconf 88' lang='lat' dir='ltr'><strong><em>narratione,</em></strong></span> <span class='ocrx_word' id='word_1_80' title='bbox 1172 1059 1372 1116; x_wconf 85' lang='lat' dir='ltr'><strong><em>ordine.</em></strong></span> 
     </span>
    </p>
   </div>
   <div class='ocr_carea' id='block_1_12' title="bbox 287 1147 1808 1224">
    <p class='ocr_par' dir='ltr' id='par_1_12' title="bbox 287 1147 1808 1224">
     <span class='ocr_line' id='line_1_12' title="bbox 287 1147 1808 1224; baseline 0.003 -21"><span class='ocrx_word' id='word_1_81' title='bbox 287 1147 449 1203; x_wconf 92' lang='lat' dir='ltr'><strong><em>Ponit</em></strong></span> <span class='ocrx_word' id='word_1_82' title='bbox 490 1148 699 1202; x_wconf 84' lang='lat' dir='ltr'><strong><em>tertiam</em></strong></span> <span class='ocrx_word' id='word_1_83' title='bbox 747 1148 943 1218; x_wconf 88' lang='lat' dir='ltr'><strong><em>prioris</em></strong></span> <span class='ocrx_word' id='word_1_84' title='bbox 982 1149 1446 1219; x_wconf 85' lang='lat' dir='ltr'><strong><em>signiﬁcationem,</em></strong></span> <span class='ocrx_word' id='word_1_85' title='bbox 1491 1159 1549 1207; x_wconf 86' lang='lat' dir='ltr'><strong><em>ut</em></strong></span> <span class='ocrx_word' id='word_1_86' title='bbox 1590 1151 1644 1207; x_wconf 90' lang='lat' dir='ltr'><strong><em>in</em></strong></span> <span class='ocrx_word' id='word_1_87' title='bbox 1680 1169 1808 1224; x_wconf 85' lang='lat' dir='ltr'><strong><em>geo-</em></strong></span> 
     </span>
    </p>
   </div>
   <div class='ocr_carea' id='block_1_13' title="bbox 209 1240 1802 1313">
    <p class='ocr_par' dir='ltr' id='par_1_13' title="bbox 209 1240 1802 1313">
     <span class='ocr_line' id='line_1_13' title="bbox 209 1240 1802 1313; baseline 0.001 -14"><span class='ocrx_word' id='word_1_88' title='bbox 209 1242 409 1299; x_wconf 91' lang='lat' dir='ltr'><strong><em>metria</em></strong></span> <span class='ocrx_word' id='word_1_89' title='bbox 441 1240 614 1310; x_wconf 88' lang='lat' dir='ltr'><strong><em>priora</em></strong></span> <span class='ocrx_word' id='word_1_90' title='bbox 640 1248 787 1311; x_wconf 86' lang='lat' dir='ltr'><strong><em>sunt,</em></strong></span> <span class='ocrx_word' id='word_1_91' title='bbox 821 1240 1021 1310; x_wconf 87' lang='lat' dir='ltr'><strong><em>inquit,</em></strong></span> <span class='ocrx_word' id='word_1_92' title='bbox 1046 1240 1312 1298; x_wconf 88' lang='lat' dir='ltr'><strong><em>elementa</em></strong></span> <span class='ocrx_word' id='word_1_93' title='bbox 1334 1244 1802 1313; x_wconf 80' lang='lat' dir='ltr'><strong><em>descriptionibus.</em></strong></span> 
     </span>
    </p>
   </div>
   <div class='ocr_carea' id='block_1_14' title="bbox 210 1332 1807 1403">
    <p class='ocr_par' dir='ltr' id='par_1_14' title="bbox 210 1332 1807 1403">
     <span class='ocr_line' id='line_1_14' title="bbox 210 1332 1807 1403; baseline 0.001 -13"><span class='ocrx_word' id='word_1_94' title='bbox 210 1334 494 1390; x_wconf 86' lang='lat' dir='ltr'><strong><em>Elementa</em></strong></span> <span class='ocrx_word' id='word_1_95' title='bbox 523 1348 651 1389; x_wconf 89' lang='lat' dir='ltr'><strong><em>vero</em></strong></span> <span class='ocrx_word' id='word_1_96' title='bbox 682 1332 755 1387; x_wconf 85' lang='lat' dir='ltr'><strong><em>ait</em></strong></span> <span class='ocrx_word' id='word_1_97' title='bbox 784 1347 915 1401; x_wconf 89' lang='lat' dir='ltr'><strong><em>quos</em></strong></span> <span class='ocrx_word' id='word_1_98' title='bbox 945 1332 1205 1391; x_wconf 86' lang='lat' dir='ltr'><strong><em>terminos</em></strong></span> <span class='ocrx_word' id='word_1_99' title='bbox 1245 1334 1602 1403; x_wconf 87' lang='lat' dir='ltr'><strong><em>appellamus,</em></strong></span> <span class='ocrx_word' id='word_1_100' title='bbox 1637 1336 1689 1391; x_wconf 92' lang='lat' dir='ltr'><strong><em>id</em></strong></span> <span class='ocrx_word' id='word_1_101' title='bbox 1720 1345 1807 1391; x_wconf 88' lang='lat' dir='ltr'><strong><em>est</em></strong></span> 
     </span>
    </p>
   </div>
   <div class='ocr_carea' id='block_1_15' title="bbox 211 1425 1806 1497">
    <p class='ocr_par' dir='ltr' id='par_1_15' title="bbox 211 1425 1806 1497">
     <span class='ocr_line' id='line_1_15' title="bbox 211 1425 1806 1497; baseline 0.001 -14"><span class='ocrx_word' id='word_1_102' title='bbox 211 1427 304 1483; x_wconf 89' lang='lat' dir='ltr'><strong><em>ubi</em></strong></span> <span class='ocrx_word' id='word_1_103' title='bbox 334 1427 461 1496; x_wconf 90' lang='lat' dir='ltr'><strong><em>quid</em></strong></span> <span class='ocrx_word' id='word_1_104' title='bbox 492 1435 745 1496; x_wconf 86' lang='lat' dir='ltr'><strong><em>punctum</em></strong></span> <span class='ocrx_word' id='word_1_105' title='bbox 776 1426 869 1493; x_wconf 87' lang='lat' dir='ltr'><strong><em>sit,</em></strong></span> <span class='ocrx_word' id='word_1_106' title='bbox 901 1425 1030 1497; x_wconf 88' lang='lat' dir='ltr'><strong><em>quid</em></strong></span> <span class='ocrx_word' id='word_1_107' title='bbox 1059 1425 1223 1491; x_wconf 88' lang='lat' dir='ltr'><strong><em>linea,</em></strong></span> <span class='ocrx_word' id='word_1_108' title='bbox 1253 1426 1382 1496; x_wconf 89' lang='lat' dir='ltr'><strong><em>quid</em></strong></span> <span class='ocrx_word' id='word_1_109' title='bbox 1412 1428 1583 1497; x_wconf 88' lang='lat' dir='ltr'><strong><em>ﬁgura</em></strong></span> <span class='ocrx_word' id='word_1_110' title='bbox 1612 1429 1806 1497; x_wconf 67' lang='lat' dir='ltr'><strong><em>praedi-</em></strong></span> 
     </span>
    </p>
   </div>
   <div class='ocr_carea' id='block_1_16' title="bbox 209 1518 1804 1591">
    <p class='ocr_par' dir='ltr' id='par_1_16' title="bbox 209 1518 1804 1591">
     <span class='ocr_line' id='line_1_16' title="bbox 209 1518 1804 1591; baseline -0.001 -14"><span class='ocrx_word' id='word_1_111' title='bbox 209 1520 372 1578; x_wconf 88' lang='lat' dir='ltr'><strong><em>citur.</em></strong></span> <span class='ocrx_word' id='word_1_112' title='bbox 406 1519 501 1575; x_wconf 90' lang='lat' dir='ltr'><strong><em>llis</em></strong></span> <span class='ocrx_word' id='word_1_113' title='bbox 531 1520 670 1573; x_wconf 88' lang='lat' dir='ltr'><strong><em>enim</em></strong></span> <span class='ocrx_word' id='word_1_114' title='bbox 699 1518 927 1588; x_wconf 79' lang='lat' dir='ltr'><strong><em>cognitis</em></strong></span> <span class='ocrx_word' id='word_1_115' title='bbox 956 1526 1011 1575; x_wconf 88' lang='lat' dir='ltr'><strong><em>et</em></strong></span> <span class='ocrx_word' id='word_1_116' title='bbox 1037 1518 1267 1575; x_wconf 88' lang='lat' dir='ltr'><strong><em>ﬁdeliter</em></strong></span> <span class='ocrx_word' id='word_1_117' title='bbox 1292 1520 1473 1576; x_wconf 89' lang='lat' dir='ltr'><strong><em>animo</em></strong></span> <span class='ocrx_word' id='word_1_118' title='bbox 1498 1521 1804 1591; x_wconf 77' lang='lat' dir='ltr'><strong><em>apprehen-</em></strong></span> 
     </span>
    </p>
   </div>
   <div class='ocr_carea' id='block_1_17' title="bbox 128 1610 1800 1683">
    <p class='ocr_par' dir='ltr' id='par_1_17' title="bbox 128 1610 1800 1683">
     <span class='ocr_line' id='line_1_17' title="bbox 128 1610 1800 1683; baseline 0.001 -13"><span class='ocrx_word' id='word_1_119' title='bbox 128 1665 146 1676; x_wconf 83' lang='lat'><strong><em>.</em></strong></span> <span class='ocrx_word' id='word_1_120' title='bbox 209 1614 312 1677; x_wconf 86' lang='lat' dir='ltr'><strong><em>sis,</em></strong></span> <span class='ocrx_word' id='word_1_121' title='bbox 366 1622 551 1683; x_wconf 83' lang='lat' dir='ltr'><strong><em>postea</em></strong></span> <span class='ocrx_word' id='word_1_122' title='bbox 608 1626 791 1666; x_wconf 89' lang='lat' dir='ltr'><strong><em>omnes</em></strong></span> <span class='ocrx_word' id='word_1_123' title='bbox 845 1612 1154 1681; x_wconf 74' lang='lat' dir='ltr'><strong><em>geometria:</em></strong></span> <span class='ocrx_word' id='word_1_124' title='bbox 1204 1610 1596 1683; x_wconf 88' lang='lat' dir='ltr'><strong><em>descriptiones</em></strong></span> <span class='ocrx_word' id='word_1_125' title='bbox 1649 1614 1800 1682; x_wconf 87' lang='lat' dir='ltr'><strong><em>ﬁunt,</em></strong></span> 
     </span>
    </p>
   </div>
   <div class='ocr_carea' id='block_1_18' title="bbox 211 1704 1804 1778">
    <p class='ocr_par' dir='ltr' id='par_1_18' title="bbox 211 1704 1804 1778">
     <span class='ocr_line' id='line_1_18' title="bbox 211 1704 1804 1778; baseline 0.001 -17"><span class='ocrx_word' id='word_1_126' title='bbox 211 1721 337 1778; x_wconf 70' lang='lat' dir='ltr'><strong><em>quae</em></strong></span> <span class='ocrx_word' id='word_1_127' title='bbox 381 1704 705 1774; x_wconf 81' lang='lat' dir='ltr'><strong><em>problemata</em></strong></span> <span class='ocrx_word' id='word_1_128' title='bbox 746 1713 799 1759; x_wconf 92' lang='lat' dir='ltr'><strong><em>et</em></strong></span> <span class='ocrx_word' id='word_1_129' title='bbox 848 1704 1182 1759; x_wconf 84' lang='lat' dir='ltr'><strong><em>theoremata</em></strong></span> <span class='ocrx_word' id='word_1_130' title='bbox 1223 1714 1613 1774; x_wconf 88' lang='lat' dir='ltr'><strong><em>nuncupantur.</em></strong></span> <span class='ocrx_word' id='word_1_131' title='bbox 1662 1705 1804 1778; x_wconf 78' lang='lat' dir='ltr'><strong><em>Ergo</em></strong></span> 
     </span>
    </p>
   </div>
   <div class='ocr_carea' id='block_1_19' title="bbox 1914 514 3493 595">
    <p class='ocr_par' dir='ltr' id='par_1_19' title="bbox 1914 514 3493 595">
     <span class='ocr_line' id='line_1_19' title="bbox 1914 514 3493 595; baseline 0.009 -29"><span class='ocrx_word' id='word_1_132' title='bbox 1914 524 2001 566; x_wconf 90' lang='lat' dir='ltr'><strong><em>aut</em></strong></span> <span class='ocrx_word' id='word_1_133' title='bbox 2029 514 2166 586; x_wconf 80' lang='lat' dir='ltr'><strong><em>falsa</em></strong></span> <span class='ocrx_word' id='word_1_134' title='bbox 2193 517 2397 570; x_wconf 83' lang='lat' dir='ltr'><strong><em>dicatur</em></strong></span> <span class='ocrx_word' id='word_1_135' title='bbox 2426 535 2624 573; x_wconf 86' lang='lat' dir='ltr'><strong><em>necesse</em></strong></span> <span class='ocrx_word' id='word_1_136' title='bbox 2652 529 2742 575; x_wconf 86' lang='lat' dir='ltr'><strong><em>est.</em></strong></span> <span class='ocrx_word' id='word_1_137' title='bbox 2778 520 3003 594; x_wconf 85' lang='lat' dir='ltr'><strong><em>Ideoque</em></strong></span> <span class='ocrx_word' id='word_1_138' title='bbox 3040 524 3317 578; x_wconf 82' lang='lat' dir='ltr'><strong><em>secundum</em></strong></span> <span class='ocrx_word' id='word_1_139' title='bbox 3344 527 3493 595; x_wconf 87' lang='lat' dir='ltr'><strong><em>quin-</em></strong></span> 
     </span>
    </p>
   </div>
   <div class='ocr_carea' id='block_1_20' title="bbox 1914 610 3073 682">
    <p class='ocr_par' dir='ltr' id='par_1_20' title="bbox 1914 610 3073 682">
     <span class='ocr_line' id='line_1_20' title="bbox 1914 610 3073 682; baseline 0.011 -22"><span class='ocrx_word' id='word_1_140' title='bbox 1914 623 2010 672; x_wconf 86' lang='lat' dir='ltr'><strong><em>que</em></strong></span> <span class='ocrx_word' id='word_1_141' title='bbox 2046 610 2223 665; x_wconf 89' lang='lat' dir='ltr'><strong><em>modos</em></strong></span> <span class='ocrx_word' id='word_1_142' title='bbox 2248 612 2391 682; x_wconf 89' lang='lat' dir='ltr'><strong><em>prius</em></strong></span> <span class='ocrx_word' id='word_1_143' title='bbox 2420 614 2637 667; x_wconf 74' lang='lat' dir='ltr'><strong><em>alterum</em></strong></span> <span class='ocrx_word' id='word_1_144' title='bbox 2667 616 2832 671; x_wconf 87' lang='lat' dir='ltr'><strong><em>altera</em></strong></span> <span class='ocrx_word' id='word_1_145' title='bbox 2862 618 3073 673; x_wconf 80' lang='lat' dir='ltr'><strong><em>dicitur.</em></strong></span> 
     </span>
    </p>
   </div>
   <div class='ocr_carea' id='block_1_21' title="bbox 1984 699 3492 784">
    <p class='ocr_par' dir='ltr' id='par_1_21' title="bbox 1984 699 3492 784">
     <span class='ocr_line' id='line_1_21' title="bbox 1984 699 3492 784; baseline 0.01 -29"><span class='ocrx_word' id='word_1_146' title='bbox 1984 699 2239 757; x_wconf 68' lang='lat' dir='ltr'><strong><em>Nov-imus</em></strong></span> <span class='ocrx_word' id='word_1_147' title='bbox 2268 704 2523 773; x_wconf 86' lang='lat' dir='ltr'><strong><em>quasdam</em></strong></span> <span class='ocrx_word' id='word_1_148' title='bbox 2564 722 2649 762; x_wconf 90' lang='lat' dir='ltr'><strong><em>res</em></strong></span> <span class='ocrx_word' id='word_1_149' title='bbox 2688 708 2742 762; x_wconf 89' lang='lat' dir='ltr'><strong><em>iu</em></strong></span> <span class='ocrx_word' id='word_1_150' title='bbox 2773 711 3148 779; x_wconf 70' lang='lat' dir='ltr'><strong><em>praedicatione</em></strong></span> <span class='ocrx_word' id='word_1_151' title='bbox 3184 728 3341 784; x_wconf 89' lang='lat' dir='ltr'><strong><em>posse</em></strong></span> <span class='ocrx_word' id='word_1_152' title='bbox 3370 730 3492 769; x_wconf 81' lang='lat' dir='ltr'><strong><em>con-</em></strong></span> 
     </span>
    </p>
   </div>
   <div class='ocr_carea' id='block_1_22' title="bbox 1912 798 3496 874">
    <p class='ocr_par' dir='ltr' id='par_1_22' title="bbox 1912 798 3496 874">
     <span class='ocr_line' id='line_1_22' title="bbox 1912 798 3496 874; baseline 0.013 -25"><span class='ocrx_word' id='word_1_153' title='bbox 1912 798 2068 851; x_wconf 88' lang='lat' dir='ltr'><strong><em>verti.</em></strong></span> <span class='ocrx_word' id='word_1_154' title='bbox 2101 799 2253 867; x_wconf 85' lang='lat' dir='ltr'><strong><em>Quod</em></strong></span> <span class='ocrx_word' id='word_1_155' title='bbox 2294 801 2337 854; x_wconf 90' lang='lat' dir='ltr'><strong><em>si</em></strong></span> <span class='ocrx_word' id='word_1_156' title='bbox 2380 816 2481 856; x_wconf 90' lang='lat' dir='ltr'><strong><em>una</em></strong></span> <span class='ocrx_word' id='word_1_157' title='bbox 2525 817 2707 857; x_wconf 88' lang='lat' dir='ltr'><strong><em>earum</em></strong></span> <span class='ocrx_word' id='word_1_158' title='bbox 2749 820 2869 874; x_wconf 70' lang='lat' dir='ltr'><strong><em>qua:</em></strong></span> <span class='ocrx_word' id='word_1_159' title='bbox 2911 818 3297 862; x_wconf 85' lang='lat' dir='ltr'><strong><em>convertuntur</em></strong></span> <span class='ocrx_word' id='word_1_160' title='bbox 3342 809 3496 869; x_wconf 80' lang='lat' dir='ltr'><strong><em>alteri</em></strong></span> 
     </span>
    </p>
   </div>
   <div class='ocr_carea' id='block_1_23' title="bbox 1912 893 3493 957">
    <p class='ocr_par' dir='ltr' id='par_1_23' title="bbox 1912 893 3493 957">
     <span class='ocr_line' id='line_1_23' title="bbox 1912 893 3493 957; baseline 0.008 -14"><span class='ocrx_word' id='word_1_161' title='bbox 1912 902 2069 944; x_wconf 84' lang='lat' dir='ltr'><strong><em>causa</em></strong></span> <span class='ocrx_word' id='word_1_162' title='bbox 2099 899 2203 957; x_wconf 86' lang='lat' dir='ltr'><strong><em>est,</em></strong></span> <span class='ocrx_word' id='word_1_163' title='bbox 2234 900 2288 946; x_wconf 91' lang='lat' dir='ltr'><strong><em>et</em></strong></span> <span class='ocrx_word' id='word_1_164' title='bbox 2315 893 2479 947; x_wconf 85' lang='lat' dir='ltr'><strong><em>veluti</em></strong></span> <span class='ocrx_word' id='word_1_165' title='bbox 2516 895 2814 950; x_wconf 85' lang='lat' dir='ltr'><strong><em>naturalem</em></strong></span> <span class='ocrx_word' id='word_1_166' title='bbox 2856 894 3255 954; x_wconf 75' lang='lat' dir='ltr'><strong><em>subsistentiam</em></strong></span> <span class='ocrx_word' id='word_1_167' title='bbox 3299 901 3493 955; x_wconf 84' lang='lat' dir='ltr'><strong><em>submi-</em></strong></span> 
     </span>
    </p>
   </div>
   <div class='ocr_carea' id='block_1_24' title="bbox 1914 982 3496 1065">
    <p class='ocr_par' dir='ltr' id='par_1_24' title="bbox 1914 982 3496 1065">
     <span class='ocr_line' id='line_1_24' title="bbox 1914 982 3496 1065; baseline 0.009 -28"><span class='ocrx_word' id='word_1_168' title='bbox 1914 982 2129 1050; x_wconf 85' lang='lat' dir='ltr'><strong><em>nistrat,</em></strong></span> <span class='ocrx_word' id='word_1_169' title='bbox 2175 985 2262 1039; x_wconf 88' lang='lat' dir='ltr'><strong><em>illa</em></strong></span> <span class='ocrx_word' id='word_1_170' title='bbox 2313 987 2627 1042; x_wconf 88' lang='lat' dir='ltr'><strong><em>naturaliter</em></strong></span> <span class='ocrx_word' id='word_1_171' title='bbox 2667 989 2813 1058; x_wconf 88' lang='lat' dir='ltr'><strong><em>prius</em></strong></span> <span class='ocrx_word' id='word_1_172' title='bbox 2855 1004 2976 1046; x_wconf 87' lang='lat' dir='ltr'><strong><em>esse</em></strong></span> <span class='ocrx_word' id='word_1_173' title='bbox 3012 992 3339 1062; x_wconf 84' lang='lat' dir='ltr'><strong><em>perhibetur.</em></strong></span> <span class='ocrx_word' id='word_1_174' title='bbox 3382 993 3496 1065; x_wconf 74' lang='lat' dir='ltr'><strong><em>Ipse</em></strong></span> 
     </span>
    </p>
   </div>
   <div class='ocr_carea' id='block_1_25' title="bbox 1911 1077 3495 1154">
    <p class='ocr_par' dir='ltr' id='par_1_25' title="bbox 1911 1077 3495 1154">
     <span class='ocr_line' id='line_1_25' title="bbox 1911 1077 3495 1154; baseline 0.007 -25"><span class='ocrx_word' id='word_1_175' title='bbox 1911 1084 2089 1131; x_wconf 87' lang='lat' dir='ltr'><strong><em>autem</em></strong></span> <span class='ocrx_word' id='word_1_176' title='bbox 2121 1077 2402 1146; x_wconf 89' lang='lat' dir='ltr'><strong><em>aptissimo</em></strong></span> <span class='ocrx_word' id='word_1_177' title='bbox 2429 1078 2569 1149; x_wconf 88' lang='lat' dir='ltr'><strong><em>quod</em></strong></span> <span class='ocrx_word' id='word_1_178' title='bbox 2597 1080 2878 1149; x_wconf 89' lang='lat' dir='ltr'><strong><em>proposuit</em></strong></span> <span class='ocrx_word' id='word_1_179' title='bbox 2907 1081 3197 1137; x_wconf 76' lang='lat' dir='ltr'><strong><em>afﬁrmavit</em></strong></span> <span class='ocrx_word' id='word_1_180' title='bbox 3227 1085 3495 1154; x_wconf 78' lang='lat' dir='ltr'><strong><em>exemplo.</em></strong></span> 
     </span>
    </p>
   </div>
   <div class='ocr_carea' id='block_1_26' title="bbox 1909 1164 3496 1245">
    <p class='ocr_par' dir='ltr' id='par_1_26' title="bbox 1909 1164 3496 1245">
     <span class='ocr_line' id='line_1_26' title="bbox 1909 1164 3496 1245; baseline 0.006 -25"><span class='ocrx_word' id='word_1_181' title='bbox 1909 1164 2042 1221; x_wconf 82' lang='lat' dir='ltr'><strong><em>Nam</em></strong></span> <span class='ocrx_word' id='word_1_182' title='bbox 2070 1166 2115 1223; x_wconf 91' lang='lat' dir='ltr'><strong><em>si</em></strong></span> <span class='ocrx_word' id='word_1_183' title='bbox 2147 1176 2230 1223; x_wconf 91' lang='lat' dir='ltr'><strong><em>est</em></strong></span> <span class='ocrx_word' id='word_1_184' title='bbox 2258 1168 2436 1239; x_wconf 88' lang='lat' dir='ltr'><strong><em>aliqua</em></strong></span> <span class='ocrx_word' id='word_1_185' title='bbox 2468 1183 2574 1236; x_wconf 85' lang='lat' dir='ltr'><strong><em>res,</em></strong></span> <span class='ocrx_word' id='word_1_186' title='bbox 2611 1184 2799 1225; x_wconf 88' lang='lat' dir='ltr'><strong><em>verum</em></strong></span> <span class='ocrx_word' id='word_1_187' title='bbox 2828 1180 2911 1227; x_wconf 89' lang='lat' dir='ltr'><strong><em>est</em></strong></span> <span class='ocrx_word' id='word_1_188' title='bbox 2940 1172 3008 1226; x_wconf 93' lang='lat' dir='ltr'><strong><em>de</em></strong></span> <span class='ocrx_word' id='word_1_189' title='bbox 3034 1188 3096 1228; x_wconf 90' lang='lat' dir='ltr'><strong><em>ea</em></strong></span> <span class='ocrx_word' id='word_1_190' title='bbox 3128 1174 3328 1239; x_wconf 88' lang='lat' dir='ltr'><strong><em>dicere,</em></strong></span> <span class='ocrx_word' id='word_1_191' title='bbox 3360 1190 3496 1245; x_wconf 88' lang='lat' dir='ltr'><strong><em>quo-</em></strong></span> 
     </span>
    </p>
   </div>
   <div class='ocr_carea' id='block_1_27' title="bbox 1911 1259 3495 1340">
    <p class='ocr_par' dir='ltr' id='par_1_27' title="bbox 1911 1259 3495 1340">
     <span class='ocr_line' id='line_1_27' title="bbox 1911 1259 3495 1340; baseline 0.006 -27"><span class='ocrx_word' id='word_1_192' title='bbox 1911 1259 2053 1313; x_wconf 91' lang='lat' dir='ltr'><strong><em>niam</em></strong></span> <span class='ocrx_word' id='word_1_193' title='bbox 2081 1270 2188 1316; x_wconf 89' lang='lat' dir='ltr'><strong><em>est.</em></strong></span> <span class='ocrx_word' id='word_1_194' title='bbox 2218 1259 2424 1316; x_wconf 84' lang='lat' dir='ltr'><strong><em>Rursus</em></strong></span> <span class='ocrx_word' id='word_1_195' title='bbox 2454 1263 2500 1317; x_wconf 87' lang='lat' dir='ltr'><strong><em>si</em></strong></span> <span class='ocrx_word' id='word_1_196' title='bbox 2528 1263 2595 1318; x_wconf 89' lang='lat' dir='ltr'><strong><em>de</em></strong></span> <span class='ocrx_word' id='word_1_197' title='bbox 2624 1277 2686 1317; x_wconf 91' lang='lat' dir='ltr'><strong><em>ea</em></strong></span> <span class='ocrx_word' id='word_1_198' title='bbox 2716 1278 2899 1319; x_wconf 88' lang='lat' dir='ltr'><strong><em>verum</em></strong></span> <span class='ocrx_word' id='word_1_199' title='bbox 2929 1273 3011 1319; x_wconf 85' lang='lat' dir='ltr'><strong><em>est</em></strong></span> <span class='ocrx_word' id='word_1_200' title='bbox 3035 1265 3217 1322; x_wconf 88' lang='lat' dir='ltr'><strong><em>dicere</em></strong></span> <span class='ocrx_word' id='word_1_201' title='bbox 3245 1270 3495 1340; x_wconf 88' lang='lat' dir='ltr'><strong><em>quoniam</em></strong></span> 
     </span>
    </p>
   </div>
   <div class='ocr_carea' id='block_1_28' title="bbox 1909 1349 3496 1429">
    <p class='ocr_par' dir='ltr' id='par_1_28' title="bbox 1909 1349 3496 1429">
     <span class='ocr_line' id='line_1_28' title="bbox 1909 1349 3496 1429; baseline 0.007 -25"><span class='ocrx_word' id='word_1_202' title='bbox 1909 1358 2011 1416; x_wconf 86' lang='lat' dir='ltr'><strong><em>est,</em></strong></span> <span class='ocrx_word' id='word_1_203' title='bbox 2054 1349 2200 1405; x_wconf 89' lang='lat' dir='ltr'><strong><em>illam</em></strong></span> <span class='ocrx_word' id='word_1_204' title='bbox 2240 1350 2408 1419; x_wconf 84' lang='lat' dir='ltr'><strong><em>ipsam</em></strong></span> <span class='ocrx_word' id='word_1_205' title='bbox 2450 1367 2563 1408; x_wconf 91' lang='lat' dir='ltr'><strong><em>rem</em></strong></span> <span class='ocrx_word' id='word_1_206' title='bbox 2604 1367 2726 1409; x_wconf 87' lang='lat' dir='ltr'><strong><em>esse</em></strong></span> <span class='ocrx_word' id='word_1_207' title='bbox 2756 1368 2979 1410; x_wconf 87' lang='lat' dir='ltr'><strong><em>necesse</em></strong></span> <span class='ocrx_word' id='word_1_208' title='bbox 3004 1366 3122 1411; x_wconf 88' lang='lat' dir='ltr'><strong><em>est:</em></strong></span> <span class='ocrx_word' id='word_1_209' title='bbox 3157 1366 3214 1411; x_wconf 90' lang='lat' dir='ltr'><strong><em>ut</em></strong></span> <span class='ocrx_word' id='word_1_210' title='bbox 3239 1361 3496 1429; x_wconf 84' lang='lat' dir='ltr'><strong><em>quoniam</em></strong></span> 
     </span>
    </p>
   </div>
   <div class='ocr_carea' id='block_1_29' title="bbox 1908 1443 3495 1520">
    <p class='ocr_par' dir='ltr' id='par_1_29' title="bbox 1908 1443 3495 1520">
     <span class='ocr_line' id='line_1_29' title="bbox 1908 1443 3495 1520; baseline 0.007 -23"><span class='ocrx_word' id='word_1_211' title='bbox 1908 1452 1991 1497; x_wconf 85' lang='lat' dir='ltr'><strong><em>est</em></strong></span> <span class='ocrx_word' id='word_1_212' title='bbox 2039 1443 2234 1512; x_wconf 82' lang='lat' dir='ltr'><strong><em>homo,</em></strong></span> <span class='ocrx_word' id='word_1_213' title='bbox 2283 1459 2468 1500; x_wconf 87' lang='lat' dir='ltr'><strong><em>verum</em></strong></span> <span class='ocrx_word' id='word_1_214' title='bbox 2523 1455 2606 1501; x_wconf 88' lang='lat' dir='ltr'><strong><em>est</em></strong></span> <span class='ocrx_word' id='word_1_215' title='bbox 2663 1447 2843 1503; x_wconf 88' lang='lat' dir='ltr'><strong><em>dicere</em></strong></span> <span class='ocrx_word' id='word_1_216' title='bbox 2888 1448 3139 1520; x_wconf 87' lang='lat' dir='ltr'><strong><em>quoniam</em></strong></span> <span class='ocrx_word' id='word_1_217' title='bbox 3186 1460 3270 1506; x_wconf 84' lang='lat' dir='ltr'><strong><em>est</em></strong></span> <span class='ocrx_word' id='word_1_218' title='bbox 3313 1452 3495 1509; x_wconf 92' lang='lat' dir='ltr'><strong><em>homo.</em></strong></span> 
     </span>
    </p>
   </div>
   <div class='ocr_carea' id='block_1_30' title="bbox 1908 1536 3495 1615">
    <p class='ocr_par' dir='ltr' id='par_1_30' title="bbox 1908 1536 3495 1615">
     <span class='ocr_line' id='line_1_30' title="bbox 1908 1536 3495 1615; baseline 0.006 -24"><span class='ocrx_word' id='word_1_219' title='bbox 1908 1536 2063 1604; x_wconf 84' lang='lat' dir='ltr'><strong><em>Quod</em></strong></span> <span class='ocrx_word' id='word_1_220' title='bbox 2098 1539 2141 1593; x_wconf 90' lang='lat' dir='ltr'><strong><em>si</em></strong></span> <span class='ocrx_word' id='word_1_221' title='bbox 2182 1554 2365 1595; x_wconf 89' lang='lat' dir='ltr'><strong><em>verum</em></strong></span> <span class='ocrx_word' id='word_1_222' title='bbox 2402 1549 2486 1595; x_wconf 88' lang='lat' dir='ltr'><strong><em>est</em></strong></span> <span class='ocrx_word' id='word_1_223' title='bbox 2523 1539 2708 1597; x_wconf 88' lang='lat' dir='ltr'><strong><em>dicere</em></strong></span> <span class='ocrx_word' id='word_1_224' title='bbox 2738 1543 2988 1611; x_wconf 88' lang='lat' dir='ltr'><strong><em>quoniam</em></strong></span> <span class='ocrx_word' id='word_1_225' title='bbox 3024 1553 3107 1598; x_wconf 87' lang='lat' dir='ltr'><strong><em>est</em></strong></span> <span class='ocrx_word' id='word_1_226' title='bbox 3143 1542 3325 1615; x_wconf 85' lang='lat' dir='ltr'><strong><em>homo,</em></strong></span> <span class='ocrx_word' id='word_1_227' title='bbox 3356 1546 3495 1600; x_wconf 91' lang='lat' dir='ltr'><strong><em>nulla</em></strong></span> 
     </span>
    </p>
   </div>
   <div class='ocr_carea' id='block_1_31' title="bbox 1907 1629 3496 1705">
    <p class='ocr_par' dir='ltr' id='par_1_31' title="bbox 1907 1629 3496 1705">
     <span class='ocr_line' id='line_1_31' title="bbox 1907 1629 3496 1705; baseline 0.004 -20"><span class='ocrx_word' id='word_1_228' title='bbox 1907 1641 1989 1685; x_wconf 85' lang='lat' dir='ltr'><strong><em>est</em></strong></span> <span class='ocrx_word' id='word_1_229' title='bbox 2018 1629 2279 1686; x_wconf 79' lang='lat' dir='ltr'><strong><em>dubitatio</em></strong></span> <span class='ocrx_word' id='word_1_230' title='bbox 2308 1632 2435 1702; x_wconf 89' lang='lat' dir='ltr'><strong><em>quin</em></strong></span> <span class='ocrx_word' id='word_1_231' title='bbox 2465 1631 2625 1687; x_wconf 90' lang='lat' dir='ltr'><strong><em>homo</em></strong></span> <span class='ocrx_word' id='word_1_232' title='bbox 2654 1634 2744 1691; x_wconf 89' lang='lat' dir='ltr'><strong><em>sit.</em></strong></span> <span class='ocrx_word' id='word_1_233' title='bbox 2791 1633 2931 1705; x_wconf 87' lang='lat' dir='ltr'><strong><em>Ergo</em></strong></span> <span class='ocrx_word' id='word_1_234' title='bbox 2960 1635 3213 1705; x_wconf 88' lang='lat' dir='ltr'><strong><em>quoniam</em></strong></span> <span class='ocrx_word' id='word_1_235' title='bbox 3245 1635 3352 1690; x_wconf 90' lang='lat' dir='ltr'><strong><em>duo</em></strong></span> <span class='ocrx_word' id='word_1_236' title='bbox 3383 1636 3496 1692; x_wconf 78' lang='lat' dir='ltr'><strong><em>ltzec</em></strong></span> 
     </span>
    </p>
   </div>
   <div class='ocr_carea' id='block_1_32' title="bbox 1914 1722 3495 1800">
    <p class='ocr_par' dir='ltr' id='par_1_32' title="bbox 1914 1722 3495 1800">
     <span class='ocr_line' id='line_1_32' title="bbox 1914 1722 3495 1800; baseline 0.004 -23"><span class='ocrx_word' id='word_1_237' title='bbox 1914 1722 2131 1780; x_wconf 86' lang='lat' dir='ltr'><strong><em>sibimet</em></strong></span> <span class='ocrx_word' id='word_1_238' title='bbox 2160 1734 2565 1794; x_wconf 86' lang='lat' dir='ltr'><strong><em>convertuntur,</em></strong></span> <span class='ocrx_word' id='word_1_239' title='bbox 2600 1727 2947 1796; x_wconf 87' lang='lat' dir='ltr'><strong><em>respiciamus</em></strong></span> <span class='ocrx_word' id='word_1_240' title='bbox 2978 1743 3119 1784; x_wconf 91' lang='lat' dir='ltr'><strong><em>nunc</em></strong></span> <span class='ocrx_word' id='word_1_241' title='bbox 3150 1744 3270 1800; x_wconf 87' lang='lat' dir='ltr'><strong><em>quae</em></strong></span> <span class='ocrx_word' id='word_1_242' title='bbox 3300 1730 3368 1786; x_wconf 85' lang='lat' dir='ltr'><strong><em>sit</em></strong></span> <span class='ocrx_word' id='word_1_243' title='bbox 3400 1730 3495 1784; x_wconf 88' lang='lat' dir='ltr'><strong><em>Ita-</em></strong></span> 
     </span>
    </p>
   </div>
   <div class='ocr_carea' id='block_1_33' title="bbox 212 1795 1804 1893">
    <p class='ocr_par' dir='ltr' id='par_1_33' title="bbox 212 1795 1803 1869">
     <span class='ocr_line' id='line_1_33' title="bbox 212 1795 1803 1869; baseline 0.003 -18"><span class='ocrx_word' id='word_1_244' title='bbox 212 1798 465 1869; x_wconf 88' lang='lat' dir='ltr'><strong><em>quouiam</em></strong></span> <span class='ocrx_word' id='word_1_245' title='bbox 502 1798 645 1866; x_wconf 86' lang='lat' dir='ltr'><strong><em>prius</em></strong></span> <span class='ocrx_word' id='word_1_246' title='bbox 683 1795 962 1851; x_wconf 88' lang='lat' dir='ltr'><strong><em>discuntur</em></strong></span> <span class='ocrx_word' id='word_1_247' title='bbox 1002 1796 1289 1862; x_wconf 85' lang='lat' dir='ltr'><strong><em>elementa,</em></strong></span> <span class='ocrx_word' id='word_1_248' title='bbox 1335 1806 1456 1866; x_wconf 75' lang='lat' dir='ltr'><strong><em>post</em></strong></span> <span class='ocrx_word' id='word_1_249' title='bbox 1493 1797 1560 1853; x_wconf 88' lang='lat' dir='ltr'><strong><em>ad</em></strong></span> <span class='ocrx_word' id='word_1_250' title='bbox 1598 1798 1803 1855; x_wconf 83' lang='lat' dir='ltr'><strong><em>descri-</em></strong></span> 
     </span>
    </p>
   </div>
   <div class='ocr_carea' id='block_1_34' title="bbox 1909 1795 3497 1893">
    <p class='ocr_par' dir='ltr' id='par_1_34' title="bbox 1909 1819 3497 1893">
     <span class='ocr_line' id='line_1_34' title="bbox 1909 1819 3497 1893; baseline 0.004 -21"><span class='ocrx_word' id='word_1_251' title='bbox 1909 1833 2023 1872; x_wconf 87' lang='lat' dir='ltr'><strong><em>rum</em></strong></span> <span class='ocrx_word' id='word_1_252' title='bbox 2053 1833 2211 1873; x_wconf 90' lang='lat' dir='ltr'><strong><em>causa</em></strong></span> <span class='ocrx_word' id='word_1_253' title='bbox 2241 1820 2427 1884; x_wconf 90' lang='lat' dir='ltr'><strong><em>alteri,</em></strong></span> <span class='ocrx_word' id='word_1_254' title='bbox 2458 1830 2515 1875; x_wconf 88' lang='lat' dir='ltr'><strong><em>ttt</em></strong></span> <span class='ocrx_word' id='word_1_255' title='bbox 2544 1819 2840 1876; x_wconf 86' lang='lat' dir='ltr'><strong><em>subsistere</em></strong></span> <span class='ocrx_word' id='word_1_256' title='bbox 2866 1822 3072 1889; x_wconf 82' lang='lat' dir='ltr'><strong><em>valeat,</em></strong></span> <span class='ocrx_word' id='word_1_257' title='bbox 3103 1831 3261 1893; x_wconf 89' lang='lat' dir='ltr'><strong><em>atque</em></strong></span> <span class='ocrx_word' id='word_1_258' title='bbox 3292 1833 3349 1876; x_wconf 91' lang='lat' dir='ltr'><strong><em>ut</em></strong></span> <span class='ocrx_word' id='word_1_259' title='bbox 3378 1838 3497 1879; x_wconf 87' lang='lat' dir='ltr'><strong><em>esse</em></strong></span> 
     </span>
    </p>
   </div>
   <div class='ocr_carea' id='block_1_35' title="bbox 210 1890 1802 1963">
    <p class='ocr_par' dir='ltr' id='par_1_35' title="bbox 210 1890 1802 1963">
     <span class='ocr_line' id='line_1_35' title="bbox 210 1890 1802 1963; baseline 0.001 -16"><span class='ocrx_word' id='word_1_260' title='bbox 210 1892 426 1963; x_wconf 90' lang='lat' dir='ltr'><strong><em>ptiones</em></strong></span> <span class='ocrx_word' id='word_1_261' title='bbox 474 1900 557 1946; x_wconf 90' lang='lat' dir='ltr'><strong><em>est</em></strong></span> <span class='ocrx_word' id='word_1_262' title='bbox 591 1890 869 1958; x_wconf 76' lang='lat' dir='ltr'><strong><em>transitus,</em></strong></span> <span class='ocrx_word' id='word_1_263' title='bbox 920 1891 1098 1960; x_wconf 83' lang='lat' dir='ltr'><strong><em>priora</em></strong></span> <span class='ocrx_word' id='word_1_264' title='bbox 1138 1899 1264 1947; x_wconf 87' lang='lat' dir='ltr'><strong><em>sunt</em></strong></span> <span class='ocrx_word' id='word_1_265' title='bbox 1299 1891 1566 1949; x_wconf 82' lang='lat' dir='ltr'><strong><em>elementa</em></strong></span> <span class='ocrx_word' id='word_1_266' title='bbox 1600 1892 1802 1949; x_wconf 90' lang='lat' dir='ltr'><strong><em>descri-</em></strong></span> 
     </span>
    </p>
   </div>
   <div class='ocr_carea' id='block_1_36' title="bbox 211 1982 1803 2058">
    <p class='ocr_par' dir='ltr' id='par_1_36' title="bbox 211 1982 1803 2058">
     <span class='ocr_line' id='line_1_36' title="bbox 211 1982 1803 2058; baseline 0.001 -18"><span class='ocrx_word' id='word_1_267' title='bbox 211 1983 516 2058; x_wconf 89' lang='lat' dir='ltr'><strong><em>ptionibus,</em></strong></span> <span class='ocrx_word' id='word_1_268' title='bbox 575 1982 765 2039; x_wconf 84' lang='lat' dir='ltr'><strong><em>ordine</em></strong></span> <span class='ocrx_word' id='word_1_269' title='bbox 815 1982 1055 2049; x_wconf 87' lang='lat' dir='ltr'><strong><em>scilicet,</em></strong></span> <span class='ocrx_word' id='word_1_270' title='bbox 1102 1984 1353 2053; x_wconf 87' lang='lat' dir='ltr'><strong><em>quoniam</em></strong></span> <span class='ocrx_word' id='word_1_271' title='bbox 1406 1993 1466 2043; x_wconf 91' lang='lat' dir='ltr'><strong><em>ut</em></strong></span> <span class='ocrx_word' id='word_1_272' title='bbox 1512 1985 1803 2056; x_wconf 88' lang='lat' dir='ltr'><strong><em>descriptio</em></strong></span> 
     </span>
    </p>
   </div>
   <div class='ocr_carea' id='block_1_37' title="bbox 212 2074 1801 2149">
    <p class='ocr_par' dir='ltr' id='par_1_37' title="bbox 212 2074 1801 2149">
     <span class='ocr_line' id='line_1_37' title="bbox 212 2074 1801 2149; baseline 0.001 -16"><span class='ocrx_word' id='word_1_273' title='bbox 212 2079 383 2148; x_wconf 78' lang='lat' dir='ltr'><strong><em>possit</em></strong></span> <span class='ocrx_word' id='word_1_274' title='bbox 404 2076 645 2145; x_wconf 74' lang='lat' dir='ltr'><strong><em>intelligi,</em></strong></span> <span class='ocrx_word' id='word_1_275' title='bbox 678 2074 824 2146; x_wconf 89' lang='lat' dir='ltr'><strong><em>prius</em></strong></span> <span class='ocrx_word' id='word_1_276' title='bbox 846 2075 1110 2132; x_wconf 86' lang='lat' dir='ltr'><strong><em>elementa</em></strong></span> <span class='ocrx_word' id='word_1_277' title='bbox 1137 2076 1438 2146; x_wconf 89' lang='lat' dir='ltr'><strong><em>traduntur,</em></strong></span> <span class='ocrx_word' id='word_1_278' title='bbox 1465 2086 1521 2134; x_wconf 90' lang='lat' dir='ltr'><strong><em>et</em></strong></span> <span class='ocrx_word' id='word_1_279' title='bbox 1546 2079 1600 2135; x_wconf 90' lang='lat' dir='ltr'><strong><em>in</em></strong></span> <span class='ocrx_word' id='word_1_280' title='bbox 1624 2094 1801 2149; x_wconf 87' lang='lat' dir='ltr'><strong><em>gram-</em></strong></span> 
     </span>
    </p>
   </div>
   <div class='ocr_carea' id='block_1_38' title="bbox 212 2169 1800 2243">
    <p class='ocr_par' dir='ltr' id='par_1_38' title="bbox 212 2169 1800 2243">
     <span class='ocr_line' id='line_1_38' title="bbox 212 2169 1800 2243; baseline 0.002 -16"><span class='ocrx_word' id='word_1_281' title='bbox 212 2173 408 2235; x_wconf 83' lang='lat' dir='ltr'><strong><em>matica</em></strong></span> <span class='ocrx_word' id='word_1_282' title='bbox 437 2185 647 2239; x_wconf 84' lang='lat' dir='ltr'><strong><em>quoque</em></strong></span> <span class='ocrx_word' id='word_1_283' title='bbox 677 2170 822 2240; x_wconf 88' lang='lat' dir='ltr'><strong><em>prius</em></strong></span> <span class='ocrx_word' id='word_1_284' title='bbox 852 2169 1076 2239; x_wconf 71' lang='lat' dir='ltr'><strong><em>singula:</em></strong></span> <span class='ocrx_word' id='word_1_285' title='bbox 1103 2170 1389 2229; x_wconf 88' lang='lat' dir='ltr'><strong><em>traduntur</em></strong></span> <span class='ocrx_word' id='word_1_286' title='bbox 1421 2171 1613 2229; x_wconf 76' lang='lat' dir='ltr'><strong><em>litterae</em></strong></span> <span class='ocrx_word' id='word_1_287' title='bbox 1641 2189 1800 2243; x_wconf 86' lang='lat' dir='ltr'><strong><em>quam</em></strong></span> 
     </span>
    </p>
   </div>
   <div class='ocr_carea' id='block_1_39' title="bbox 214 2261 1801 2338">
    <p class='ocr_par' dir='ltr' id='par_1_39' title="bbox 214 2261 1801 2338">
     <span class='ocr_line' id='line_1_39' title="bbox 214 2261 1801 2338; baseline 0 -17"><span class='ocrx_word' id='word_1_288' title='bbox 214 2280 333 2338; x_wconf 63' lang='lat' dir='ltr'><strong><em>quae</em></strong></span> <span class='ocrx_word' id='word_1_289' title='bbox 379 2280 445 2320; x_wconf 77' lang='lat' dir='ltr'><strong><em>es</em></strong></span> <span class='ocrx_word' id='word_1_290' title='bbox 493 2262 578 2319; x_wconf 86' lang='lat' dir='ltr'><strong><em>bis</em></strong></span> <span class='ocrx_word' id='word_1_291' title='bbox 626 2262 845 2333; x_wconf 59' lang='lat' dir='ltr'><strong><em>syllabae</em></strong></span> <span class='ocrx_word' id='word_1_292' title='bbox 898 2261 1335 2333; x_wconf 65' lang='lat' dir='ltr'><strong><em>coniunguntur,</em></strong></span> <span class='ocrx_word' id='word_1_293' title='bbox 1388 2265 1637 2334; x_wconf 87' lang='lat' dir='ltr'><strong><em>quocirca</em></strong></span> <span class='ocrx_word' id='word_1_294' title='bbox 1683 2265 1801 2335; x_wconf 88' lang='lat' dir='ltr'><strong><em>ipso</em></strong></span> 
     </span>
    </p>
   </div>
   <div class='ocr_carea' id='block_1_40' title="bbox 210 2354 1800 2430">
    <p class='ocr_par' dir='ltr' id='par_1_40' title="bbox 210 2354 1800 2430">
     <span class='ocr_line' id='line_1_40' title="bbox 210 2354 1800 2430; baseline -0.001 -17"><span class='ocrx_word' id='word_1_295' title='bbox 210 2355 649 2430; x_wconf 79' lang='lat' dir='ltr'><strong><em>quoque.ordine</em></strong></span> <span class='ocrx_word' id='word_1_296' title='bbox 689 2357 895 2424; x_wconf 88' lang='lat' dir='ltr'><strong><em>priores</em></strong></span> <span class='ocrx_word' id='word_1_297' title='bbox 932 2364 1056 2415; x_wconf 86' lang='lat' dir='ltr'><strong><em>sunt</em></strong></span> <span class='ocrx_word' id='word_1_298' title='bbox 1091 2354 1336 2426; x_wconf 83' lang='lat' dir='ltr'><strong><em>syllabis.</em></strong></span> <span class='ocrx_word' id='word_1_299' title='bbox 1374 2355 1641 2413; x_wconf 79' lang='lat' dir='ltr'><strong><em>Rbetores</em></strong></span> <span class='ocrx_word' id='word_1_300' title='bbox 1671 2372 1800 2412; x_wconf 88' lang='lat' dir='ltr'><strong><em>vero</em></strong></span> 
     </span>
    </p>
   </div>
   <div class='ocr_carea' id='block_1_41' title="bbox 210 2432 1803 2521">
    <p class='ocr_par' dir='ltr' id='par_1_41' title="bbox 210 2432 1803 2521">
     <span class='ocr_line' id='line_1_41' title="bbox 210 2432 1803 2521; baseline -0.001 -13"><span class='ocrx_word' id='word_1_301' title='bbox 210 2466 321 2513; x_wconf 87' lang='lat' dir='ltr'><strong><em>non</em></strong></span> <span class='ocrx_word' id='word_1_302' title='bbox 349 2466 496 2521; x_wconf 77' lang='lat' dir='ltr'><strong><em>szepe</em></strong></span> <span class='ocrx_word' id='word_1_303' title='bbox 523 2464 553 2504; x_wconf 91' lang='lat' dir='ltr'><strong><em>a</em></strong></span> <span class='ocrx_word' id='word_1_304' title='bbox 583 2445 919 2517; x_wconf 79' lang='lat' dir='ltr'><strong><em>narratione,-</em></strong></span> <span class='ocrx_word' id='word_1_305' title='bbox 947 2432 1044 2505; x_wconf 69' lang='lat' dir='ltr'><strong><em>sed</em></strong></span> <span class='ocrx_word' id='word_1_306' title='bbox 1075 2448 1142 2505; x_wconf 90' lang='lat' dir='ltr'><strong><em>ab</em></strong></span> <span class='ocrx_word' id='word_1_307' title='bbox 1172 2448 1397 2505; x_wconf 78' lang='lat' dir='ltr'><strong><em>exordio</em></strong></span> <span class='ocrx_word' id='word_1_308' title='bbox 1424 2463 1584 2519; x_wconf 81' lang='lat' dir='ltr'><strong><em>agere</em></strong></span> <span class='ocrx_word' id='word_1_309' title='bbox 1611 2464 1803 2506; x_wconf 82' lang='lat' dir='ltr'><strong><em>causas</em></strong></span> 
     </span>
    </p>
   </div>
   <div class='ocr_carea' id='block_1_42' title="bbox 210 2540 1800 2614">
    <p class='ocr_par' dir='ltr' id='par_1_42' title="bbox 210 2540 1800 2614">
     <span class='ocr_line' id='line_1_42' title="bbox 210 2540 1800 2614; baseline -0.003 -11"><span class='ocrx_word' id='word_1_310' title='bbox 210 2544 503 2614; x_wconf 86' lang='lat' dir='ltr'><strong><em>incipiunt,</em></strong></span> <span class='ocrx_word' id='word_1_311' title='bbox 552 2543 675 2599; x_wconf 89' lang='lat' dir='ltr'><strong><em>ideo</em></strong></span> <span class='ocrx_word' id='word_1_312' title='bbox 714 2541 857 2612; x_wconf 86' lang='lat' dir='ltr'><strong><em>quod</em></strong></span> <span class='ocrx_word' id='word_1_313' title='bbox 909 2540 1130 2601; x_wconf 73' lang='lat' dir='ltr'><strong><em>exordia</em></strong></span> <span class='ocrx_word' id='word_1_314' title='bbox 1185 2541 1581 2598; x_wconf 81' lang='lat' dir='ltr'><strong><em>narrationibus</em></strong></span> <span class='ocrx_word' id='word_1_315' title='bbox 1623 2541 1800 2612; x_wconf 77' lang='lat' dir='ltr'><strong><em>priora</em></strong></span> 
     </span>
    </p>
   </div>
   <div class='ocr_carea' id='block_1_43' title="bbox 210 2634 1801 2707">
    <p class='ocr_par' dir='ltr' id='par_1_43' title="bbox 210 2634 1801 2707">
     <span class='ocr_line' id='line_1_43' title="bbox 210 2634 1801 2707; baseline -0.003 -10"><span class='ocrx_word' id='word_1_316' title='bbox 210 2648 340 2701; x_wconf 83' lang='lat' dir='ltr'><strong><em>sunt</em></strong></span> <span class='ocrx_word' id='word_1_317' title='bbox 366 2637 578 2703; x_wconf 88' lang='lat' dir='ltr'><strong><em>ordine,</em></strong></span> <span class='ocrx_word' id='word_1_318' title='bbox 608 2651 773 2706; x_wconf 82' lang='lat' dir='ltr'><strong><em>quare</em></strong></span> <span class='ocrx_word' id='word_1_319' title='bbox 803 2636 994 2692; x_wconf 87' lang='lat' dir='ltr'><strong><em>tertius</em></strong></span> <span class='ocrx_word' id='word_1_320' title='bbox 1023 2634 1216 2692; x_wconf 86' lang='lat' dir='ltr'><strong><em>modus</em></strong></span> <span class='ocrx_word' id='word_1_321' title='bbox 1247 2635 1441 2704; x_wconf 91' lang='lat' dir='ltr'><strong><em>prioris</em></strong></span> <span class='ocrx_word' id='word_1_322' title='bbox 1471 2636 1572 2691; x_wconf 90' lang='lat' dir='ltr'><strong><em>iste</em></strong></span> <span class='ocrx_word' id='word_1_323' title='bbox 1599 2645 1683 2692; x_wconf 88' lang='lat' dir='ltr'><strong><em>est</em></strong></span> <span class='ocrx_word' id='word_1_324' title='bbox 1711 2638 1801 2707; x_wconf 91' lang='lat' dir='ltr'><strong><em>qui</em></strong></span> 
     </span>
    </p>
   </div>
   <div class='ocr_carea' id='block_1_44' title="bbox 209 2726 1802 2802">
    <p class='ocr_par' dir='ltr' id='par_1_44' title="bbox 209 2726 1802 2802">
     <span class='ocr_line' id='line_1_44' title="bbox 209 2726 1802 2802; baseline -0.002 -16"><span class='ocrx_word' id='word_1_325' title='bbox 209 2730 502 2791; x_wconf 77' lang='lat' dir='ltr'><strong><em>secundum</em></strong></span> <span class='ocrx_word' id='word_1_326' title='bbox 542 2743 738 2785; x_wconf 78' lang='lat' dir='ltr'><strong><em>nexum</em></strong></span> <span class='ocrx_word' id='word_1_327' title='bbox 776 2726 1053 2802; x_wconf 75' lang='lat' dir='ltr'><strong><em>cujusdam</em></strong></span> <span class='ocrx_word' id='word_1_328' title='bbox 1092 2726 1300 2785; x_wconf 88' lang='lat' dir='ltr'><strong><em>ordinis</em></strong></span> <span class='ocrx_word' id='word_1_329' title='bbox 1337 2726 1392 2782; x_wconf 90' lang='lat' dir='ltr'><strong><em>in</em></strong></span> <span class='ocrx_word' id='word_1_330' title='bbox 1421 2726 1659 2797; x_wconf 81' lang='lat' dir='ltr'><strong><em>qualibet</em></strong></span> <span class='ocrx_word' id='word_1_331' title='bbox 1684 2736 1802 2784; x_wconf 87' lang='lat' dir='ltr'><strong><em>arte</em></strong></span> 
     </span>
    </p>
   </div>
   <div class='ocr_carea' id='block_1_45' title="bbox 215 2822 670 2877">
    <p class='ocr_par' dir='ltr' id='par_1_45' title="bbox 215 2822 670 2877">
     <span class='ocr_line' id='line_1_45' title="bbox 215 2822 670 2877; baseline 0.004 -4"><span class='ocrx_word' id='word_1_332' title='bbox 215 2824 301 2873; x_wconf 84' lang='lat' dir='ltr'><strong><em>est</em></strong></span> <span class='ocrx_word' id='word_1_333' title='bbox 327 2822 670 2877; x_wconf 85' lang='lat' dir='ltr'><strong><em>constitutus.</em></strong></span> 
     </span>
    </p>
   </div>
   <div class='ocr_carea' id='block_1_46' title="bbox 284 2908 1802 2985">
    <p class='ocr_par' dir='ltr' id='par_1_46' title="bbox 284 2908 1802 2985">
     <span class='ocr_line' id='line_1_46' title="bbox 284 2908 1802 2985; baseline -0.004 -14"><span class='ocrx_word' id='word_1_334' title='bbox 284 2911 520 2985; x_wconf 77' lang='lat' dir='ltr'><strong><em>Amplius</em></strong></span> <span class='ocrx_word' id='word_1_335' title='bbox 549 2922 732 2981; x_wconf 69' lang='lat' dir='ltr'><strong><em>prater</em></strong></span> <span class='ocrx_word' id='word_1_336' title='bbox 767 2926 830 2967; x_wconf 87' lang='lat' dir='ltr'><strong><em>ea</em></strong></span> <span class='ocrx_word' id='word_1_337' title='bbox 853 2926 966 2980; x_wconf 78' lang='lat' dir='ltr'><strong><em>qua:</em></strong></span> <span class='ocrx_word' id='word_1_338' title='bbox 993 2910 1131 2969; x_wconf 89' lang='lat' dir='ltr'><strong><em>dicta</em></strong></span> <span class='ocrx_word' id='word_1_339' title='bbox 1172 2918 1311 2977; x_wconf 86' lang='lat' dir='ltr'><strong><em>sunt,</em></strong></span> <span class='ocrx_word' id='word_1_340' title='bbox 1340 2908 1479 2980; x_wconf 89' lang='lat' dir='ltr'><strong><em>quod</em></strong></span> <span class='ocrx_word' id='word_1_341' title='bbox 1517 2908 1699 2965; x_wconf 85' lang='lat' dir='ltr'><strong><em>melius</em></strong></span> <span class='ocrx_word' id='word_1_342' title='bbox 1726 2918 1802 2965; x_wconf 85' lang='lat' dir='ltr'><strong><em>est</em></strong></span> 
     </span>
    </p>
   </div>
   <div class='ocr_carea' id='block_1_47' title="bbox 210 3001 1803 3075">
    <p class='ocr_par' dir='ltr' id='par_1_47' title="bbox 210 3001 1803 3075">
     <span class='ocr_line' id='line_1_47' title="bbox 210 3001 1803 3075; baseline -0.003 -13"><span class='ocrx_word' id='word_1_343' title='bbox 210 3016 261 3062; x_wconf 84' lang='lat' dir='ltr'><strong><em>et</em></strong></span> <span class='ocrx_word' id='word_1_344' title='bbox 288 3003 636 3062; x_wconf 75' lang='lat' dir='ltr'><strong><em>honorabilius</em></strong></span> <span class='ocrx_word' id='word_1_345' title='bbox 661 3004 802 3075; x_wconf 88' lang='lat' dir='ltr'><strong><em>prius</em></strong></span> <span class='ocrx_word' id='word_1_346' title='bbox 830 3001 1135 3061; x_wconf 77' lang='lat' dir='ltr'><strong><em>naturaliter</em></strong></span> <span class='ocrx_word' id='word_1_347' title='bbox 1160 3018 1268 3057; x_wconf 90' lang='lat' dir='ltr'><strong><em>esse</em></strong></span> <span class='ocrx_word' id='word_1_348' title='bbox 1291 3002 1512 3069; x_wconf 74' lang='lat' dir='ltr'><strong><em>videtur,</em></strong></span> <span class='ocrx_word' id='word_1_349' title='bbox 1537 3018 1803 3058; x_wconf 53' lang='lat' dir='ltr'><strong><em>consuetis.</em></strong></span> 
     </span>
    </p>
   </div>
   <div class='ocr_carea' id='block_1_48' title="bbox 208 3095 1800 3168">
    <p class='ocr_par' dir='ltr' id='par_1_48' title="bbox 208 3095 1800 3168">
     <span class='ocr_line' id='line_1_48' title="bbox 208 3095 1800 3168; baseline -0.004 -10"><span class='ocrx_word' id='word_1_350' title='bbox 208 3109 334 3161; x_wconf 76' lang='lat' dir='ltr'><strong><em>runt</em></strong></span> <span class='ocrx_word' id='word_1_351' title='bbox 363 3099 502 3155; x_wconf 82' lang='lat' dir='ltr'><strong><em>enim</em></strong></span> <span class='ocrx_word' id='word_1_352' title='bbox 527 3104 580 3154; x_wconf 79' lang='lat' dir='ltr'><strong><em>et</em></strong></span> <span class='ocrx_word' id='word_1_353' title='bbox 592 3096 802 3168; x_wconf 79' lang='lat' dir='ltr'><strong><em>plurimi</em></strong></span> <span class='ocrx_word' id='word_1_354' title='bbox 829 3095 1236 3152; x_wconf 81' lang='lat' dir='ltr'><strong><em>honorabiliores</em></strong></span> <span class='ocrx_word' id='word_1_355' title='bbox 1264 3104 1312 3151; x_wconf 90' lang='lat' dir='ltr'><strong><em>et</em></strong></span> <span class='ocrx_word' id='word_1_356' title='bbox 1336 3096 1498 3168; x_wconf 84' lang='lat' dir='ltr'><strong><em>magis</em></strong></span> <span class='ocrx_word' id='word_1_357' title='bbox 1525 3112 1559 3150; x_wconf 94' lang='lat' dir='ltr'><strong><em>a</em></strong></span> <span class='ocrx_word' id='word_1_358' title='bbox 1584 3112 1640 3151; x_wconf 88' lang='lat' dir='ltr'><strong><em>se</em></strong></span> <span class='ocrx_word' id='word_1_359' title='bbox 1665 3097 1800 3152; x_wconf 86' lang='lat' dir='ltr'><strong><em>dile-</em></strong></span> 
     </span>
    </p>
   </div>
   <div class='ocr_carea' id='block_1_49' title="bbox 1906 1909 3496 1980">
    <p class='ocr_par' dir='ltr' id='par_1_49' title="bbox 1906 1909 3496 1980">
     <span class='ocr_line' id='line_1_49' title="bbox 1906 1909 3496 1980; baseline 0.003 -16"><span class='ocrx_word' id='word_1_360' title='bbox 1906 1909 2098 1980; x_wconf 89' lang='lat' dir='ltr'><strong><em>possit.</em></strong></span> <span class='ocrx_word' id='word_1_361' title='bbox 2124 1909 2291 1966; x_wconf 82' lang='lat' dir='ltr'><strong><em>Video</em></strong></span> <span class='ocrx_word' id='word_1_362' title='bbox 2320 1918 2498 1966; x_wconf 85' lang='lat' dir='ltr'><strong><em>autem</em></strong></span> <span class='ocrx_word' id='word_1_363' title='bbox 2521 1925 2634 1967; x_wconf 90' lang='lat' dir='ltr'><strong><em>rem</em></strong></span> <span class='ocrx_word' id='word_1_364' title='bbox 2662 1910 2808 1967; x_wconf 91' lang='lat' dir='ltr'><strong><em>dicto</em></strong></span> <span class='ocrx_word' id='word_1_365' title='bbox 2832 1925 2962 1967; x_wconf 90' lang='lat' dir='ltr'><strong><em>vero</em></strong></span> <span class='ocrx_word' id='word_1_366' title='bbox 2987 1912 3347 1968; x_wconf 71' lang='lat' dir='ltr'><strong><em>subsistentia:</em></strong></span> <span class='ocrx_word' id='word_1_367' title='bbox 3369 1912 3496 1968; x_wconf 84' lang='lat' dir='ltr'><strong><em>dare</em></strong></span> 
     </span>
    </p>
   </div>
   <div class='ocr_carea' id='block_1_50' title="bbox 1904 2000 3497 2073">
    <p class='ocr_par' dir='ltr' id='par_1_50' title="bbox 1904 2000 3497 2073">
     <span class='ocr_line' id='line_1_50' title="bbox 1904 2000 3497 2073; baseline 0.002 -17"><span class='ocrx_word' id='word_1_368' title='bbox 1904 2002 2249 2072; x_wconf 89' lang='lat' dir='ltr'><strong><em>principium,</em></strong></span> <span class='ocrx_word' id='word_1_369' title='bbox 2294 2018 2416 2057; x_wconf 87' lang='lat' dir='ltr'><strong><em>nam</em></strong></span> <span class='ocrx_word' id='word_1_370' title='bbox 2455 2000 2579 2073; x_wconf 90' lang='lat' dir='ltr'><strong><em>quia</em></strong></span> <span class='ocrx_word' id='word_1_371' title='bbox 2616 2003 2778 2059; x_wconf 88' lang='lat' dir='ltr'><strong><em>homo</em></strong></span> <span class='ocrx_word' id='word_1_372' title='bbox 2815 2012 2918 2068; x_wconf 88' lang='lat' dir='ltr'><strong><em>est,</em></strong></span> <span class='ocrx_word' id='word_1_373' title='bbox 2956 2003 3155 2060; x_wconf 90' lang='lat' dir='ltr'><strong><em>idcirco</em></strong></span> <span class='ocrx_word' id='word_1_374' title='bbox 3200 2019 3382 2071; x_wconf 86' lang='lat' dir='ltr'><strong><em>verum</em></strong></span> <span class='ocrx_word' id='word_1_375' title='bbox 3416 2012 3497 2059; x_wconf 89' lang='lat' dir='ltr'><strong><em>est</em></strong></span> 
     </span>
    </p>
   </div>
   <div class='ocr_carea' id='block_1_51' title="bbox 1903 2093 3489 2165">
    <p class='ocr_par' dir='ltr' id='par_1_51' title="bbox 1903 2093 3489 2165">
     <span class='ocr_line' id='line_1_51' title="bbox 1903 2093 3489 2165; baseline -0.001 -16"><span class='ocrx_word' id='word_1_376' title='bbox 1903 2093 2085 2149; x_wconf 88' lang='lat' dir='ltr'><strong><em>dicere</em></strong></span> <span class='ocrx_word' id='word_1_377' title='bbox 2106 2093 2176 2150; x_wconf 89' lang='lat' dir='ltr'><strong><em>de</em></strong></span> <span class='ocrx_word' id='word_1_378' title='bbox 2200 2108 2267 2149; x_wconf 84' lang='lat' dir='ltr'><strong><em>eo</em></strong></span> <span class='ocrx_word' id='word_1_379' title='bbox 2288 2095 2538 2165; x_wconf 85' lang='lat' dir='ltr'><strong><em>quoniam</em></strong></span> <span class='ocrx_word' id='word_1_380' title='bbox 2564 2103 2670 2163; x_wconf 90' lang='lat' dir='ltr'><strong><em>est,</em></strong></span> <span class='ocrx_word' id='word_1_381' title='bbox 2701 2094 2794 2149; x_wconf 88' lang='lat' dir='ltr'><strong><em>sed</em></strong></span> <span class='ocrx_word' id='word_1_382' title='bbox 2827 2109 2932 2149; x_wconf 90' lang='lat' dir='ltr'><strong><em>non</em></strong></span> <span class='ocrx_word' id='word_1_383' title='bbox 2964 2093 3165 2149; x_wconf 89' lang='lat' dir='ltr'><strong><em>idcirco</em></strong></span> <span class='ocrx_word' id='word_1_384' title='bbox 3192 2095 3354 2148; x_wconf 88' lang='lat' dir='ltr'><strong><em>homo</em></strong></span> <span class='ocrx_word' id='word_1_385' title='bbox 3386 2104 3489 2158; x_wconf 89' lang='lat' dir='ltr'><strong><em>est,</em></strong></span> 
     </span>
    </p>
   </div>
   <div class='ocr_carea' id='block_1_52' title="bbox 1903 2185 3497 2257">
    <p class='ocr_par' dir='ltr' id='par_1_52' title="bbox 1903 2185 3497 2257">
     <span class='ocr_line' id='line_1_52' title="bbox 1903 2185 3497 2257; baseline 0.001 -16"><span class='ocrx_word' id='word_1_386' title='bbox 1903 2186 2155 2256; x_wconf 89' lang='lat' dir='ltr'><strong><em>quoniam</em></strong></span> <span class='ocrx_word' id='word_1_387' title='bbox 2195 2185 2263 2242; x_wconf 89' lang='lat' dir='ltr'><strong><em>de</em></strong></span> <span class='ocrx_word' id='word_1_388' title='bbox 2299 2201 2364 2242; x_wconf 91' lang='lat' dir='ltr'><strong><em>eo</em></strong></span> <span class='ocrx_word' id='word_1_389' title='bbox 2399 2201 2527 2242; x_wconf 90' lang='lat' dir='ltr'><strong><em>vere</em></strong></span> <span class='ocrx_word' id='word_1_390' title='bbox 2562 2185 2669 2242; x_wconf 91' lang='lat' dir='ltr'><strong><em>dici</em></strong></span> <span class='ocrx_word' id='word_1_391' title='bbox 2708 2195 2905 2256; x_wconf 89' lang='lat' dir='ltr'><strong><em>potest,</em></strong></span> <span class='ocrx_word' id='word_1_392' title='bbox 2939 2187 3191 2257; x_wconf 87' lang='lat' dir='ltr'><strong><em>quoniam</em></strong></span> <span class='ocrx_word' id='word_1_393' title='bbox 3234 2197 3339 2244; x_wconf 88' lang='lat' dir='ltr'><strong><em>est.</em></strong></span> <span class='ocrx_word' id='word_1_394' title='bbox 3388 2186 3497 2243; x_wconf 78' lang='lat' dir='ltr'><strong><em>Res</em></strong></span> 
     </span>
    </p>
   </div>
   <div class='ocr_carea' id='block_1_53' title="bbox 1904 2276 3495 2349">
    <p class='ocr_par' dir='ltr' id='par_1_53' title="bbox 1904 2276 3495 2349">
     <span class='ocr_line' id='line_1_53' title="bbox 1904 2276 3495 2349; baseline 0.002 -18"><span class='ocrx_word' id='word_1_395' title='bbox 1904 2276 2045 2333; x_wconf 90' lang='lat' dir='ltr'><strong><em>enim</em></strong></span> <span class='ocrx_word' id='word_1_396' title='bbox 2075 2285 2133 2332; x_wconf 91' lang='lat' dir='ltr'><strong><em>ut</em></strong></span> <span class='ocrx_word' id='word_1_397' title='bbox 2157 2278 2357 2333; x_wconf 86' lang='lat' dir='ltr'><strong><em>veritas</em></strong></span> <span class='ocrx_word' id='word_1_398' title='bbox 2396 2277 2560 2344; x_wconf 87' lang='lat' dir='ltr'><strong><em>adsit,</em></strong></span> <span class='ocrx_word' id='word_1_399' title='bbox 2593 2278 2740 2335; x_wconf 92' lang='lat' dir='ltr'><strong><em>dicto</em></strong></span> <span class='ocrx_word' id='word_1_400' title='bbox 2770 2280 3089 2349; x_wconf 89' lang='lat' dir='ltr'><strong><em>principium</em></strong></span> <span class='ocrx_word' id='word_1_401' title='bbox 3125 2287 3229 2345; x_wconf 92' lang='lat' dir='ltr'><strong><em>est,</em></strong></span> <span class='ocrx_word' id='word_1_402' title='bbox 3262 2280 3355 2335; x_wconf 89' lang='lat' dir='ltr'><strong><em>sed</em></strong></span> <span class='ocrx_word' id='word_1_403' title='bbox 3389 2295 3495 2334; x_wconf 91' lang='lat' dir='ltr'><strong><em>non</em></strong></span> 
     </span>
    </p>
   </div>
   <div class='ocr_carea' id='block_1_54' title="bbox 1902 2369 3496 2443">
    <p class='ocr_par' dir='ltr' id='par_1_54' title="bbox 1902 2369 3496 2443">
     <span class='ocr_line' id='line_1_54' title="bbox 1902 2369 3496 2443; baseline 0.002 -19"><span class='ocrx_word' id='word_1_404' title='bbox 1902 2378 1963 2424; x_wconf 92' lang='lat' dir='ltr'><strong><em>ut</em></strong></span> <span class='ocrx_word' id='word_1_405' title='bbox 1991 2384 2077 2426; x_wconf 90' lang='lat' dir='ltr'><strong><em>res</em></strong></span> <span class='ocrx_word' id='word_1_406' title='bbox 2106 2369 2383 2438; x_wconf 86' lang='lat' dir='ltr'><strong><em>subsistat,</em></strong></span> <span class='ocrx_word' id='word_1_407' title='bbox 2420 2378 2549 2428; x_wconf 85' lang='lat' dir='ltr'><strong><em>vero</em></strong></span> <span class='ocrx_word' id='word_1_408' title='bbox 2588 2372 2821 2429; x_wconf 81' lang='lat' dir='ltr'><strong><em>efﬁcitur</em></strong></span> <span class='ocrx_word' id='word_1_409' title='bbox 2850 2372 3016 2428; x_wconf 91' lang='lat' dir='ltr'><strong><em>dicto.</em></strong></span> <span class='ocrx_word' id='word_1_410' title='bbox 3060 2371 3318 2441; x_wconf 85' lang='lat' dir='ltr'><strong><em>Quocirca</em></strong></span> <span class='ocrx_word' id='word_1_411' title='bbox 3352 2372 3496 2443; x_wconf 91' lang='lat' dir='ltr'><strong><em>prius</em></strong></span> 
     </span>
    </p>
   </div>
   <div class='ocr_carea' id='block_1_55' title="bbox 1900 2463 3496 2535">
    <p class='ocr_par' dir='ltr' id='par_1_55' title="bbox 1900 2463 3496 2535">
     <span class='ocr_line' id='line_1_55' title="bbox 1900 2463 3496 2535; baseline 0.002 -18"><span class='ocrx_word' id='word_1_412' title='bbox 1900 2469 2013 2530; x_wconf 84' lang='lat' dir='ltr'><strong><em>est,</em></strong></span> <span class='ocrx_word' id='word_1_413' title='bbox 2061 2476 2184 2519; x_wconf 83' lang='lat' dir='ltr'><strong><em>esse</em></strong></span> <span class='ocrx_word' id='word_1_414' title='bbox 2223 2463 2526 2531; x_wconf 85' lang='lat' dir='ltr'><strong><em>hominem,</em></strong></span> <span class='ocrx_word' id='word_1_415' title='bbox 2580 2464 2867 2535; x_wconf 87' lang='lat' dir='ltr'><strong><em>posterius,</em></strong></span> <span class='ocrx_word' id='word_1_416' title='bbox 2917 2480 3104 2521; x_wconf 88' lang='lat' dir='ltr'><strong><em>verum</em></strong></span> <span class='ocrx_word' id='word_1_417' title='bbox 3159 2464 3227 2520; x_wconf 90' lang='lat' dir='ltr'><strong><em>de</em></strong></span> <span class='ocrx_word' id='word_1_418' title='bbox 3270 2479 3337 2520; x_wconf 89' lang='lat' dir='ltr'><strong><em>eo</em></strong></span> <span class='ocrx_word' id='word_1_419' title='bbox 3377 2479 3496 2520; x_wconf 88' lang='lat' dir='ltr'><strong><em>esse</em></strong></span> 
     </span>
    </p>
   </div>
   <div class='ocr_carea' id='block_1_56' title="bbox 1901 2553 3491 2630">
    <p class='ocr_par' dir='ltr' id='par_1_56' title="bbox 1901 2553 3491 2630">
     <span class='ocr_line' id='line_1_56' title="bbox 1901 2553 3491 2630; baseline 0.001 -20"><span class='ocrx_word' id='word_1_420' title='bbox 1901 2553 2124 2613; x_wconf 77' lang='lat' dir='ltr'><strong><em>dictum.</em></strong></span> <span class='ocrx_word' id='word_1_421' title='bbox 2194 2556 2398 2612; x_wconf 90' lang='lat' dir='ltr'><strong><em>Idcirco</em></strong></span> <span class='ocrx_word' id='word_1_422' title='bbox 2455 2560 2708 2628; x_wconf 85' lang='lat' dir='ltr'><strong><em>quoniam</em></strong></span> <span class='ocrx_word' id='word_1_423' title='bbox 2775 2562 3020 2630; x_wconf 82' lang='lat' dir='ltr'><strong><em>quamvis</em></strong></span> <span class='ocrx_word' id='word_1_424' title='bbox 3079 2567 3491 2627; x_wconf 80' lang='lat' dir='ltr'><strong><em>convertantur,</em></strong></span> 
     </span>
    </p>
   </div>
   <div class='ocr_carea' id='block_1_57' title="bbox 1904 2649 3493 2707">
    <p class='ocr_par' dir='ltr' id='par_1_57' title="bbox 1904 2649 3493 2707">
     <span class='ocr_line' id='line_1_57' title="bbox 1904 2649 3493 2707; baseline 0.003 -5"><span class='ocrx_word' id='word_1_425' title='bbox 1904 2655 2084 2703; x_wconf 88' lang='lat' dir='ltr'><strong><em>tamen</em></strong></span> <span class='ocrx_word' id='word_1_426' title='bbox 2145 2663 2250 2704; x_wconf 89' lang='lat' dir='ltr'><strong><em>una</em></strong></span> <span class='ocrx_word' id='word_1_427' title='bbox 2298 2649 2486 2705; x_wconf 89' lang='lat' dir='ltr'><strong><em>harum</em></strong></span> <span class='ocrx_word' id='word_1_428' title='bbox 2534 2665 2714 2706; x_wconf 89' lang='lat' dir='ltr'><strong><em>rerum</em></strong></span> <span class='ocrx_word' id='word_1_429' title='bbox 2759 2652 2911 2706; x_wconf 84' lang='lat' dir='ltr'><strong><em>alteri</em></strong></span> <span class='ocrx_word' id='word_1_430' title='bbox 2964 2651 3290 2707; x_wconf 87' lang='lat' dir='ltr'><strong><em>subsistendi</em></strong></span> <span class='ocrx_word' id='word_1_431' title='bbox 3334 2666 3493 2707; x_wconf 89' lang='lat' dir='ltr'><strong><em>causa</em></strong></span> 
     </span>
    </p>
   </div>
   <div class='ocr_carea' id='block_1_58' title="bbox 1901 2742 3488 2815">
    <p class='ocr_par' dir='ltr' id='par_1_58' title="bbox 1901 2742 3488 2815">
     <span class='ocr_line' id='line_1_58' title="bbox 1901 2742 3488 2815; baseline 0.001 -18"><span class='ocrx_word' id='word_1_432' title='bbox 1901 2749 2005 2799; x_wconf 87' lang='lat' dir='ltr'><strong><em>est.</em></strong></span> <span class='ocrx_word' id='word_1_433' title='bbox 2039 2742 2125 2797; x_wconf 81' lang='lat' dir='ltr'><strong><em>Ait</em></strong></span> <span class='ocrx_word' id='word_1_434' title='bbox 2153 2743 2296 2798; x_wconf 90' lang='lat' dir='ltr'><strong><em>enim</em></strong></span> <span class='ocrx_word' id='word_1_435' title='bbox 2329 2744 2379 2798; x_wconf 92' lang='lat' dir='ltr'><strong><em>id</em></strong></span> <span class='ocrx_word' id='word_1_436' title='bbox 2408 2758 2529 2799; x_wconf 88' lang='lat' dir='ltr'><strong><em>esse</em></strong></span> <span class='ocrx_word' id='word_1_437' title='bbox 2561 2745 2707 2814; x_wconf 88' lang='lat' dir='ltr'><strong><em>prius</em></strong></span> <span class='ocrx_word' id='word_1_438' title='bbox 2747 2745 2888 2799; x_wconf 90' lang='lat' dir='ltr'><strong><em>inter</em></strong></span> <span class='ocrx_word' id='word_1_439' title='bbox 2916 2759 2981 2799; x_wconf 89' lang='lat' dir='ltr'><strong><em>ea</em></strong></span> <span class='ocrx_word' id='word_1_440' title='bbox 3011 2760 3129 2815; x_wconf 71' lang='lat' dir='ltr'><strong><em>quae</em></strong></span> <span class='ocrx_word' id='word_1_441' title='bbox 3155 2756 3488 2800; x_wconf 87' lang='lat' dir='ltr'><strong><em>convertun-</em></strong></span> 
     </span>
    </p>
   </div>
   <div class='ocr_carea' id='block_1_59' title="bbox 1903 2833 3494 2907">
    <p class='ocr_par' dir='ltr' id='par_1_59' title="bbox 1903 2833 3494 2907">
     <span class='ocr_line' id='line_1_59' title="bbox 1903 2833 3494 2907; baseline 0.002 -18"><span class='ocrx_word' id='word_1_442' title='bbox 1903 2842 1992 2889; x_wconf 87' lang='lat' dir='ltr'><strong><em>tur</em></strong></span> <span class='ocrx_word' id='word_1_443' title='bbox 2019 2833 2315 2890; x_wconf 88' lang='lat' dir='ltr'><strong><em>secundum</em></strong></span> <span class='ocrx_word' id='word_1_444' title='bbox 2345 2836 2596 2890; x_wconf 67' lang='lat' dir='ltr'><strong><em>essentia:</em></strong></span> <span class='ocrx_word' id='word_1_445' title='bbox 2620 2837 3083 2907; x_wconf 80' lang='lat' dir='ltr'><strong><em>consequentiam,</em></strong></span> <span class='ocrx_word' id='word_1_446' title='bbox 3109 2836 3251 2906; x_wconf 90' lang='lat' dir='ltr'><strong><em>quod</em></strong></span> <span class='ocrx_word' id='word_1_447' title='bbox 3276 2835 3494 2892; x_wconf 86' lang='lat' dir='ltr'><strong><em>alterius</em></strong></span> 
     </span>
    </p>
   </div>
   <div class='ocr_carea' id='block_1_60' title="bbox 1902 2926 3494 2998">
    <p class='ocr_par' dir='ltr' id='par_1_60' title="bbox 1902 2926 3494 2998">
     <span class='ocr_line' id='line_1_60' title="bbox 1902 2926 3494 2998; baseline 0.002 -17"><span class='ocrx_word' id='word_1_448' title='bbox 1902 2926 2312 2997; x_wconf 88' lang='lat' dir='ltr'><strong><em>quomodolibet</em></strong></span> <span class='ocrx_word' id='word_1_449' title='bbox 2358 2942 2523 2984; x_wconf 82' lang='lat' dir='ltr'><strong><em>causa</em></strong></span> <span class='ocrx_word' id='word_1_450' title='bbox 2576 2938 2678 2985; x_wconf 86' lang='lat' dir='ltr'><strong><em>est.</em></strong></span> <span class='ocrx_word' id='word_1_451' title='bbox 2733 2927 2801 2984; x_wconf 88' lang='lat' dir='ltr'><strong><em>Ut</em></strong></span> <span class='ocrx_word' id='word_1_452' title='bbox 2847 2928 2903 2983; x_wconf 90' lang='lat' dir='ltr'><strong><em>in</em></strong></span> <span class='ocrx_word' id='word_1_453' title='bbox 2944 2928 3045 2985; x_wconf 85' lang='lat' dir='ltr'><strong><em>hoc</em></strong></span> <span class='ocrx_word' id='word_1_454' title='bbox 3085 2929 3201 2998; x_wconf 91' lang='lat' dir='ltr'><strong><em>ipso</em></strong></span> <span class='ocrx_word' id='word_1_455' title='bbox 3245 2943 3494 2985; x_wconf 89' lang='lat' dir='ltr'><strong><em>sermone</em></strong></span> 
     </span>
    </p>
   </div>
   <div class='ocr_carea' id='block_1_61' title="bbox 1904 3020 3494 3094">
    <p class='ocr_par' dir='ltr' id='par_1_61' title="bbox 1904 3020 3494 3094">
     <span class='ocr_line' id='line_1_61' title="bbox 1904 3020 3494 3094; baseline 0 -18"><span class='ocrx_word' id='word_1_456' title='bbox 1904 3021 1973 3076; x_wconf 89' lang='lat' dir='ltr'><strong><em>de</em></strong></span> <span class='ocrx_word' id='word_1_457' title='bbox 1996 3024 2235 3089; x_wconf 89' lang='lat' dir='ltr'><strong><em>homine,</em></strong></span> <span class='ocrx_word' id='word_1_458' title='bbox 2263 3032 2651 3078; x_wconf 85' lang='lat' dir='ltr'><strong><em>convertuntur</em></strong></span> <span class='ocrx_word' id='word_1_459' title='bbox 2686 3032 2912 3093; x_wconf 86' lang='lat' dir='ltr'><strong><em>utraque</em></strong></span> <span class='ocrx_word' id='word_1_460' title='bbox 2939 3023 3180 3094; x_wconf 85' lang='lat' dir='ltr'><strong><em>quidem,</em></strong></span> <span class='ocrx_word' id='word_1_461' title='bbox 3209 3022 3303 3077; x_wconf 91' lang='lat' dir='ltr'><strong><em>sed</em></strong></span> <span class='ocrx_word' id='word_1_462' title='bbox 3331 3020 3494 3077; x_wconf 84' lang='lat' dir='ltr'><strong><em>homo</em></strong></span> 
     </span>
    </p>
   </div>
   <div class='ocr_carea' id='block_1_62' title="bbox 1904 3116 3491 3187">
    <p class='ocr_par' dir='ltr' id='par_1_62' title="bbox 1904 3116 3491 3187">
     <span class='ocr_line' id='line_1_62' title="bbox 1904 3116 3491 3187; baseline 0.002 -18"><span class='ocrx_word' id='word_1_463' title='bbox 1904 3123 1965 3170; x_wconf 89' lang='lat' dir='ltr'><strong><em>ut</em></strong></span> <span class='ocrx_word' id='word_1_464' title='bbox 2003 3118 2074 3171; x_wconf 89' lang='lat' dir='ltr'><strong><em>sit</em></strong></span> <span class='ocrx_word' id='word_1_465' title='bbox 2116 3131 2295 3172; x_wconf 89' lang='lat' dir='ltr'><strong><em>sermo</em></strong></span> <span class='ocrx_word' id='word_1_466' title='bbox 2349 3130 2546 3182; x_wconf 85' lang='lat' dir='ltr'><strong><em>verus,</em></strong></span> <span class='ocrx_word' id='word_1_467' title='bbox 2594 3130 2754 3172; x_wconf 88' lang='lat' dir='ltr'><strong><em>causa</em></strong></span> <span class='ocrx_word' id='word_1_468' title='bbox 2811 3124 2895 3171; x_wconf 91' lang='lat' dir='ltr'><strong><em>est</em></strong></span> <span class='ocrx_word' id='word_1_469' title='bbox 2942 3126 3102 3187; x_wconf 90' lang='lat' dir='ltr'><strong><em>atque</em></strong></span> <span class='ocrx_word' id='word_1_470' title='bbox 3149 3116 3491 3187; x_wconf 86' lang='lat' dir='ltr'><strong><em>principium.</em></strong></span> 
     </span>
    </p>
   </div>
   <div class='ocr_carea' id='block_1_63' title="bbox 210 3180 1804 3274">
    <p class='ocr_par' dir='ltr' id='par_1_63' title="bbox 210 3190 1799 3267">
     <span class='ocr_line' id='line_1_63' title="bbox 210 3190 1799 3267; baseline -0.001 -17"><span class='ocrx_word' id='word_1_471' title='bbox 210 3206 337 3261; x_wconf 85' lang='lat' dir='ltr'><strong><em>ctos,</em></strong></span> <span class='ocrx_word' id='word_1_472' title='bbox 370 3194 564 3267; x_wconf 84' lang='lat' dir='ltr'><strong><em>priores</em></strong></span> <span class='ocrx_word' id='word_1_473' title='bbox 588 3192 759 3247; x_wconf 87' lang='lat' dir='ltr'><strong><em>dicere</em></strong></span> <span class='ocrx_word' id='word_1_474' title='bbox 786 3191 927 3261; x_wconf 88' lang='lat' dir='ltr'><strong><em>apud</em></strong></span> <span class='ocrx_word' id='word_1_475' title='bbox 953 3207 1026 3245; x_wconf 88' lang='lat' dir='ltr'><strong><em>se.</em></strong></span> <span class='ocrx_word' id='word_1_476' title='bbox 1074 3190 1179 3247; x_wconf 90' lang='lat' dir='ltr'><strong><em>Sed</em></strong></span> <span class='ocrx_word' id='word_1_477' title='bbox 1205 3199 1277 3245; x_wconf 79' lang='lat' dir='ltr'><strong><em>est</em></strong></span> <span class='ocrx_word' id='word_1_478' title='bbox 1306 3207 1433 3261; x_wconf 90' lang='lat' dir='ltr'><strong><em>pene</em></strong></span> <span class='ocrx_word' id='word_1_479' title='bbox 1457 3191 1799 3249; x_wconf 85' lang='lat' dir='ltr'><strong><em>alienissimus</em></strong></span> 
     </span>
    </p>
   </div>
   <div class='ocr_carea' id='block_1_64' title="bbox 1909 3180 3495 3274">
    <p class='ocr_par' dir='ltr' id='par_1_64' title="bbox 1909 3180 3495 3274">
     <span class='ocr_line' id='line_1_64' title="bbox 1909 3180 3495 3274; baseline 0.003 -17"><span class='ocrx_word' id='word_1_480' title='bbox 1909 3204 2057 3274; x_wconf 81' lang='lat' dir='ltr'><strong><em>Quod</em></strong></span> <span class='ocrx_word' id='word_1_481' title='bbox 2102 3207 2421 3263; x_wconf 82' lang='lat' dir='ltr'><strong><em>Aristoteles</em></strong></span> <span class='ocrx_word' id='word_1_482' title='bbox 2471 3180 2543 3262; x_wconf 85' lang='lat' dir='ltr'><strong><em>ita</em></strong></span> <span class='ocrx_word' id='word_1_483' title='bbox 2587 3207 2661 3262; x_wconf 90' lang='lat' dir='ltr'><strong><em>ait</em></strong></span> <span class='ocrx_word' id='word_1_484' title='bbox 2700 3207 2842 3262; x_wconf 86' lang='lat' dir='ltr'><strong><em>:Est</em></strong></span> <span class='ocrx_word' id='word_1_485' title='bbox 2882 3180 3059 3263; x_wconf 82' lang='lat' dir='ltr'><strong><em>autem</em></strong></span> <span class='ocrx_word' id='word_1_486' title='bbox 3108 3180 3271 3263; x_wconf 76' lang='lat' dir='ltr'><strong><em>verus</em></strong></span> <span class='ocrx_word' id='word_1_487' title='bbox 3314 3180 3495 3262; x_wconf 80' lang='lat' dir='ltr'><strong><em>sermo</em></strong></span> 
     </span>
    </p>
   </div>
   <div class='ocr_carea' id='block_1_65' title="bbox 212 3283 1802 3356">
    <p class='ocr_par' dir='ltr' id='par_1_65' title="bbox 212 3283 1802 3356">
     <span class='ocr_line' id='line_1_65' title="bbox 212 3283 1802 3356; baseline -0.002 -13"><span class='ocrx_word' id='word_1_488' title='bbox 212 3290 292 3345; x_wconf 79' lang='lat' dir='ltr'><strong><em>hic</em></strong></span> <span class='ocrx_word' id='word_1_489' title='bbox 315 3288 541 3342; x_wconf 85' lang='lat' dir='ltr'><strong><em>omnium</em></strong></span> <span class='ocrx_word' id='word_1_490' title='bbox 565 3286 769 3351; x_wconf 89' lang='lat' dir='ltr'><strong><em>modus,</em></strong></span> <span class='ocrx_word' id='word_1_491' title='bbox 791 3284 933 3340; x_wconf 86' lang='lat' dir='ltr'><strong><em>modi</em></strong></span> <span class='ocrx_word' id='word_1_492' title='bbox 957 3285 1127 3354; x_wconf 77' lang='lat' dir='ltr'><strong><em>itaque</em></strong></span> <span class='ocrx_word' id='word_1_493' title='bbox 1146 3283 1237 3354; x_wconf 75' lang='lat' dir='ltr'><strong><em>qui</em></strong></span> <span class='ocrx_word' id='word_1_494' title='bbox 1257 3284 1380 3339; x_wconf 81' lang='lat' dir='ltr'><strong><em>dicti</em></strong></span> <span class='ocrx_word' id='word_1_495' title='bbox 1404 3294 1525 3340; x_wconf 88' lang='lat' dir='ltr'><strong><em>sunt</em></strong></span> <span class='ocrx_word' id='word_1_496' title='bbox 1544 3285 1608 3339; x_wconf 87' lang='lat' dir='ltr'><strong><em>de</em></strong></span> <span class='ocrx_word' id='word_1_497' title='bbox 1634 3285 1802 3356; x_wconf 78' lang='lat' dir='ltr'><strong><em>priore</em></strong></span> 
     </span>
    </p>
   </div>
   <div class='ocr_carea' id='block_1_66' title="bbox 213 3381 675 3452">
    <p class='ocr_par' dir='ltr' id='par_1_66' title="bbox 213 3381 675 3452">
     <span class='ocr_line' id='line_1_66' title="bbox 213 3381 675 3452; baseline 0 -16"><span class='ocrx_word' id='word_1_498' title='bbox 213 3383 369 3452; x_wconf 77' lang='lat' dir='ltr'><strong><em>ferme</em></strong></span> <span class='ocrx_word' id='word_1_499' title='bbox 396 3381 481 3436; x_wconf 87' lang='lat' dir='ltr'><strong><em>isti</em></strong></span> <span class='ocrx_word' id='word_1_500' title='bbox 509 3390 675 3436; x_wconf 74' lang='lat' dir='ltr'><strong><em>sunt.‘</em></strong></span> 
     </span>
    </p>
   </div>
   <div class='ocr_carea' id='block_1_67' title="bbox 283 3473 1801 3547">
    <p class='ocr_par' dir='ltr' id='par_1_67' title="bbox 283 3473 1801 3547">
     <span class='ocr_line' id='line_1_67' title="bbox 283 3473 1801 3547; baseline 0.001 -15"><span class='ocrx_word' id='word_1_501' title='bbox 283 3477 420 3533; x_wconf 87' lang='lat' dir='ltr'><strong><em>Dicit</em></strong></span> <span class='ocrx_word' id='word_1_502' title='bbox 448 3477 597 3547; x_wconf 87' lang='lat' dir='ltr'><strong><em>prius</em></strong></span> <span class='ocrx_word' id='word_1_503' title='bbox 630 3474 822 3544; x_wconf 89' lang='lat' dir='ltr'><strong><em>videri,</em></strong></span> <span class='ocrx_word' id='word_1_504' title='bbox 853 3473 997 3545; x_wconf 90' lang='lat' dir='ltr'><strong><em>quod</em></strong></span> <span class='ocrx_word' id='word_1_505' title='bbox 1028 3488 1205 3545; x_wconf 86' lang='lat' dir='ltr'><strong><em>neque</em></strong></span> <span class='ocrx_word' id='word_1_506' title='bbox 1244 3475 1540 3531; x_wconf 85' lang='lat' dir='ltr'><strong><em>secundum</em></strong></span> <span class='ocrx_word' id='word_1_507' title='bbox 1586 3483 1801 3544; x_wconf 85' lang='lat' dir='ltr'><strong><em>tempus</em></strong></span> 
     </span>
    </p>
   </div>
   <div class='ocr_carea' id='block_1_68' title="bbox 213 3567 1798 3643">
    <p class='ocr_par' dir='ltr' id='par_1_68' title="bbox 213 3567 1798 3643">
     <span class='ocr_line' id='line_1_68' title="bbox 213 3567 1798 3643; baseline -0.004 -15"><span class='ocrx_word' id='word_1_508' title='bbox 213 3571 511 3643; x_wconf 83' lang='lat' dir='ltr'><strong><em>aliquoties,</em></strong></span> <span class='ocrx_word' id='word_1_509' title='bbox 549 3584 726 3640; x_wconf 89' lang='lat' dir='ltr'><strong><em>neque</em></strong></span> <span class='ocrx_word' id='word_1_510' title='bbox 760 3568 1055 3626; x_wconf 80' lang='lat' dir='ltr'><strong><em>secundum</em></strong></span> <span class='ocrx_word' id='word_1_511' title='bbox 1096 3567 1423 3624; x_wconf 89' lang='lat' dir='ltr'><strong><em>subsistendi</em></strong></span> <span class='ocrx_word' id='word_1_512' title='bbox 1459 3582 1798 3639; x_wconf 88' lang='lat' dir='ltr'><strong><em>consequen-</em></strong></span> 
     </span>
    </p>
   </div>
   <div class='ocr_carea' id='block_1_69' title="bbox 211 3661 1802 3732">
    <p class='ocr_par' dir='ltr' id='par_1_69' title="bbox 211 3661 1802 3732">
     <span class='ocr_line' id='line_1_69' title="bbox 211 3661 1802 3732; baseline -0.001 -12"><span class='ocrx_word' id='word_1_513' title='bbox 211 3665 362 3730; x_wconf 89' lang='lat' dir='ltr'><strong><em>tiam,</em></strong></span> <span class='ocrx_word' id='word_1_514' title='bbox 407 3678 507 3719; x_wconf 90' lang='lat' dir='ltr'><strong><em>nec</em></strong></span> <span class='ocrx_word' id='word_1_515' title='bbox 543 3662 837 3718; x_wconf 88' lang='lat' dir='ltr'><strong><em>secundum</em></strong></span> <span class='ocrx_word' id='word_1_516' title='bbox 876 3662 1122 3718; x_wconf 90' lang='lat' dir='ltr'><strong><em>ordinem</em></strong></span> <span class='ocrx_word' id='word_1_517' title='bbox 1162 3662 1262 3728; x_wconf 86' lang='lat' dir='ltr'><strong><em>sit,</em></strong></span> <span class='ocrx_word' id='word_1_518' title='bbox 1303 3661 1397 3718; x_wconf 90' lang='lat' dir='ltr'><strong><em>sed</em></strong></span> <span class='ocrx_word' id='word_1_519' title='bbox 1442 3661 1802 3732; x_wconf 84' lang='lat' dir='ltr'><strong><em>quodcunque</em></strong></span> 
     </span>
    </p>
   </div>
   <div class='ocr_carea' id='block_1_70' title="bbox 212 3754 1797 3829">
    <p class='ocr_par' dir='ltr' id='par_1_70' title="bbox 212 3754 1797 3829">
     <span class='ocr_line' id='line_1_70' title="bbox 212 3754 1797 3829; baseline -0.003 -16"><span class='ocrx_word' id='word_1_520' title='bbox 212 3758 495 3829; x_wconf 86' lang='lat' dir='ltr'><strong><em>pretiosius</em></strong></span> <span class='ocrx_word' id='word_1_521' title='bbox 541 3754 723 3821; x_wconf 78' lang='lat' dir='ltr'><strong><em>fuerit,</em></strong></span> <span class='ocrx_word' id='word_1_522' title='bbox 766 3754 911 3824; x_wconf 91' lang='lat' dir='ltr'><strong><em>prius</em></strong></span> <span class='ocrx_word' id='word_1_523' title='bbox 955 3768 1078 3810; x_wconf 86' lang='lat' dir='ltr'><strong><em>esse</em></strong></span> <span class='ocrx_word' id='word_1_524' title='bbox 1125 3754 1387 3822; x_wconf 84' lang='lat' dir='ltr'><strong><em>videatur,</em></strong></span> <span class='ocrx_word' id='word_1_525' title='bbox 1430 3763 1488 3809; x_wconf 92' lang='lat' dir='ltr'><strong><em>ut</em></strong></span> <span class='ocrx_word' id='word_1_526' title='bbox 1530 3754 1633 3822; x_wconf 87' lang='lat' dir='ltr'><strong><em>sol,</em></strong></span> <span class='ocrx_word' id='word_1_527' title='bbox 1676 3754 1797 3809; x_wconf 90' lang='lat' dir='ltr'><strong><em>luna</em></strong></span> 
     </span>
    </p>
   </div>
   <div class='ocr_carea' id='block_1_71' title="bbox 212 3847 1801 3921">
    <p class='ocr_par' dir='ltr' id='par_1_71' title="bbox 212 3847 1801 3921">
     <span class='ocr_line' id='line_1_71' title="bbox 212 3847 1801 3921; baseline 0 -17"><span class='ocrx_word' id='word_1_528' title='bbox 212 3851 356 3921; x_wconf 88' lang='lat' dir='ltr'><strong><em>prior</em></strong></span> <span class='ocrx_word' id='word_1_529' title='bbox 387 3860 488 3915; x_wconf 89' lang='lat' dir='ltr'><strong><em>est,</em></strong></span> <span class='ocrx_word' id='word_1_530' title='bbox 522 3857 576 3904; x_wconf 92' lang='lat' dir='ltr'><strong><em>et</em></strong></span> <span class='ocrx_word' id='word_1_531' title='bbox 605 3848 783 3907; x_wconf 85' lang='lat' dir='ltr'><strong><em>anima</em></strong></span> <span class='ocrx_word' id='word_1_532' title='bbox 820 3861 1077 3917; x_wconf 87' lang='lat' dir='ltr'><strong><em>corpore,</em></strong></span> <span class='ocrx_word' id='word_1_533' title='bbox 1106 3854 1162 3902; x_wconf 91' lang='lat' dir='ltr'><strong><em>et</em></strong></span> <span class='ocrx_word' id='word_1_534' title='bbox 1196 3847 1409 3903; x_wconf 86' lang='lat' dir='ltr'><strong><em>animus</em></strong></span> <span class='ocrx_word' id='word_1_535' title='bbox 1447 3847 1647 3903; x_wconf 90' lang='lat' dir='ltr'><strong><em>anima.</em></strong></span> <span class='ocrx_word' id='word_1_536' title='bbox 1688 3847 1801 3904; x_wconf 84' lang='lat' dir='ltr'><strong><em>Hoc</em></strong></span> 
     </span>
    </p>
   </div>
   <div class='ocr_carea' id='block_1_72' title="bbox 212 3938 1799 4012">
    <p class='ocr_par' dir='ltr' id='par_1_72' title="bbox 212 3938 1799 4012">
     <span class='ocr_line' id='line_1_72' title="bbox 212 3938 1799 4012; baseline -0.001 -14"><span class='ocrx_word' id='word_1_537' title='bbox 212 3956 341 3999; x_wconf 83' lang='lat' dir='ltr'><strong><em>vero</em></strong></span> <span class='ocrx_word' id='word_1_538' title='bbox 369 3943 460 3997; x_wconf 88' lang='lat' dir='ltr'><strong><em>tali</em></strong></span> <span class='ocrx_word' id='word_1_539' title='bbox 489 3951 803 4012; x_wconf 88' lang='lat' dir='ltr'><strong><em>argumento</em></strong></span> <span class='ocrx_word' id='word_1_540' title='bbox 842 3940 1060 4011; x_wconf 87' lang='lat' dir='ltr'><strong><em>probat,</em></strong></span> <span class='ocrx_word' id='word_1_541' title='bbox 1090 3938 1235 4011; x_wconf 91' lang='lat' dir='ltr'><strong><em>quod</em></strong></span> <span class='ocrx_word' id='word_1_542' title='bbox 1263 3940 1317 3994; x_wconf 90' lang='lat' dir='ltr'><strong><em>bi</em></strong></span> <span class='ocrx_word' id='word_1_543' title='bbox 1348 3940 1437 4010; x_wconf 91' lang='lat' dir='ltr'><strong><em>qui</em></strong></span> <span class='ocrx_word' id='word_1_544' title='bbox 1467 3940 1674 4011; x_wconf 89' lang='lat' dir='ltr'><strong><em>aliquos</em></strong></span> <span class='ocrx_word' id='word_1_545' title='bbox 1704 3955 1799 3996; x_wconf 86' lang='lat' dir='ltr'><strong><em>ve-</em></strong></span> 
     </span>
    </p>
   </div>
   <div class='ocr_carea' id='block_1_73' title="bbox 212 4034 1801 4102">
    <p class='ocr_par' dir='ltr' id='par_1_73' title="bbox 212 4034 1801 4102">
     <span class='ocr_line' id='line_1_73' title="bbox 212 4034 1801 4102; baseline 0 -10"><span class='ocrx_word' id='word_1_546' title='bbox 212 4044 492 4100; x_wconf 86' lang='lat' dir='ltr'><strong><em>nerantur,</em></strong></span> <span class='ocrx_word' id='word_1_547' title='bbox 530 4043 586 4090; x_wconf 91' lang='lat' dir='ltr'><strong><em>et</em></strong></span> <span class='ocrx_word' id='word_1_548' title='bbox 625 4034 1054 4090; x_wconf 85' lang='lat' dir='ltr'><strong><em>bonorabiliores</em></strong></span> <span class='ocrx_word' id='word_1_549' title='bbox 1099 4034 1430 4102; x_wconf 78' lang='lat' dir='ltr'><strong><em>existimant,</em></strong></span> <span class='ocrx_word' id='word_1_550' title='bbox 1480 4034 1663 4090; x_wconf 88' lang='lat' dir='ltr'><strong><em>dicant</em></strong></span> <span class='ocrx_word' id='word_1_551' title='bbox 1705 4050 1801 4092; x_wconf 91' lang='lat' dir='ltr'><strong><em>eos</em></strong></span> 
     </span>
    </p>
   </div>
   <div class='ocr_carea' id='block_1_74' title="bbox 214 4126 1799 4199">
    <p class='ocr_par' dir='ltr' id='par_1_74' title="bbox 214 4126 1799 4199">
     <span class='ocr_line' id='line_1_74' title="bbox 214 4126 1799 4199; baseline -0.001 -16"><span class='ocrx_word' id='word_1_552' title='bbox 214 4128 355 4199; x_wconf 90' lang='lat' dir='ltr'><strong><em>apud</em></strong></span> <span class='ocrx_word' id='word_1_553' title='bbox 384 4144 441 4184; x_wconf 87' lang='lat' dir='ltr'><strong><em>se</em></strong></span> <span class='ocrx_word' id='word_1_554' title='bbox 467 4142 587 4183; x_wconf 84' lang='lat' dir='ltr'><strong><em>esse</em></strong></span> <span class='ocrx_word' id='word_1_555' title='bbox 615 4128 839 4198; x_wconf 84' lang='lat' dir='ltr'><strong><em>priores,</em></strong></span> <span class='ocrx_word' id='word_1_556' title='bbox 872 4137 927 4183; x_wconf 92' lang='lat' dir='ltr'><strong><em>et</em></strong></span> <span class='ocrx_word' id='word_1_557' title='bbox 949 4126 1002 4182; x_wconf 85' lang='lat' dir='ltr'><strong><em>lti</em></strong></span> <span class='ocrx_word' id='word_1_558' title='bbox 1029 4128 1119 4195; x_wconf 92' lang='lat' dir='ltr'><strong><em>qui</em></strong></span> <span class='ocrx_word' id='word_1_559' title='bbox 1150 4127 1203 4181; x_wconf 91' lang='lat' dir='ltr'><strong><em>in</em></strong></span> <span class='ocrx_word' id='word_1_560' title='bbox 1231 4126 1391 4181; x_wconf 87' lang='lat' dir='ltr'><strong><em>rebus</em></strong></span> <span class='ocrx_word' id='word_1_561' title='bbox 1422 4127 1649 4196; x_wconf 91' lang='lat' dir='ltr'><strong><em>publicis</em></strong></span> <span class='ocrx_word' id='word_1_562' title='bbox 1677 4128 1799 4196; x_wconf 87' lang='lat' dir='ltr'><strong><em>plu-</em></strong></span> 
     </span>
    </p>
   </div>
   <div class='ocr_carea' id='block_1_75' title="bbox 215 4219 1802 4289">
    <p class='ocr_par' dir='ltr' id='par_1_75' title="bbox 215 4219 1802 4289">
     <span class='ocr_line' id='line_1_75' title="bbox 215 4219 1802 4289; baseline -0.002 -12"><span class='ocrx_word' id='word_1_563' title='bbox 215 4224 414 4278; x_wconf 88' lang='lat' dir='ltr'><strong><em>rimum</em></strong></span> <span class='ocrx_word' id='word_1_564' title='bbox 442 4229 680 4289; x_wconf 89' lang='lat' dir='ltr'><strong><em>possunt,</em></strong></span> <span class='ocrx_word' id='word_1_565' title='bbox 702 4221 910 4289; x_wconf 87' lang='lat' dir='ltr'><strong><em>priores</em></strong></span> <span class='ocrx_word' id='word_1_566' title='bbox 928 4219 1261 4274; x_wconf 73' lang='lat' dir='ltr'><strong><em>ditrunturab</em></strong></span> <span class='ocrx_word' id='word_1_567' title='bbox 1282 4219 1364 4274; x_wconf 86' lang='lat' dir='ltr'><strong><em>his</em></strong></span> <span class='ocrx_word' id='word_1_568' title='bbox 1392 4220 1481 4289; x_wconf 90' lang='lat' dir='ltr'><strong><em>qui</em></strong></span> <span class='ocrx_word' id='word_1_569' title='bbox 1507 4233 1603 4273; x_wconf 87' lang='lat' dir='ltr'><strong><em>eos</em></strong></span> <span class='ocrx_word' id='word_1_570' title='bbox 1632 4219 1802 4274; x_wconf 83' lang='lat' dir='ltr'><strong><em>maxi-</em></strong></span> 
     </span>
    </p>
   </div>
   <div class='ocr_carea' id='block_1_76' title="bbox 212 4310 1833 4381">
    <p class='ocr_par' dir='ltr' id='par_1_76' title="bbox 212 4310 1833 4381">
     <span class='ocr_line' id='line_1_76' title="bbox 212 4310 1833 4381; baseline -0.003 -12"><span class='ocrx_word' id='word_1_571' title='bbox 212 4328 302 4369; x_wconf 87' lang='lat' dir='ltr'><strong><em>me</em></strong></span> <span class='ocrx_word' id='word_1_572' title='bbox 329 4322 669 4367; x_wconf 87' lang='lat' dir='ltr'><strong><em>venerantur.</em></strong></span> <span class='ocrx_word' id='word_1_573' title='bbox 716 4311 823 4368; x_wconf 90' lang='lat' dir='ltr'><strong><em>Sed</em></strong></span> <span class='ocrx_word' id='word_1_574' title='bbox 855 4321 911 4366; x_wconf 91' lang='lat' dir='ltr'><strong><em>ut</em></strong></span> <span class='ocrx_word' id='word_1_575' title='bbox 951 4312 1066 4381; x_wconf 88' lang='lat' dir='ltr'><strong><em>ipse</em></strong></span> <span class='ocrx_word' id='word_1_576' title='bbox 1093 4312 1187 4378; x_wconf 89' lang='lat' dir='ltr'><strong><em>ait,</em></strong></span> <span class='ocrx_word' id='word_1_577' title='bbox 1247 4310 1613 4366; x_wconf 83' lang='lat' dir='ltr'><strong><em>alienissimus</em></strong></span> <span class='ocrx_word' id='word_1_578' title='bbox 1660 4318 1744 4366; x_wconf 89' lang='lat' dir='ltr'><strong><em>est</em></strong></span> <span class='ocrx_word' id='word_1_579' title='bbox 1771 4314 1833 4364; x_wconf 86' lang='lat' dir='ltr'><strong><em>a’</em></strong></span> 
     </span>
    </p>
   </div>
   <div class='ocr_carea' id='block_1_77' title="bbox 212 4400 1802 4475">
    <p class='ocr_par' dir='ltr' id='par_1_77' title="bbox 212 4400 1802 4475">
     <span class='ocr_line' id='line_1_77' title="bbox 212 4400 1802 4475; baseline 0 -15"><span class='ocrx_word' id='word_1_580' title='bbox 212 4404 600 4475; x_wconf 84' lang='lat' dir='ltr'><strong><em>signiﬁcatione</em></strong></span> <span class='ocrx_word' id='word_1_581' title='bbox 625 4404 823 4473; x_wconf 88' lang='lat' dir='ltr'><strong><em>prioris</em></strong></span> <span class='ocrx_word' id='word_1_582' title='bbox 852 4404 939 4458; x_wconf 85' lang='lat' dir='ltr'><strong><em>hic</em></strong></span> <span class='ocrx_word' id='word_1_583' title='bbox 968 4411 1192 4473; x_wconf 82' lang='lat' dir='ltr'><strong><em>quartus</em></strong></span> <span class='ocrx_word' id='word_1_584' title='bbox 1220 4405 1310 4473; x_wconf 91' lang='lat' dir='ltr'><strong><em>qui</em></strong></span> <span class='ocrx_word' id='word_1_585' title='bbox 1343 4400 1486 4457; x_wconf 79' lang='lat' dir='ltr'><strong><em>nunc</em></strong></span> <span class='ocrx_word' id='word_1_586' title='bbox 1514 4410 1602 4458; x_wconf 89' lang='lat' dir='ltr'><strong><em>est</em></strong></span> <span class='ocrx_word' id='word_1_587' title='bbox 1625 4401 1802 4460; x_wconf 89' lang='lat' dir='ltr'><strong><em>dictus</em></strong></span> 
     </span>
    </p>
   </div>
   <div class='ocr_carea' id='block_1_78' title="bbox 212 4495 1802 4566">
    <p class='ocr_par' dir='ltr' id='par_1_78' title="bbox 212 4495 1802 4566">
     <span class='ocr_line' id='line_1_78' title="bbox 212 4495 1802 4566; baseline -0.005 -9"><span class='ocrx_word' id='word_1_588' title='bbox 212 4497 424 4563; x_wconf 87' lang='lat' dir='ltr'><strong><em>modus,</em></strong></span> <span class='ocrx_word' id='word_1_589' title='bbox 452 4498 651 4553; x_wconf 89' lang='lat' dir='ltr'><strong><em>etenim</em></strong></span> <span class='ocrx_word' id='word_1_590' title='bbox 677 4497 746 4551; x_wconf 90' lang='lat' dir='ltr'><strong><em>de</em></strong></span> <span class='ocrx_word' id='word_1_591' title='bbox 772 4496 855 4550; x_wconf 89' lang='lat' dir='ltr'><strong><em>his</em></strong></span> <span class='ocrx_word' id='word_1_592' title='bbox 884 4496 1074 4551; x_wconf 85' lang='lat' dir='ltr'><strong><em>melius</em></strong></span> <span class='ocrx_word' id='word_1_593' title='bbox 1103 4495 1207 4550; x_wconf 88' lang='lat' dir='ltr'><strong><em>dici</em></strong></span> <span class='ocrx_word' id='word_1_594' title='bbox 1235 4503 1433 4566; x_wconf 88' lang='lat' dir='ltr'><strong><em>potest,</em></strong></span> <span class='ocrx_word' id='word_1_595' title='bbox 1468 4503 1528 4551; x_wconf 91' lang='lat' dir='ltr'><strong><em>ut</em></strong></span> <span class='ocrx_word' id='word_1_596' title='bbox 1556 4495 1802 4552; x_wconf 82' lang='lat' dir='ltr'><strong><em>dicantur</em></strong></span> 
     </span>
    </p>
   </div>
   <div class='ocr_carea' id='block_1_79' title="bbox 1903 3297 3495 3356">
    <p class='ocr_par' dir='ltr' id='par_1_79' title="bbox 1903 3297 3495 3356">
     <span class='ocr_line' id='line_1_79' title="bbox 1903 3297 3495 3356; baseline 0.001 -2"><span class='ocrx_word' id='word_1_597' title='bbox 1903 3298 2052 3354; x_wconf 91' lang='lat' dir='ltr'><strong><em>nullo</em></strong></span> <span class='ocrx_word' id='word_1_598' title='bbox 2079 3299 2243 3355; x_wconf 91' lang='lat' dir='ltr'><strong><em>modo</em></strong></span> <span class='ocrx_word' id='word_1_599' title='bbox 2271 3313 2433 3355; x_wconf 86' lang='lat' dir='ltr'><strong><em>causa</em></strong></span> <span class='ocrx_word' id='word_1_600' title='bbox 2462 3298 2789 3355; x_wconf 86' lang='lat' dir='ltr'><strong><em>subsistendi</em></strong></span> <span class='ocrx_word' id='word_1_601' title='bbox 2822 3313 2958 3355; x_wconf 90' lang='lat' dir='ltr'><strong><em>rem.</em></strong></span> <span class='ocrx_word' id='word_1_602' title='bbox 3001 3297 3109 3356; x_wconf 82' lang='lat' dir='ltr'><strong><em>Res</em></strong></span> <span class='ocrx_word' id='word_1_603' title='bbox 3138 3306 3314 3355; x_wconf 88' lang='lat' dir='ltr'><strong><em>autem</em></strong></span> <span class='ocrx_word' id='word_1_604' title='bbox 3344 3298 3495 3356; x_wconf 85' lang='lat' dir='ltr'><strong><em>vide-</em></strong></span> 
     </span>
    </p>
   </div>
   <div class='ocr_carea' id='block_1_80' title="bbox 1902 3389 3490 3460">
    <p class='ocr_par' dir='ltr' id='par_1_80' title="bbox 1902 3389 3490 3460">
     <span class='ocr_line' id='line_1_80' title="bbox 1902 3389 3490 3460; baseline -0.002 -15"><span class='ocrx_word' id='word_1_605' title='bbox 1902 3398 1990 3445; x_wconf 92' lang='lat' dir='ltr'><strong><em>tur</em></strong></span> <span class='ocrx_word' id='word_1_606' title='bbox 2033 3390 2432 3460; x_wconf 83' lang='lat' dir='ltr'><strong><em>quodammodo</em></strong></span> <span class='ocrx_word' id='word_1_607' title='bbox 2481 3404 2641 3445; x_wconf 90' lang='lat' dir='ltr'><strong><em>causa</em></strong></span> <span class='ocrx_word' id='word_1_608' title='bbox 2688 3404 2810 3446; x_wconf 88' lang='lat' dir='ltr'><strong><em>esse</em></strong></span> <span class='ocrx_word' id='word_1_609' title='bbox 2853 3399 2913 3445; x_wconf 91' lang='lat' dir='ltr'><strong><em>ut</em></strong></span> <span class='ocrx_word' id='word_1_610' title='bbox 2966 3403 3148 3445; x_wconf 89' lang='lat' dir='ltr'><strong><em>sermo</em></strong></span> <span class='ocrx_word' id='word_1_611' title='bbox 3194 3404 3355 3446; x_wconf 88' lang='lat' dir='ltr'><strong><em>verus</em></strong></span> <span class='ocrx_word' id='word_1_612' title='bbox 3400 3389 3490 3444; x_wconf 88' lang='lat' dir='ltr'><strong><em>sit.</em></strong></span> 
     </span>
    </p>
   </div>
   <div class='ocr_carea' id='block_1_81' title="bbox 1900 3480 3490 3552">
    <p class='ocr_par' dir='ltr' id='par_1_81' title="bbox 1900 3480 3490 3552">
     <span class='ocr_line' id='line_1_81' title="bbox 1900 3480 3490 3552; baseline -0.004 -12"><span class='ocrx_word' id='word_1_613' title='bbox 1900 3481 2086 3552; x_wconf 83' lang='lat' dir='ltr'><strong><em>Neque</em></strong></span> <span class='ocrx_word' id='word_1_614' title='bbox 2132 3481 2277 3538; x_wconf 88' lang='lat' dir='ltr'><strong><em>enim</em></strong></span> <span class='ocrx_word' id='word_1_615' title='bbox 2324 3482 2525 3537; x_wconf 89' lang='lat' dir='ltr'><strong><em>idcirco</em></strong></span> <span class='ocrx_word' id='word_1_616' title='bbox 2574 3496 2662 3536; x_wconf 91' lang='lat' dir='ltr'><strong><em>res</em></strong></span> <span class='ocrx_word' id='word_1_617' title='bbox 2709 3488 2814 3547; x_wconf 89' lang='lat' dir='ltr'><strong><em>est,</em></strong></span> <span class='ocrx_word' id='word_1_618' title='bbox 2862 3480 3112 3552; x_wconf 87' lang='lat' dir='ltr'><strong><em>quoniam</em></strong></span> <span class='ocrx_word' id='word_1_619' title='bbox 3156 3494 3338 3536; x_wconf 89' lang='lat' dir='ltr'><strong><em>sermo</em></strong></span> <span class='ocrx_word' id='word_1_620' title='bbox 3385 3489 3490 3545; x_wconf 89' lang='lat' dir='ltr'><strong><em>est,</em></strong></span> 
     </span>
    </p>
   </div>
   <div class='ocr_carea' id='block_1_82' title="bbox 1901 3572 3494 3643">
    <p class='ocr_par' dir='ltr' id='par_1_82' title="bbox 1901 3572 3494 3643">
     <span class='ocr_line' id='line_1_82' title="bbox 1901 3572 3494 3643; baseline -0.003 -12"><span class='ocrx_word' id='word_1_621' title='bbox 1901 3574 1997 3631; x_wconf 86' lang='lat' dir='ltr'><strong><em>sed</em></strong></span> <span class='ocrx_word' id='word_1_622' title='bbox 2051 3574 2252 3629; x_wconf 78' lang='lat' dir='ltr'><strong><em>ideirco</em></strong></span> <span class='ocrx_word' id='word_1_623' title='bbox 2306 3587 2467 3628; x_wconf 87' lang='lat' dir='ltr'><strong><em>verus</em></strong></span> <span class='ocrx_word' id='word_1_624' title='bbox 2518 3581 2603 3629; x_wconf 88' lang='lat' dir='ltr'><strong><em>est</em></strong></span> <span class='ocrx_word' id='word_1_625' title='bbox 2657 3587 2879 3639; x_wconf 88' lang='lat' dir='ltr'><strong><em>sermo,</em></strong></span> <span class='ocrx_word' id='word_1_626' title='bbox 2932 3572 3187 3643; x_wconf 88' lang='lat' dir='ltr'><strong><em>quoniam</em></strong></span> <span class='ocrx_word' id='word_1_627' title='bbox 3243 3585 3331 3627; x_wconf 90' lang='lat' dir='ltr'><strong><em>res</em></strong></span> <span class='ocrx_word' id='word_1_628' title='bbox 3379 3572 3494 3642; x_wconf 88' lang='lat' dir='ltr'><strong><em>ipsa</em></strong></span> 
     </span>
    </p>
   </div>
   <div class='ocr_carea' id='block_1_83' title="bbox 1901 3664 3493 3737">
    <p class='ocr_par' dir='ltr' id='par_1_83' title="bbox 1901 3664 3493 3737">
     <span class='ocr_line' id='line_1_83' title="bbox 1901 3664 3493 3737; baseline -0.004 -12"><span class='ocrx_word' id='word_1_629' title='bbox 1901 3668 2166 3725; x_wconf 90' lang='lat' dir='ltr'><strong><em>subsistit.</em></strong></span> <span class='ocrx_word' id='word_1_630' title='bbox 2212 3667 2475 3734; x_wconf 86' lang='lat' dir='ltr'><strong><em>Quocirca</em></strong></span> <span class='ocrx_word' id='word_1_631' title='bbox 2522 3666 2758 3737; x_wconf 90' lang='lat' dir='ltr'><strong><em>quinque</em></strong></span> <span class='ocrx_word' id='word_1_632' title='bbox 2807 3666 2860 3720; x_wconf 86' lang='lat' dir='ltr'><strong><em>bi</em></strong></span> <span class='ocrx_word' id='word_1_633' title='bbox 2908 3664 3102 3735; x_wconf 88' lang='lat' dir='ltr'><strong><em>prioris</em></strong></span> <span class='ocrx_word' id='word_1_634' title='bbox 3154 3664 3299 3720; x_wconf 90' lang='lat' dir='ltr'><strong><em>modi</em></strong></span> <span class='ocrx_word' id='word_1_635' title='bbox 3344 3672 3493 3731; x_wconf 87' lang='lat' dir='ltr'><strong><em>sunt,</em></strong></span> 
     </span>
    </p>
   </div>
   <div class='ocr_carea' id='block_1_84' title="bbox 1902 3753 3491 3831">
    <p class='ocr_par' dir='ltr' id='par_1_84' title="bbox 1902 3753 3491 3831">
     <span class='ocr_line' id='line_1_84' title="bbox 1902 3753 3491 3831; baseline -0.003 -18"><span class='ocrx_word' id='word_1_636' title='bbox 1902 3774 2130 3831; x_wconf 91' lang='lat' dir='ltr'><strong><em>quorum</em></strong></span> <span class='ocrx_word' id='word_1_637' title='bbox 2174 3759 2422 3828; x_wconf 89' lang='lat' dir='ltr'><strong><em>superius</em></strong></span> <span class='ocrx_word' id='word_1_638' title='bbox 2459 3768 2691 3827; x_wconf 87' lang='lat' dir='ltr'><strong><em>quatuor</em></strong></span> <span class='ocrx_word' id='word_1_639' title='bbox 2725 3755 2884 3822; x_wconf 76' lang='lat' dir='ltr'><strong><em>dixit,</em></strong></span> <span class='ocrx_word' id='word_1_640' title='bbox 2925 3753 3215 3811; x_wconf 87' lang='lat' dir='ltr'><strong><em>secundum</em></strong></span> <span class='ocrx_word' id='word_1_641' title='bbox 3259 3763 3491 3825; x_wconf 87' lang='lat' dir='ltr'><strong><em>tempus,</em></strong></span> 
     </span>
    </p>
   </div>
   <div class='ocr_carea' id='block_1_85' title="bbox 1902 3850 3494 3920">
    <p class='ocr_par' dir='ltr' id='par_1_85' title="bbox 1902 3850 3494 3920">
     <span class='ocr_line' id='line_1_85' title="bbox 1902 3850 3494 3920; baseline -0.003 -11"><span class='ocrx_word' id='word_1_642' title='bbox 1902 3852 2109 3909; x_wconf 86' lang='lat' dir='ltr'><strong><em>scilicet</em></strong></span> <span class='ocrx_word' id='word_1_643' title='bbox 2145 3852 2439 3907; x_wconf 88' lang='lat' dir='ltr'><strong><em>secundum</em></strong></span> <span class='ocrx_word' id='word_1_644' title='bbox 2483 3851 2533 3905; x_wconf 89' lang='lat' dir='ltr'><strong><em>id</em></strong></span> <span class='ocrx_word' id='word_1_645' title='bbox 2561 3850 2704 3920; x_wconf 89' lang='lat' dir='ltr'><strong><em>quod</em></strong></span> <span class='ocrx_word' id='word_1_646' title='bbox 2747 3865 2851 3904; x_wconf 92' lang='lat' dir='ltr'><strong><em>non</em></strong></span> <span class='ocrx_word' id='word_1_647' title='bbox 2891 3850 3228 3905; x_wconf 75' lang='lat' dir='ltr'><strong><em>convertitur</em></strong></span> <span class='ocrx_word' id='word_1_648' title='bbox 3254 3850 3319 3904; x_wconf 89' lang='lat' dir='ltr'><strong><em>ad</em></strong></span> <span class='ocrx_word' id='word_1_649' title='bbox 3361 3850 3494 3904; x_wconf 92' lang='lat' dir='ltr'><strong><em>sub-</em></strong></span> 
     </span>
    </p>
   </div>
   <div class='ocr_carea' id='block_1_86' title="bbox 1903 3941 3494 4015">
    <p class='ocr_par' dir='ltr' id='par_1_86' title="bbox 1903 3941 3494 4015">
     <span class='ocr_line' id='line_1_86' title="bbox 1903 3941 3494 4015; baseline -0.003 -15"><span class='ocrx_word' id='word_1_650' title='bbox 1903 3943 2126 4000; x_wconf 90' lang='lat' dir='ltr'><strong><em>sistendi</em></strong></span> <span class='ocrx_word' id='word_1_651' title='bbox 2159 3942 2623 4015; x_wconf 86' lang='lat' dir='ltr'><strong><em>consequentiam,</em></strong></span> <span class='ocrx_word' id='word_1_652' title='bbox 2660 3941 2950 3999; x_wconf 87' lang='lat' dir='ltr'><strong><em>secundum</em></strong></span> <span class='ocrx_word' id='word_1_653' title='bbox 2995 3942 3262 4007; x_wconf 89' lang='lat' dir='ltr'><strong><em>ordinem,</em></strong></span> <span class='ocrx_word' id='word_1_654' title='bbox 3294 3955 3494 3997; x_wconf 88' lang='lat' dir='ltr'><strong><em>secun-</em></strong></span> 
     </span>
    </p>
   </div>
   <div class='ocr_carea' id='block_1_87' title="bbox 1903 4031 3492 4100">
    <p class='ocr_par' dir='ltr' id='par_1_87' title="bbox 1903 4031 3492 4100">
     <span class='ocr_line' id='line_1_87' title="bbox 1903 4031 3492 4100; baseline -0.001 -11"><span class='ocrx_word' id='word_1_655' title='bbox 1903 4034 2029 4089; x_wconf 92' lang='lat' dir='ltr'><strong><em>dum</em></strong></span> <span class='ocrx_word' id='word_1_656' title='bbox 2070 4036 2445 4100; x_wconf 81' lang='lat' dir='ltr'><strong><em>reverentiam,</em></strong></span> <span class='ocrx_word' id='word_1_657' title='bbox 2481 4042 2535 4088; x_wconf 89' lang='lat' dir='ltr'><strong><em>et</em></strong></span> <span class='ocrx_word' id='word_1_658' title='bbox 2576 4034 2867 4089; x_wconf 87' lang='lat' dir='ltr'><strong><em>secundum</em></strong></span> <span class='ocrx_word' id='word_1_659' title='bbox 2908 4031 3335 4097; x_wconf 87' lang='lat' dir='ltr'><strong><em>conversionem,</em></strong></span> <span class='ocrx_word' id='word_1_660' title='bbox 3371 4046 3492 4087; x_wconf 85' lang='lat' dir='ltr'><strong><em>cum</em></strong></span> 
     </span>
    </p>
   </div>
   <div class='ocr_carea' id='block_1_88' title="bbox 1902 4122 3495 4193">
    <p class='ocr_par' dir='ltr' id='par_1_88' title="bbox 1902 4122 3495 4193">
     <span class='ocr_line' id='line_1_88' title="bbox 1902 4122 3495 4193; baseline 0 -14"><span class='ocrx_word' id='word_1_661' title='bbox 1902 4124 2072 4180; x_wconf 89' lang='lat' dir='ltr'><strong><em>altera</em></strong></span> <span class='ocrx_word' id='word_1_662' title='bbox 2110 4139 2201 4181; x_wconf 88' lang='lat' dir='ltr'><strong><em>res</em></strong></span> <span class='ocrx_word' id='word_1_663' title='bbox 2239 4126 2331 4179; x_wconf 91' lang='lat' dir='ltr'><strong><em>alii</em></strong></span> <span class='ocrx_word' id='word_1_664' title='bbox 2370 4124 2697 4181; x_wconf 86' lang='lat' dir='ltr'><strong><em>subsistendi</em></strong></span> <span class='ocrx_word' id='word_1_665' title='bbox 2737 4137 2897 4179; x_wconf 88' lang='lat' dir='ltr'><strong><em>causa</em></strong></span> <span class='ocrx_word' id='word_1_666' title='bbox 2938 4132 3041 4179; x_wconf 88' lang='lat' dir='ltr'><strong><em>est.</em></strong></span> <span class='ocrx_word' id='word_1_667' title='bbox 3088 4123 3195 4179; x_wconf 85' lang='lat' dir='ltr'><strong><em>Sed</em></strong></span> <span class='ocrx_word' id='word_1_668' title='bbox 3240 4122 3495 4193; x_wconf 82' lang='lat' dir='ltr'><strong><em>quoniam</em></strong></span> 
     </span>
    </p>
   </div>
   <div class='ocr_carea' id='block_1_89' title="bbox 1903 4214 3497 4285">
    <p class='ocr_par' dir='ltr' id='par_1_89' title="bbox 1903 4214 3497 4285">
     <span class='ocr_line' id='line_1_89' title="bbox 1903 4214 3497 4285; baseline 0.001 -16"><span class='ocrx_word' id='word_1_669' title='bbox 1903 4214 1974 4270; x_wconf 87' lang='lat' dir='ltr'><strong><em>de</em></strong></span> <span class='ocrx_word' id='word_1_670' title='bbox 2012 4215 2176 4284; x_wconf 90' lang='lat' dir='ltr'><strong><em>priori</em></strong></span> <span class='ocrx_word' id='word_1_671' title='bbox 2217 4214 2418 4270; x_wconf 89' lang='lat' dir='ltr'><strong><em>dictum</em></strong></span> <span class='ocrx_word' id='word_1_672' title='bbox 2454 4225 2557 4270; x_wconf 89' lang='lat' dir='ltr'><strong><em>est.</em></strong></span> <span class='ocrx_word' id='word_1_673' title='bbox 2604 4214 2756 4270; x_wconf 86' lang='lat' dir='ltr'><strong><em>Nunc</em></strong></span> <span class='ocrx_word' id='word_1_674' title='bbox 2791 4214 2861 4271; x_wconf 93' lang='lat' dir='ltr'><strong><em>de</em></strong></span> <span class='ocrx_word' id='word_1_675' title='bbox 2901 4215 2984 4271; x_wconf 89' lang='lat' dir='ltr'><strong><em>his</em></strong></span> <span class='ocrx_word' id='word_1_676' title='bbox 3021 4229 3144 4285; x_wconf 72' lang='lat' dir='ltr'><strong><em>quae</em></strong></span> <span class='ocrx_word' id='word_1_677' title='bbox 3182 4215 3342 4270; x_wconf 89' lang='lat' dir='ltr'><strong><em>simul</em></strong></span> <span class='ocrx_word' id='word_1_678' title='bbox 3370 4221 3497 4271; x_wconf 88' lang='lat' dir='ltr'><strong><em>sunt</em></strong></span> 
     </span>
    </p>
   </div>
   <div class='ocr_carea' id='block_1_90' title="bbox 1905 4310 2118 4380">
    <p class='ocr_par' dir='ltr' id='par_1_90' title="bbox 1905 4310 2118 4380">
     <span class='ocr_line' id='line_1_90' title="bbox 1905 4310 2118 4380; baseline -0.009 -15"><span class='ocrx_word' id='word_1_679' title='bbox 1905 4310 2118 4380; x_wconf 88' lang='lat' dir='ltr'><strong><em>incipit.</em></strong></span> 
     </span>
    </p>
   </div>
   <div class='ocr_carea' id='block_1_91' title="bbox 2407 4400 3001 4460">
    <p class='ocr_par' dir='ltr' id='par_1_91' title="bbox 2407 4400 3001 4460">
     <span class='ocr_line' id='line_1_91' title="bbox 2407 4400 3001 4460; baseline -0.003 -2"><span class='ocrx_word' id='word_1_680' title='bbox 2407 4402 2495 4458; x_wconf 85' lang='lat' dir='ltr'><strong>DE</strong></span> <span class='ocrx_word' id='word_1_681' title='bbox 2534 4400 2741 4460; x_wconf 76' lang='lat' dir='ltr'><strong><em>MODIS</em></strong></span> <span class='ocrx_word' id='word_1_682' title='bbox 2773 4400 3001 4459; x_wconf 81' lang='lat' dir='ltr'><strong><em>SlMUL.</em></strong></span> 
     </span>
    </p>
   </div>
   <div class='ocr_carea' id='block_1_92' title="bbox 1979 4492 3498 4566">
    <p class='ocr_par' dir='ltr' id='par_1_92' title="bbox 1979 4492 3498 4566">
     <span class='ocr_line' id='line_1_92' title="bbox 1979 4492 3498 4566; baseline -0.003 -14"><span class='ocrx_word' id='word_1_683' title='bbox 1979 4495 2151 4552; x_wconf 83' lang='lat' dir='ltr'><strong><em>Simul</em></strong></span> <span class='ocrx_word' id='word_1_684' title='bbox 2178 4505 2352 4551; x_wconf 90' lang='lat' dir='ltr'><strong><em>autem</em></strong></span> <span class='ocrx_word' id='word_1_685' title='bbox 2380 4495 2623 4550; x_wconf 83' lang='lat' dir='ltr'><strong><em>dicuntur</em></strong></span> <span class='ocrx_word' id='word_1_686' title='bbox 2649 4495 2948 4566; x_wconf 85' lang='lat' dir='ltr'><strong><em>simpliciter</em></strong></span> <span class='ocrx_word' id='word_1_687' title='bbox 2972 4501 3019 4549; x_wconf 92' lang='lat' dir='ltr'><strong><em>et</em></strong></span> <span class='ocrx_word' id='word_1_688' title='bbox 3041 4494 3248 4564; x_wconf 82' lang='lat' dir='ltr'><strong><em>proprie</em></strong></span> <span class='ocrx_word' id='word_1_689' title='bbox 3268 4492 3498 4561; x_wconf 80' lang='lat' dir='ltr'><strong><em>quidem,</em></strong></span> 
     </span>
    </p>
   </div>
   <div class='ocr_carea' id='block_1_93' title="bbox 212 4573 3501 4661">
    <p class='ocr_par' dir='ltr' id='par_1_93' title="bbox 212 4573 3501 4661">
     <span class='ocr_line' id='line_1_93' title="bbox 212 4573 3501 4661; baseline -0.003 -14"><span class='ocrx_word' id='word_1_690' title='bbox 212 4590 630 4647; x_wconf 87' lang='lat' dir='ltr'><strong><em>venerabiliores</em></strong></span> <span class='ocrx_word' id='word_1_691' title='bbox 658 4596 714 4643; x_wconf 87' lang='lat' dir='ltr'><strong><em>et</em></strong></span> <span class='ocrx_word' id='word_1_692' title='bbox 742 4588 1108 4653; x_wconf 83' lang='lat' dir='ltr'><strong><em>honorabiles,</em></strong></span> <span class='ocrx_word' id='word_1_693' title='bbox 1138 4599 1194 4641; x_wconf 92' lang='lat' dir='ltr'><strong><em>ut</em></strong></span> <span class='ocrx_word' id='word_1_694' title='bbox 1225 4603 1352 4643; x_wconf 86' lang='lat' dir='ltr'><strong><em>vero</em></strong></span> <span class='ocrx_word' id='word_1_695' title='bbox 1382 4589 1591 4659; x_wconf 87' lang='lat' dir='ltr'><strong><em>priores</em></strong></span> <span class='ocrx_word' id='word_1_696' title='bbox 1614 4589 1800 4644; x_wconf 85' lang='lat' dir='ltr'><strong><em>dican-</em></strong></span> <span class='ocrx_word' id='word_1_697' title='bbox 1830 4573 1883 4649; x_wconf 71' lang='grc' dir='ltr'><strong><em>Ι)</em></strong></span> <span class='ocrx_word' id='word_1_698' title='bbox 1905 4604 2127 4661; x_wconf 87' lang='lat' dir='ltr'><strong><em>quorum</em></strong></span> <span class='ocrx_word' id='word_1_699' title='bbox 2150 4589 2409 4658; x_wconf 86' lang='lat' dir='ltr'><strong><em>generatio</em></strong></span> <span class='ocrx_word' id='word_1_700' title='bbox 2436 4596 2508 4642; x_wconf 86' lang='lat' dir='ltr'><strong><em>est</em></strong></span> <span class='ocrx_word' id='word_1_701' title='bbox 2537 4588 2591 4642; x_wconf 91' lang='lat' dir='ltr'><strong><em>in</em></strong></span> <span class='ocrx_word' id='word_1_702' title='bbox 2619 4587 2795 4641; x_wconf 90' lang='lat' dir='ltr'><strong><em>eodem</em></strong></span> <span class='ocrx_word' id='word_1_703' title='bbox 2829 4596 3070 4655; x_wconf 88' lang='lat' dir='ltr'><strong><em>tempore,</em></strong></span> <span class='ocrx_word' id='word_1_704' title='bbox 3103 4593 3342 4640; x_wconf 87' lang='lat' dir='ltr'><strong><em>neutrum</em></strong></span> <span class='ocrx_word' id='word_1_705' title='bbox 3364 4585 3501 4639; x_wconf 79' lang='lat' dir='ltr'><strong><em>enim</em></strong></span> 
     </span>
    </p>
   </div>
   <div class='ocr_carea' id='block_1_94' title="bbox 214 4679 1803 4749">
    <p class='ocr_par' dir='ltr' id='par_1_94' title="bbox 214 4679 1803 4749">
     <span class='ocr_line' id='line_1_94' title="bbox 214 4679 1803 4749; baseline -0.001 -11"><span class='ocrx_word' id='word_1_706' title='bbox 214 4690 321 4747; x_wconf 90' lang='lat' dir='ltr'><strong><em>tur,</em></strong></span> <span class='ocrx_word' id='word_1_707' title='bbox 348 4680 538 4737; x_wconf 86' lang='lat' dir='ltr'><strong><em>abusio</em></strong></span> <span class='ocrx_word' id='word_1_708' title='bbox 566 4680 740 4747; x_wconf 87' lang='lat' dir='ltr'><strong><em>potius</em></strong></span> <span class='ocrx_word' id='word_1_709' title='bbox 767 4694 924 4748; x_wconf 86' lang='lat' dir='ltr'><strong><em>quam</em></strong></span> <span class='ocrx_word' id='word_1_710' title='bbox 957 4679 1061 4734; x_wconf 91' lang='lat' dir='ltr'><strong><em>ulla</em></strong></span> <span class='ocrx_word' id='word_1_711' title='bbox 1095 4680 1394 4749; x_wconf 81' lang='lat' dir='ltr'><strong><em>preprietas</em></strong></span> <span class='ocrx_word' id='word_1_712' title='bbox 1425 4691 1528 4736; x_wconf 87' lang='lat' dir='ltr'><strong><em>est.</em></strong></span> <span class='ocrx_word' id='word_1_713' title='bbox 1573 4680 1803 4748; x_wconf 88' lang='lat' dir='ltr'><strong><em>Quintus</em></strong></span> 
     </span>
    </p>
   </div>
   <div class='ocr_carea' id='block_1_95' title="bbox 212 4769 1418 4842">
    <p class='ocr_par' dir='ltr' id='par_1_95' title="bbox 212 4769 1418 4842">
     <span class='ocr_line' id='line_1_95' title="bbox 212 4769 1418 4842; baseline -0.002 -13"><span class='ocrx_word' id='word_1_714' title='bbox 212 4771 402 4829; x_wconf 81' lang='lat' dir='ltr'><strong><em>modus</em></strong></span> <span class='ocrx_word' id='word_1_715' title='bbox 424 4786 582 4842; x_wconf 88' lang='lat' dir='ltr'><strong><em>quem</em></strong></span> <span class='ocrx_word' id='word_1_716' title='bbox 614 4771 728 4840; x_wconf 89' lang='lat' dir='ltr'><strong><em>ipse</em></strong></span> <span class='ocrx_word' id='word_1_717' title='bbox 752 4769 955 4825; x_wconf 87' lang='lat' dir='ltr'><strong><em>addidit</em></strong></span> <span class='ocrx_word' id='word_1_718' title='bbox 984 4770 1290 4840; x_wconf 88' lang='lat' dir='ltr'><strong><em>bujusmodi</em></strong></span> <span class='ocrx_word' id='word_1_719' title='bbox 1315 4779 1418 4827; x_wconf 89' lang='lat' dir='ltr'><strong><em>est.</em></strong></span> 
     </span>
    </p>
   </div>
   <div class='ocr_carea' id='block_1_96' title="bbox 290 4862 1802 4933">
    <p class='ocr_par' dir='ltr' id='par_1_96' title="bbox 290 4862 1802 4933">
     <span class='ocr_line' id='line_1_96' title="bbox 290 4862 1802 4933; baseline 0.001 -14"><span class='ocrx_word' id='word_1_720' title='bbox 290 4862 507 4919; x_wconf 82' lang='lat' dir='ltr'><strong><em>Videtur</em></strong></span> <span class='ocrx_word' id='word_1_721' title='bbox 541 4870 710 4917; x_wconf 85' lang='lat' dir='ltr'><strong><em>autem</em></strong></span> <span class='ocrx_word' id='word_1_722' title='bbox 742 4871 925 4933; x_wconf 69' lang='lat' dir='ltr'><strong><em>preter</em></strong></span> <span class='ocrx_word' id='word_1_723' title='bbox 962 4878 1047 4916; x_wconf 89' lang='lat' dir='ltr'><strong><em>eos</em></strong></span> <span class='ocrx_word' id='word_1_724' title='bbox 1081 4863 1168 4931; x_wconf 88' lang='lat' dir='ltr'><strong><em>qui</em></strong></span> <span class='ocrx_word' id='word_1_725' title='bbox 1201 4863 1326 4916; x_wconf 86' lang='lat' dir='ltr'><strong><em>dicti</em></strong></span> <span class='ocrx_word' id='word_1_726' title='bbox 1362 4872 1502 4930; x_wconf 88' lang='lat' dir='ltr'><strong><em>sunt,</em></strong></span> <span class='ocrx_word' id='word_1_727' title='bbox 1537 4864 1667 4918; x_wconf 88' lang='lat' dir='ltr'><strong><em>alter</em></strong></span> <span class='ocrx_word' id='word_1_728' title='bbox 1694 4880 1802 4920; x_wconf 83' lang='lat' dir='ltr'><strong><em>esse</em></strong></span> 
     </span>
    </p>
   </div>
   <div class='ocr_carea' id='block_1_97' title="bbox 212 4953 1803 5028">
    <p class='ocr_par' dir='ltr' id='par_1_97' title="bbox 212 4953 1803 5028">
     <span class='ocr_line' id='line_1_97' title="bbox 212 4953 1803 5028; baseline 0.001 -17"><span class='ocrx_word' id='word_1_729' title='bbox 212 4957 401 5028; x_wconf 84' lang='lat' dir='ltr'><strong><em>prioris</em></strong></span> <span class='ocrx_word' id='word_1_730' title='bbox 441 4956 643 5010; x_wconf 88' lang='lat' dir='ltr'><strong><em>modus.</em></strong></span> <span class='ocrx_word' id='word_1_731' title='bbox 680 4953 871 5009; x_wconf 85' lang='lat' dir='ltr'><strong><em>Eorum</em></strong></span> <span class='ocrx_word' id='word_1_732' title='bbox 909 4955 1047 5009; x_wconf 85' lang='lat' dir='ltr'><strong><em>enim</em></strong></span> <span class='ocrx_word' id='word_1_733' title='bbox 1085 4970 1200 5023; x_wconf 77' lang='lat' dir='ltr'><strong><em>qua:</em></strong></span> <span class='ocrx_word' id='word_1_734' title='bbox 1234 4965 1595 5011; x_wconf 68' lang='lat' dir='ltr'><strong><em>convertuntur</em></strong></span> <span class='ocrx_word' id='word_1_735' title='bbox 1622 4973 1803 5013; x_wconf 81' lang='lat' dir='ltr'><strong><em>secun-</em></strong></span> 
     </span>
    </p>
   </div>
   <div class='ocr_carea' id='block_1_98' title="bbox 214 5047 1804 5120">
    <p class='ocr_par' dir='ltr' id='par_1_98' title="bbox 214 5047 1804 5120">
     <span class='ocr_line' id='line_1_98' title="bbox 214 5047 1804 5120; baseline 0.001 -17"><span class='ocrx_word' id='word_1_736' title='bbox 214 5050 338 5103; x_wconf 88' lang='lat' dir='ltr'><strong><em>dum</em></strong></span> <span class='ocrx_word' id='word_1_737' title='bbox 366 5049 592 5102; x_wconf 80' lang='lat' dir='ltr'><strong><em>essentite</em></strong></span> <span class='ocrx_word' id='word_1_738' title='bbox 620 5050 1050 5116; x_wconf 88' lang='lat' dir='ltr'><strong><em>consequentiam,</em></strong></span> <span class='ocrx_word' id='word_1_739' title='bbox 1081 5047 1135 5101; x_wconf 91' lang='lat' dir='ltr'><strong><em>id</em></strong></span> <span class='ocrx_word' id='word_1_740' title='bbox 1160 5048 1300 5120; x_wconf 89' lang='lat' dir='ltr'><strong><em>quod</em></strong></span> <span class='ocrx_word' id='word_1_741' title='bbox 1329 5047 1541 5104; x_wconf 86' lang='lat' dir='ltr'><strong><em>alterius</em></strong></span> <span class='ocrx_word' id='word_1_742' title='bbox 1580 5051 1804 5117; x_wconf 77' lang='lat' dir='ltr'><strong><em>quolibet</em></strong></span> 
     </span>
    </p>
   </div>
   <div class='ocr_carea' id='block_1_99' title="bbox 212 5140 1804 5209">
    <p class='ocr_par' dir='ltr' id='par_1_99' title="bbox 212 5140 1804 5209">
     <span class='ocr_line' id='line_1_99' title="bbox 212 5140 1804 5209; baseline 0.002 -15"><span class='ocrx_word' id='word_1_743' title='bbox 212 5141 372 5195; x_wconf 87' lang='lat' dir='ltr'><strong><em>modo</em></strong></span> <span class='ocrx_word' id='word_1_744' title='bbox 396 5156 549 5194; x_wconf 82' lang='lat' dir='ltr'><strong><em>causa</em></strong></span> <span class='ocrx_word' id='word_1_745' title='bbox 577 5148 673 5206; x_wconf 88' lang='lat' dir='ltr'><strong><em>est,</em></strong></span> <span class='ocrx_word' id='word_1_746' title='bbox 704 5140 855 5209; x_wconf 80' lang='lat' dir='ltr'><strong><em>digne</em></strong></span> <span class='ocrx_word' id='word_1_747' title='bbox 882 5140 1027 5208; x_wconf 88' lang='lat' dir='ltr'><strong><em>prius</em></strong></span> <span class='ocrx_word' id='word_1_748' title='bbox 1055 5148 1240 5194; x_wconf 84' lang='lat' dir='ltr'><strong><em>natura</em></strong></span> <span class='ocrx_word' id='word_1_749' title='bbox 1269 5140 1475 5196; x_wconf 86' lang='lat' dir='ltr'><strong><em>dicitur.</em></strong></span> <span class='ocrx_word' id='word_1_750' title='bbox 1508 5141 1659 5207; x_wconf 82' lang='lat' dir='ltr'><strong><em>Quod</em></strong></span> <span class='ocrx_word' id='word_1_751' title='bbox 1688 5159 1804 5198; x_wconf 85' lang='lat' dir='ltr'><strong><em>vero</em></strong></span> 
     </span>
    </p>
   </div>
   <div class='ocr_carea' id='block_1_100' title="bbox 211 5231 1805 5304">
    <p class='ocr_par' dir='ltr' id='par_1_100' title="bbox 211 5231 1805 5304">
     <span class='ocr_line' id='line_1_100' title="bbox 211 5231 1805 5304; baseline -0.001 -16"><span class='ocrx_word' id='word_1_752' title='bbox 211 5241 334 5288; x_wconf 88' lang='lat' dir='ltr'><strong><em>sunt</em></strong></span> <span class='ocrx_word' id='word_1_753' title='bbox 367 5231 602 5303; x_wconf 64' lang='lat' dir='ltr'><strong><em>quedam</em></strong></span> <span class='ocrx_word' id='word_1_754' title='bbox 631 5232 927 5303; x_wconf 83' lang='lat' dir='ltr'><strong><em>hujusmodi</em></strong></span> <span class='ocrx_word' id='word_1_755' title='bbox 965 5231 1133 5301; x_wconf 89' lang='lat' dir='ltr'><strong><em>palam</em></strong></span> <span class='ocrx_word' id='word_1_756' title='bbox 1174 5240 1268 5296; x_wconf 90' lang='lat' dir='ltr'><strong><em>est,</em></strong></span> <span class='ocrx_word' id='word_1_757' title='bbox 1307 5248 1415 5287; x_wconf 88' lang='lat' dir='ltr'><strong><em>esse</em></strong></span> <span class='ocrx_word' id='word_1_758' title='bbox 1454 5249 1667 5304; x_wconf 86' lang='lat' dir='ltr'><strong><em>namque</em></strong></span> <span class='ocrx_word' id='word_1_759' title='bbox 1706 5234 1805 5288; x_wconf 61' lang='lat' dir='ltr'><strong><em>ho-t</em></strong></span> 
     </span>
    </p>
   </div>
   <div class='ocr_carea' id='block_1_101' title="bbox 211 5325 1806 5396">
    <p class='ocr_par' dir='ltr' id='par_1_101' title="bbox 211 5325 1806 5396">
     <span class='ocr_line' id='line_1_101' title="bbox 211 5325 1806 5396; baseline 0 -14"><span class='ocrx_word' id='word_1_760' title='bbox 211 5327 403 5382; x_wconf 84' lang='lat' dir='ltr'><strong><em>minem</em></strong></span> <span class='ocrx_word' id='word_1_761' title='bbox 453 5326 765 5380; x_wconf 80' lang='lat' dir='ltr'><strong><em>convertitur</em></strong></span> <span class='ocrx_word' id='word_1_762' title='bbox 809 5325 1086 5379; x_wconf 86' lang='lat' dir='ltr'><strong><em>secundum</em></strong></span> <span class='ocrx_word' id='word_1_763' title='bbox 1125 5326 1355 5379; x_wconf 72' lang='lat' dir='ltr'><strong><em>essentise</em></strong></span> <span class='ocrx_word' id='word_1_764' title='bbox 1396 5328 1806 5396; x_wconf 83' lang='lat' dir='ltr'><strong><em>consequentiam</em></strong></span> 
     </span>
    </p>
   </div>
   <div class='ocr_carea' id='block_1_102' title="bbox 211 5414 1807 5484">
    <p class='ocr_par' dir='ltr' id='par_1_102' title="bbox 211 5414 1807 5484">
     <span class='ocr_line' id='line_1_102' title="bbox 211 5414 1807 5484; baseline 0.002 -13"><span class='ocrx_word' id='word_1_765' title='bbox 211 5421 283 5471; x_wconf 90' lang='lat' dir='ltr'><strong><em>ad</em></strong></span> <span class='ocrx_word' id='word_1_766' title='bbox 316 5433 485 5471; x_wconf 73' lang='lat' dir='ltr'><strong><em>ueram</em></strong></span> <span class='ocrx_word' id='word_1_767' title='bbox 514 5418 798 5473; x_wconf 87' lang='lat' dir='ltr'><strong><em>orationem</em></strong></span> <span class='ocrx_word' id='word_1_768' title='bbox 823 5416 887 5471; x_wconf 89' lang='lat' dir='ltr'><strong><em>de</em></strong></span> <span class='ocrx_word' id='word_1_769' title='bbox 913 5431 983 5471; x_wconf 88' lang='lat' dir='ltr'><strong><em>se.</em></strong></span> <span class='ocrx_word' id='word_1_770' title='bbox 1034 5414 1169 5469; x_wconf 81' lang='lat' dir='ltr'><strong><em>Nam</em></strong></span> <span class='ocrx_word' id='word_1_771' title='bbox 1198 5419 1242 5470; x_wconf 88' lang='lat' dir='ltr'><strong><em>si</em></strong></span> <span class='ocrx_word' id='word_1_772' title='bbox 1269 5426 1344 5470; x_wconf 88' lang='lat' dir='ltr'><strong><em>est</em></strong></span> <span class='ocrx_word' id='word_1_773' title='bbox 1369 5416 1519 5471; x_wconf 72' lang='lat' dir='ltr'><strong><em>homo</em></strong></span> <span class='ocrx_word' id='word_1_774' title='bbox 1537 5459 1552 5484; x_wconf 92' lang='lat'><strong><em>,</em></strong></span> <span class='ocrx_word' id='word_1_775' title='bbox 1582 5434 1701 5472; x_wconf 76' lang='lat' dir='ltr'><strong><em>sera</em></strong></span> <span class='ocrx_word' id='word_1_776' title='bbox 1734 5427 1807 5474; x_wconf 89' lang='lat' dir='ltr'><strong><em>est</em></strong></span> 
     </span>
    </p>
   </div>
   <div class='ocr_carea' id='block_1_103' title="bbox 211 5510 1806 5583">
    <p class='ocr_par' dir='ltr' id='par_1_103' title="bbox 211 5510 1806 5583">
     <span class='ocr_line' id='line_1_103' title="bbox 211 5510 1806 5583; baseline 0.001 -17"><span class='ocrx_word' id='word_1_777' title='bbox 211 5512 380 5567; x_wconf 82' lang='lat' dir='ltr'><strong><em>oratio</em></strong></span> <span class='ocrx_word' id='word_1_778' title='bbox 409 5528 510 5580; x_wconf 90' lang='lat' dir='ltr'><strong><em>qua</em></strong></span> <span class='ocrx_word' id='word_1_779' title='bbox 537 5511 745 5577; x_wconf 86' lang='lat' dir='ltr'><strong><em>dicitur,</em></strong></span> <span class='ocrx_word' id='word_1_780' title='bbox 778 5510 929 5564; x_wconf 76' lang='lat' dir='ltr'><strong><em>homo</em></strong></span> <span class='ocrx_word' id='word_1_781' title='bbox 956 5518 1062 5577; x_wconf 89' lang='lat' dir='ltr'><strong><em>est,</em></strong></span> <span class='ocrx_word' id='word_1_782' title='bbox 1099 5520 1148 5564; x_wconf 92' lang='lat' dir='ltr'><strong><em>et</em></strong></span> <span class='ocrx_word' id='word_1_783' title='bbox 1185 5512 1229 5565; x_wconf 87' lang='lat' dir='ltr'><strong><em>si</em></strong></span> <span class='ocrx_word' id='word_1_784' title='bbox 1259 5527 1375 5565; x_wconf 82' lang='lat' dir='ltr'><strong><em>uera</em></strong></span> <span class='ocrx_word' id='word_1_785' title='bbox 1402 5521 1475 5565; x_wconf 91' lang='lat' dir='ltr'><strong><em>est</em></strong></span> <span class='ocrx_word' id='word_1_786' title='bbox 1505 5513 1666 5567; x_wconf 90' lang='lat' dir='ltr'><strong><em>oratio</em></strong></span> <span class='ocrx_word' id='word_1_787' title='bbox 1705 5529 1806 5583; x_wconf 86' lang='lat' dir='ltr'><strong><em>qua</em></strong></span> 
     </span>
    </p>
   </div>
   <div class='ocr_carea' id='block_1_104' title="bbox 213 5603 1807 5676">
    <p class='ocr_par' dir='ltr' id='par_1_104' title="bbox 213 5603 1807 5676">
     <span class='ocr_line' id='line_1_104' title="bbox 213 5603 1807 5676; baseline 0.001 -17"><span class='ocrx_word' id='word_1_788' title='bbox 213 5606 425 5670; x_wconf 77' lang='lat' dir='ltr'><strong><em>dicitur,</em></strong></span> <span class='ocrx_word' id='word_1_789' title='bbox 449 5604 600 5659; x_wconf 82' lang='lat' dir='ltr'><strong><em>homo</em></strong></span> <span class='ocrx_word' id='word_1_790' title='bbox 623 5613 717 5672; x_wconf 87' lang='lat' dir='ltr'><strong><em>est,</em></strong></span> <span class='ocrx_word' id='word_1_791' title='bbox 737 5604 1064 5676; x_wconf 82' lang='lat' dir='ltr'><strong><em>consequitur</em></strong></span> <span class='ocrx_word' id='word_1_792' title='bbox 1086 5619 1195 5658; x_wconf 90' lang='lat' dir='ltr'><strong><em>esse</em></strong></span> <span class='ocrx_word' id='word_1_793' title='bbox 1217 5603 1489 5658; x_wconf 82' lang='lat' dir='ltr'><strong><em>hominem.</em></strong></span> <span class='ocrx_word' id='word_1_794' title='bbox 1522 5604 1614 5660; x_wconf 86' lang='lat' dir='ltr'><strong><em>Est</em></strong></span> <span class='ocrx_word' id='word_1_795' title='bbox 1637 5615 1807 5661; x_wconf 89' lang='lat' dir='ltr'><strong><em>autem</em></strong></span> 
     </span>
    </p>
   </div>
   <div class='ocr_carea' id='block_1_105' title="bbox 212 5697 1812 5768">
    <p class='ocr_par' dir='ltr' id='par_1_105' title="bbox 212 5697 1812 5768">
     <span class='ocr_line' id='line_1_105' title="bbox 212 5697 1812 5768; baseline -0.001 -15"><span class='ocrx_word' id='word_1_796' title='bbox 212 5699 425 5768; x_wconf 76' lang='lat' dir='ltr'><strong><em>quidem</em></strong></span> <span class='ocrx_word' id='word_1_797' title='bbox 452 5713 569 5752; x_wconf 82' lang='lat' dir='ltr'><strong><em>vera</em></strong></span> <span class='ocrx_word' id='word_1_798' title='bbox 596 5698 763 5753; x_wconf 89' lang='lat' dir='ltr'><strong><em>oratio</em></strong></span> <span class='ocrx_word' id='word_1_799' title='bbox 790 5712 1108 5767; x_wconf 85' lang='lat' dir='ltr'><strong><em>nequaquam</em></strong></span> <span class='ocrx_word' id='word_1_800' title='bbox 1138 5711 1295 5750; x_wconf 82' lang='lat' dir='ltr'><strong><em>causa</em></strong></span> <span class='ocrx_word' id='word_1_801' title='bbox 1316 5706 1368 5750; x_wconf 88' lang='lat' dir='ltr'><strong><em>ut</em></strong></span> <span class='ocrx_word' id='word_1_802' title='bbox 1390 5697 1455 5752; x_wconf 85' lang='lat' dir='ltr'><strong><em>sit</em></strong></span> <span class='ocrx_word' id='word_1_803' title='bbox 1480 5714 1582 5765; x_wconf 82' lang='lat' dir='ltr'><strong><em>res,</em></strong></span> <span class='ocrx_word' id='word_1_804' title='bbox 1608 5715 1812 5752; x_wconf 82' lang='lat' dir='ltr'><strong><em>verum-</em></strong></span> 
     </span>
    </p>
   </div>
   <div class='ocr_carea' id='block_1_106' title="bbox 218 5791 1811 5862">
    <p class='ocr_par' dir='ltr' id='par_1_106' title="bbox 218 5791 1811 5862">
     <span class='ocr_line' id='line_1_106' title="bbox 218 5791 1811 5862; baseline 0.001 -13"><span class='ocrx_word' id='word_1_805' title='bbox 218 5802 392 5851; x_wconf 67' lang='lat' dir='ltr'><strong><em>tamen</em></strong></span> <span class='ocrx_word' id='word_1_806' title='bbox 435 5791 634 5850; x_wconf 73' lang='lat' dir='ltr'><strong><em>videtur</em></strong></span> <span class='ocrx_word' id='word_1_807' title='bbox 670 5791 1047 5862; x_wconf 79' lang='lat' dir='ltr'><strong><em>quodammodo</em></strong></span> <span class='ocrx_word' id='word_1_808' title='bbox 1096 5806 1176 5846; x_wconf 85' lang='lat' dir='ltr'><strong><em>res</em></strong></span> <span class='ocrx_word' id='word_1_809' title='bbox 1230 5806 1389 5845; x_wconf 78' lang='lat' dir='ltr'><strong><em>causa</em></strong></span> <span class='ocrx_word' id='word_1_810' title='bbox 1446 5799 1500 5847; x_wconf 81' lang='lat' dir='ltr'><strong><em>ut</em></strong></span> <span class='ocrx_word' id='word_1_811' title='bbox 1539 5791 1606 5847; x_wconf 88' lang='lat' dir='ltr'><strong><em>sit</em></strong></span> <span class='ocrx_word' id='word_1_812' title='bbox 1645 5795 1811 5850; x_wconf 86' lang='lat' dir='ltr'><strong><em>oratio</em></strong></span> 
     </span>
    </p>
   </div>
   <div class='ocr_carea' id='block_1_107' title="bbox 1905 4677 3502 4753">
    <p class='ocr_par' dir='ltr' id='par_1_107' title="bbox 1905 4677 3502 4753">
     <span class='ocr_line' id='line_1_107' title="bbox 1905 4677 3502 4753; baseline -0.002 -16"><span class='ocrx_word' id='word_1_813' title='bbox 1905 4698 2067 4753; x_wconf 87' lang='lat' dir='ltr'><strong><em>neque</em></strong></span> <span class='ocrx_word' id='word_1_814' title='bbox 2101 4683 2243 4752; x_wconf 87' lang='lat' dir='ltr'><strong><em>prius</em></strong></span> <span class='ocrx_word' id='word_1_815' title='bbox 2276 4697 2436 4752; x_wconf 88' lang='lat' dir='ltr'><strong><em>neque</em></strong></span> <span class='ocrx_word' id='word_1_816' title='bbox 2477 4681 2727 4753; x_wconf 87' lang='lat' dir='ltr'><strong><em>posterius</em></strong></span> <span class='ocrx_word' id='word_1_817' title='bbox 2768 4690 2841 4736; x_wconf 88' lang='lat' dir='ltr'><strong><em>est</em></strong></span> <span class='ocrx_word' id='word_1_818' title='bbox 2879 4695 3077 4735; x_wconf 76' lang='lat' dir='ltr'><strong><em>comm.</em></strong></span> <span class='ocrx_word' id='word_1_819' title='bbox 3124 4677 3295 4735; x_wconf 78' lang='lat' dir='ltr'><strong><em>Simul</em></strong></span> <span class='ocrx_word' id='word_1_820' title='bbox 3331 4680 3502 4749; x_wconf 77' lang='lat' dir='ltr'><strong><em>itaque</em></strong></span> 
     </span>
    </p>
   </div>
   <div class='ocr_carea' id='block_1_108' title="bbox 1905 4772 2844 4841">
    <p class='ocr_par' dir='ltr' id='par_1_108' title="bbox 1905 4772 2844 4841">
     <span class='ocr_line' id='line_1_108' title="bbox 1905 4772 2844 4841; baseline -0.001 -15"><span class='ocrx_word' id='word_1_821' title='bbox 1905 4772 2017 4828; x_wconf 71' lang='lat' dir='ltr'><strong><em>lucc</em></strong></span> <span class='ocrx_word' id='word_1_822' title='bbox 2044 4773 2285 4827; x_wconf 87' lang='lat' dir='ltr'><strong><em>dicuntur</em></strong></span> <span class='ocrx_word' id='word_1_823' title='bbox 2314 4772 2597 4827; x_wconf 86' lang='lat' dir='ltr'><strong><em>secundum</em></strong></span> <span class='ocrx_word' id='word_1_824' title='bbox 2626 4781 2844 4841; x_wconf 86' lang='lat' dir='ltr'><strong><em>tempus.</em></strong></span> 
     </span>
    </p>
   </div>
   <div class='ocr_carea' id='block_1_109' title="bbox 1979 4861 3502 4935">
    <p class='ocr_par' dir='ltr' id='par_1_109' title="bbox 1979 4861 3502 4935">
     <span class='ocr_line' id='line_1_109' title="bbox 1979 4861 3502 4935; baseline -0.001 -16"><span class='ocrx_word' id='word_1_825' title='bbox 1979 4865 2109 4919; x_wconf 86' lang='lat' dir='ltr'><strong><em>Cum</em></strong></span> <span class='ocrx_word' id='word_1_826' title='bbox 2153 4865 2222 4920; x_wconf 88' lang='lat' dir='ltr'><strong><em>de</em></strong></span> <span class='ocrx_word' id='word_1_827' title='bbox 2270 4863 2537 4934; x_wconf 90' lang='lat' dir='ltr'><strong><em>prioribus</em></strong></span> <span class='ocrx_word' id='word_1_828' title='bbox 2579 4864 2901 4934; x_wconf 88' lang='lat' dir='ltr'><strong><em>disputaret,</em></strong></span> <span class='ocrx_word' id='word_1_829' title='bbox 2935 4864 3025 4920; x_wconf 91' lang='lat' dir='ltr'><strong><em>illa</em></strong></span> <span class='ocrx_word' id='word_1_830' title='bbox 3059 4863 3275 4935; x_wconf 84' lang='lat' dir='ltr'><strong><em>propria</em></strong></span> <span class='ocrx_word' id='word_1_831' title='bbox 3319 4861 3502 4933; x_wconf 78' lang='lat' dir='ltr'><strong><em>priora</em></strong></span> 
     </span>
    </p>
   </div>
   <div class='ocr_carea' id='block_1_110' title="bbox 1906 4954 3503 5029">
    <p class='ocr_par' dir='ltr' id='par_1_110' title="bbox 1906 4954 3503 5029">
     <span class='ocr_line' id='line_1_110' title="bbox 1906 4954 3503 5029; baseline -0.005 -13"><span class='ocrx_word' id='word_1_832' title='bbox 1906 4974 2028 5016; x_wconf 87' lang='lat' dir='ltr'><strong><em>esse</em></strong></span> <span class='ocrx_word' id='word_1_833' title='bbox 2069 4958 2453 5024; x_wconf 88' lang='lat' dir='ltr'><strong><em>contenderat,</em></strong></span> <span class='ocrx_word' id='word_1_834' title='bbox 2483 4973 2605 5029; x_wconf 70' lang='lat' dir='ltr'><strong><em>qua:</em></strong></span> <span class='ocrx_word' id='word_1_835' title='bbox 2650 4957 2948 5013; x_wconf 89' lang='lat' dir='ltr'><strong><em>secundum</em></strong></span> <span class='ocrx_word' id='word_1_836' title='bbox 2996 4958 3105 5012; x_wconf 93' lang='lat' dir='ltr'><strong><em>vim</em></strong></span> <span class='ocrx_word' id='word_1_837' title='bbox 3147 4954 3503 5028; x_wconf 62' lang='lat' dir='ltr'><strong><em>praecedentis</em></strong></span> 
     </span>
    </p>
   </div>
   <div class='ocr_carea' id='block_1_111' title="bbox 1912 5045 3503 5121">
    <p class='ocr_par' dir='ltr' id='par_1_111' title="bbox 1912 5045 3503 5121">
     <span class='ocr_line' id='line_1_111' title="bbox 1912 5045 3503 5121; baseline -0.002 -16"><span class='ocrx_word' id='word_1_838' title='bbox 1912 5052 2166 5121; x_wconf 89' lang='lat' dir='ltr'><strong><em>temporis</em></strong></span> <span class='ocrx_word' id='word_1_839' title='bbox 2205 5050 2533 5117; x_wconf 89' lang='lat' dir='ltr'><strong><em>dicerentur,</em></strong></span> <span class='ocrx_word' id='word_1_840' title='bbox 2577 5064 2744 5119; x_wconf 88' lang='lat' dir='ltr'><strong><em>quare</em></strong></span> <span class='ocrx_word' id='word_1_841' title='bbox 2782 5063 2902 5105; x_wconf 90' lang='lat' dir='ltr'><strong><em>cum</em></strong></span> <span class='ocrx_word' id='word_1_842' title='bbox 2944 5048 3010 5104; x_wconf 90' lang='lat' dir='ltr'><strong><em>de</em></strong></span> <span class='ocrx_word' id='word_1_843' title='bbox 3052 5048 3136 5104; x_wconf 88' lang='lat' dir='ltr'><strong><em>bis</em></strong></span> <span class='ocrx_word' id='word_1_844' title='bbox 3176 5062 3295 5119; x_wconf 75' lang='lat' dir='ltr'><strong><em>qum</em></strong></span> <span class='ocrx_word' id='word_1_845' title='bbox 3341 5045 3503 5102; x_wconf 88' lang='lat' dir='ltr'><strong><em>simul</em></strong></span> 
     </span>
    </p>
   </div>
   <div class='ocr_carea' id='block_1_112' title="bbox 1909 5140 3502 5213">
    <p class='ocr_par' dir='ltr' id='par_1_112' title="bbox 1909 5140 3502 5213">
     <span class='ocr_line' id='line_1_112' title="bbox 1909 5140 3502 5213; baseline -0.004 -14"><span class='ocrx_word' id='word_1_846' title='bbox 1909 5152 2034 5200; x_wconf 87' lang='lat' dir='ltr'><strong><em>sunt</em></strong></span> <span class='ocrx_word' id='word_1_847' title='bbox 2069 5143 2332 5213; x_wconf 85' lang='lat' dir='ltr'><strong><em>disputat,</em></strong></span> <span class='ocrx_word' id='word_1_848' title='bbox 2377 5143 2516 5198; x_wconf 91' lang='lat' dir='ltr'><strong><em>idem</em></strong></span> <span class='ocrx_word' id='word_1_849' title='bbox 2553 5152 2789 5212; x_wconf 89' lang='lat' dir='ltr'><strong><em>revocat,</em></strong></span> <span class='ocrx_word' id='word_1_850' title='bbox 2827 5152 2883 5199; x_wconf 92' lang='lat' dir='ltr'><strong><em>et</em></strong></span> <span class='ocrx_word' id='word_1_851' title='bbox 2921 5152 3086 5198; x_wconf 89' lang='lat' dir='ltr'><strong><em>recte.</em></strong></span> <span class='ocrx_word' id='word_1_852' title='bbox 3132 5141 3265 5197; x_wconf 83' lang='lat' dir='ltr'><strong><em>Nam</em></strong></span> <span class='ocrx_word' id='word_1_853' title='bbox 3306 5140 3352 5195; x_wconf 91' lang='lat' dir='ltr'><strong><em>si</em></strong></span> <span class='ocrx_word' id='word_1_854' title='bbox 3392 5152 3502 5193; x_wconf 52' lang='lat' dir='ltr'><strong><em>ma.</em></strong></span> 
     </span>
    </p>
   </div>
   <div class='ocr_carea' id='block_1_113' title="bbox 1911 5234 3503 5305">
    <p class='ocr_par' dir='ltr' id='par_1_113' title="bbox 1911 5234 3503 5305">
     <span class='ocr_line' id='line_1_113' title="bbox 1911 5234 3503 5305; baseline -0.003 -15"><span class='ocrx_word' id='word_1_855' title='bbox 1911 5236 2113 5290; x_wconf 73' lang='lat' dir='ltr'><strong><em>simum</em></strong></span> <span class='ocrx_word' id='word_1_856' title='bbox 2155 5236 2370 5290; x_wconf 87' lang='lat' dir='ltr'><strong><em>modum</em></strong></span> <span class='ocrx_word' id='word_1_857' title='bbox 2417 5234 2614 5305; x_wconf 87' lang='lat' dir='ltr'><strong><em>prioris</em></strong></span> <span class='ocrx_word' id='word_1_858' title='bbox 2657 5234 2828 5289; x_wconf 87' lang='lat' dir='ltr'><strong><em>solum</em></strong></span> <span class='ocrx_word' id='word_1_859' title='bbox 2874 5234 3073 5290; x_wconf 85' lang='lat' dir='ltr'><strong><em>elﬂciet</em></strong></span> <span class='ocrx_word' id='word_1_860' title='bbox 3124 5239 3357 5302; x_wconf 85' lang='lat' dir='ltr'><strong><em>tempus,</em></strong></span> <span class='ocrx_word' id='word_1_861' title='bbox 3405 5243 3503 5285; x_wconf 89' lang='lat' dir='ltr'><strong><em>cur</em></strong></span> 
     </span>
    </p>
   </div>
   <div class='ocr_carea' id='block_1_114' title="bbox 1910 5320 3502 5398">
    <p class='ocr_par' dir='ltr' id='par_1_114' title="bbox 1910 5320 3502 5398">
     <span class='ocr_line' id='line_1_114' title="bbox 1910 5320 3502 5398; baseline -0.004 -16"><span class='ocrx_word' id='word_1_862' title='bbox 1910 5341 2122 5398; x_wconf 88' lang='lat' dir='ltr'><strong><em>quoque</em></strong></span> <span class='ocrx_word' id='word_1_863' title='bbox 2163 5342 2270 5381; x_wconf 90' lang='lat' dir='ltr'><strong><em>non</em></strong></span> <span class='ocrx_word' id='word_1_864' title='bbox 2309 5326 2466 5380; x_wconf 89' lang='lat' dir='ltr'><strong><em>simul</em></strong></span> <span class='ocrx_word' id='word_1_865' title='bbox 2504 5325 2700 5380; x_wconf 89' lang='lat' dir='ltr'><strong><em>editam</em></strong></span> <span class='ocrx_word' id='word_1_866' title='bbox 2738 5334 2981 5380; x_wconf 91' lang='lat' dir='ltr'><strong><em>naturam</em></strong></span> <span class='ocrx_word' id='word_1_867' title='bbox 3024 5334 3233 5395; x_wconf 89' lang='lat' dir='ltr'><strong><em>tempus</em></strong></span> <span class='ocrx_word' id='word_1_868' title='bbox 3264 5320 3502 5379; x_wconf 77' lang='lat' dir='ltr'><strong><em>efﬁciet?</em></strong></span> 
     </span>
    </p>
   </div>
   <div class='ocr_carea' id='block_1_115' title="bbox 1913 5417 3499 5492">
    <p class='ocr_par' dir='ltr' id='par_1_115' title="bbox 1913 5417 3499 5492">
     <span class='ocr_line' id='line_1_115' title="bbox 1913 5417 3499 5492; baseline -0.005 -16"><span class='ocrx_word' id='word_1_869' title='bbox 1913 5421 2004 5476; x_wconf 75' lang='lat' dir='ltr'><strong><em>Ait</em></strong></span> <span class='ocrx_word' id='word_1_870' title='bbox 2027 5435 2179 5491; x_wconf 87' lang='lat' dir='ltr'><strong><em>ergo,</em></strong></span> <span class='ocrx_word' id='word_1_871' title='bbox 2209 5430 2264 5476; x_wconf 92' lang='lat' dir='ltr'><strong><em>et</em></strong></span> <span class='ocrx_word' id='word_1_872' title='bbox 2294 5419 2607 5489; x_wconf 88' lang='lat' dir='ltr'><strong><em>simpliciter</em></strong></span> <span class='ocrx_word' id='word_1_873' title='bbox 2632 5429 2687 5476; x_wconf 88' lang='lat' dir='ltr'><strong><em>et</em></strong></span> <span class='ocrx_word' id='word_1_874' title='bbox 2708 5419 2923 5492; x_wconf 88' lang='lat' dir='ltr'><strong><em>proprie</em></strong></span> <span class='ocrx_word' id='word_1_875' title='bbox 2953 5418 3058 5475; x_wconf 92' lang='lat' dir='ltr'><strong><em>dici</em></strong></span> <span class='ocrx_word' id='word_1_876' title='bbox 3086 5417 3246 5473; x_wconf 91' lang='lat' dir='ltr'><strong><em>simul</em></strong></span> <span class='ocrx_word' id='word_1_877' title='bbox 3272 5430 3392 5471; x_wconf 88' lang='lat' dir='ltr'><strong><em>esse</em></strong></span> <span class='ocrx_word' id='word_1_878' title='bbox 3413 5428 3499 5483; x_wconf 88' lang='lat' dir='ltr'><strong><em>ea,</em></strong></span> 
     </span>
    </p>
   </div>
   <div class='ocr_carea' id='block_1_116' title="bbox 1909 5506 3503 5585">
    <p class='ocr_par' dir='ltr' id='par_1_116' title="bbox 1909 5506 3503 5585">
     <span class='ocr_line' id='line_1_116' title="bbox 1909 5506 3503 5585; baseline -0.004 -16"><span class='ocrx_word' id='word_1_879' title='bbox 1909 5528 2029 5585; x_wconf 71' lang='lat' dir='ltr'><strong><em>qua:</em></strong></span> <span class='ocrx_word' id='word_1_880' title='bbox 2059 5512 2219 5570; x_wconf 91' lang='lat' dir='ltr'><strong><em>unius</em></strong></span> <span class='ocrx_word' id='word_1_881' title='bbox 2249 5512 2509 5582; x_wconf 88' lang='lat' dir='ltr'><strong><em>temporis</em></strong></span> <span class='ocrx_word' id='word_1_882' title='bbox 2537 5522 2658 5568; x_wconf 92' lang='lat' dir='ltr'><strong><em>ortu</em></strong></span> <span class='ocrx_word' id='word_1_883' title='bbox 2691 5514 2901 5584; x_wconf 84' lang='lat' dir='ltr'><strong><em>prolata</em></strong></span> <span class='ocrx_word' id='word_1_884' title='bbox 2940 5512 3079 5577; x_wconf 88' lang='lat' dir='ltr'><strong><em>sint,</em></strong></span> <span class='ocrx_word' id='word_1_885' title='bbox 3110 5517 3169 5564; x_wconf 93' lang='lat' dir='ltr'><strong><em>ut</em></strong></span> <span class='ocrx_word' id='word_1_886' title='bbox 3196 5509 3239 5564; x_wconf 92' lang='lat' dir='ltr'><strong><em>si</em></strong></span> <span class='ocrx_word' id='word_1_887' title='bbox 3273 5506 3362 5562; x_wconf 87' lang='lat' dir='ltr'><strong><em>illa</em></strong></span> <span class='ocrx_word' id='word_1_888' title='bbox 3391 5507 3503 5562; x_wconf 91' lang='lat' dir='ltr'><strong><em>sint</em></strong></span> 
     </span>
    </p>
   </div>
   <div class='ocr_carea' id='block_1_117' title="bbox 1911 5598 3501 5677">
    <p class='ocr_par' dir='ltr' id='par_1_117' title="bbox 1911 5598 3501 5677">
     <span class='ocr_line' id='line_1_117' title="bbox 1911 5598 3501 5677; baseline -0.004 -16"><span class='ocrx_word' id='word_1_889' title='bbox 1911 5606 2211 5677; x_wconf 84' lang='lat' dir='ltr'><strong><em>antiquiora</em></strong></span> <span class='ocrx_word' id='word_1_890' title='bbox 2241 5616 2402 5677; x_wconf 87' lang='lat' dir='ltr'><strong><em>atque</em></strong></span> <span class='ocrx_word' id='word_1_891' title='bbox 2430 5605 2631 5675; x_wconf 91' lang='lat' dir='ltr'><strong><em>priora,</em></strong></span> <span class='ocrx_word' id='word_1_892' title='bbox 2662 5617 2995 5675; x_wconf 78' lang='lat' dir='ltr'><strong><em>qurecunque</em></strong></span> <span class='ocrx_word' id='word_1_893' title='bbox 3025 5616 3130 5657; x_wconf 92' lang='lat' dir='ltr'><strong><em>nou</em></strong></span> <span class='ocrx_word' id='word_1_894' title='bbox 3160 5598 3374 5672; x_wconf 72' lang='lat' dir='ltr'><strong><em>aequali,</em></strong></span> <span class='ocrx_word' id='word_1_895' title='bbox 3406 5598 3501 5655; x_wconf 89' lang='lat' dir='ltr'><strong><em>sed</em></strong></span> 
     </span>
    </p>
   </div>
   <div class='ocr_carea' id='block_1_118' title="bbox 1914 5692 3504 5769">
    <p class='ocr_par' dir='ltr' id='par_1_118' title="bbox 1914 5692 3504 5769">
     <span class='ocr_line' id='line_1_118' title="bbox 1914 5692 3504 5769; baseline -0.005 -14"><span class='ocrx_word' id='word_1_896' title='bbox 1914 5698 2237 5769; x_wconf 65' lang='lat' dir='ltr'><strong><em>praecedenti</em></strong></span> <span class='ocrx_word' id='word_1_897' title='bbox 2268 5706 2511 5767; x_wconf 83' lang='lat' dir='ltr'><strong><em>tempore</em></strong></span> <span class='ocrx_word' id='word_1_898' title='bbox 2536 5698 2901 5767; x_wconf 80' lang='lat' dir='ltr'><strong><em>proteruntur,</em></strong></span> <span class='ocrx_word' id='word_1_899' title='bbox 2932 5709 3050 5767; x_wconf 67' lang='lat' dir='ltr'><strong><em>quin</em></strong></span> <span class='ocrx_word' id='word_1_900' title='bbox 3082 5708 3141 5750; x_wconf 89' lang='lat' dir='ltr'><strong><em>se</em></strong></span> <span class='ocrx_word' id='word_1_901' title='bbox 3171 5692 3504 5764; x_wconf 86' lang='lat' dir='ltr'><strong><em>temporibus</em></strong></span> 
     </span>
    </p>
   </div>
   <div class='ocr_carea' id='block_1_119' title="bbox 1914 5787 3497 5861">
    <p class='ocr_par' dir='ltr' id='par_1_119' title="bbox 1914 5787 3497 5861">
     <span class='ocr_line' id='line_1_119' title="bbox 1914 5787 3497 5861; baseline -0.004 -13"><span class='ocrx_word' id='word_1_902' title='bbox 1914 5807 2023 5848; x_wconf 90' lang='lat' dir='ltr'><strong><em>non</em></strong></span> <span class='ocrx_word' id='word_1_903' title='bbox 2070 5792 2412 5861; x_wconf 81' lang='lat' dir='ltr'><strong><em>praecedunt,</em></strong></span> <span class='ocrx_word' id='word_1_904' title='bbox 2463 5789 2766 5848; x_wconf 87' lang='lat' dir='ltr'><strong><em>rectissime</em></strong></span> <span class='ocrx_word' id='word_1_905' title='bbox 2820 5787 2982 5847; x_wconf 87' lang='lat' dir='ltr'><strong><em>simul</em></strong></span> <span class='ocrx_word' id='word_1_906' title='bbox 3031 5801 3154 5847; x_wconf 81' lang='lat' dir='ltr'><strong><em>esse</em></strong></span> <span class='ocrx_word' id='word_1_907' title='bbox 3203 5795 3497 5860; x_wconf 87' lang='lat' dir='ltr'><strong><em>ponuntur.</em></strong></span> 
     </span>
    </p>
   </div>
  </div>
