4030 6336
589 286 690 341 287

1838 321 1950 378 AN.
1992 323 2135 382 MAN

2240 331 2391 392 SEV.
2436 338 2663 399 ΒΟΕΤΙΙ
3188 414 3197 421 ,
3786 376 3880 432 288

585 398 717 465 Qua:
756 402 897 457 enim
946 420 1051 461 uno
1096 417 1337 480 tempore
1383 416 1525 474 edita
1567 432 1727 494 atque
1765 430 1971 497 prolata
2024 447 2168 505 sunt,
2201 441 2255 504 Α
2278 444 2568 518 videretur,
2599 469 2660 509 ea
2698 460 2913 528 quidem
2953 467 3107 537 cujus
3145 486 3304 532 causa
3342 491 3477 536 erat.
3522 484 3690 552 Quod
3726 489 3881 547 dism

1505 527 1626 552 Μαι.
1667 516 1921 552 δῖηιιηίιι-
1990 527 2039 552 ει.
2093 539 2167 552 Α-.
2311 538 2322 552 I
2386 540 2417 552 οι

583 488 675 543 illa
715 495 1008 551 secundum
1048 508 1259 571 tempus
1301 505 1460 564 simul
1505 488 1941 589 esse-dicuntur,
1990 488 2043 581 id
2089 488 2174 586 es;

581 582 740 639 simul
791 588 1036 645 naturale
1083 593 1397 664 principium
1448 605 1912 685 substantiamque
1956 620 2168 687 sortita,

580 680 740 744 atque
788 675 901 732 haec
951 682 1167 749 quidem
1221 692 1515 750 secundum
1573 708 1784 771 tempus
1826 675 1991 762 simul
2049 675 2170 768 esse

576 765 847 822 dicuntur.
879 768 1185 830 Secundum
1214 790 1459 839 naturam
1489 803 1618 844 vero
1646 793 1805 850 simul
1837 813 1957 855 esse
1986 804 2169 871 perhi-

576 859 788 929 bentur,
842 880 1178 939 quamcunque
1230 872 1454 933 invicem
1518 883 1583 936 ad
1641 900 1701 941 se
1756 903 2166 967 convertuntur,

572 964 689 1007 cum
734 955 899 1011 altera
942 974 1028 1015 res
1066 961 1218 1019 alteri
1264 970 1611 1041 subsisteudi,
1656 995 1831 1052 neque
1870 1000 2029 1042 causa
2070 992 2163 1058 sit,

570 1059 743 1115 neque
791 1049 1146 1121 principium,
1198 1069 1254 1113 ut
1298 1073 1424 1117 sunt
1474 1049 1806 1142 huiusmodi,
1845 1078 2064 1149 duplum
2109 1049 2166 1140 et

570 1138 990 1205 mediummam
1038 1160 1160 1201 cum
1204 1151 1274 1205 sit
1315 1153 1568 1227 duplum,
1612 1138 1845 1222 medium
1887 1138 1996 1237 est;
2038 1190 2161 1231 cum

568 1240 753 1285 rursus
790 1230 860 1288 sit
901 1236 1161 1305 medium,
1193 1241 1412 1314 duplum
1458 1260 1562 1309 est.
1613 1253 1814 1315 Servus
1853 1230 2067 1334 quoque
2108 1277 2163 1324 et

567 1319 815 1378 dominus
852 1326 1042 1383 eodem
1085 1334 1246 1388 modo
1283 1351 1437 1407 sunt,
1473 1341 1613 1399 ﬁlius
1652 1319 1884 1421 quoque'
1903 1364 1959 1410 et
1979 1319 2158 1427 pater.

566 1409 691 1468 Haec
735 1411 1259 1493 enim’qutecuuque
1303 1427 1446 1485 illata
1494 1436 1708 1503 quidem
1753 1442 1987 1501 inferunt
2032 1448 2156 1513 alia,

565 1506 770 1562 sublata
803 1524 933 1565 vero
960 1512 1209 1569 auferunt
1232 1519 1417 1588 simul,
1447 1526 1661 1584 sibimet
1686 1547 1901 1605 semper
1928 1538 2157 1595 invicem

564 1612 991 1658 convertuntur:
1036 1623 1156 1661 nam
1186 1611 1228 1663 si
1258 1610 1430 1668 dicam
1469 1628 1699 1689 patrem,
1739 1624 1903 1682 lilium
1942 1646 2159 1703 quoque

565 1692 788 1763 intelligi
822 1710 1041 1754 necesse
1070 1714 1181 1767 est;
1214 1706 1259 1760 si
1280 1702 1467 1763 dixero
1501 1712 1689 1785 lilium,
1724 1728 1876 1786 pater
1907 1738 2031 1779 mox
2056 1727 2156 1783 sub

564 1786 967 1860 intelligentiam
1026 1800 1190 1858 cadit.
1266 1806 1418 1872 Quod
1476 1807 1520 1861 si
1574 1808 1798 1867 alterum
1853 1819 2152 1886 sustulero,
2184 1847 2232 1907 Β

561 1890 781 1953 utraque
800 1889 1002 1955 perimo
1028 1910 1041 1947 :
1067 1909 1189 1950 nam
1220 1898 1263 1952 si
1293 1899 1474 1955 tollam
1494 1900 1681 1968 lilium,
1716 1915 1866 1974 pater
1894 1925 2000 1965 non
2028 1922 2146 1980 est;

559 1974 602 2030 si
625 1986 830 2046 patrem
853 1984 1148 2054 abstulero,
1176 1991 1340 2047 ﬁlium
1366 2010 1580 2068 quoque
1603 2001 1777 2068 perire
1798 2017 2022 2060 necesse
2040 2016 2144 2063 est.

558 2068 733 2139 Atque
776 2073 893 2132 huic
923 2078 995 2132 ita
1040 2082 1371 2155 sibimetipsa
1412 2100 1822 2161 convertuntur,
1866 2105 1924 2151 ut
1968 2107 2146 2156 tamen

558 2159 727 2217 altera
756 2180 842 2221 res
861 2168 1014 2224 alteri
1044 2186 1204 2228 causa
1232 2178 1445 2245 penitus
1473 2194 1580 2235 non
1608 2181 1678 2236 sit
1703 2200 1715 2236 :
1750 2200 1873 2240 nam
1896 2190 2147 2258 quoniam

556 2263 708 2325 pater
754 2258 861 2313 ﬁlio
908 2260 962 2316 in
1011 2267 1389 2333 praedicatione
1433 2276 1762 2331 convertitur
1807 2280 2146 2339 manifestum

555 2355 659 2413 est,
693 2351 787 2405 sed
818 2368 989 2423 neque
1024 2366 1173 2424 pater
1203 2359 1312 2414 ﬁlio
1342 2376 1502 2419 causa
1538 2376 1622 2421 est
1658 2378 1714 2424 ut
1744 2373 1833 2437 sit,
1869 2388 1968 2428 nec
2010 2375 2149 2431 ﬁlius

557 2443 716 2511 patri,
766 2446 867 2502 hoc
908 2459 1085 2505 autem
1126 2454 1432 2523 huiusmodi
1477 2473 1579 2517 est.
1627 2463 1681 2519 Si
1715 2465 1917 2524 [Encas
1961 2470 2149 2528 habuit

554 2532 840 2591 Ascanium
895 2539 1096 2609 ﬁlium,
1150 2561 1254 2601 non
1303 2547 1550 2619 dicimus,
1606 2558 1858 2625 quoniam
1893 2576 1998 2615 non
2050 2562 2148 2618 fuit

557 2624 762 2684 Encas
795 2645 956 2687 causa
999 2643 1057 2690 ut
1094 2649 1238 2695 esset
1270 2642 1553 2709 Ascanius,
1585 2624 1680 2704 sed
1722 2665 1829 2706 non
1873 2652 1969 2708 fuit
1996 2664 2147 2726 pater

551 2734 714 2777 causa
768 2734 825 2779 ut
878 2738 1024 2783 esset
1078 2730 1237 2791 ﬁlius.
1293 2735 1426 2792 Nam
1482 2742 1624 2809 quod
1682 2743 1805 2800 dico
1861 2749 2036 2804 Ascan
2060 2766 2141 2815 us,

550 2813 797 2882 quaedam
847 2820 1057 2889 propria
1108 2824 1406 2884 substantia
1452 2842 1567 2899 est,
1614 2837 1757 2905 quod
1805 2839 1928 2896 dico
1972 2813 2142 2912 ﬁlius,

551 2919 672 2961 esse
709 2923 815 2963 non
858 2920 1052 2980 potest,
1100 2916 1200 2972 nisi
1246 2919 1311 2974 ad
1352 2922 1550 2992 aliquid
1600 2927 1885 2999 referatur,
1923 2944 1979 2989 et
2021 2950 2143 2993 cum

549 2994 777 3053 lineam
828 3004 1068 3071 nomino,
1121 3009 1477 3069 substantiam
1518 3016 1655 3080 ,dixi,
1698 3019 1744 3074 si
1796 3033 2001 3091 patrem
2050 3044 2144 3099 ap-

547 3091 712 3159 pello,
743 3094 885 3151 nulla
917 3099 1125 3155 ratione
1157 3113 1385 3171 constat,
1419 3106 1519 3162 nisi
1553 3110 1618 3164 ad
1655 3112 1822 3168 ﬁlium
1851 3116 2142 3176 referatur.

545 3181 713 3254 Igitur
751 3202 911 3244 causa
953 3191 1051 3248 fuit
1083 3192 1283 3251 [Encas
1315 3206 1372 3251 ut
1406 3210 1555 3257 esset
1585 3206 1865 3278 Ascanius,
1904 3214 1997 3267 sed
2030 3230 2133 3270 non
2161 3240 2207 3304 ρ

542 3287 805 3336 estcausa
835 3296 984 3354 pater
1016 3296 1074 3342 ut
1102 3299 1247 3345 esset
1277 3292 1434 3349 lilius.
1470 3294 1628 3353 Pater
1656 3316 1885 3374 namque
1916 3315 2039 3362 tunc
2067 3309 2128 3364 ﬁt

542 3390 661 3432 cum
699 3379 839 3437 ﬁlius
879 3381 1058 3439 fuerit.
1104 3385 1254 3453 Quod
1296 3390 1341 3443 si
1384 3390 1494 3447 lucc
1539 3402 1779 3465 tempore
1805 3398 1923 3468 ipso
1950 3405 2127 3474 priora

541 3483 647 3541 non
674 3482 817 3539 sunt,
847 3489 1008 3530 causa
1038 3486 1217 3533 autem
1249 3481 1533 3551 cujuslibet
1575 3488 1651 3543 rei
1683 3490 1829 3559 prior
1856 3503 1938 3550 est
1965 3512 2124 3565 quam

538 3558 632 3617 illa
668 3567 821 3633 cujus
850 3581 1010 3622 causa
1039 3578 1141 3634 est,
1183 3580 1242 3625 ut
1275 3574 1501 3642 oriatur,
1544 3558 1695 3635 nulla
1728 3582 1988 3641 dubitatio
2020 3598 2122 3655 est,

536 3655 666 3726 quin
702 3667 853 3727 pater
888 3671 1045 3731 atque
1076 3664 1247 3730 illius,
1287 3683 1406 3737 quas
1443 3680 1681 3744 utrtequc
1721 3680 2131 3747 praedicationes

535 3749 774 3816 mquales
819 3760 944 3805 sunt
989 3762 1265 3826 tempore,
1317 3772 1507 3817 neutra
1573 3768 1754 3824 neutri
1817 3785 1974 3826 causa
2024 3776 2120 3842 sit,

534 3851 658 3894 cum
703 3848 878 3896 tamen
923 3845 1240 3904 substantiae
1282 3852 1409 3921 ipsa:
1444 3856 1545 3910 sibi
1587 3868 1645 3913 ut
1672 3862 1801 3927 sint,
1831 3878 1990 3919 causa
2018 3868 2124 3923 siut

534 3930 951 4001 praedicationis.
999 3936 1112 3993 Nec
1146 3940 1255 3995 ullo
1284 3944 1445 3998 modo
1472 3948 1648 4005 simile
1676 3951 1837 4008 debet
1864 3957 2031 4013 videri
2071 3960 2121 4016 ei

534 4022 678 4091 quod
717 4024 876 4092 paulo
913 4035 1037 4083 ante
1072 4029 1271 4085 dictum
1302 4044 1387 4090 est
1418 4036 1487 4093 de
1514 4037 1751 4109 homine,
1782 4059 1903 4101 esse
1936 4063 2119 4107 Verum

531 4114 602 4171 de
643 4131 710 4171 eo
753 4132 1077 4189 sermonem,
1132 4125 1337 4181 scilicet
1380 4134 1631 4198 quoniam
1679 4151 1780 4192 εει.
1823 4138 1932 4194 Illic
1976 4144 2119 4201 enim

531 4222 652 4264 eum
682 4225 770 4265 res
798 4222 961 4279 esset,
995 4224 1118 4272 tunc
1148 4227 1357 4286 poterat
1385 4238 1506 4279 esse
1537 4241 1695 4282 verus
1723 4230 1790 4286 de
1819 4247 1881 4287 ea
1912 4250 2113 4294 sermo.

530 4299 686 4355 Prius
734 4304 877 4359 enim
917 4315 999 4360 est
1044 4317 1102 4363 ut
1137 4311 1210 4365 sit
1255 4313 1484 4384 aliquid,
1528 4330 1645 4388 post
1684 4337 1813 4378 vero
1852 4335 1908 4381 ut
1945 4327 2014 4386 de
2051 4346 2118 4386 co

529 4407 714 4449 verum
754 4394 951 4466 aliquid
991 4413 1110 4465 esse
1135 4402 1361 4461 dicatur.
1431 4408 1583 4466 Nunc
1612 4429 1742 4470 vero
1770 4432 1875 4472 non
1908 4421 1979 4474 ita
2010 4433 2112 4489 est,

529 4496 586 4541 ut
616 4488 762 4555 prius
787 4488 979 4560 aliquis
1008 4493 1077 4548 sit
1108 4505 1278 4564 pater,
1310 4509 1431 4568 post
1460 4512 1587 4559 vero
1614 4505 1773 4562 ﬁlius.
1819 4509 1937 4567 Mox
1969 4488 2112 4571 enim

527 4586 586 4632 ut
624 4588 775 4648 pater
819 4590 931 4648 est,
977 4583 1142 4643 ﬁlium
1184 4605 1303 4645 che
1348 4609 1567 4651 necesse
1612 4608 1724 4666 est,
1771 4616 1893 4657 mox
1939 4615 1995 4660 ut
2032 4620 2114 4665 est

523 4668 686 4731 ﬁlius.
751 4674 918 4742 patris
978 4677 1096 4732 sine
1154 4680 1314 4737 dubio
1372 4687 1678 4753 pr.rdicatio
1738 4696 2105 4766 consequitur,

521 4763 969 4830 quemadmodum
1024 4784 1153 4838 ergo
1208 4773 1308 4828 iste
1358 4778 1551 4833 modus
1610 4780 1697 4847 ﬁt,
1758 4788 1846 4853 qui
1900 4763 2106 4846 scilicet

519 4852 674 4908 simul
721 4857 1014 4914 secundum
1058 4870 1301 4918 naturam
1344 4876 1458 4933 est,
1505 4871 1824 4932 Aristoteles
1866 4878 1936 4933 ita
1981 4896 2105 4950 pro-

518 4943 748 5011 nunﬁaL

595 5033 910 5093 Naturaliter
954 5049 1122 5096 autem
1159 5045 1316 5102 simul
1353 5059 1491 5117 sunt,
1531 5070 1842 5127 quacunque
1885 5079 2098 5119 conver-

514 5134 690 5197 tuntur
716 5129 918 5197 quidem
954 5134 1231 5201 secundum
1258 5142 1394 5207 quod
1421 5152 1496 5196 est
1528 5160 1634 5199 esse
1671 5156 2093 5221 consequentiam.

512 5217 619 5285 Sed
652 5235 970 5293 nequaquam
1008 5240 1164 5280 causa
1200 5240 1271 5283 est
1300 5230 1516 5288 alterum
1552 5239 1702 5293 alteri
1737 5251 1792 5295 ut
1826 5217 1913 5310 sit,
1950 5256 2005 5300 ut
2040 5250 2093 5303 in

510 5310 669 5382 duplo
700 5323 743 5368 et
774 5316 1397 5378 dimidio.Convertuntur
1436 5330 1616 5383 etenim
1645 5333 1754 5388 haec
1775 5351 1794 5390 :
1822 5354 1943 5392 nam
1978 5357 2094 5397 cum

508 5404 571 5457 sit
610 5406 845 5475 duplum,
890 5423 962 5464 est
1004 5412 1303 5483 dimidium,
1344 5427 1389 5471 et
1426 5436 1541 5473 cum
1578 5424 1645 5477 sit
1689 5418 1980 5500 dimidium,
2021 5443 2097 5499 est

506 5496 743 5569 duplum,
775 5504 865 5556 sed
890 5515 1128 5561 neutrum
1153 5509 1304 5563 alteri
1333 5526 1489 5567 causa
1517 5525 1588 5568 est
1619 5525 1673 5571 ut
1698 5519 1786 5573 sit.

575 5588 630 5642 lu
656 5590 738 5646 his
757 5609 877 5664 qua:
905 5596 975 5651 ita
1001 5598 1174 5667 priora
1204 5615 1325 5667 esse
1352 5602 1691 5677 dicebantur,
1725 5620 1785 5667 ut
1809 5625 2089 5673 converte-

502 5690 710 5747 rentur,
740 5688 982 5755 quamvis
1012 5692 1304 5750 secundum
1344 5700 1636 5757 essentiam
1673 5718 1857 5761 eorum
1892 5722 2086 5767 conse-

499 5780 717 5847 quentia
747 5792 925 5847 esset,
970 5794 1146 5843 tamen
1182 5790 1307 5861 quia
1346 5791 1399 5847 in
1429 5792 1510 5849 bis
1539 5795 1641 5852 alia
1687 5814 1774 5856 res
1804 5802 1895 5858 alii
1925 5818 2086 5865 causa

497 5876 657 5940 atque
699 5871 1015 5944 principium
1044 5888 1150 5948 est,
1177 5880 1276 5939 hoc
1316 5897 1434 5943 erat
1466 5889 1609 5959 quod
1642 5906 1746 5949 una
1776 5894 1925 5967 prior
1962 5913 2084 5960 esse

2188 5904 2323 5964 Cum
2352 5924 2478 5967 vero
2515 5914 2637 5974 dico
2675 5918 2947 5983 hominem
2983 5944 3123 6000 esse,

2273 538 2342 594 ah
2382 540 2449 596 iis
2483 559 2604 615 qua
2642 564 3051 626 convertuntur,
3103 577 3156 619 et
3204 586 3263 623 se
3314 573 3545 632 invicem
3599 582 3879 656 auferunt,

2272 647 2390 701 quae
2432 651 2555 694 cum
2598 655 2786 703 neutra
2834 655 3012 710 neutri
3054 672 3217 716 causa
3264 664 3365 733 sit,
3415 678 3469 724 et
3516 680 3711 729 tamen
3759 693 3881 732 con-

2275 737 2582 813 vertuntur,
2613 735 2772 807 digne
2801 743 2962 802 simul
2993 755 3314 812 naturaliter
3342 776 3463 817 esse
3496 768 3877 833 perhibentur.

2343 818 2595 879 Dicuntur
2632 830 2784 885 etiam
2816 836 2976 893 simul
3014 848 3320 902 naturaliter
3353 861 3399 905 et
3438 818 3557 923 qu'ae
3596 877 3667 912 ex
3708 864 3878 916 eodem

2269 927 2449 981 genere
2487 932 2515 969 e
2552 919 2749 976 diverso
2788 927 3091 986 dividuntur
3132 955 3164 991 a
3205 956 3257 992 se
3296 944 3531 1001 invicem.
3587 948 3637 1003 Ε
3686 954 3879 1007 diversa

2267 1012 2440 1057 autem
2472 1007 2790 1083 dividuntur,
2828 1036 2946 1089 qua?
2982 1031 3260 1084 secundum
3300 1039 3529 1092 eamdem
3569 1041 3875 1099 divisionem

2263 1469 2446 1524 sterius
2483 1483 2577 1540 est,
2610 1479 2701 1531 sed
2727 1481 2893 1538 simul
2915 1505 3006 1554 per
3032 1504 3271 1551 naturam
3300 1501 3407 1555 haec
3434 1520 3542 1559 esse
3571 1510 3835 1568 ridentur.

2336 1560 2572 1621 Tertium
2606 1572 2823 1630 modum
2856 1594 3041 1637 eorum
3072 1603 3197 1657 qua:
3226 1592 3271 1645 si
3298 1596 3385 1648 tul
3428 1608 3551 1651 sunt
3601 1600 3754 1657 hunc
3783 1606 3869 1660 ad-

2263 1653 2427 1762 didit,
2462 1660 2551 1715 illa
2580 1679 2792 1736 quoque
2826 1671 2984 1731 simul
3024 1653 3175 1747 esse,
3208 1702 3327 1753 quae
3367 1692 3561 1762 aequali
3596 1653 3867 1757 divisione

2261 1746 2363 1859 sub
2390 1764 2590 1817 genere
2628 1772 2914 1830 ponantur,
2947 1776 3002 1823 ut
3040 1772 3085 1825 si
3114 1746 3273 1842 ponat
3305 1746 3665 1849 quis'animal
3700 1804 3863 1859 genus

3114 1833 3129 1842 .
3323 1833 3354 1849 ιν
3381 1833 3414 1835 θ’
3463 1833 3663 1841 “"""""
3700 1833 3858 1859 ιγ’-’νε

2262 1833 2494 1895 hominis
2534 1855 2590 1900 et
2624 1852 2769 1920 equi,
2804 1852 3077 1917 hominem
3109 1880 3237 1921 vero
3266 1880 3321 1925 et
3350 1889 3610 1943 equuma
3639 1895 3858 1949 genere,

2262 1926 2311 1949 ελ
2350 1939 2425 1949 ΑΛ
2474 1934 2514 1949 .ι
2630 1938 2642 1949 ·
2739 1943 2773 1949 --
2829 1946 2861 1949 -·

2256 1926 2311 1982 id
2341 1939 2427 1985 est
2465 1934 2535 1988 ab
2556 1938 2774 1997 animali
2810 1946 3036 2019 dividat,
3071 1954 3234 2013 homo
3263 1926 3415 2016 veroj
3430 1977 3483 2021 et
3519 1926 3704 2037 equinas
3739 1930 3859 2039 quo:

2254 2021 2396 2079 niam
2444 2029 2545 2083 sub
2587 2034 2779 2093 eodem
2830 2056 3032 2110 genere
3085 2060 3242 2119 sunt,
3288 2056 3447 2110 simul
3497 2074 3623 2114 esse
3674 2074 3859 2121 natura

2252 2112 2521 2175 dicuntur.
2558 2124 2620 2179 Et
2650 2135 2982 2192 conveniens
3010 2142 3195 2210 regula
3228 2156 3309 2200 est
3348 2148 3400 2201 in
3443 2152 3705 2209 omnibus
3746 2160 3861 2227 qui-

2252 2205 2411 2227 tu“
2762 2224 2792 2227 μ

3074 2205 3097 2210 _
3599 2205 3700 2209 --τ
3750 2205 3833 2227 η--

2251 2205 2566 2284 buscunque
2592 2224 2878 2288 generibus
2905 2244 2919 2291 ;
2948 2245 3070 2287 cum
3113 2237 3259 2292 enim
3289 2243 3587 2309 specierum
3637 2249 3860 2307 divisio~

2252 2313 2347 2355 nes
2389 2302 2544 2373 ﬁunt,
2589 2309 2701 2366 illic
2745 2320 2961 2385 species
3003 2334 3191 2382 natura
3223 2302 3379 2386 simul
3411 2346 3555 2404 sunt,
3595 2350 3649 2396 et
3681 2342 3733 2397 si
3763 2349 3857 2399 sub

2251 2388 2333 2495 his
2375 2393 2508 2465 ipsis
2545 2405 2828 2469 speciebus
2868 2415 3115 2481 quaedam
3149 2420 3251 2475 alia
3288 2388 3571 2497 ponantur,

2249 2484 2410 2541 etiam
2466 2490 2578 2559 ipsa
2626 2495 2784 2556 simul
2835 2518 2958 2560 esse
3001 2519 3189 2566 natura
3239 2515 3510 2577 dicuntur.
3576 2525 3855 2585 Dividatur

2248 2576 2391 2631 enim
2413 2594 2605 2650 genus,
2630 2586 2682 2641 id
2707 2600 2792 2645 est
2811 2593 3011 2654 animal
3039 2600 3091 2656 in
3119 2604 3335 2663 volatile
3361 2620 3520 2681 atque
3539 2620 3852 2687 gressibile,

2247 2675 2301 2721 et
2329 2673 2579 2740 quoniam
2624 2690 2749 2735 sunt
2796 2688 2897 2740 sub
2941 2690 3130 2747 eodem
3172 2710 3402 2765 genere,
3447 2706 3610 2760 simul
3657 2724 3849 2765 natura

2246 2769 2393 2816 sunt.
2427 2762 2492 2819 Et
2517 2767 2561 2821 si
2587 2771 2713 2839 quid
2743 2772 2932 2833 borum
2961 2779 3012 2835 in
3037 2762 3309 2850 subiectas
3330 2762 3509 2859 partes
3531 2762 3847 2869 speciesque

2246 2853 2506 2925 solvatur,
2541 2872 2596 2917 ut
2625 2866 2842 2927 volatile
2871 2874 3086 2943 quidem
3121 2881 3173 2933 in
3204 2879 3287 2935 his
3317 2886 3503 2941 avibus
3531 2903 3657 2959 quze
3690 2894 3848 2947 semi.

2246 2944 2401 3002 nibus
2427 2964 2733 3025 vescuntur,
2762 2971 2815 3016 et
2836 2963 2887 3018 iu
2913 2966 2977 3021 iis
3002 2984 3122 3038 qum
3147 2976 3419 3043 carnibus,
3449 2989 3505 3033 et
3531 2980 3585 3034 in
3619 2982 3705 3037 his
3732 3001 3845 3055 qua

2247 3035 2446 3107 herbis,
2479 3042 2562 3099 he
2590 3056 2697 3103 tres
2722 3055 2931 3121 species
2959 3035 3171 3128 rursus,
3195 3080 3314 3131 uiue
3342 3068 3443 3122 sub
3466 3072 3674 3128 volatili
3703 3088 3843 3139 sunt.

2244 3136 2402 3191 simul
2443 3154 2565 3196 esse
2604 3144 2917 3202 naturaliter
2945 3152 3310 3226 appellantur,
3352 3161 3495 3231 quod
3523 3136 3843 3225 Aristoteles

2242 3229 2314 3286 ita
2346 3230 2495 3289 dicit.
3370 3229 3384 3231 ’
3532 3260 3551 3275 ·

2312 3323 2568 3382 Dividitur
2587 3339 2756 3385 autem
2783 3342 2829 3386 et
2853 3335 3114 3407 singulum
3135 3343 3317 3396 horum
3338 3346 3391 3399 in
3412 3351 3606 3415 species
3632 3369 3836 3437 rursus,

2233 3424 2289 3469 ut
2313 3418 2574 3487 gressibile
2597 3422 2816 3488 animal,
2847 3435 2895 3479 et
2918 3427 3144 3496 volatile,
3178 3444 3221 3487 ct
3247 3438 3490 3500 aquatile.
3522 3438 3697 3495 Erunt
3720 3420 3837 3515 ergd

2231 3517 2280 3563 et
2320 3511 2412 3563 illa
2444 3512 2611 3567 simul
2654 3517 2962 3574 naturaliter
2998 3538 3312 3594 quiscunque
3345 3546 3409 3583 ea:
3445 3535 3627 3589 eodem
3657 3511 3838 3607 genere

2230 3602 2509 3656 secundum
2534 3608 2763 3661 eamdem
2781 3610 3078 3668 divisionem
3100 3628 3237 3675 sunt.
3261 3620 3461 3677 Genera
3487 3642 3605 3680 vero
3630 3647 3834 3701 semper

2229 3695 2489 3757 speciebus
2520 3698 2698 3763 priora
2728 3711 2868 3769 sunt,
2900 3720 3059 3776 neque
3087 3710 3222 3763 enim
3251 3727 3613 3772 convertuntur
3639 3739 3821 3777 secun-

2228 3783 2353 3837 dum
2376 3789 2574 3842 essendi
2597 3795 3039 3862 consequentiam:
3061 3810 3112 3851 ut
3140 3818 3255 3855 cum
3275 3805 3341 3858 sit
3369 3808 3567 3877 aliquid
3593 3816 3827 3880 aquatile

2226 3876 2452 3945 quidem,
2477 3890 2548 3933 est
2569 3883 2785 3945 animal;
2805 3902 2920 3939 cunt
2941 3905 3056 3943 vero
3076 3892 3140 3945 sit
3160 3896 3378 3965 animal,
3400 3914 3501 3953 non
3523 3913 3597 3955 est
3622 3921 3823 3962 necesse

2225 3974 2282 4019 ut
2330 3968 2394 4021 sit
2434 3973 2683 4039 aquatile.
2736 3976 2919 4047 Simul,
2975 3997 3096 4051 ergo
3145 4001 3236 4054 per
3280 3999 3521 4044 naturam
3572 3994 3817 4051 dicuntur

2223 4074 2536 4128 quacunque
2589 4077 2949 4123 convertuntur
3001 4074 3206 4141 quidem
3266 4083 3547 4137 secundum
3615 4092 3815 4143 essendi

2208 4158 2652 4226 'consequentiam,
2684 4162 2773 4216 sed
2801 4179 3118 4236 nequaquam
3145 4172 3347 4240 quidem
3375 4193 3536 4232 causa
3569 4192 3647 4235 est
3672 4184 3803 4238 alte-

2220 4259 2336 4297 rum
2366 4249 2517 4302 alteri
2547 4259 2603 4304 ut
2629 4252 2714 4319 sit,
2742 4264 2792 4308 et
2818 4272 2878 4309 ea
2901 4274 3015 4328 quae
3040 4277 3103 4315 ea:
3127 4264 3305 4319 eodem
3331 4285 3516 4337 genere
3551 4290 3579 4327 e
3620 4276 3815 4331 diuerso

2219 4336 2522 4395 dividuntur
2580 4344 2644 4397 ab
2693 4348 2903 4403 invicem
2929 4393 2943 4417 ,
2997 4363 3045 4406 et
3112 4336 3413 4429 simpliciter
3468 4366 3628 4420 simul
3686 4381 3807 4423 sunt

2217 4447 2435 4499 quorum
2475 4442 2738 4507 generatio
2774 4444 2828 4496 in
2852 4445 3032 4501 eodem
3072 4457 3298 4521 tempore
3326 4466 3423 4510 est.

2293 4526 2471 4595 Atque
2520 4528 2722 4586 idcirco
2768 4533 2884 4591 ﬁeri
2929 4554 3035 4595 non
3083 4553 3261 4610 potest
3305 4560 3360 4603 ut
3403 4566 3573 4621 genus
3620 4556 3811 4616 habeat

2140 4641 2193 4701 Β
2219 4628 2376 4669 unam
2405 4619 2664 4685 speciem.
2696 4621 2829 4679 Nam
2860 4628 2907 4681 si
2936 4644 3272 4705 quaecunque
3300 4619 3633 4712 sub—genere
3661 4660 3806 4715 sunt,

2217 4706 2371 4762 simul
2401 4720 2544 4764 sunt.
2574 4713 2742 4770 Simul
2772 4728 2947 4775 autem
2978 4724 3077 4779 nisi
3105 4727 3254 4796 plura
3279 4747 3399 4788 esse
3424 4750 3531 4792 non
3562 4754 3808 4811 possunt,

2214 4812 2383 4867 genus
2410 4803 2570 4871 igitur
2591 4808 2692 4861 sub
2711 4822 2771 4864 se
2801 4826 2959 4868 unam
2989 4819 3221 4884 speciem
3251 4820 3449 4881 habere
3476 4803 3582 4884 non
3612 4842 3808 4900 potest.

2212 4886 2271 4944 Si
2304 4892 2447 4945 enim
2490 4909 2590 4947 una
2629 4896 2804 4967 luerit,
2859 4902 2972 4959 ﬁeri
3021 4923 3124 4962 nou
3176 4924 3355 4981 potest
3394 4927 3450 4972 ut
3485 4920 3649 4978 simul
3689 4939 3810 4981 esse

2210 4976 2449 5045 dicatur,
2501 4986 2623 5054 quia
2671 4988 2802 5045 illud
2849 5004 2965 5062 est,
3024 4976 3190 5070 quod-
3224 5005 3324 5062 sub
3372 5009 3563 5067 eodem
3607 4976 3808 5085 genere

2206 5072 2452 5139 qumdam
2484 5091 2568 5132 res
2597 5081 2772 5136 solent
2797 5101 2917 5155 qua:
2960 5091 3119 5147 simul
3159 5096 3265 5152 sint
3302 5104 3627 5160 naturaliter
3656 5107 3806 5163 inve-

2205 5166 2331 5221 niri.
2376 5168 2482 5225 Sed
2528 5170 2643 5230 11320
2679 5174 2746 5232 de
2785 5182 3086 5248 speciebus.
3139 5188 3343 5247 Genera
3378 5207 3554 5253 autem
3586 5215 3803 5270 semper

2204 5256 2383 5324 priora
2412 5271 2558 5324 sunt,
2591 5279 2696 5320 non
2732 5269 2873 5324 enim
2913 5288 3305 5337 convertuntur
3332 5288 3631 5345 secundum
3662 5296 3797 5347 sub-

2202 5350 2462 5409 sistentiae
2512 5367 2971 5431 consequentiam.
3032 5372 3235 5431 Prioris
3287 5395 3426 5436 unus
3476 5387 3669 5443 modus
3711 5398 3798 5445 est

2201 5444 2493 5501 secundum
2525 5453 2805 5518 quemsilla
2841 5461 3014 5527 priora
3045 5480 3165 5522 esse
3192 5468 3503 5531 dicerentur
3535 5495 3791 5549 quiecun-

2199 5548 2302 5603 que
2348 5536 2415 5591 ad
2465 5540 2863 5603 subsistendum
2914 5556 3061 5610 nullo
3108 5561 3269 5616 modo
3315 5536 3784 5641 converterentur,

2195 5628 2335 5696 quod
2365 5630 2467 5687 hoc
2497 5633 2637 5691 idem
2667 5638 2719 5693 iu
2747 5646 3034 5711 generibus
3061 5654 3222 5709 cadit.
3257 5655 3467 5715 Genera
3500 5668 3645 5722 enim
3680 5628 3786 5724 non

2192 5814 2373 5870 modo.
2404 5816 2488 5873 Sit
2527 5823 2670 5879 enim
2714 5829 2911 5886 animal
2955 5851 3144 5906 genus,
3185 5840 3347 5900 homo
3386 5863 3514 5906 vero
3550 5857 3778 5925 species.

2192 5904 2315 5925 μη
2400 5924 2405 5925 ν
2535 5914 2567 5925 ..
2677 5918 2689 5925 .
2807 5922 2817 5925 -

3172 5937 3368 5999 animal
3406 5958 3621 6015 quoque
3659 5965 3778 6009 esse

3992 478 4001 629 ἐ

3980 924 4001 1969 l
