4022 6328
172 279 267 334 289

1167 277 1235 335 IN
1270 271 1711 333 CATEGORIAS
1748 254 2198 333 A'ntsrorsus
2236 278 2365 334 Lm.
2410 276 2494 333 tv.

3359 277 3466 335 9.90

168 387 533 458 consequitur.
589 387 649 444 Si
691 358 892 444 animal
927 387 1138 455 dixero,
1173 388 1239 444 ad
1278 389 1550 443 hominem
1590 385 1768 441 subsi-
1798 389 1854 450 Α
1876 382 2056 443 erunt.
2088 388 2222 444 Illud
2255 403 2470 459 quoque
2499 401 2684 442 verum
2714 394 2798 443 est
2828 387 2926 443 has
2957 402 3077 444 esse
3121 402 3310 444 omnes
3340 404 3471 458 spe-

168 481 370 537 stentize
418 483 803 552 consequentia
847 497 952 537 non
994 485 1354 538 convertitur.
1398 482 1580 537 Potest
1621 481 1764 534 enim

169 589 278 629 esse
309 575 530 641 animal,
564 591 671 630 non
724 585 900 630 tamen
934 576 1119 631 homo.
1154 575 1415 643 Quocirca
1455 574 1522 630 ab
1551 572 1768 628 animali

172 668 229 722 ad
278 667 554 723 hominem
614 684 724 724 non
778 670 1111 724 convertitur
1164 667 1524 724 subsistentia:
1573 679 1767 722 conse-

172 762 399 830 quentia.
433 760 588 829 Quod
618 761 665 815 si
697 762 871 831 posito
902 763 1122 819 homine
1152 761 1349 816 animal
1381 768 1615 825 constat,
1650 757 1768 812 ani-

174 853 290 907 mali
327 870 456 909 vero
480 858 758 909 nominato
792 870 899 910 non
935 865 1019 910 est
1057 870 1280 911 necesse
1308 854 1581 909 hominem
1623 865 1767 916 esse,

177 948 366 1003 animal
412 957 496 1005 est
537 948 684 1018 prius
728 950 967 1005 homine.
1018 950 1109 1004 Illa
1141 964 1359 1021 quoque
1386 949 1626 1017 priorum
1675 941 1771 999 de-

176 1040 388 1109 scriptio
418 1051 520 1106 est,
550 1042 693 1111 quod
720 1057 781 1097 ea
809 1058 928 1112 qua:
955 1052 1080 1097 sunt
1108 1042 1285 1111 priora
1317 1041 1525 1097 sublata
1553 1044 1769 1114 quidem

177 1136 438 1201 auferunt,
468 1136 617 1192 illata
646 1152 756 1191 non
784 1136 1043 1192 inferunt.
1082 1136 1297 1193 Animal
1324 1137 1469 1193 enim
1500 1138 1769 1194 sublatum

179 1244 350 1285 secum
385 1245 603 1301 quoque
632 1230 907 1286 hominem
938 1231 1111 1296 tollet,
1144 1231 1347 1286 illatum
1381 1245 1514 1287 vero
1543 1241 1601 1287 ut
1627 1232 1774 1289 dica-

182 1337 256 1382 tur
281 1342 407 1383 esse
437 1326 658 1394 animal,
693 1341 800 1382 non
839 1342 1022 1383 secum
1052 1327 1233 1409 statim
1269 1328 1542 1399 hominem
1589 1328 1770 1386 infert.

183 1420 476 1479 Posceriora
520 1434 652 1475 vero
691 1435 725 1476 e
769 1420 989 1478 diverso
1027 1432 1172 1477 sunt.
1238 1421 1389 1477 lllata
1427 1424 1571 1478 enim
1611 1422 1772 1478 simul

181 1512 431 1581 inferunt,
459 1513 669 1569 sublata
702 1529 806 1568 non
840 1514 1108 1572 auferunt.
1129 1515 1313 1571 Dictus
1340 1517 1557 1587 quidem
1586 1517 1770 1585 homo,

180 1605 330 1659 simul
375 1620 560 1661 secum
608 1605 812 1660 animal
861 1606 1044 1673 infert,
1101 1606 1279 1663 omnis
1328 1623 1562 1680 namque
1613 1608 1774 1665 homo

181 1696 370 1750 animal
412 1706 510 1753 cst.
557 1697 712 1767 Quod
753 1699 796 1753 si
823 1699 984 1755 homo
1027 1700 1453 1757 substantialiter
1476 1701 1771 1769 auferatur,

1870 481 1981 538 cies
2012 492 2217 548 mutus,
2257 483 2400 537 nullo
2432 496 2663 554 namque
2709 481 2813 538 sibi
2843 482 3184 554 participant,
3217 481 3323 538 nisi
3351 483 3470 538 solo

1869 576 2082 645 generis
2122 575 2358 638 nomine,
2404 575 2545 645 quod
2587 582 2767 630 motus
2806 574 3090 633 dicuntur:
3123 590 3246 629 nam
3294 590 3470 645 neque

1870 667 2147 738 generatio
2174 668 2313 723 idem
2337 676 2421 724 est
2447 668 2588 738 quod
2616 668 2909 738 corruptio,
2940 683 3167 738 namque
3191 670 3469 740 generatio

1870 767 1957 816 est
1992 760 2046 814 in
2078 760 2378 816 substantia
2421 761 2726 832 ingressus,
2758 760 3034 829 corruptio
3081 774 3210 815 vero
3241 775 3308 816 ex
3344 760 3470 816 sub-

1871 856 2068 911 stantia
2098 870 2371 926 egressus.
2420 857 2531 912 Nec
2560 856 2849 911 diminutio
2881 855 3021 911 idem
3052 855 3195 926 quod
3225 870 3471 910 cremen-

1874 957 2008 1012 tum,
2051 963 2151 1005 nec
2180 948 2474 1004 secundum
2506 949 2684 1005 locum
2716 948 3000 1007 translatio
3027 948 3188 1003 alicui
3220 948 3468 1018 superio-

1873 1057 1990 1097 rum
2021 1042 2323 1098 consimilis
2370 1054 2473 1105 εει.
2507 1042 2875 1099 Commutatio
2922 1051 3097 1098 autem
3142 1042 3303 1097 habet
3335 1043 3470 1096 forte

1873 1132 2110 1203 aliquam
2156 1134 2569 1200 dubitationem,
2621 1135 2763 1206 quod
2816 1149 2920 1189 non
2969 1134 3215 1190 videatur
3252 1148 3279 1187 a
3310 1148 3471 1201 supc-

1874 1225 2113 1285 rioribus~
2152 1226 2704 1309 discreparepquam
2755 1228 3107 1297 quaestionem
3155 1226 3229 1281 ita
3276 1239 3471 1296 propo-

1874 1317 2005 1373 suit.

1950 1413 2017 1468 In
2053 1416 2356 1471 alteratione
2383 1431 2499 1470 vero
2532 1416 2679 1471 habet
2709 1415 2987 1487 quamdam
3015 1411 3368 1484 qumstionem,
3409 1426 3470 1463 ne

1878 1508 2010 1577 forte
2050 1510 2389 1562 necessarium
2428 1510 2492 1562 sit
2528 1508 2585 1562 id
2627 1510 2765 1575 quod
2804 1506 3075 1573 alteratur,
3119 1522 3209 1576 per
3246 1504 3470 1572 aliquam

1878 1600 2194 1670 reliquarum
2240 1602 2529 1654 motionum
2572 1601 2783 1655 alterari
2822 1615 2842 1652 :
2886 1602 2984 1653 hoc
3029 1607 3199 1651 autem
3248 1612 3349 1649 non
3397 1603 3472 1649 est

1879 1708 2073 1748 verum.
2106 1691 2247 1747 Nam
2270 1708 2397 1765 pene
2445 1693 2729 1747 secundum
2761 1707 2932 1746 omnes
2953 1690 3212 1761 passiones
3238 1697 3328 1741 aut
3357 1688 3473 1755 plu-

182 1805 282 1845 non
328 1799 413 1845 est
458 1806 681 1848 necesse
727 1794 927 1849 animal
968 1809 1181 1867 quoque
1228 1796 1452 1862 auferri,
1497 1798 1637 1867 quod
1668 1800 1771 1854 hoc
1803 1776 1848 1836 Β
1875 1801 1977 1850 res,
2008 1786 2218 1840 alteran
2247 1786 2457 1851 accidit,
2490 1783 2634 1839 nulla
2672 1786 2891 1839 aliarum
2922 1784 3204 1837 ntotionum
3245 1796 3473 1834 commu-

183 1898 369 1938 nomen
417 1885 666 1941 animalis
705 1886 761 1941 in
797 1887 1036 1955 pluribus
1083 1890 1365 1958 speciebus
1407 1890 1552 1945 valet
1578 1892 1769 1960 aptari.

182 1974 323 2039 Quod
372 1978 420 2030 si
469 1976 541 2031 ita
574 1979 856 2048 contingit,
912 1978 1127 2034 sublato
1176 1981 1394 2037 homine
1439 1984 1773 2053 permanebit

184 2066 389 2122 animal.
425 2068 687 2136 Quocirca
727 2069 1000 2125 concludit
1031 2081 1141 2127 tres
1176 2086 1295 2129 csse
1339 2074 1550 2143 species
1583 2089 1769 2130 eorum

184 2174 291 2228 quae
316 2161 480 2216 simul
510 2169 638 2216 sunt
677 2163 972 2219 secundum
1016 2173 1245 2233 tempus,
1280 2165 1574 2221 secundum
1618 2178 1774 2223 natu-

184 2267 290 2307 ram
317 2270 439 2309 cum
468 2264 700 2324 utraque
737 2256 811 2311 ita
840 2266 1250 2324 convertuntur,
1284 2266 1345 2315 ut
1373 2272 1562 2315 neutra
1600 2261 1775 2317 neutri

183 2358 332 2401 causa
364 2346 455 2401 sit.
489 2347 725 2403 Tertium
753 2364 920 2419 genus
948 2360 1033 2405 est
1062 2352 1357 2407 secundum
1396 2353 1641 2410 eamdem
1675 2352 1776 2409 sub

178 2436 362 2490 eodem
387 2454 585 2508 genere
605 2438 713 2493 divi
745 2440 947 2497 iouem.
977 2440 1240 2509 Quoniam
1267 2442 1322 2497 in
1348 2442 1593 2500 faciendo
1615 2453 1775 2514 atque

179 2528 435 2596 patiendo
463 2529 631 2586 inerat
656 2532 870 2601 quidam
903 2543 1110 2599 motus,
1147 2534 1327 2591 facere
1364 2547 1542 2593 autem
1580 2546 1637 2593 et
1664 2539 1777 2608 pati

178 2620 609 2688 prasdicamentis
640 2624 974 2695 adjunxerat,
1016 2626 1218 2683 idcirco
1257 2645 1405 2686 nunc
1434 2630 1503 2687 de
1540 2631 1776 2688 motibus

182 2721 392 2781 tractat,
421 2723 477 2770 ει
505 2730 599 2771 εει
632 2733 857 2774 numero
895 2734 1018 2775 esse
1044 2722 1372 2791 pronuntiat.

579 2808 669 2864 DE
710 2810 1090 2869 SPECIEBUS
1129 2812 1382 2871 MOTUS.

250 2896 422 2955 Motus
450 2911 619 2956 autem
653 2904 845 2972 species
872 2914 993 2960 sunt
1019 2920 1148 2961 sex:
1176 2908 1457 2977 generatio,
1490 2909 1775 2977 corruptio,

179 3006 522 3059 augmentum,
559 2996 856 3062 diminutio,
897 2996 1158 3065 alteratio,
1196 3007 1245 3053 et
1284 2998 1565 3053 secundum
1606 3001 1778 3055 locum

180 3088 407 3141 mutatio.
440 3087 555 3161 Alii
574 3090 752 3160 itaque
778 3098 947 3143 motus
975 3092 1151 3159 palam
1178 3099 1253 3146 est
1275 3093 1398 3163 quia
1427 3092 1519 3147 alii
1547 3096 1611 3145 ab
1640 3093 1776 3148 invi-

1874 1878 2098 1933 nicante.
2140 1877 2323 1949 Neque
2355 1880 2487 1933 enim
2525 1878 2703 1948 augeri
2738 1876 3075 1931 necessarium
3102 1884 3197 1941 est,
3224 1872 3360 1944 quod
3386 1888 3474 1942 per

1878 1972 2164 2038 passionem
2206 1980 2457 2040 movetur,
2499 1986 2664 2041 neque
2710 1970 2892 2025 minui.
2936 1968 3187 2025 Similiter
3224 1979 3392 2019 autem
3421 1965 3475 2018 in

1877 2069 2017 2128 aliis.
2059 2068 2287 2140 Ideoque
2328 2070 2423 2124 erit
2466 2069 2573 2123 alia
2615 2076 2798 2137 pra'ter
2836 2067 2955 2121 illos
3002 2075 3167 2119 motus
3212 2061 3471 2116 alteratio.

1881 2159 2019 2216 Nam
2060 2162 2106 2216 si
2144 2161 2324 2217 eadem
2355 2170 2505 2227 esset,
2534 2168 2786 2231 oporteret
2825 2160 2878 2213 id
2910 2160 3048 2230 quod
3081 2156 3329 2210 alteratur
3357 2167 3495 2207 mox.

1878 2255 1955 2309 vel
2000 2256 2202 2324 augeri,
2250 2255 2342 2309 νεῖ
2370 2254 2559 2320 minui,
2599 2253 2679 2308 vel
2721 2254 2944 2322 aliquem
2985 2251 3206 2305 aliorum
3246 2256 3476 2302 motuum

1878 2348 2158 2418 consequi;
2185 2336 2277 2401 sed
2303 2364 2407 2403 non
2435 2359 2510 2403 est
2535 2362 2754 2404 necesse.
2787 2346 3040 2404 Similiter
3068 2354 3239 2399 autem
3268 2355 3313 2398 et
3340 2342 3477 2413 quod

1878 2453 2118 2513 augetur,
2163 2452 2254 2497 aut
2301 2442 2409 2498 alia
2461 2444 2639 2514 aliqua
2689 2444 2916 2498 motione
2964 2451 3212 2507 movetur,
3265 2439 3479 2494 altera"

1877 2557 2163 2628 oportebat.

1951 2649 2008 2705 In
2036 2650 2458 2708 commutatione
2482 2665 2613 2707 vero
2632 2660 2715 2707 est
2740 2652 2916 2720 aliqua
2940 2650 3223 2717 dubitatio,
3248 2665 3317 2706 ne
3346 2650 3478 2706 forte

1883 2757 2106 2800 necesse
2154 2745 2227 2800 sit
2274 2744 2419 2815 qttod
2470 2751 2833 2800 commutatur
2888 2743 3181 2798 secundum
3245 2743 3480 2811 aliquem

1880 2822 2214 2909 reliquOrum
2256 2849 2496 2895 motuum
2528 2838 2871 2895 commutari.
2922 2837 3053 2892 Nam
3078 2838 3122 2892 si
3150 2850 3310 2890 omne
3336 2834 3477 2906 quod

1880 2942 2264 2998 commutatur,
2306 2943 2398 2988 aut
2444 2942 2756 3004 generatur,
2796 2940 2890 2987 aut
2961 2930 3348 3001 corrumpitur,
3393 2937 3481 2985 aut

1880 3023 2162 3092 minuitur,
2196 3032 2291 3079 aut
2335 3025 2555 3090 crescit,
2587 3034 2680 3079 aut
2718 3024 2770 3078 id
2807 3022 3101 3079 secundum
3134 3022 3309 3079 locum
3342 3031 3483 3078 tran-

1889 3114 2015 3170 l‘erri
2046 3130 2271 3171 necesse
2301 3125 2407 3184 est,
2457 3116 2678 3171 dubium
2715 3130 2821 3171 non
2858 3124 2941 3170 est
2968 3115 3102 3171 nihil
3134 3129 3163 3169 a
3192 3116 3485 3185 superiori-

180 3198 277 3234 rem
320 3190 467 3237 sunt.
518 3181 644 3236 Non
685 3193 762 3238 est
806 3186 941 3238 enim
985 3187 1244 3257 generatio
1292 3187 1577 3258 corruptio,
1620 3204 1778 3259 neque

1888 3208 1986 3263 bus
2030 3209 2244 3271 caeteris
2291 3207 2431 3263 hanc
2472 3210 2691 3264 differre
2720 3209 2986 3279 speciem,
3021 3224 3141 3279 qua:
3186 3210 3484 3266 secundum

180 3284 503 3344 augmentum
528 3274 825 3341 diminutio,
855 3292 1015 3347 neque
1036 3278 1320 3332 secundum
1343 3279 1514 3332 locum
1538 3281 1773 3334 mutatio.

179 3366 428 3422 Similiter
457 3378 630 3423 autem
655 3378 704 3424 et
732 3370 785 3423 in
812 3369 953 3425 aliis.
1036 3426 1039 3427 ν

245 3460 298 3513 ln
329 3460 574 3532 physicis
602 3461 924 3518 Aristoteles
952 3472 1130 3520 motus
1163 3468 1372 3535 species
1408 3467 1511 3523 alia
1570 3468 1780 3524 ratione

178 3552 399 3620 partitus
449 3561 558 3609 est.
612 3554 706 3609 Ait
752 3555 895 3610 enim
942 3556 1085 3612 aliud
1134 3572 1255 3615 esse
1300 3560 1776 3630 permutationem,

177 3644 316 3700 aliud
361 3656 598 3713 motum,
647 3656 701 3703 et
748 3651 1163 3718 permutationis
1213 3652 1427 3722 quidem
1477 3652 1612 3708 duas
1660 3669 1782 3710 esse

173 3739 377 3807 species
432 3741 511 3795 ait
553 3744 955 3811 generationem
1006 3757 1060 3801 et
1110 3750 1531 3816 corruptionem.
1606 3750 1781 3803 Mutus

173 3848 300 3888 vero
330 3843 445 3892 tres
473 3837 771 3892 secundum
812 3839 1197 3908 quantitatem,
1227 3842 1521 3897 secundum
1553 3842 1782 3913 qualita-

173 3935 301 3995 tem,
334 3931 634 3986 secundum
666 3931 862 3987 locum.
906 3934 1091 4005 Igitur,
1120 3937 1374 4005 quoniam
1414 3937 1501 3993 hic
1540 3937 1676 3993 liber
1712 3936 1781 3992 ad

172 4024 634 4083 introductionem
662 4028 894 4099 quodam
936 4029 1095 4085 modo
1128 4033 1299 4087 factus
1336 4042 1440 4100 εει,
1476 4032 1647 4088 noluit
1690 4034 1780 4087 ni-

167 4118 280 4174 mis
308 4118 590 4174 divisionis
618 4129 904 4177 attenuare
940 4124 1226 4188 rationem,
1264 4141 1330 4179 ne
1362 4126 1778 4197 ingredientium

165 4208 396 4264 animos
437 4210 697 4267 subtiliori
728 4213 992 4270 divisione
1037 4216 1427 4273 confunderet:
1457 4216 1585 4273 facit
1623 4218 1782 4287 igitur

167 4301 498 4358 divisionem
532 4314 710 4362 motus
739 4306 841 4362 hoc
870 4306 1050 4363 modo.
1099 4306 1195 4363 Est
1234 4310 1378 4365 enim
1425 4326 1528 4364 una
1575 4310 1783 4379 species

167 4406 355 4452 motus
394 4399 696 4454 secundum
732 4400 1112 4465 substantiam,
1146 4402 1247 4455 alia
1280 4401 1576 4457 secundum
1606 4417 1775 4470 quan»

170 4487 403 4554 titatem,
450 4492 557 4545 alia
608 4492 906 4547 secundum
951 4494 1285 4563 qualitatem,
1335 4494 1438 4549 alia
1484 4492 1778 4549 secundum

169 4581 366 4639 locum.
408 4584 477 4639 Et
505 4585 804 4640 secundum
847 4586 1200 4642 substantiam
1247 4587 1464 4659 quidem
1507 4597 1587 4644 est
1620 4567 1865 4660 gene-D

172 4677 310 4731 ratio
353 4688 413 4733 et
454 4681 757 4749 corruptio,
810 4679 926 4736 inec
957 4682 1098 4737 enim
1140 4691 1368 4753 utraque
1399 4682 1451 4737 in
1483 4683 1785 4739 substantia

165 4769 317 4825 fiunt.
365 4770 506 4826 Nam
547 4781 607 4827 et
645 4774 939 4829 secundum
984 4777 1336 4833 subsmntiam
1364 4788 1655 4849 generatur
1689 4779 1787 4833 ali-

164 4863 315 4931 quid.
349 4872 410 4917 et
440 4864 740 4919 secundum
772 4867 1127 4923 substantiam
1162 4870 1547 4940 corrumpitur.
1581 4869 1787 4926 Secun-

162 4953 288 5008 dum
328 4956 699 5023 quantitatem
731 4972 892 5025 vero,
933 4973 989 5015 ut
1019 4971 1351 5033 crementum
1394 4972 1449 5018 et
1477 4963 1784 5019 diminutio.

162 5046 383 5102 Etenim
440 5049 742 5104 secundum
791 5051 1143 5122 quantitatem
1191 5055 1275 5110 vel
1318 5066 1473 5111 aucta
1523 5060 1780 5127 crevisse,

160 5142 238 5196 vel
271 5142 533 5198 detracta
562 5144 827 5201 diminuta
857 5162 977 5203 esse
1007 5148 1280 5207 dicuntur.
1314 5154 1617 5209 Secundum
1653 5173 1789 5227 qua-

164 5232 369 5289 litatem
403 5251 541 5292 vero
569 5253 692 5308 qua:
723 5238 921 5295 dicitur
942 5245 1313 5311 commutatio,
1349 5248 1646 5303 secundum
1683 5250 1785 5305 ali-

159 5343 289 5397 quas
322 5328 549 5385 scilicet
588 5330 894 5399 passiones,
926 5351 1060 5406 quas
1091 5337 1378 5407 qualitates
1408 5354 1529 5396 esse
1561 5342 1795 5397 manife-

160 5427 300 5474 stum
333 5429 455 5476 est.
501 5420 810 5479 Secundum
843 5424 1016 5481 locum
1050 5442 1199 5498 vero,
1233 5438 1289 5483 ιιι
1332 5430 1475 5487 intus
1524 5432 1579 5485 iu
1615 5432 1790 5505 longi-

162 5513 450 5580 tudinem,
486 5518 569 5571 vel
610 5516 667 5573 in
699 5530 1040 5574 curvaturam
1074 5522 1275 5589 nexus;
1309 5534 1363 5579 et
1397 5525 1539 5579 intus
1570 5528 1788 5596 quidem

161 5627 210 5685 in
238 5611 652 5685 longitudinem
681 5623 766 5669 cst
795 5626 849 5670 ut
882 5630 913 5669 a
944 5631 1155 5672 sursum
1190 5618 1241 5671 in
1273 5619 1550 5685 deorsum,
1585 5636 1615 5676 a
1650 5623 1796 5692 prio-

163 5704 312 5761 ribus
348 5715 690 5771 retrorsum,
723 5721 754 5761 a
784 5707 974 5764 dextra
1004 5708 1056 5763 in
1089 5710 1406 5775 sinistram;
1434 5720 1490 5767 et
1532 5728 1721 5769 rursus
1750 5716 1798 5770 si

164 5793 279 5854 haec
321 5806 627 5855 convertas
681 5808 738 5855 et
779 5799 833 5856 in
878 5799 1141 5857 directum
1189 5818 1403 5874 pergas,
1454 5803 1595 5861 idem
1622 5815 1799 5864 motus

1882 3302 2359 3358 commutationem
2414 3303 2641 3369 dicitur;
2693 3303 2837 3374 quod
2886 3304 3207 3361 Aristoteles
3261 3307 3485 3376 respuit,

1880 3392 2092 3460 dicens,
2141 3393 2254 3449 lloc
2298 3404 2476 3450 autem
2524 3409 2632 3449 non
2683 3405 2766 3450 est
2814 3410 3021 3451 verum.
3079 3396 3184 3453 Sed
3234 3400 3486 3466 quoniam

1882 3484 2025 3551 quod
2074 3493 2436 3541 commutatur
2482 3500 2589 3540 non
2661 3488 2883 3541 omnino
2949 3502 3123 3556 neque
3170 3499 3485 3558 generatur,

1884 3592 2059 3647 neque
2090 3580 2487 3647 corrumpitur:
2523 3586 2579 3633 ut
2627 3578 2719 3649 qui
2760 3580 2812 3633 in
2844 3579 2960 3635 sole
2991 3580 3193 3635 diutius
3228 3582 3398 3648 stetit,
3442 3583 3487 3640 si

1885 3684 1949 3723 ex
1990 3670 2219 3725 candido
2264 3670 2416 3741 niger
2458 3681 2538 3726 est
2584 3670 2783 3738 factus,
2844 3680 3204 3728 commutatus
3268 3675 3483 3744 quidem

1884 3764 2178 3819 secundum
2229 3766 2466 3821 colorem
2532 3765 2761 3834 dicitur,
2814 3781 2917 3822 non
2970 3776 3148 3822 tamen
3198 3779 3487 3840 generatus

1885 3866 1968 3911 est
1996 3870 2084 3911 aut
2114 3867 2419 3927 corruptus,
2448 3874 2548 3914 nec
2577 3873 2706 3913 vero
2752 3859 2827 3915 illi
2848 3859 3083 3933 aliquod
3123 3862 3208 3915 vel
3239 3877 3487 3917 cremen-

1890 3959 2002 4005 tum
2054 3948 2251 4005 factum
2295 3960 2379 4007 est
2408 3952 2492 4006 vel
2523 3952 2830 4022 diminutio,
2876 3952 2970 4007 sed
3018 3967 3119 4008 nec
3164 3953 3267 4008 loci
3313 3963 3489 4009 trans.

1888 4041 2017 4096 latio
2058 4042 2203 4098 nulla
2255 4054 2368 4111 est,
2402 4052 2580 4113 potest
2623 4044 2765 4099 enim
2812 4043 3005 4115 aliquis
3046 4059 3154 4099 uno
3192 4046 3489 4117 eodemque

1887 4133 2010 4189 loco
2060 4136 2396 4203 consistens,
2444 4137 2714 4207 aliquibus
2762 4137 3101 4193 extrinsecus
3149 4140 3489 4209 venientibus

1887 4226 2232 4297 passionibus
2261 4229 2579 4299 permutari,
2615 4238 2792 4299 potest
2829 4243 3042 4300 quoque
3073 4238 3128 4285 et
3158 4244 3409 4314 crescere
3438 4243 3490 4294 et

1884 4321 2223 4391 decrescere,
2264 4332 2462 4393 printer
2500 4324 2774 4394 qualitatis
2805 4312 3277 4395 commutationem
3306 4312 3491 4399 {quod

1886 4413 2002 4484 ipse
2025 4415 2347 4472 Aristoteles
2375 4417 2446 4472 ita
2475 4418 2808 4489 pronuntiat.

1960 4510 2067 4565 Sed
2093 4520 2211 4565 sunt
2237 4512 2475 4582 quaedam
2504 4514 2781 4579 crescentia
2809 4528 2923 4583 qua:
2951 4530 3055 4569 non
3094 4515 3401 4584 onerantur,
3434 4526 3491 4572 ut

1885 4595 2217 4671 quadratum,
2248 4603 2611 4673 circumposita
2642 4620 2915 4678 gnomone,
2959 4607 3113 4661 crevit
3142 4609 3369 4679 quidem,
3412 4610 3491 4666 al-

1888 4704 2108 4751 teratum
2130 4713 2247 4752 vero
2270 4696 2401 4752 nihil
2423 4698 2621 4767 [actum
2646 4708 2760 4755 est:
2784 4701 2858 4755 sic
2884 4711 2939 4771 et
2958 4703 3012 4757 in
3033 4702 3150 4758 aliis
3172 4702 3491 4771 huiusmodi.

1893 4787 2062 4855 Quare
2089 4787 2183 4842 alii
2212 4797 2330 4843 sunt
2360 4799 2526 4846 motus
2553 4807 2586 4845 a
2614 4808 2668 4846 se
2694 4793 2933 4849 invicem.
3064 4854 3067 4855 ν
3170 4846 3173 4853 ,
3246 4856 3249 4859 λ
3288 4834 3291 4851 ρ

1962 4881 2114 4949 Quod
2145 4882 2273 4939 dicit
2305 4884 2410 4939 tale
2440 4894 2521 4940 est
2565 4902 2579 4939 :
2623 4885 2682 4943 Si
2712 4887 3004 4958 quadrato,
3038 4889 3234 4963 inquit,
3268 4892 3492 4951 addatur

1893 4990 2130 5048 gnomo,
2198 4979 2393 5034 crescit
2454 4979 2671 5050 quidem
2743 4982 3077 5053 quadratus,
3152 5003 3257 5043 non
3314 4997 3492 5043 tamen

1892 5077 2274 5123 commutatur.
2339 5070 2575 5142 ideoque
2632 5071 2844 5127 sublato
2889 5089 3157 5144 gnomone
3205 5078 3492 5147 quadratus

1896 5158 2231 5225 diminuitur,
2258 5161 2351 5217 sed
2384 5178 2490 5217 non
2516 5172 2899 5222 commutatur.
2931 5166 3009 5223 Sit
3033 5170 3174 5224 enim
3204 5172 3494 5237 quadratus

1898 5268 1930 5304 ιι
1960 5251 1988 5303 b
2017 5266 2044 5303 c
2072 5252 2126 5321 il,
2168 5262 2222 5308 et
2251 5254 2477 5309 ducatur
2521 5256 2574 5312 ei
2621 5259 2894 5327 angularia
2941 5261 2971 5314 ὁ
3000 5276 3050 5326 c,
3096 5260 3495 5331 ct,-dividantur

1902 5355 2133 5414 quatuor
2162 5346 2332 5401 latera
2362 5366 2393 5401 a
2424 5366 2469 5411 ε,
2503 5367 2534 5403 α
2561 5349 2609 5417 b,
2643 5350 2670 5403 b
2697 5352 2751 5417 d,
2780 5368 2814 5405 a
2844 5368 2892 5418 c,
2937 5352 2990 5408 in
3020 5352 3241 5424 aequalia
3289 5373 3322 5426 g
3355 5373 3381 5409 e
3410 5357 3441 5408 li
3476 5360 3495 5426 ι

1903 5438 2138 5509 punctis.
2187 5448 2240 5493 ct
2282 5439 2544 5496 ducantur
2592 5461 2625 5514 g
2655 5443 2794 5514 Isle
2850 5443 3027 5500 linear.
3076 5444 3288 5515 Divisus
3341 5446 3497 5514 igitur

1902 5535 2192 5601 quadratus
2216 5552 2247 5590 a
2275 5536 2310 5589 d
2349 5538 2402 5592 in
2449 5547 2680 5613 quatuor
2727 5539 3019 5609 quadratos
3055 5540 3143 5611 qui
3189 5550 3315 5607 sunt
3338 5559 3364 5595 e
3392 5559 3444 5613 g,
3479 5548 3495 5616 ι

1868 5674 1875 5679 .
1905 5645 1957 5698 g,
1984 5644 2011 5682 e
2031 5629 2085 5693 It,
2118 5628 2149 5681 It
2172 5632 2214 5697 Ι,
2243 5632 2608 5700 quorumlibet
2637 5642 2746 5687 tros
2770 5632 2865 5704 qui
2892 5632 3034 5705 circa
3060 5636 3304 5690 eamdem
3333 5651 3495 5706 angus

1908 5719 2074 5775 larem
2105 5731 2229 5775 sunt
2260 5722 2305 5777 si
2335 5723 2639 5789 demantur,
2673 5726 2842 5797 figura
2876 5727 2987 5796 ipsa
3020 5743 3216 5797 gnomo
3252 5740 3495 5802 vocatur,

1908 5819 1964 5866 ut
1995 5811 2039 5865 si
2073 5814 2189 5879 quis
2222 5813 2372 5868 tollat
2400 5814 2497 5871 hos
2527 5827 2657 5884 tres,
2687 5836 2713 5872 ε
2736 5836 2785 5887 g,
2812 5839 2844 5889 g
2870 5824 2913 5890 f,
2940 5822 2968 5891 f
2991 5823 3043 5888 I3,
3075 5823 3344 5879 invenitur
3387 5840 3437 5877 m
3465 5841 3500 5887 ιι
