4030 6336
559 304 659 365 291
1804 292 1922 355 ΑΝ.
1962 290 2174 356 ΜΑΝΙι.
2213 294 2368 356 θεν.
2408 294 2638 356 ΒΟΕΤΙΙ
3764 302 3863 363 292

549 437 773 497 gnomo,
800 421 895 492 qui
922 435 973 474 ιιι
994 435 1031 474 n
1053 429 1255 490 gnomo
1292 420 1578 488 separatur
1615 428 1649 472 a
1675 414 1705 470 ti
1733 430 1763 473 ι
1781 415 1816 470 Ii
1869 414 2156 488 quadrato.
2186 414 2240 476 Α
2263 428 2372 471 non
2402 417 2607 475 moveri
2626 416 2742 488 ,ζει
2779 427 2864 477 est
2902 434 3014 478 non
3054 398 3265 480 moveri
3298 421 3520 493 quidem
3563 421 3862 480 secundum

549 517 717 579 Totus
743 519 957 590 quidem
982 532 1016 570 α
1043 513 1080 569 ti
1117 513 1413 586 quadratus
1455 513 1770 569 imminutus
1792 522 1896 579 est,
1941 510 2034 582 qui
2082 525 2151 567 ex
2254 505 2428 562 loeum
2454 509 2629 580 quies,
2650 511 2855 567 moveri
2882 527 3008 569 vero
3028 515 3325 571 secundum
3348 514 3525 571 locum
3558 516 3860 571 translatio.

552 626 660 671 tam
702 627 894 684 magno
937 609 1113 665 laetus
1154 616 1239 664 est
1280 621 1501 678 parvus,
1544 621 1652 662 non
1693 613 1874 662 tamen
1923 603 2151 660 formam

553 708 817 779 tetragoui
848 703 1224 762 commutavit.
1269 700 1427 770 Quod
1458 702 1557 760 sie
1576 702 1611 756 It
1645 710 1959 772 tetragonus
2001 700 2153 757 solus

550 801 639 867 sit,
666 811 722 856 et
752 798 804 854 ei
840 798 1278 867 circumponatur
1304 811 1526 867 gnomo,
1565 796 1657 866 qui
1703 805 1787 852 est
1815 812 1867 850 m
1897 812 1951 860 η,
1981 795 2154 851 crevit

548 893 762 965 quidem
810 898 1145 967 tetragonus,
1200 897 1254 945 et
1304 887 1477 958 major
1521 887 1696 943 factus
1742 896 1847 954 est,
1896 887 1993 943 sed
2039 901 2150 941 non

548 993 906 1043 commutatus
930 989 1051 1039 ‘est.
1120 982 1337 1047 Omnes,
1368 980 1514 1037 enim
1563 979 1826 1051 tetragoui
1872 979 1973 1034 sibi
2022 985 2152 1034 sunt

554 1077 770 1148 propria
818 1076 1078 1147 qualitate
1126 1074 1459 1132 consimiles.
1505 1071 1660 1142 Quod
1707 1072 1752 1129 si
1802 1071 2155 1128 commutatio

548 1171 854 1243 huiusmodi
882 1178 1063 1225 motus
1102 1177 1279 1235 esset,
1312 1177 1372 1224 ut
1396 1182 1504 1222 non
1534 1167 1758 1222 omnino
1793 1181 1824 1221 a
1853 1162 2154 1236 superiori-

548 1264 647 1322 bus
673 1272 1034 1334 separaretur,
1069 1261 1215 1317 nulla
1252 1269 1398 1317 esset
1425 1259 1686 1316 dubitatio
1759 1257 1894 1327 quin
1935 1269 2157 1327 seraper

549 1365 822 1429 oporteret
858 1354 1115 1426 quidquid
1156 1362 1520 1409 commutatur
1562 1349 1859 1408 secundum
1906 1349 2146 1420 aliquem

552 1452 794 1523 priorum
844 1457 1088 1503 motuum
1141 1444 1363 1502 modum
1425 1441 1769 1500 commutari.
1833 1441 1908 1496 lta
1952 1448 2013 1495 ut
2061 1446 2157 1494 aut

549 1551 882 1607 nasceretur,
912 1551 1005 1596 llll
1045 1546 1513 1608 corrumperetur,
1547 1545 1641 1592 aut
1670 1534 2030 1598 minueretur,
2062 1540 2156 1587 ιυι

550 1647 841 1709 cresceret,
877 1645 969 1692 aut
997 1635 1295 1693 secundum
1329 1634 1508 1689 locum
1539 1632 1694 1688 ﬁeret
1727 1628 1904 1701 aliqua
1940 1641 2156 1698 permu-

552 1732 703 1788 tatio.
748 1728 901 1798 Quod
926 1726 1178 1799 quoniam
1210 1741 1316 1781 non
1342 1734 1446 1790 est,
1476 1724 1547 1780 ab
1570 1720 1822 1779 omnibus
1850 1718 2154 1790 superiori-

2250 596 2481 657 Maxime
2524 611 2727 670 autem,
2770 603 2966 675 inquit,
3007 608 3305 664 secundum
3350 608 3526 663 locum
3576 608 3861 665 mutationi

2251 696 2521 750 contraria
2547 706 2629 752 est
2657 697 2710 754 in
2742 702 3072 756 contrarium
3105 702 3283 759 locum
3315 705 3667 774 permutatio.
3727 705 3795 760 Ut
3822 703 3864 760 si

2252 800 2356 855 qua
2399 802 2486 844 res
2523 803 2740 845 sursum
2782 791 2855 846 sit
2892 802 3054 864 atque
3098 795 3173 851 ibi
3204 806 3436 864 maneat,
3467 807 3523 854 et
3553 797 3628 853 sit
3657 798 3861 869 quieta,

2255 889 2439 949 postea
2496 884 2565 937 sit
2611 884 2661 939 ei
2705 894 2883 940 motus
2939 888 3097 956 talis,
3149 898 3206 944 ut
3248 890 3501 946 deorsum
3556 904 3861 953 moveatur,

2252 989 2555 1044 quanquam
2595 977 2694 1047 ipsi
2734 981 3008 1049 superiori
3047 985 3213 1039 motui
3254 985 3408 1056 quies
3450 986 3736 1041 contraria
3775 997 3859 1061 stt,

2254 1067 2425 1124 multo
2466 1071 2635 1141 magis
2672 1072 2888 1143 quidem
2928 1075 3237 1146 huiusmodi
3269 1089 3468 1147 motus,
3511 1081 3610 1150 qui
3650 1080 3710 1135 in
3742 1096 3862 1145 ειμι-

2257 1160 2479 1217 trarinm
2511 1162 2571 1218 tit
2599 1164 2795 1233 locum,
2827 1167 2905 1224 illi
2936 1171 3203 1240 superiori
3234 1173 3398 1228 motui
3423 1175 3741 1229 contrarius
3764 1188 3857 1228 est.

2255 1258 2427 1325 Atque
2457 1256 2560 1313 hoc
2591 1260 2807 1330 quidem
2846 1272 2901 1317 et
2936 1264 2989 1318 in
3034 1265 3151 1319 aliis
3182 1266 3415 1321 motibus
3443 1267 3645 1322 accidit
3684 1284 3700 1321 :
3736 1276 3793 1321 ut
3820 1268 3861 1321 si

2255 1349 2375 1419 quis
2403 1349 2474 1405 sit
2491 1350 2556 1405 ad
2588 1349 2902 1421 dexteram,
2934 1354 2984 1411 si
3002 1355 3053 1411 ei
3084 1357 3138 1412 in
3169 1358 3442 1414 sinistram
3474 1369 3659 1415 motus
3684 1360 3782 1427 sit,
3812 1362 3861 1413 ia

2255 1428 2587 1498 contrarium
2637 1443 2814 1500 locum
2861 1444 3032 1503 factus
3076 1447 3269 1505 dicitur
3311 1462 3508 1505 motus.
3540 1452 3727 1520 Atque
3765 1450 3859 1505 hoc

2256 1532 2400 1591 idem
2446 1534 2501 1591 in
2541 1535 2663 1592 aliis
2708 1537 2943 1595 motibus
2987 1539 3111 1596 licet
3156 1542 3378 1609 videre;
3408 1544 3505 1598 sed
3536 1544 3859 1597 Atistoteles

2257 1625 2465 1683 dubitat
2484 1629 2530 1684 si
2544 1629 2750 1701 reliquo
2778 1632 2969 1700 motui,
3002 1632 3055 1688 id
3083 1642 3167 1691 est
3195 1636 3628 1700 commutationi,
3660 1635 3857 1706 aliquid

2260 1722 2432 1791 possit
2468 1738 2591 1782 esse
2630 1726 2985 1795 contrarium,
3030 1743 3192 1799 quam
3222 1732 3575 1801 quaestionem
3614 1731 3691 1785 ita
3745 1746 3857 1800 pro-

552 1822 650 1880 bus
671 1822 904 1879 motibus
927 1822 1042 1876 haec
1071 1827 1248 1875 motus
1276 1817 1487 1889 species
1514 1816 1699 1871 distat.
1735 1812 1842 1871 Sed
1873 1819 2150 1868 monstra-
2181 1820 2232 1881 Β
2258 1816 2442 1887 ponit:

553 1925 662 1973 tum
699 1915 947 1986 superius
982 1920 1068 1969 est
1100 1912 1339 1983 quinque
1377 1908 1690 1980 superiores
1723 1914 1902 1961 motus
1936 1900 2148 1968 species

552 2024 582 2064 a
617 2023 679 2065 sc
707 2007 856 2063 omni
895 2006 1104 2062 ratione
1143 2003 1457 2060 substantia
1491 2001 1834 2071 discrepare.
1882 1997 2150 2066 Quocirca

552 2100 750 2158 distant
792 2114 824 2157 a
865 2114 926 2157 se
968 2097 1217 2155 similiter
1250 2096 1306 2154 hi
1348 2110 1447 2154 ses
1492 2102 1699 2160 motus,
1742 2100 1905 2162 atque
1947 2088 2153 2147 diversi

2330 1916 2549 1989 Reliqua
2587 1936 2705 1977 vero
2745 1923 3119 1996 assignatorum
3167 1933 3395 1978 motuum
3436 1941 3537 1978 non
3579 1925 3749 1995 facile
3783 1935 3857 1979 est

2258 2014 2523 2086 assignare
2564 2016 2691 2087 quid
2727 2016 2791 2070 sit
2834 2016 3181 2084 contrarium,
3209 2018 3406 2072 videtur
3433 2027 3609 2072 autem
3642 2018 3779 2071 nihil
3814 2017 3857 2071 ei

2260 2107 2574 2160 contrarium
2601 2125 2730 2175 esse,
2761 2110 2858 2163 nisi
2900 2111 3013 2179 quis
3050 2119 3096 2164 et
3126 2111 3179 2163 in
3223 2110 3318 2164 hoc
3353 2110 3643 2164 secundum
3691 2110 3857 2180 quali-

2261 2209 2414 2253 tatem
2443 2201 2664 2271 quietem
2706 2211 2966 2272 opponat,
3001 2212 3093 2256 aut
3135 2203 3189 2256 in
3233 2203 3551 2256 contrarium
3594 2203 3855 2272 qualitatis

2260 2294 2621 2361 mutationem,
2648 2294 2783 2348 sicut
2821 2305 2869 2349 et
2917 2296 2971 2349 in
3008 2297 3292 2350 mutatione
3332 2294 3614 2349 secundum
3657 2294 3852 2360 locum,

2261 2389 2482 2457 quietem
2519 2389 2800 2443 secundum
2846 2387 3049 2456 locum,
3092 2399 3181 2443 aut
3228 2389 3283 2442 in
3321 2389 3647 2443 contrarium
3690 2389 3853 2443 locum

2262 2483 2617 2537 mutationem.
2662 2480 2754 2537 Est
2786 2482 2925 2545 enim
2964 2483 3203 2538 alteratio
3232 2483 3517 2538 secundum
3554 2483 3858 2554 qualitates!

2262 2579 2500 2633 mutatio.

2244 2680 2250 2751 ξ
2350 2682 2428 2737 Es
2476 2681 2827 2738 similitudine
2882 2689 3125 2738 motuum
3180 2680 3593 2737 contrarietates
3646 2694 3858 2751 quoque

2248 2762 2583 2842 colligimus.
2614 2773 2746 2829 Nam
2775 2774 3032 2845 quoniam
3063 2772 3311 2844 superius
3355 2772 3525 2828 motui
3559 2773 3857 2828 secundum

2242 2858 2439 2963 llocum
2468 2867 2793 2923 contrariam
2820 2868 3027 2939 reperit
3054 2866 3349 2924 secundum
3380 2867 3557 2922 locum
3585 2866 3855 2935 quietem,

2248 2958 2320 3079 bet
2353 2960 2605 3032 quoniam
2634 2962 2811 3019 omnis
2853 2960 3207 3018 commutatio
3248 2974 3367 3031 qua:
3415 2958 3715 3016 secundum
3762 2959 3857 3012 ali-

2270 3072 2418 3079 ---ω
2465 3057 2762 3079 “unum
2809 3058 2863 3079 η.
2916 3056 3210 3079 ---ηιμ
3265 3056 3575 3079 ,,,-.,.,.,,.
3624 3068 3837 3079 _-____

2247 3056 2422 3146 {quam
2465 3057 2766 3129 passionem
2808 3058 2866 3114 ﬁt
2914 3056 3213 3114 secundum
3261 3056 3576 3126 qualitatem
3621 3068 3856 3109 commu-

632 3822 725 3879 Est
745 3834 916 3881 autem
934 3827 1232 3897 simpliciter
1247 3827 1455 3898 quidem
1475 3830 1636 3885 motui
1655 3830 1800 3902 quies
1820 3830 2160 3886 contrarium.

562 3918 799 3989 Singulis
838 3935 956 3975 vero
1002 3920 1215 3989 singuli,
1256 3922 1576 3991 generationi
1623 3924 1829 3985 quidem
1874 3924 2164 3994 corruptio,

559 4013 970 4084 uugmentationi
996 4022 1170 4069 autem
1195 4013 1504 4081 diminutio;
1535 4015 1816 4070 secundum
1845 4017 2016 4071 locum
2045 4033 2164 4073 vero

560 4104 856 4173 mutationi,
887 4105 1167 4163 secundum
1195 4105 1366 4161 locum
1391 4107 1552 4179 quies,
1582 4110 1805 4164 maxime
1832 4119 2004 4164 autem
2028 4110 2168 4164 vide-

560 4208 647 4255 tur
667 4198 957 4271 appositum
976 4216 1082 4255 esse
1102 4200 1157 4254 in
1177 4199 1493 4255 contrarium
1519 4201 1688 4256 locum
1708 4202 1941 4268 mutatio,
1973 4210 2028 4257 ut
2051 4218 2167 4273 qua:

558 4300 632 4347 cst
650 4290 862 4360 inferius
885 4291 932 4347 ei
949 4307 1064 4363 qua:
1084 4301 1158 4347 est
1179 4294 1435 4365 superius,
1462 4303 1510 4350 et
1536 4309 1595 4349 ea
1614 4310 1727 4365 qua:
1750 4302 1825 4351 est
1852 4295 2092 4366 superius
2116 4294 2168 4351 ei

559 4400 676 4457 qua!
700 4394 775 4442 est
801 4386 1049 4455 inferius.

548 4486 553 4545 ι
634 4478 787 4535 Nunc
808 4479 919 4551 jam
944 4491 1184 4539 motuum
1209 4482 1620 4539 contrarietates
1643 4482 1976 4555 exsequitur,
1991 4493 2045 4541 et
2067 4484 2167 4556 ipsi

560 4570 783 4644 quidem
835 4574 1043 4645 generi,
1089 4574 1143 4632 id
1193 4583 1276 4633 est
1320 4575 1509 4643 motui,
1568 4576 1697 4632 dicit
1749 4577 1986 4648 quietem
2042 4592 2165 4634 esse

560 4665 916 4733 contrariam,
960 4666 1121 4725 habet
1157 4668 1305 4725 enim
1339 4679 1515 4725 motus
1545 4668 1781 4740 quietem
1810 4670 2161 4727 contrariam.

560 4754 801 4826 Singulis
829 4772 959 4815 vero
982 4759 1264 4831 speciebus
1294 4770 1532 4817 motuum
1565 4770 1745 4819 motus
1775 4762 1876 4833 ipsi
1906 4762 2165 4819 contrarii

567 4856 727 4913 sunt,
759 4856 821 4905 ut
843 4850 1173 4919 generatioai
1208 4855 1515 4922 corruptio,
1544 4861 1600 4910 et
1636 4869 1756 4909 cum
1788 4855 2065 4926 generatio
2095 4856 2166 4913 sit

563 4948 746 4998 motus
777 4952 941 5013 atque
973 4945 1279 5014 corruptio,
1313 4956 1540 5017 utraque
1566 4955 1747 5003 tamen
1777 4947 1990 5004 sibimet
2029 4963 2163 5005 con-

562 5037 729 5093 traria
775 5048 923 5108 sunt,
971 5046 1250 5097 cremento
1296 5055 1508 5112 quoque
1557 5039 1842 5097 diminutio
1890 5042 2163 5100 contraria

561 5144 667 5191 est.
712 5134 890 5203 Quare
918 5134 1138 5192 diverso
1177 5134 1340 5191 modo
1370 5136 1453 5191 lue
1492 5135 1701 5207 species
1741 5146 1917 5193 motus
1944 5147 2162 5193 contra-

561 5225 807 5283 rietatem
850 5226 1071 5295 habent,
1116 5241 1277 5299 quam
1317 5240 1486 5298 genus
1526 5225 1729 5284 dudum
1767 5225 1971 5285 habere
2008 5242 2162 5284 mon-

562 5318 853 5376 stravimus
872 5325 897 5374 °:
941 5328 1121 5376 motus
1152 5319 1295 5376 cnim
1338 5319 1454 5390 ipse
1484 5317 1646 5375 habet
1675 5318 1910 5391 quietem
1939 5328 2161 5377 contra-

560 5409 718 5466 riam.
767 5410 1083 5481 Specierum
1131 5426 1260 5467 vero
1309 5412 1545 5469 motibus
1592 5428 1697 5467 non
1743 5410 1899 5481 quies
1927 5420 2159 5481 tantum,

567 5503 661 5560 sed
697 5503 789 5560 alii
819 5511 998 5561 motus
1030 5503 1294 5561 contrarii
1331 5512 1485 5574 sunt,
1519 5514 1576 5560 ut
1603 5504 1938 5576 generationi
1970 5518 2162 5560 corru-

566 5598 680 5668 ptio
721 5606 777 5654 et
817 5607 1097 5657 cremento
1133 5597 1444 5667 dlminutio,
1482 5596 1778 5654 secundum
1819 5612 1946 5654 vero
1986 5595 2165 5653 locum

562 5690 933 5749 translationis
962 5692 1321 5750 contrarietas
1355 5689 1547 5748 similis
1580 5700 1661 5747 est
1698 5690 1903 5761 generi.
1946 5689 2080 5746 Nam
2112 5697 2167 5746 et

562 5780 677 5853 ipsa
723 5781 888 5842 habet
941 5785 1271 5844 contrariam
1331 5784 1623 5843 secundum
1681 5783 1859 5840 locum
1909 5782 2164 5856 quietem,

549 5872 893 5956 contrarium
916 5890 1154 5954 namque
1181 5884 1266 5942 est
1300 5876 1511 5942 moveri
1549 5875 1617 5942 de
1641 5875 1769 5971 loco
1791 5874 1848 5939 in
1883 5876 2084 5947 locum,
2114 5884 2169 5937 et

2263 3157 2430 3216 tatur,
2468 3157 2646 3206 motus
2690 3148 2807 3220 ejus
2852 3150 3290 3206 contrarietatem
3336 3148 3518 3218 posuit
3559 3146 3857 3203 secundum

2185 3222 2240 3301 (.3
2265 3242 2576 3313 qualitatem
2607 3242 2870 3314 quietem:
2903 3250 2961 3298 ut
3002 3243 3049 3300 si
3089 3242 3227 3313 lapis
3268 3255 3387 3295 cum
3419 3239 3647 3309 frigidus
3669 3246 3778 3307 est,
3815 3237 3859 3291 si

2262 3334 2335 3391 ita
2364 3345 2705 3408 permaneat,
2731 3336 2959 3407 qualitas
2986 3335 3078 3392 illa
3108 3335 3301 3392 mansit
3339 3342 3392 3389 et
3440 3332 3680 3403 quievit,
3723 3328 3864 3401 quod

2262 3427 2311 3484 si
2350 3437 2561 3499 tepeat,
2608 3428 2840 3500 qualitas
2879 3427 2966 3483 illa
3011 3433 3337 3484 commutata
3382 3431 3505 3488 est,
3538 3433 3593 3479 et
3638 3432 3723 3479 est
3754 3424 3864 3493 ipsa

2257 3529 2614 3613 commutatio
2641 3528 2945 3596 contraria,
2968 3537 3023 3584 et
3061 3525 3235 3583 factus
3263 3533 3347 3581 est
3386 3523 3607 3595 quidem
3657 3532 3860 3585 motus,

2267 3631 2323 3678 et
2350 3621 2404 3677 in
2448 3629 2636 3692 tepore
2675 3620 2869 3692 lapidis
2918 3619 3213 3678 secundum
3257 3622 3377 3690 qual
3407 3627 3571 3675 tatem
3603 3617 3745 3673 faeta
3792 3628 3866 3672 est

2267 3713 2612 3784 permutatio,
2649 3713 2749 3767 fuit
2795 3723 2971 3768 autem
3022 3713 3073 3767 in
3120 3714 3317 3783 frigore
3361 3711 3518 3781 quies
3567 3710 3866 3766 secundum

2269 3805 2515 3861 eamdem
2546 3805 2879 3876 qualitatem.
2911 3804 3174 3873 Quodrca
3205 3803 3333 3859 licet
3359 3804 3605 3858 videatur
3634 3803 3722 3857 hic
3753 3817 3867 3856 mo-

2271 3907 2355 3953 tus
2383 3898 2598 3970 quidem
2630 3903 2849 3953 omnino
2892 3898 3221 3953 contrarium
3265 3912 3374 3952 non
3412 3895 3638 3963 habere,
3665 3904 3863 3959 tamen,

2272 3991 2412 4046 sicut
2454 3989 2703 4060 superius
2729 3990 2932 4046 dictum
2962 4000 3045 4047 est
3072 3991 3368 4046 secundum
3423 3989 3602 4045 locum
3636 3990 3867 4044 transla-

2272 4085 2403 4141 tioni
2431 4084 2751 4141 contrariam
2777 4099 2897 4141 esse
2938 4086 3234 4141 secundum
3263 4084 3440 4139 locum
3467 4084 3736 4153 quietem,
3775 4095 3867 4135 cur

2274 4195 2382 4235 non
2411 4193 2624 4252 quoque
2661 4180 2958 4236 secundum
2998 4177 3311 4249 qualitatem
3343 4175 3759 4231 commutationi
3792 4173 3865 4227 di-

2273 4283 2425 4329 catur
2468 4273 2623 4343 quies
2676 4272 2969 4329 secundum
3033 4270 3345 4342 qualitatem
3396 4284 3518 4324 esse
3564 4267 3865 4323 contrarii?

2169 4396 2176 4435 ε
2279 4366 2524 4422 Detinitio
2546 4380 2777 4436 namque
2798 4364 3236 4421 commutationis
3261 4372 3346 4418 est
3368 4361 3650 4417 translatio
3678 4375 3865 4416 secum

2274 4458 2400 4514 dum
2443 4458 2786 4529 qualitatem,
2827 4470 2950 4513 cum
2993 4456 3136 4512 enim
3182 4454 3412 4527 qualitas
3453 4453 3750 4523 cujuslibet
3793 4452 3863 4506 rei

2277 4560 2545 4620 movetur,
2575 4553 2632 4608 tit
2655 4551 2957 4619 translatio,
2981 4550 3187 4607 scilicet
3210 4550 3505 4606 secundum
3526 4547 3863 4619 qualtatem.

2192 4621 2249 4698 Β
2272 4647 2423 4717 Quod
2451 4650 2497 4703 si
2530 4648 2762 4703 maxime
2786 4645 3030 4702 videatur
3067 4643 3365 4701 secundum
3410 4643 3588 4697 locum
3634 4640 3865 4696 transla-

2270 4743 2403 4799 tioni
2447 4758 2567 4799 esse
2611 4743 2915 4811 contraria,
2959 4759 3066 4799 non
3111 4743 3286 4799 solum
3336 4741 3636 4797 secundum
3688 4740 3867 4794 locum

2271 4837 2455 4910 quies,
2499 4836 2594 4891 sed
2641 4837 2801 4891 etiam
2842 4836 2898 4915 in
2948 4836 3279 4891 contrarium
3325 4833 3501 4889 locum
3554 4832 3865 4892 translatio,

2269 4930 2562 4988 secundum
2608 4928 2919 5002 qualitatem
2961 4943 3175 4999 quoque
3215 4926 3500 4984 mutationi
3550 4942 3659 4981 non
3688 4925 3865 4981 solum

2269 5025 2374 5081 erit
2411 5023 2679 5079 contraria
2708 5022 3004 5078 secundum
3053 5021 3364 5092 qualitatem
3398 5021 3572 5091 quies,
3617 5019 3719 5074 sed
3752 5034 3866 5071 ma.

2272 5120 2415 5175 xime
2437 5119 2492 5175 in
2514 5119 2835 5174 contrariam
2859 5116 3171 5188 qualitatem
3190 5114 3572 5173 commutatio:
3595 5122 3655 5168 nt
3668 5114 3712 5167 si
3730 5112 3859 5183 quid

2270 5224 2391 5268 cum
2435 5219 2517 5265 cst
2561 5210 2769 5276 album,
2811 5209 2854 5264 si
2905 5208 3124 5263 rubrum
3175 5206 3295 5276 llat,
3343 5205 3511 5276 quieti
3563 5205 3788 5275 quidem
3822 5204 3871 5258 ei

2273 5318 2391 5375 qua:
2438 5304 2491 5358 in
2537 5303 2659 5359 albo
2709 5302 2892 5358 colore
2957 5310 3165 5372 poterat
3216 5314 3531 5372 permanere
3586 5300 3871 5355 contraria

2274 5403 2374 5461 iuit
2401 5404 2673 5475 qualitatis
2718 5405 2833 5474 ipsa
2882 5406 3127 5473 mutatio,
3157 5412 3216 5460 ut
3254 5419 3321 5459 es
3370 5403 3493 5458 albo
3537 5403 3592 5457 in
3641 5403 3873 5459 rubrum

2275 5496 2605 5567 mutaretur;
2639 5501 2684 5554 si
2733 5500 2860 5570 quid
2911 5500 3055 5555 enim
3106 5514 3169 5554 ex
3221 5499 3342 5553 albo
3388 5509 3630 5554 vertatur
3683 5499 3737 5552 in
3784 5497 3873 5552 ni-

2273 5607 2462 5664 grum,
2518 5591 2648 5647 illud
2704 5592 2934 5646 maxime
2990 5600 3355 5661 permittatur,
3404 5602 3457 5643 ct
3513 5591 3643 5645 illud
3706 5606 3875 5661 supe-

2275 5687 2403 5742 riori
2438 5684 2719 5740 mutationi
2774 5685 3101 5739 contrarium
3154 5692 3266 5751 est,
3325 5683 3578 5753 quoniam
3640 5697 3877 5754 ρει-ωηο

2276 5788 2446 5836 tatum
2475 5790 2557 5835 est
2595 5779 2646 5834 in
2687 5778 3013 5836 contrariam
3054 5778 3387 5849 qualitatem.
3432 5775 3611 5847 Atque
3658 5776 3763 5832 hoc
3791 5776 3879 5835 est

2276 5874 2416 5947 quod
2442 5872 2549 5929 ait:
