4030 6336
241 354 344 423 s93
1020 365 1088 425 IN
1124 356 1384 427 LIBRUM
1421 354 1510 424 oi:
1552 352 2204 425 INTERPRETATIONE
2244 344 2474 425 EDlTlo
2511 357 2746 425 enim.
3429 364 3533 424 29s

308 466 636 553 Quapmpter
662 476 896 553 apposita
926 476 1022 538 erit
1063 476 1342 540 secundum
1382 483 1677 558 qualitatem
1712 498 1827 535 mu—
1855 479 1913 543 Α
1933 480 2092 538 etiam
2118 484 2169 538 in
2200 482 2329 555 ipsis
2354 483 2592 554 partibus
2616 482 2857 553 corporis
2887 479 3111 553 aliquid,
3137 488 3190 538 et
3222 480 3363 552 ipsas
3393 497 3517 552 par-

238 576 417 631 Ιαιίοηὶ
457 577 740 631 secundum
769 576 1071 648 qualitatem
1111 579 1273 649 quies,
1302 587 1392 633 aut
1433 578 1487 633 in
1519 575 1833 633 contrarium

237 668 454 723 tnutatio
487 670 771 739 qualitatis,
803 681 860 724 ut
890 658 1065 727 album
1125 671 1239 745 fieri
1270 670 1338 726 ad
1372 671 1428 726 id
1459 672 1598 743 quod
1638 678 1712 727 est
1747 666 1835 726 ni-

237 776 385 830 grum
432 759 580 830 ﬁeri,
630 759 885 817 alteratur
932 763 1068 818 enim
1115 764 1171 818 in
1211 763 1525 820 contrarium
1569 756 1836 835 qualitatis

238 852 523 907 mutatione
550 854 711 924 facta.

313 942 370 999 ld
413 959 625 1015 quoque
661 942 1008 1016 apertissimo
1050 946 1299 1019 vulgatur
1339 947 1611 1018 exemplo.
1660 947 1837 1016 Quare

238 1038 491 1107 quoniam
520 1036 588 1092 de
618 1038 853 1094 motibus
892 1038 1203 1111 expeditum
1234 1050 1348 1111 est,
1381 1040 1616 1099 habendi
1660 1041 1831 1113 aequi-

238 1129 575 1188 vocationem
603 1147 723 1202 quze
745 1130 991 1203 sequitur
1011 1133 1367 1204 explicemus.

688 1220 780 1279 DE
820 1222 1026 1282 MODIS
1066 1218 1372 1282 HABERE.

311 1313 518 1370 Habere
546 1324 717 1371 autem
757 1316 931 1373 multis
960 1318 1127 1374 modis
1155 1318 1367 1384 dicitur,
1406 1330 1497 1373 aut
1545 1318 1681 1375 enim
1723 1326 1841 1373 tan-

237 1427 392 1480 quam
422 1411 651 1465 habitum
680 1420 727 1466 et
771 1410 1043 1481 affectum,
1082 1422 1172 1468 aut
1203 1412 1364 1467 aliam
1391 1412 1674 1485 quamlibet
1713 1429 1839 1483 qua-

237 1502 471 1570 litalem,
522 1498 745 1556 dicimur
800 1505 936 1557 enim
990 1504 1320 1578 disciplinam
1376 1506 1607 1577 aliquam
1654 1504 1841 1559 habere

238 1606 394 1667 atque
421 1596 676 1651 virtutem.
702 1598 805 1651 Aut
838 1607 1079 1668 tanquam
1115 1600 1481 1670 quantitatem,
1512 1607 1566 1652 ut
1593 1598 1840 1669 contingit

241 1689 289 1744 ei
329 1690 418 1759 qui
467 1689 613 1745 habet
661 1691 1098 1763 magnitudinem,
1142 1693 1332 1746 dicitur
1366 1694 1502 1747 enim
1549 1691 1841 1746 tricubitam

240 1782 645 1853 magnitudine»:
674 1783 856 1839 habere
885 1786 961 1839 uel
989 1786 1426 1856 quadricubitum.
1465 1787 1568 1840 Aut
1597 1794 1841 1854 tanquam

1939 581 2020 630 tes
2048 573 2245 630 habere
2287 574 2660 645 praedicnmur,
2695 572 2924 628 dicimur
2955 572 3096 628 enim
3124 582 3177 627 et
3221 571 3421 628 habere
3448 571 3529 627 di-

1939 664 2098 734 gitos,
2132 673 2186 721 et
2217 664 2267 719 in
2306 662 2477 735 digito
2511 663 2757 719 tinnulos.
2784 662 2935 718 Circa
2967 677 3163 731 corpus
3192 678 3404 734 quoque
3434 663 3535 718 ali-

1940 752 2068 825 Quid
2101 754 2298 810 habere
2324 753 2573 821 dicimur,
2602 765 2656 809 ut
2681 753 2945 822 tunicam,
2971 753 3054 809 vel
3085 752 3358 824 quodlibet
3385 755 3529 810 aliud

1940 843 2342 901 vestimentum.
2389 844 2605 899 Necnon
2651 846 2815 899 etiam
2847 846 2899 899 in
2933 860 3055 899 vase
3098 845 3285 901 haberi
3326 846 3567 921 aliquid

1940 934 2155 1002 dicitur,
2185 943 2243 990 ut
2265 935 2501 990 triticum
2526 936 2576 988 in
2608 934 2810 1000 modio,
2834 942 2886 990 et
2911 936 3090 989 vinum
3121 935 3171 990 in
3200 936 3527 1004 doliozhacc,

1942 1026 2178 1093 scilicet,
2234 1027 2306 1080 ita
2363 1025 2545 1081 haberi
2594 1024 2862 1091 dicuntur,
2922 1035 2979 1081 ut
3028 1025 3079 1082 in
3126 1043 3275 1083 vase.
3333 1028 3577 1099 Dicitur_

1942 1120 2100 1175 etiam
2130 1120 2248 1189 quis
2276 1118 2474 1175 habere
2505 1134 2752 1186 uxorem,
2781 1135 2921 1189 quae,
2961 1121 3165 1175 scilicet
3207 1122 3530 1192 significatio

1943 1214 2073 1268 nulli
2105 1213 2428 1283 supradicta
2459 1212 2762 1267 communis
2790 1221 2901 1278 est,
2932 1213 3024 1268 sed
3060 1213 3140 1283 (ut
3182 1213 3282 1284 ipsi
3320 1213 3533 1272 Aristo-

1944 1307 2033 1362 teli
2066 1306 2308 1377 videtur)
2353 1305 2510 1376 longe
2552 1305 2765 1360 diversa
2819 1314 2903 1361 est
2934 1304 3049 1361 hmc
3096 1307 3417 1377 significatio
3465 1307 3534 1365 ab

1942 1397 2175 1455 habendi
2208 1396 2661 1469 prtcdicamento;
2698 1412 2802 1452 non
2835 1398 2975 1452 enim
3003 1399 3219 1468 proprie
3268 1400 3531 1457 habemus

1942 1506 2166 1557 uxores,
2207 1490 2301 1546 sed
2330 1492 2470 1561 quod
2512 1489 2711 1546 habere
2740 1491 2858 1562 quis
2886 1492 3094 1546 dieatur
3125 1508 3375 1561 uxorem,
3426 1494 3529 1551 hoc

1943 1584 2215 1655 significat
2239 1583 2482 1639 habitare
2509 1599 2628 1637 cum
2654 1598 2717 1637 eo
2746 1599 2966 1639 uxorem
2987 1626 2999 1649 ,
3038 1583 3234 1639 habere
3260 1585 3402 1639 enim
3436 1586 3528 1641 ha-

1943 1677 2115 1735 bitare
2142 1676 2388 1741 dicimus,
2418 1686 2473 1730 ut
2502 1684 2585 1731 est
2625 1674 2900 1731 Socratem
2946 1675 3173 1742 habent,
3206 1676 3258 1730 id
3287 1687 3367 1730 est
3407 1692 3531 1733 cum

1944 1770 2167 1826 Socrate
2198 1767 2443 1823 habitant
2466 1776 2626 1836 atque
2651 1783 2771 1821 eum
2804 1766 3005 1821 colunt.
3038 1767 3216 1833 Quare
3250 1768 3361 1837 ipse
3392 1783 3532 1838 quo-

237 1892 300 1931 ea
324 1892 440 1949 quae
468 1877 602 1931 circa
630 1894 812 1947 corpus
832 1887 985 1948 sunt,
1014 1888 1070 1934 ut
1101 1879 1455 1935 uestimentum
1480 1882 1558 1934 vel
1587 1880 1833 1935 tunicam.

1948 1879 2048 1935 que
2070 1861 2387 1917 Aristoteles
2407 1860 2579 1931 inquit
2600 1875 2721 1916 esse
2742 1860 2949 1928 aliquos
2972 1859 3197 1915 fortasse
3227 1871 3419 1931 praeter
3442 1876 3537 1949 eos

236 1970 339 2023 Aut
367 1980 610 2040 tanquam
638 1972 689 2025 in
722 1981 887 2042 parte,
917 1981 971 2027 ut
1007 1972 1061 2027 in
1090 1989 1250 2027 manu
1287 1971 1561 2028 annulum.
1593 1973 1697 2027 Aut
1724 1983 1843 2029 tan-

238 2078 391 2132 quam
428 2072 653 2133 partem,
696 2074 751 2118 ut
790 2081 997 2120 manum
1028 2064 1108 2119 vel
1135 2066 1333 2136 pedem.
1368 2067 1470 2120 Aut
1508 2074 1758 2135 tanquam
1787 2065 1843 2121 in
1906 2120 1913 2131 ,

238 2169 378 2219 vase,
413 2165 469 2208 ut
504 2156 561 2209 in
587 2157 763 2210 modio
799 2173 965 2228 grana
993 2159 1182 2227 tritici,
1215 2159 1293 2212 vel
1330 2159 1383 2213 in
1412 2158 1600 2230 lagena
1634 2160 1839 2225 uinum,

240 2244 409 2297 vinum
450 2244 587 2298 enim
629 2246 814 2301 habere
858 2246 1044 2321 lagena
1085 2248 1298 2317 dicitur,
1343 2260 1389 2304 et
1428 2250 1632 2304 modius
1678 2266 1843 2322 grana

240 2336 433 2404 tritici,
465 2336 572 2393 lucc
612 2354 733 2410 ergo
781 2340 953 2395 omnia
977 2340 1151 2395 haberi
1197 2340 1462 2408 dicuntur,
1494 2351 1551 2396 ut
1599 2342 1654 2396 in
1699 2357 1838 2397 uase.

241 2428 344 2483 Aut
387 2436 631 2498 tanquam
679 2432 1087 2503 possessionem,
1120 2435 1307 2490 habere
1334 2436 1467 2489 enim
1512 2435 1722 2490 domum
1751 2444 1843 2492 aut

239 2536 425 2592 agrum
468 2522 715 2578 dicimur.
749 2522 951 2580 Dicitur
993 2527 1147 2580 etiam
1186 2528 1263 2581 vir
1301 2542 1514 2581 uxorem
1560 2527 1765 2597 habere,
1795 2536 1843 2585 et

239 2631 375 2670 uxor
409 2617 593 2673 virum.
624 2617 733 2674 Sed
762 2619 960 2674 videtur
986 2621 1333 2677 alienissimus
1373 2623 1461 2693 qui
1498 2638 1635 2677 nunc
1673 2623 1842 2678 dictus

240 2717 317 2763 est
340 2711 520 2765 modus
546 2726 657 2766 esse
685 2711 739 2765 in
766 2728 824 2766 eo
851 2712 992 2785 quod
1016 2723 1092 2769 est
1113 2713 1322 2781 habere,
1355 2712 1485 2769 nihil
1518 2715 1651 2769 enim
1693 2716 1842 2770 aliud

244 2815 340 2871 per
366 2818 575 2859 uxorem
605 2802 789 2861 habere
825 2805 1205 2875 signiﬁcamus,
1228 2806 1330 2861 nisi
1356 2807 1480 2879 quia
1518 2806 1840 2875 cohabitant,

241 2893 378 2965 forte
411 2906 577 2951 tamen
603 2907 649 2952 et
670 2896 762 2952 alii
782 2898 996 2970 quidam
1022 2902 1346 2972 apparebunt
1371 2901 1513 2956 modi
1531 2901 1595 2956 de
1620 2917 1680 2956 eo
1705 2902 1843 2972 quod

241 2996 322 3041 est
365 2988 569 3043 habere.
612 2987 719 3045 Sed
765 2990 857 3062 qui
905 3002 1272 3047 consueverunt
1317 2993 1454 3061 dici,
1500 3009 1626 3065 pene
1667 3009 1843 3050 omnes

243 3083 533 3135 enumerati
563 3091 701 3137 sunt.

328 3173 690 3243 Equivocum
746 3192 870 3234 esse
934 3177 1169 3235 habendi
1226 3179 1445 3236 modum
1502 3180 1842 3237 manifestum

1945 1956 2036 2028 qui
2076 1958 2322 2011 dicantur
2352 1953 2583 2010 habendi
2614 1952 2825 2020 modos,
2865 1953 3212 2024 hortaturque
3244 1969 3340 2009 nos
3363 1953 3430 2009 ad
3459 1940 3537 2011 ul-

1945 2048 2197 2105 teriorem
2229 2046 2460 2120 aliquam
2489 2044 2914 2116 inquisitionem,
2944 2056 3002 2101 ut
3025 2062 3121 2102 nos
3152 2058 3365 2117 qucque
3394 2062 3538 2119 qua:-

1943 2153 2125 2196 ramus
2156 2154 2251 2210 per
2278 2152 2436 2210 quos,
2470 2150 2665 2209 praeter
2695 2138 2900 2209 priores
2928 2138 3103 2195 dictos
3143 2140 3352 2206 modos,
3397 2139 3537 2197 alios

1944 2232 2115 2305 possit
2154 2232 2355 2289 habere
2401 2231 2702 2303 praedicari.
2749 2230 2818 2287 Et
2860 2230 2927 2288 de
2971 2230 3071 2287 hac
3117 2232 3541 2303 :equivocatione

1944 2324 2164 2396 quidem
2189 2323 2420 2391 habendi
2442 2322 2771 2379 sufficienter
2793 2322 2995 2378 dictum
3021 2333 3123 2378 est.
3143 2322 3250 2380 Sed
3267 2323 3404 2379 forte
3422 2325 3543 2395 quis

1946 2420 2155 2477 dubitet
2184 2420 2281 2477 cur
2320 2435 2442 2477 cum
2470 2419 2672 2476 habere
2718 2419 2968 2489 superius
2996 2422 3047 2475 in
3077 2434 3276 2491 genere
3300 2420 3542 2476 nomina-

1944 2514 2101 2581 verit,
2140 2528 2281 2570 nunc
2307 2511 2537 2585 idipsum
2567 2512 2899 2583 aequivocum
2923 2519 3106 2583 ponat,
3132 2512 3226 2569 sed
3250 2510 3365 2567 llaec
3394 2526 3543 2583 quae-

1948 2609 2053 2665 stio
2081 2611 2152 2665 ita
2191 2609 2440 2664 solvitur.
2479 2607 2595 2663 Non
2634 2604 2921 2661 absurdum
2965 2615 3048 2661 est
3094 2606 3235 2661 idem
3284 2603 3543 2676 praedica-

1949 2711 2186 2756 mentum
2241 2716 2383 2757 nunc
2430 2704 2674 2763 univoce,
2727 2718 2869 2758 nunc
2914 2700 3191 2771 aequivoce
3239 2697 3543 2767 praedicari.

1947 2792 2186 2851 Univoce
2215 2795 2430 2867 quidem
2464 2804 2521 2850 ut
2547 2794 2793 2866 superius
2822 2810 2945 2851 cum
2971 2791 3211 2863 ejusdem
3242 2792 3544 2861 specierum

1947 2889 2199 2959 exempla
2230 2888 2535 2959 proposuit,
2567 2898 2624 2943 ut
2653 2898 2737 2944 est
2774 2890 3067 2943 ca'ceatum
3098 2900 3217 2941 esse
3263 2884 3346 2939 vel
3377 2899 3543 2939 arma-

1951 2984 2094 3043 tum,
2136 2976 2327 3031 horum
2363 2976 2505 3031 enim
2536 2975 2718 3031 talium
2755 2990 2924 3046 genus
2953 2983 3055 3030 est.
3086 2971 3383 3042 Equivoce
3414 2984 3543 3025 vero

1946 3078 2007 3125 ut
2034 3068 2088 3123 in
2121 3068 2205 3124 his
2239 3066 2410 3123 inodis
2437 3083 2570 3139 quos
2601 3064 2875 3138 superius"
2893 3065 3256 3137 exposuimus.
3302 3062 3454 3132 Quod
3485 3063 3535 3120 si

1948 3171 2003 3219 et
2034 3162 2191 3218 habet
2218 3161 2425 3232 aliquas
2456 3161 2697 3231 proprias
2720 3161 2930 3231 species
2954 3158 3181 3215 habendi
3206 3157 3543 3228 praedicatio,

242 3275 365 3337 est,
396 3265 599 3325 habere
626 3269 771 3326 enim
801 3269 875 3325 ita
909 3270 1094 3327 multis
1120 3271 1321 3327 dicitur
1349 3272 1543 3339 modis,
1570 3281 1629 3328 ut
1657 3280 1843 3328 tamen
1872 3282 1920 3347 ο
1948 3258 2146 3314 diem"
2190 3256 2368 3312 autem
2412 3265 2465 3311 ει
2511 3255 2683 3325 ipsum
2731 3270 2925 3309 nomen
2977 3252 3383 3347 ωυῐιίῐξᾙίογῖῐθτιᾷ
3409 3249 3544 3347 nihil

240 3359 526 3430 aequivoce
551 3360 889 3431 praedicetur.
917 3362 1154 3418 Dicimur
1188 3363 1333 3420 enim
1371 3364 1573 3421 habere
1601 3364 1838 3435 aliquam
1886 3344 1919 3347 ἠ
1947 3364 2031 3417 εει
2051 3354 2400 3422 incongruum
2422 3348 2475 3404 in
2506 3364 2704 3420 genere
2742 3346 3011 3403 numerari
3030 3392 3045 3417 ,
3075 3345 3275 3403 sume“
3300 3344 3443 3401 enim
3472 3344 3544 3435 nd

241 3449 589 3521 (utilitatem,
619 3461 679 3506 ut
712 3452 951 3508 habitum
987 3454 1073 3510 vel
1120 3455 1553 3525 diSpositionem.
1603 3434 1841 3513 Dicimur
1946 3442 2421 3506 demonstrandum
2463 3455 2633 3512 genus
2675 3454 2793 3495 esse
2837 3448 2890 3495 et
2931 3436 3162 3494 habendi
3207 3434 3548 3508 praedicatio-

242 3559 456 3615 quoque
483 3545 686 3602 habere
726 3546 1006 3602 scientiam
1035 3548 1121 3603 vel
1166 3549 1454 3616 virtutem;
1484 3549 1839 3621 quantitatem

242 3650 456 3707 quoque
500 3635 705 3693 habere
736 3637 1098 3707 perhibemur,
1141 3638 1373 3694 dicimur
1416 3640 1561 3696 enim
1595 3639 1649 3693 in
1684 3654 1839 3695 men-

242 3738 367 3781 sura
413 3725 615 3782 habere
659 3727 896 3799 quinque
938 3728 1023 3784 vel
1074 3739 1303 3800 quatuor
1344 3729 1528 3801 pedes.
1573 3729 1682 3788 Nec
1727 3745 1835 3788 non

1965 3557 2088 3597 nem
2139 3537 2281 3610 quod
2325 3535 2425 3592 sub
2468 3551 2526 3591 se
2567 3534 2773 3604 aliquas
2818 3541 2994 3603 partes
3040 3531 3357 3603 speciesque
3402 3544 3548 3587 con-

1948 3636 2134 3690 tineat.

245 3838 3502 3878 -——-——————————_—___p———————-—-—————-—__'-.

868 3974 1130 4095 ΑΝ.
1272 3976 1768 4096 MANL.

1948 3983 2274 4096 BEV.
2412 3976 2964 4086 BOETII
3230 4115 3237 4125 ι

282 4207 418 4313 IN
498 4207 990 4314 LIBRUM
1063 4202 1912 4316 ARISTOTELIS
1991 4209 2152 4309 DE
2255 4191 3485 4307 INTERPBETATIONE
3572 4130 3579 4137 ’

3288 3914 3311 3949 8

1675 4379 1891 4442 LIBRI
1936 4378 2153 4453 DUO.f

664 4620 1033 4706 EDITIO
1107 4631 1506 4726 PRIMA,
1570 4631 1773 4703 SEU
1849 4630 2281 4703 MINORA
2359 4625 3208 4704 COMMENTABIA.

1516 4800 1808 4879 LIBER
1882 4800 2291 4881 PRIMUS.

338 5054 527 5125 Magna
575 5051 794 5124 quidem
854 5050 978 5107 libri
1029 5050 1191 5122 hujus
1239 5050 1382 5120 apud
1440 5049 1851 5118 Peripateticam
1882 5052 2067 5115 Dlius
2096 5065 2326 5105 acumen
2349 5050 2799 5106 considerationis
2821 5050 3086 5119 exposcit,
3112 5050 3365 5106 secundae
3385 5048 3554 5104 series

244 5159 451 5207 sectam
485 5147 742 5218 probatur
781 5146 1093 5202 auctoritas.
1126 5144 1224 5201 Hic
1255 5157 1485 5215 namque
1522 5145 1842 5200 Aristoteles

243 5240 571 5311 simplicium
616 5239 1048 5310 propositionum
1100 5246 1343 5293 naturam
1383 5235 1671 5307 diligenter
1714 5252 1838 5293 exao

244 5334 447 5396 minat,
479 5336 573 5387 sed
604 5331 722 5402 ejus
747 5331 915 5388 series
943 5330 1257 5400 scrupulosa
1300 5329 1591 5400 impeditur
1620 5332 1841 5399 semita,

242 5433 298 5480 et
328 5424 649 5479 sublimibus
679 5437 861 5494 pressa
889 5423 1190 5489 sententiis,
1222 5421 1428 5477 aditum
1471 5422 1847 5493 intelligentia:

246 5517 459 5573 facilem
486 5532 595 5573 non
625 5518 900 5589 relinquit.
938 5517 1202 5583 Quocirca
1240 5532 1339 5572 nos
1368 5516 1487 5571 libri
1520 5516 1680 5587 hujus
1710 5532 1843 5573 eno-

244 5612 521 5668 dationem
579 5611 776 5682 duplici
832 5609 1291 5665 commentatione
1349 5609 1747 5679 supplevimus,
1790 5618 1846 5665 et

246 5714 507 5773 quantum
549 5703 824 5775 simplices
849 5700 1065 5773 quidem
1096 5701 1400 5757 intellectus
1446 5702 1842 5757 sententiarum

247 5799 425 5851 oratio
456 5796 634 5852 brevis
675 5795 1013 5866 obscuraque
1058 5793 1457 5864 complectitur,
1494 5803 1697 5849 tantum
1745 5794 1845 5851 hac

251 5890 435 5963 operis
466 5884 1374 5973 hujus:tmctatione‘disressimus.
1405 5884 1558 5956 Quod
1610 5902 1733 5944 vero
1771 5888 1845 5943 al-

1961 5144 2213 5200 editionis
2260 5144 2532 5213 espediet.
2583 5143 2735 5200 Nunc
2773 5159 2804 5198 a
2855 5159 2943 5200 me
2987 5152 3191 5199 tantum
3244 5144 3414 5198 lector
3459 5154 3555 5195 ex-

1955 5248 2159 5307 spectet
2215 5247 2470 5306 quantum
2523 5236 2843 5305 pedetentim
2901 5237 3307 5304 minutatimque
3353 5247 3551 5289 secun-

1957 5329 2082 5384 dum
2113 5330 2372 5385 orationis
2394 5329 2639 5384 ordinem
2671 5338 2987 5399 textumque
3014 5326 3281 5384 sermonis
3315 5324 3371 5381 id
3407 5323 3552 5394 quod

1964 5422 2209 5491 angustia
2252 5422 2537 5478 brevitatis
2570 5423 2699 5477 latet
2730 5421 3014 5489 intelligat.
3049 5419 3115 5474 Et
3147 5417 3295 5489 prius
3327 5430 3448 5487 quae
3489 5416 3557 5476 sit

1963 5515 2125 5589 hujus
2156 5516 2337 5587 operis
2387 5517 2613 5572 intentio
2659 5516 2899 5571 breviter
2940 5509 3421 5569 demonstrandum
3453 5519 3557 5565 est.

1959 5610 2281 5667 lnscribitur
2324 5611 2526 5667 etenim
2576 5610 2765 5666 Grazce
2810 5608 2946 5663 liber
2992 5610 3076 5663 hic
3118 5607 3233 5683 Περὶ
3278 5606 3557 5679 ἑρμηνείας,

1957 5703 2099 5771 quod
2139 5703 2328 5759 Latine
2358 5702 2425 5757 de
2454 5703 2895 5770 interpretatione
2940 5699 3225 5768 signiticet.
3264 5697 3398 5765 Quid
3430 5712 3556 5765 ergo

1957 5794 2023 5849 sit
2072 5794 2440 5862 interpretati»
2484 5794 2667 5862 paucis
2706 5791 3001 5845 absolvam.
3055 5788 3429 5860 [interpretatio
3471 5795 3556 5844 est

1959 5904 2055 5941 τ’οκ
2089 5889 2437 5956 significatam
2468 5901 2561 5954 per
2590 5887 2822 5954 seipsam
2851 5883 3053 5954 aliquid
3079 5879 3408 5954 signiﬁcans.
3433 5878 3557 5942 Slve
