4022 6328
519 302 620 359 295

1747 305 1854 361 ΔΝ.
1897 304 2106 363 MANL.
2149 304 2302 363 SEV.
2343 304 2569 364 BOETH

3692 305 3789 362 296

518 423 662 478 enim
689 438 880 480 nomen
910 425 1007 491 sit,
1033 424 1171 493 quod
1200 438 1297 495 per
1321 439 1379 480 se
1404 426 1693 495 signiticet,
1720 436 1778 481 ut
1803 433 1887 483 est
1910 428 2094 481 homo.
2128 432 2181 492 Α
2204 425 2247 478 si
2281 423 2385 477 hoc
2426 420 2524 488 sit,
2557 422 2658 477 hoc
2685 435 2827 490 esse,
2857 420 2914 476 id
2949 427 3062 489 εει,
3101 420 3148 476 si
3191 421 3272 477 sol
3313 428 3427 486 est,
3474 434 3597 478 esse
3626 420 3785 479 diem.

518 514 643 569 Sive
685 516 939 583 vcrbuin,
975 523 1030 568 nt
1072 525 1155 569 est
1193 530 1374 571 curro.
1416 518 1542 574 Sive
1571 518 1714 588 quod
1760 519 2100 589 grammatici

522 608 859 677 participium
915 620 1124 664 vocant.
1179 609 1305 666 Sive
1354 626 1671 681 pronomen.
1719 612 1845 667 Sive
1898 629 1964 667 ex
2016 612 2101 668 his

520 700 699 763 iuncta
730 702 922 765 oratio,
952 709 1009 755 ut
1029 711 1131 768 est,
1169 702 1339 758 Homo
1364 704 1550 758 currit.
1572 703 1697 759 Sive
1725 703 1966 774 quolibet
1993 705 2100 759 alio

513 792 699 859 modo,
743 794 825 847 vel
858 808 1081 859 nomen,
1130 794 1212 849 vel
1265 795 1517 858 verbum,
1560 797 1643 851 vel
1690 813 1757 852 ex
1801 798 1887 850 his
1927 796 2099 852 oratio

516 885 721 948 iuncta,
754 900 849 953 per
876 900 934 939 se
961 886 1157 955 aliquid
1189 887 1485 956 signiticet,
1518 888 1892 958 interpretatio
1925 889 2099 944 nomi-

514 987 691 1032 natur.
720 977 901 1044 Quare
928 993 1049 1032 cum
1081 979 1189 1033 sint
1214 979 1457 1048 quaedam
1486 984 1537 1034 in
1566 981 1825 1036 orationis
1858 981 2100 1052 partibus

510 1084 629 1137 qua:
663 1083 757 1138 per
788 1084 849 1123 se
882 1070 1014 1123 nihil
1044 1071 1377 1139 signiﬁcant,
1414 1074 1534 1128 aliis
1564 1083 1741 1129 tamen
1766 1074 1967 1145 junctae
2004 1074 2100 1131 de-

511 1161 755 1227 signant,
809 1172 866 1217 ut
904 1173 1030 1218 sunt
1075 1165 1479 1236 cnnjunctiones
1544 1169 1628 1223 vel
1665 1170 2097 1238 praepositiones,

498 1251 629 1306 haec
658 1252 1133 1324 interpretationes
1158 1272 1280 1313 esse
1312 1273 1419 1312 non
1443 1259 1692 1315 dicimus.
1726 1260 2099 1329 lnterpretatio

510 1343 653 1397 enim
688 1343 804 1399 sive
845 1345 1072 1415 simplex
1109 1356 1223 1414 est,
1253 1358 1310 1401 ut
1354 1365 1547 1405 nomen
1593 1360 1644 1404 et
1688 1351 1942 1420 verbum,
1985 1352 2100 1407 sive

508 1437 829 1504 composita,
849 1448 904 1492 ut
922 1454 985 1493 ex
1007 1440 1089 1495 his
1106 1439 1291 1510 juncta
1307 1444 1665 1514 copulataque
1682 1446 1877 1512 oratio,
1899 1446 1979 1500 vel
2004 1462 2101 1515 per

508 1529 738 1595 seipsam
767 1532 1071 1598 signiﬁcare
1102 1532 1288 1597 debet,
1319 1535 1362 1587 si
1390 1535 1624 1603 simplex
1652 1546 1734 1591 est
1754 1578 1769 1602 ,
1800 1537 1884 1591 vel
1913 1551 1981 1591 ex
2013 1536 2099 1591 his

508 1634 626 1686 quae
656 1636 753 1689 per
779 1636 839 1676 se
866 1621 1166 1691 signiﬁcant
1192 1623 1375 1695 juncta
1400 1640 1543 1692 esse,
1577 1630 1623 1682 si
1650 1630 1950 1698 composita
1990 1639 2096 1686 est.

507 1711 689 1778 Quare
722 1716 1093 1783 interpretatio
1121 1726 1205 1771 est
1235 1734 1336 1773 vox
1373 1719 1575 1790 aliquid
1606 1736 1700 1791 per
1728 1722 1959 1792 seipsain
1992 1724 2101 1790 sig-

508 1805 753 1860 niﬁcans.
785 1807 892 1863 Sed
923 1810 1174 1879 quouiam
1214 1813 1379 1867 verba
1406 1814 1733 1883 nominaque
1762 1815 2089 1886 interpreta-
2123 1828 2172 1888 B

508 1888 681 1952 tiones
710 1908 867 1965 sunt,
898 1903 1069 1956 oratio
1099 1919 1312 1974 quoque
1338 1900 1661 1977 omnis‘quze
1688 1923 1754 1963 ex
1784 1910 2137 1981 signitican-"

512 1988 653 2045 tibus
696 2007 791 2061 per
836 2008 896 2049 se
960 1996 1393 2063 pra-dicatnentis
1438 1998 1680 2069 jungitur
1722 2002 2094 2069 interpretatio

505 2093 862 2165 nuncupatur,
891 2096 947 2142 et
969 2090 1219 2156 quoniam
1253 2091 1499 2159 plurima:
1526 2102 1650 2148 sunt
1692 2095 2095 2166 interpretatio-

505 2190 621 2242 nes,
654 2177 795 2234 inter
821 2195 957 2250 quas
987 2182 1076 2236 illa
1106 2199 1322 2254 quoque
1353 2195 1435 2241 est
1464 2189 1662 2254 oratio,
1696 2190 1749 2245 in
1778 2206 1884 2262 qua
1905 2208 2091 2249 verum

505 2266 761 2324 falsumve
788 2271 1017 2327 inveniri
1059 2284 1264 2343 potest,
1298 2276 1350 2330 id
1377 2287 1460 2333 est
1489 2282 1851 2349 enuntiativa,
1884 2283 1953 2339 de
1988 2300 2093 2355 qua

505 2358 607 2413 hoc
638 2360 690 2414 iu
734 2361 873 2417 libro
914 2365 1249 2421 tractandum
1280 2376 1386 2433 est,
1431 2369 1629 2426 idcirco
1667 2372 1985 2429 Aristotcﬁes
2026 2375 2096 2432 de

505 2454 773 2504 communi
822 2454 1040 2510 nomine
1086 2442 1151 2511 et
1185 2461 1514 2535 continenti,
1564 2462 1702 2519 libro
1753 2468 1963 2522 titulum
2014 2470 2098 2525 iu-

505 2540 741 2609 scripsit.
766 2542 1147 2613 lmerpretatio
1179 2564 1409 2621 namque
1431 2562 1513 2608 est
1539 2569 1737 2611 nomen
1758 2567 1813 2612 et
1846 2560 2092 2625 verbum,

506 2639 559 2685 et
587 2631 955 2704 interpretatio
991 2640 1150 2694 etiam
1181 2651 1266 2697 est
1314 2631 1619 2714 hujusmodi
1648 2666 1663 2702 :
1693 2652 1881 2707 Omnis
1932 2652 2096 2709 homo
2180 2644 2183 2705 ξ

508 2720 705 2776 animal
737 2736 837 2780 est.
867 2725 972 2782 Sed
1001 2728 1053 2783 in
1086 2729 1186 2787 hac
1213 2748 1400 2789 verum
1432 2736 1732 2810 falsumque
1771 2742 1984 2799 auditor
2012 2746 2095 2801 in-

506 2814 710 2884 telligit.
745 2817 867 2874 llaec
890 2821 1033 2875 enim
1064 2825 1237 2881 oratio
1265 2843 1385 2897 quae
1410 2829 1542 2885 divit
1570 2836 1747 2890 omnis
1779 2835 1943 2893 homo
1973 2841 2094 2895 ani-

422 2913 426 2917 ·
506 2906 612 2959 uial
641 2918 758 2975 εει,
788 2924 910 2965 vera
944 2913 1026 2968 vel
1056 2913 1191 2970 falsa
1219 2928 1323 2972 est.
1366 2920 1744 2991 lnterpretatio
1771 2942 1985 2999 quoque
2013 2941 2098 2987 est

505 2996 665 3052 etiam
698 2998 1005 3069 huiusmodi
1053 3008 1269 3063 oratio:
1308 3011 1381 3066 Da
1431 3015 1563 3070 mihi
1606 2996 1872 3075 cedicem.
1898 2996 1962 3076 in
1992 3039 2095 3091 qua

507 3101 690 3143 verum
734 3090 1030 3163 falsumque
1078 3098 1256 3152 nullus
1296 3101 1553 3159 inveniat.
1591 3107 1799 3165 Etenim
1845 3112 1910 3167 da
1961 3090 2094 3170 mihi

508 3179 779 3249 codicem,
813 3198 987 3253 neque
1028 3202 1212 3243 verum
1242 3206 1366 3247 esse
1410 3197 1607 3264 poterit
1654 3214 1829 3270 neque
1876 3202 2091 3261 falsum.

508 3270 764 3336 Quocirca
793 3276 1045 3345 quoniam
1073 3277 1139 3335 de
1169 3280 1250 3336 his
1280 3284 1413 3339 solis
1444 3289 1777 3346 orationibus
1804 3294 1859 3349 in
1902 3297 2096 3365 quibus

508 3376 689 3417 verum
737 3364 1031 3439 falsumque
1080 3373 1364 3442 reperitur,
1412 3393 1545 3448 quas
1589 3386 2010 3452 enuntiationes,
2040 3401 2096 3447 et

508 3456 901 3523 propositiones
949 3475 1223 3532 vocamus,
1256 3482 1375 3537 quze
1417 3469 1891 3542 interpretationes
1936 3490 2093 3549 sunt,

507 3543 875 3615 disputaturos
921 3560 1036 3618 est,
1096 3559 1456 3628 quoniamque
1506 3562 1575 3619 de
1630 3567 1936 3624 nominibus
1988 3543 2095 3627 illis

508 3638 789 3711 verbisque
818 3641 1100 3700 dicendum
1146 3659 1259 3716 est,
1288 3652 1414 3721 quid
1455 3654 1595 3723 sint,
1631 3674 1857 3728 quamve
1886 3656 2006 3717 ‘vim
2039 3664 2092 3719 in

509 3731 902 3801 signiﬁcatione
931 3739 1227 3811 retineant,
1264 3753 1411 3800 recte
1448 3746 1642 3803 labrum
1674 3752 1742 3806 de
1775 3753 2094 3822 interpreta-

509 3822 676 3877 tione-
689 3823 938 3894 signavit.
985 3830 1094 3884 Nec
1133 3849 1231 3888 nos
1261 3834 1361 3890 hoc
1389 3838 1598 3907 turbet,
1627 3844 1767 3912 quod
1797 3856 1923 3900 sunt
1950 3864 2094 3917 qna:-

505 3914 626 3968 dam
666 3916 1135 3987 interpretationes
1178 3925 1247 3980 de
1298 3928 1490 3996 quibus
1541 3932 1593 3985 in
1642 3934 1743 3989 hoc
1796 3938 1936 3992 libro
1966 3914 2093 3996 _non

507 4016 721 4065 tractet.
751 4011 1024 4083 Tanquam
1052 4017 1193 4071 enim
1223 4019 1266 4073 si
1293 4021 1415 4090 quis
1446 4022 1513 4077 de
1543 4024 1760 4083 homine
1789 4028 2090 4101 disputans,

507 4098 719 4153 titulum
752 4106 933 4173 operis
965 4104 1030 4159 de
1059 4106 1279 4164 animali
1320 4113 1619 4181 posuisset,
1648 4098 1951 4191 quanquam
1985 4098 2090 4180 non

505 4192 571 4246 de
601 4196 745 4248 omni
778 4197 1029 4263 animali,
1076 4210 1253 4258 tamen
1299 4207 1550 4275 quoniam
1594 4209 1660 4265 de
1687 4212 1868 4284 aliquo
1910 4216 2091 4288 dispu-
2122 4198 2127 4203 Γ

504 4292 713 4339 taturus
755 4296 928 4352 esset,
959 4301 1105 4345 recte
1135 4293 1203 4347 de
1232 4296 1449 4351 animali
1499 4298 1637 4356 libro
1668 4318 1864 4361 nomen
1914 4308 2089 4379 impo-

504 4384 675 4430 neret.
722 4377 793 4429 Ita
835 4395 973 4434 nunc
1014 4382 1151 4455 licet.
1185 4400 1289 4441 non
1334 4389 1402 4444 de
1449 4393 1597 4446 omni
1642 4377 2092 4467 interpretatione

505 4475 825 4533 pertractet,
858 4480 1033 4553 tamen
1060 4476 1311 4543 quoniam
1347 4479 1415 4534 de
1442 4495 1544 4536 una
1576 4500 1693 4553 qua:
1722 4496 1807 4542 est
1849 4494 2093 4547 enuntia-

504 4556 607 4621 tio,
639 4568 694 4612 et
721 4560 789 4615 de
818 4550 1122 4620 nominibus
1155 4577 1207 4621 et
1237 4571 1439 4636 verbis,
1465 4550 2086 4649 qum-interpretationes

503 4646 773 4716 simplici-5
803 4664 952 4720 sunt,
980 4656 1263 4714 dicendum
1312 4671 1458 4727 erat,
1493 4664 1560 4720 de
1590 4646 1866 4724 communi
1896 4682 1952 4727 et
1997 4690 2087 4743 ge-

503 4739 675 4793 nerali
707 4743 1023 4799 vocabulum
1059 4747 1196 4805 liiiro
1226 4750 1293 4807 de
1323 4753 1769 4825 interpretatione
1809 4739 2083 4832 imposuit.

501 4829 597 4885 Est
627 4844 805 4890 autem
838 4837 1064 4894 intentio
1109 4842 1228 4899 libri
1262 4846 1419 4917 hujus
1460 4848 1530 4905 de
1571 4852 1802 4920 simplici
1840 4829 2087 4912 enuntia-

508 4925 610 4975 tiva
650 4926 893 4984 oratione
931 4930 1220 4991 disserere.
1254 4939 1487 5009 Simplex
1529 4953 1709 4999 autem
1756 4952 2086 5010 enuntiativa

505 5029 676 5081 oratio
703 5042 812 5095 est,
843 5031 896 5086 in
924 5049 1026 5104 qua
1054 5051 1173 5092 cum
1206 5055 1390 5096 verum
1432 5043 1691 5102 falsumve
1717 5047 1816 5113 sit,
1846 5050 1973 5106 illud
2004 5062 2085 5107 ta-

498 5133 621 5174 men
668 5131 749 5176 est
790 5134 846 5178 ut
883 5125 1409 5200 sine‘conjunctione
1460 5145 1601 5191 totus
1643 5140 1899 5195 orationis
1948 5143 2083 5202 ordo

499 5234 849 5294 proponatur,
885 5239 943 5283 ut
974 5240 1100 5287 est:
1144 5234 1313 5288 llomo
1358 5244 1470 5299 est,
1517 5238 1676 5294 homo
1719 5242 1921 5297 animal
1968 5253 2083 5310 est,

498 5322 657 5381 homo
700 5329 897 5397 currit,
926 5331 1086 5386 homo
1118 5334 1339 5402 pavidus
1370 5337 1556 5393 currit.
1588 5338 1679 5393 lla:
1710 5340 1852 5395 enim
1888 5359 2078 5413 propo-

494 5424 720 5481 sitiones
767 5429 884 5484 sine
933 5433 1312 5501 conjunctione
1364 5438 1646 5506 propositae
1693 5450 1849 5509 sunt,
1896 5454 1951 5499 et
2002 5444 2084 5500 lia:

494 5524 745 5583 dicuntur
796 5532 1185 5601 praedicativm,
1239 5552 1357 5606 qua:
1409 5552 1532 5592 sunt
1586 5558 1704 5594 cum
1763 5546 1980 5599 nomine
2031 5554 2085 5601 et

495 5620 683 5675 verbo.
714 5620 808 5677 Illa
838 5639 967 5680 vero
995 5642 1114 5697 quae
1144 5638 1270 5682 sunt
1300 5629 1609 5699 hujusmodi
1638 5649 1651 5685 :
1685 5634 1741 5688 Si
1775 5636 1854 5688 sol
1882 5646 1964 5689 est
1996 5652 2085 5691 su-

497 5736 590 5789 per
621 5734 815 5780 terram
860 5726 976 5784 dies
1025 5738 1137 5796 est,
1186 5730 1433 5801 duplices
1477 5744 1635 5805 atque
1687 5734 2081 5807 liypotheticzc,

496 5840 593 5881 nec
626 5841 729 5882 non
758 5828 917 5884 etiam
948 5831 1334 5889 conditionales
1369 5844 1643 5892 vocantur.
1685 5834 1908 5894 Ponitur
1934 5842 2074 5897 cnim

2203 516 2384 584 Quare
2413 515 2494 568 liae
2522 514 2795 585 simplices
2824 528 2931 568 non
2962 520 3119 578 sunt,
3150 512 3231 568 sol
3268 519 3353 569 est
3379 511 3554 578 enim,
3590 520 3645 567 et
3673 512 3784 568 dies

2201 617 2315 674 est,
2360 608 2479 663 duae
2526 608 2924 678 propositiones
2968 616 3122 675 sunt,
3156 624 3289 677 quas
3335 624 3439 664 una
3485 608 3786 678 conjunctio

2203 704 2270 773 si,
2301 704 2518 773 copulat
2548 713 2708 772 atque
2754 702 3049 773 componit.
3090 702 3198 757 Sed
3227 700 3297 757 de
3326 701 3408 756 his
3449 700 3634 756 nullus
3695 700 3788 757 hoc

2203 803 2340 858 libro
2370 810 2629 857 tractatus
2656 800 2961 856 habebitur.
2986 800 3163 867 Quare
3193 790 3445 869 queniam
3473 797 3542 853 de
3580 796 3781 866 simpli-

2201 893 2355 947 cibus
2381 890 2728 947 enuntiativis
2765 890 3103 947 orationibus
3134 897 3462 944 tractaturus
3487 898 3569 943 est
3588 930 3605 954 ,
3634 887 3683 942 id
3712 896 3787 942 est

2201 983 2270 1037 de
2297 981 2523 1051 simplici
2553 979 2915 1035 afﬁrmatione
2945 989 3001 1034 et
3041 980 3277 1047 simplici
3326 980 3633 1047 negatione,
3666 994 3789 1048 quo-

2203 1073 2451 1143 niamque
2477 1072 2864 1128 afﬁrmationes
2890 1080 2945 1127 et
2974 1073 3290 1141 negationes
3314 1070 3494 1126 verbis
3530 1085 3593 1124 ac
3628 1068 3788 1123 nomi-

2202 1166 2359 1220 nibus
2384 1167 2804 1236 conjunguntur,
2831 1175 2889 1220 ut
2918 1164 2971 1219 in
3001 1179 3067 1220 ea
3095 1179 3215 1233 qua:
3244 1174 3361 1220 est:
3394 1164 3566 1217 Homo
3595 1162 3785 1228 currit,

2202 1256 2579 1321 afﬁrmatione,
2610 1267 2695 1312 est
2738 1257 2901 1312 homo
2952 1270 3184 1325 nomen,
3226 1256 3394 1311 currit
3438 1254 3687 1309 verbum.
3726 1253 3787 1309 Et

2201 1361 2450 1401 rursum:
2487 1346 2656 1401 llomo
2698 1362 2802 1403 non
2848 1347 3048 1412 currit,
3082 1346 3292 1416 negatio
3336 1343 3525 1400 eodem
3579 1345 3787 1399 nomine

2204 1436 2477 1507 verboque
2505 1436 2869 1507 coniungitur.
2903 1437 3071 1493 Recte
3101 1437 3247 1506 prius
3276 1435 3346 1491 de
3383 1436 3618 1505 simplici
3649 1433 3787 1488 afﬁr-

2203 1526 2439 1583 matione
2493 1538 2547 1583 et
2595 1528 2663 1584 de
2714 1528 2947 1598 simplici
2992 1529 3309 1599 negatione,
3359 1528 3685 1596 omninoque
3724 1527 3786 1583 de

2202 1618 2574 1674 enuntiatione
2591 1619 2821 1690 simplici
2838 1620 3205 1690 disputaturos
3225 1629 3326 1675 est.
3341 1620 3601 1687 Quoniam
3618 1619 3785 1675 omnis

2205 1709 2502 1762 enuntiatio
2539 1710 2799 1778 simplex,
2832 1710 3010 1765 verbis
3055 1710 3470 1781 nominibusque
3516 1709 3785 1779 coojungi-

2204 1806 2310 1863 tur,
2343 1800 2571 1868 primam
2618 1801 3033 1870 disputationem
3061 1801 3129 1857 de
3180 1802 3484 1857 nominibus
3515 1811 3571 1857 et
3617 1802 3785 1857 verbis

2198 1888 2448 1945 insﬁtuit.
2477 1890 2571 1945 His
2601 1892 2745 1947 enim
2796 1892 2945 1962 prius
2985 1892 3052 1947 ad
3091 1894 3371 1949 scientiam
3422 1882 3785 1957 venientibus.

2199 1986 2313 2033 tota
2344 1978 2594 2038 facillime
2629 1991 2818 2036 natura
2865 1982 3122 2055 orationis
3167 1985 3429 2055 aperitur.
3467 1985 3541 2040 De
3589 1986 3777 2055 quibus

2199 2078 2379 2124 autem
2406 2071 2453 2125 ei
2484 2071 2537 2125 in
2571 2081 2684 2127 toto
2711 2071 2995 2128 dicendum
3040 2082 3125 2129 est
3150 2072 3329 2143 libro,
3365 2073 3630 2131 inchoans
3676 2076 3784 2145 ipse

2197 2160 2277 2214 sic
2306 2162 2579 2233 prOponit.

2812 2257 2899 2313 DE
2937 2257 3178 2316 SIGNIS.

2270 2348 2507 2403 Primum
2536 2359 2733 2420 oportet
2770 2351 3075 2406 constituere
3097 2351 3220 2420 quid
3247 2353 3313 2406 sit
3341 2368 3556 2419 nomen,
3587 2363 3636 2408 et
3663 2355 3782 2425 quid

2198 2443 2435 2507 verbum,
2466 2454 2641 2511 postea
2669 2442 2793 2513 quid
2822 2453 2897 2499 est
2922 2444 3146 2515 negatio,
3171 2453 3220 2498 et
3245 2445 3530 2515 afﬁrmatio,
3565 2455 3612 2502 et
3634 2463 3783 2501 ennu-

2180 2526 2363 2598 ‘tiatio,
2388 2543 2437 2586 et
2462 2534 2647 2589 oratio.
3652 2548 3661 2557 ο

2267 2623 2326 2677 lu
2361 2623 2644 2693 principio,
2690 2624 2895 2695 inquit,
2929 2624 3089 2697 huius
3134 2628 3405 2685 sermonis
3433 2629 3502 2685 de
3542 2633 3783 2689 enuntia-

2198 2716 2343 2772 tione
2372 2716 2686 2783 instituitur,
2715 2719 3061 2785 constitnere,
3095 2719 3147 2775 id
3177 2731 3259 2776 est
3287 2722 3539 2791 deﬁnire,
3567 2736 3782 2796 oportet

2198 2807 2324 2877 quid
2355 2824 2550 2864 nomen
2583 2810 2681 2874 sit,
2712 2810 2837 2879 quid
2866 2811 3109 2867 verbum.
3142 2811 3269 2870 Haec
3297 2817 3440 2871 enim
3474 2818 3555 2887 (ut.
3583 2818 3785 2873 dictum

2196 2898 2304 2968 est)
2331 2912 2546 2954 omnem
2575 2898 2903 2970 conjungere
2930 2904 3225 2958 orationem
3260 2904 3459 2961 valent.
3491 2908 3623 2975 Qum
3667 2923 3784 2964 ora-

2197 2988 2276 3043 tio
2300 3004 2470 3057 genus
2502 2998 2587 3046 est
2615 2992 2837 3046 aliarum
2861 2996 3189 3051 orationum.
3232 2995 3365 3052 Sunt
3392 2999 3538 3054 enim
3584 3001 3786 3070 princi-

2203 3080 2352 3150 pales
2396 3083 2632 3154 quinqne
2682 3088 2984 3142 orationum
3040 3088 3355 3146 differentia:
3395 3107 3411 3148 :
3464 3093 3560 3148 Est
3605 3103 3785 3151 autem

2182 3174 2370 3242 prima
2410 3177 2583 3231 oratio
2630 3176 3008 3249 deprecativa,
3040 3190 3137 3237 ut:
3186 3184 3395 3254 Jupiter
3444 3189 3787 3257 omnipotens

2205 3267 2451 3336 precibus
2480 3268 2525 3321 si
2566 3268 2798 3324 flecteris
2829 3271 2974 3326 u‘lis.
3008 3272 3252 3328 Secunda
3304 3276 3660 3346 imperativa,
3692 3289 3747 3333 ut
3774 3297 3787 3332 :

2198 3361 2434 3431 Suggere
2460 3362 2563 3416 tela
2599 3361 2747 3416 mihi.
2779 3361 2959 3417 Tertia
2991 3355 3408 3437 iiiterrogativa,
3439 3379 3534 3424 ut:
3568 3372 3688 3438 Quo
3715 3381 3789 3437 te.

2199 3455 2347 3510 Meri
2366 3496 2380 3521 ,
2425 3457 2619 3523 pedes?
2646 3456 2849 3523 Quarta
2876 3458 3137 3524 vocativa,
3170 3469 3230 3514 ut
3256 3477 3268 3513 :
3294 3461 3411 3517 Huc
3438 3466 3589 3528 ades,
3618 3479 3650 3518 ο
3683 3465 3789 3519 Με-

2201 3547 2395 3603 lihtee?
2420 3546 2617 3615 Quinta
2646 3549 3008 3615 enuntiativa,
3040 3550 3094 3605 in
3117 3566 3219 3621 qua
3246 3568 3431 3608 verum
3475 3556 3656 3611 inesse
3689 3556 3791 3611 fal-

2196 3655 2421 3710 sumque
2460 3639 2803 3710 perSpicitur.
2839 3640 3007 3711 Hujus
3037 3652 3217 3698 autem
3248 3644 3368 3701 dua:
3397 3656 3523 3702 sunt
3551 3649 3792 3718 species,

2197 3746 2301 3785 una
2346 3728 2654 3795 afﬁrmatio,
2696 3730 2861 3785 altera
2909 3733 3148 3801 negatio.
3195 3733 3494 3793 Afﬁrmatio
3538 3749 3655 3803 εει,
3692 3750 3795 3800 ut:

2201 3823 2373 3877 Homo
2418 3823 2615 3877 animal
2662 3832 2763 3877 est.
2809 3823 3051 3893 Negatio,
3097 3836 3189 3880 ut:
3226 3828 3395 3882 Homo
3438 3832 3637 3885 animal
3686 3849 3794 3893 non

2195 3925 2297 3970 est.
2342 3914 2483 3985 Ergo
2512 3914 2809 3970 orationem
2855 3918 3016 3973 verba
3062 3919 3386 3991 nominaque
3434 3924 3793 3980 constituunt.

2197 4006 2591 4062 Enuntiationis
2643 4015 2822 4064 autem
2876 4011 3047 4065 oratio
3090 4026 3261 4079 genus
3309 4021 3413 4068 est.
3469 4014 3796 4074 Enuntiatio

2196 4113 2325 4152 vero
2377 4098 2747 4156 afﬁrmationis
2802 4110 2855 4156 et
2906 4103 3225 4174 negationis.
3278 4105 3456 4173 Quare
3508 4110 3787 4165 elementa

2196 4191 2438 4261 quaedam
2469 4202 2595 4247 sunt
2617 4210 2736 4261 quat
2766 4195 3095 4267 coniungunt
3124 4199 3445 4267 orationem,
3487 4203 3707 4258 nomina
3738 4217 3799 4266 et

2200 4283 2359 4337 verba
2381 4324 2395 4349 ,
2430 4292 2484 4339 et
2512 4285 2580 4341 de
2610 4285 2691 4341 his
2735 4289 2970 4357 disputat
3014 4292 3271 4362 primum,
3306 4296 3502 4351 dehinc
3533 4300 3799 4366 proposi-

2199 4372 2355 4427 tionis
2381 4373 2516 4431 duas
2556 4376 2776 4433 ultimas
2817 4382 3022 4449 species
3051 4384 3245 4449 sumit,
3278 4395 3329 4439 et
3359 4385 3490 4440 dicit
3517 4401 3577 4441 se
3607 4387 3679 4443 de
3709 4388 3801 4441 af-

2199 4464 2496 4522 ﬁrmatione
2526 4477 2581 4522 et
2625 4472 2907 4539 negatione
2956 4473 3243 4529 dieturum.
3287 4476 3413 4531 Pest
3464 4478 3561 4531 has
3593 4480 3800 4533 harum

2195 4568 2362 4624 genus
2385 4559 2655 4627 proponit,
2686 4562 2736 4614 id
2760 4569 2842 4616 est
2862 4566 3310 4621 enuntiationem.
3339 4566 3595 4622 Ultimum
3630 4585 3801 4635 vero.

2198 4649 2338 4718 quod
2396 4649 2585 4706 horum
2640 4655 2934 4709 maximum
2985 4666 3096 4723 est,
3139 4659 3465 4713 orationem.
3510 4659 3607 4715 Est
3660 4676 3797 4715 vero

2192 4743 2588 4813 quodammodo
2612 4761 2910 4803 conversus
2940 4751 3074 4803 ordo
3101 4752 3168 4803 ab
3198 4752 3484 4817 speciebus
3515 4765 3694 4823 usque
3726 4754 3802 4807 ad

2191 4848 2375 4889 earum
2406 4850 2603 4906 genera
2636 4839 2810 4907 prima
2853 4842 3193 4909 perveniens.
3238 4842 3597 4914 Proponendo
3640 4848 3805 4901 enim

2191 4926 2259 4980 ab
2287 4926 2647 4984 afﬁrmatione
2671 4940 2725 4985 et
2756 4932 3037 5000 negatione
3059 4933 3123 4987 ad
3156 4936 3580 4991 enuntiationem
3600 4978 3616 5003 ,
3647 4938 3809 5005 quod

2188 5025 2274 5071 est
2303 5032 2490 5087 genus,
2521 5034 2801 5076 ascensum
2826 4994 2936 5077 est.
2976 5024 3062 5091 Ab
3090 5025 3464 5081 enuntiatione
3511 5026 3579 5082 ad
3610 4994 3836 5087 ennn-i

2172 5110 2429 5171 ,tiationis
2455 5126 2651 5182 genus,
2685 5115 2828 5183 quod
2858 5125 2942 5171 est
2960 5118 3157 5185 oratio,
3188 5120 3614 5187 propositionem
3652 5136 3796 5190 ope-

2194 5202 2270 5255 ris
2296 5203 2520 5271 levavit,
2555 5205 2772 5261 diverso
2817 5216 2995 5263 tamen
3040 5209 3199 5264 modo
3228 5212 3295 5264 ile
3339 5212 3553 5265 cunctis
3600 5211 3773 5281 dispu

2194 5302 2289 5348 tat.
2332 5293 2484 5351 Prius
2524 5300 2667 5352 enim
2708 5300 2774 5355 dc
2819 5302 3085 5365 oratione,
3120 5312 3241 5371 post
3278 5303 3345 5357 de
3389 5304 3807 5365 enuntiatione.

2194 5387 2388 5443 deinde
2417 5388 2484 5444 de
2514 5388 2897 5458 affirmatione,
2932 5375 3212 5463 postremo.
3233 5396 3298 5450 de
3330 5395 3659 5451 difﬁnitione
3697 5410 3805 5451 ue-

2191 5478 2422 5548 gationis
2450 5480 2732 5547 edisserit,
2764 5499 3027 5539 converso
3072 5486 3277 5540 scilicet
3305 5487 3516 5541 ordine.
3540 5486 3653 5542 Sed
3693 5485 3805 5540 hoc

2191 5570 2459 5637 posterius
2494 5572 2737 5639 liquebit.
2783 5573 2939 5641 Quod
2981 5586 3158 5630 autem
3207 5577 3353 5643 prius
3403 5577 3799 5646 negationem,

2190 5668 2373 5730 postea
2404 5662 2678 5730 proposuit
2715 5662 3159 5733 aftirmationeni,
3195 5667 3328 5722 nihil
3364 5668 3628 5737 interest,
3666 5683 3799 5722 cuiu

2188 5767 2373 5809 onmes
2404 5756 2613 5824 species
2657 5771 2877 5827 atqueve
2918 5756 3133 5814 sibimet
3173 5762 3314 5828 sint,
3356 5772 3411 5818 et
3452 5764 3544 5818 uni
3595 5762 3795 5833 generi

2186 5848 2469 5914 aequaliter
2531 5860 2923 5918 supponantur.
2972 5850 3233 5919 Quocirca
3281 5858 3323 5909 si
3375 5856 3673 5913 affirmatio
3736 5866 3792 5914 et
