4030 6336
225 266 330 328 ἓθτ

1017 272 1078 330 ΙΝ
1117 270 1372 330 LIBRUM
1413 270 1498 329 DE
1537 269 2185 329 INTERPRETATIONE
2225 270 2451 329 EDITIO
2490 271 2723 330 PRIMA.

3393 277 3499 332 298

226 388 441 456 negatio
467 387 848 444 enuntiationis
876 389 1080 458 species
1102 399 1244 457 sunt,
1276 399 1476 445 rectum
1509 401 1591 444 est
1626 406 1811 460 quam-
1845 395 1896 454 Α
1918 399 2041 445 sunt
2071 391 2122 444 in
2157 405 2310 456 voce,
2345 405 2530 445 earum
2572 405 2688 459 quae
2731 396 2852 442 sunt
2888 385 2940 441 in
2972 384 3146 442 anima
3190 389 3497 457 passionum

228 480 357 536 libet
383 494 566 536 earum
603 483 749 551 prius
786 482 1078 539 indiscrete
1108 499 1428 553 proponere.
1453 485 1814 550 Quemadmo-

224 574 356 629 dum
389 584 567 629 autem
618 575 909 630 afﬁrmatio
951 585 1006 630 et
1053 577 1266 647 negatio
1313 578 1522 646 species
1571 578 1814 632 enuntia-

228 668 392 723 tionis
429 668 569 734 sint,
603 677 658 724 et
697 669 811 725 haec
847 685 1032 726 earum
1071 685 1261 742 genus,
1304 671 1540 727 secunda
1579 671 1814 727 editione

228 763 640 817 monstrandum
667 769 798 819 est.f

307 874 442 929 Sunt
471 891 590 945 ergo
620 891 679 929 ea
708 891 821 945 qua:
848 884 963 930 sunt
1007 877 1060 929 in
1090 892 1226 940 voce,
1264 892 1440 931 earnm
1468 893 1582 948 qua:
1613 888 1730 932 sunt
1759 878 1815 932 in

230 967 407 1021 anima
445 970 768 1036 passionum,
799 979 950 1044 none,
977 976 1024 1021 et
1056 985 1113 1022 ea
1142 985 1256 1039 qua:
1294 971 1606 1033 scribuntur,
1638 984 1816 1022 eorum

230 1075 349 1127 qua:
369 1068 484 1112 sunt
509 1059 562 1111 in
592 1075 728 1113 voce.
757 1059 829 1112 Ac
851 1060 1276 1124 quemadmodum
1304 1076 1394 1114 nec
1423 1061 1605 1115 littera
1629 1062 1820 1115 aedem

232 1152 488 1214 omnibus.
512 1152 582 1204 sic
607 1167 691 1206 nec
714 1152 898 1205 etedem
920 1167 1080 1205 voces.
1109 1152 1340 1216 Quorum
1359 1164 1530 1206 autem
1551 1153 1632 1206 lue
1655 1153 1820 1220 primo

233 1252 394 1306 notar,
423 1243 613 1295 credent
656 1244 885 1295 omnibus
917 1243 1174 1310 passiones
1213 1243 1400 1296 animm
1436 1253 1588 1308 sunt,
1622 1253 1668 1298 et
1697 1259 1825 1313 quo-

234 1331 458 1385 rumine
495 1330 878 1399 similitudines,
908 1348 986 1385 res
1020 1333 1134 1402 jam
1175 1333 1384 1386 eaedem.
1422 1333 1499 1386 De
1545 1333 1623 1386 his
1651 1335 1824 1404 itaque

235 1424 431 1476 dictum
463 1434 534 1478 est
559 1425 612 1478 in
635 1423 715 1478 Itis
737 1440 850 1494 qua:
885 1426 1022 1478 dicta
1049 1433 1166 1479 sunt
1199 1426 1260 1480 de
1287 1426 1478 1480 anima.
1507 1426 1728 1482 Alterius
1751 1435 1826 1483 est

235 1519 371 1570 enim
402 1518 610 1585 negotii.

313 1606 574 1671 Quoniam
617 1622 808 1662 nomen
839 1616 891 1663 et
919 1609 1138 1664 verbum
1180 1610 1232 1663 in
1261 1609 1660 1664 deﬁnitionibus
1689 1612 1821 1680 suis,

242 1696 597 1766 signiticativa
628 1700 784 1766 paulo
808 1708 926 1769 post
955 1699 1324 1768 propositurus
1350 1711 1452 1769 est,
1482 1702 1710 1770 primum
1733 1717 1827 1756 ex-

1920 491 2080 548 notae,
2120 482 2172 536 id
2201 494 2302 547 est,
2350 482 2499 551 ipstn,
2533 483 2722 552 inquit,
2752 495 2908 535 voces
2937 480 3237 534 intellectus
3261 480 3347 550 qui
3376 492 3504 536 sunt

1918 574 2110 628 anima:
2143 573 2421 643 passiones
2457 574 2779 643 signiﬁcant,
2811 587 3104 642 eorumque
3132 583 3256 627 sunt
3300 573 3503 641 signiﬁ-

1919 667 2104 721 cativa:
2130 681 2145 731 ;
2171 681 2298 735 ergo
2328 681 2391 718 ea
2421 680 2535 734 quas
2563 675 2687 719 sunt
2715 666 2766 719 in
2794 679 2924 720 voce
2947 665 3246 735 signiticaut
3277 665 3416 728 illas,
3449 675 3506 720 et

1920 775 2101 814 earum
2130 768 2254 814 sunt
2285 767 2427 812 nota:
2448 773 2566 828 qua:
2597 766 2724 812 sunt
2751 757 2944 812 anima:
2976 757 3272 826 passiones.
3297 757 3508 811 Animae

1920 861 2097 906 autem
2139 852 2412 920 passiones
2445 849 2746 904 intellectus
2775 859 2916 904 Stlltl.
2949 848 3113 919 Igitur
3141 864 3203 903 ea
3232 864 3348 918 qna!
3382 856 3510 902 sunt

1922 943 1974 996 in
2001 957 2152 1009 voce,
2204 941 2573 996 intellectuum
2603 941 2702 1010 'qui
2743 950 2865 994 sunt
2906 941 2958 994 in
3000 941 3174 993 anima
3208 940 3506 1008 pas-iones,

1924 1043 2066 1089 nota:
2103 1043 2226 1088 sunt
2269 1047 2471 1104 eosque
2512 1031 2835 1102 signiﬁcant.
2886 1032 3146 1099 Quoniam
3188 1030 3290 1094 his,
3335 1030 3384 1083 id
3428 1039 3511 1086 est

1924 1126 2180 1190 vocibus,
2225 1126 2401 1180 omnis
2442 1124 2770 1193 signiﬁcatur
2816 1123 3162 1192 intelligentia
3213 1122 3511 1190 mentisque

1925 1217 2230 1286 conceptio.
2257 1218 2327 1270 At
2355 1230 2484 1270 vero
2505 1214 2645 1285 quod
2668 1213 2872 1269 addidit
2905 1231 2917 1265 :
2950 1213 3018 1267 Et
3043 1229 3102 1268 ea
3131 1229 3249 1282 quae
3271 1211 3513 1267 scribun-

1928 1321 2045 1376 tur,
2091 1324 2276 1364 eorum
2327 1324 2447 1378 qua:
2508 1316 2635 1363 sunt
2682 1308 2733 1361 in
2779 1321 2943 1373 voce,
2995 1305 3322 1359 tantumdem
3373 1303 3513 1362 valet

1927 1410 2184 1472 quantum
2215 1401 2259 1454 si
2290 1399 2533 1454 diceret:
2568 1397 2717 1451 Nota:
2745 1404 2872 1450 sunt
2903 1395 3095 1450 littera:
3124 1410 3242 1463 qua:
3266 1394 3513 1449 scribun-

1929 1501 2013 1548 tur
2039 1493 2323 1549 verborum
2359 1501 2415 1546 et
2455 1491 2733 1545 nominum
2766 1503 2886 1558 quae
2925 1497 3048 1543 sunt
3075 1489 3126 1542 in
3162 1503 3314 1542 vove.
3360 1488 3515 1542 Ilion-

1925 1588 2116 1644 stravit
2156 1586 2314 1656 igitur
2343 1599 2502 1641 voces
2544 1584 2905 1639 intellectuum
2945 1596 3067 1637 esse
3105 1580 3515 1653 signiﬁcativ'as,

1927 1689 1979 1734 et
2011 1679 2213 1733 litteras
2247 1691 2435 1732 vocum
2463 1693 2478 1742 ;
2507 1691 2647 1732 nunc
2677 1675 2743 1730 de
2772 1690 2958 1730 eorum
2990 1683 3174 1728 natura
3206 1680 3515 1743 pertractat,

241 1787 408 1855 plicat
450 1803 670 1856 quorum
712 1768 819 1842 sint
856 1788 1205 1858 signilicativa
1247 1768 1578 1860 qumcunque
1624 1791 1827 1861 signiti-

1941 1772 2117 1828 dicens
2159 1789 2171 1824 :
2205 1771 2271 1826 Et
2296 1770 2745 1842 quemadmodum
2779 1784 2878 1826 nec
2916 1769 3105 1824 litterae
3131 1768 3381 1823 omnibus
3410 1782 3519 1822 eaea

245 1885 396 1943 cant,
425 1878 475 1932 id
506 1888 606 1944 est,
639 1894 758 1949 quae
781 1878 1063 1950 designent
1086 1881 1256 1950 ipsum
1289 1896 1484 1937 nomen
1506 1893 1560 1938 et
1583 1884 1828 1938 verbum.

241 1966 380 2024 Tota
415 1981 594 2026 autem
634 1973 770 2027 ratio
809 1986 999 2026 sensus
1040 1973 1342 2042 huiusmodi
1379 1984 1462 2029 est
1499 1992 1513 2028 :
1555 1974 1678 2029 Tria
1707 1983 1833 2030 sunt

240 2073 312 2116 ex
341 2061 532 2130 quibus
562 2063 738 2118 omnis
767 2063 1053 2118 collocutio
1095 2064 1492 2135 disputatioqne
1522 2067 1828 2137 perﬁcitur,

243 2168 358 2219 res,
398 2156 722 2225 intellectus,
755 2171 936 2212 voces.
968 2158 1073 2214 Res
1100 2166 1226 2214 sunt
1255 2174 1387 2227 quas
1415 2160 1584 2214 animi
1625 2161 1833 2216 ratione

247 2247 606 2317 percipimus,
660 2249 1043 2320 intellectuque
1087 2251 1464 2306 discernimus.
1526 2252 1834 2308 Intellectus

247 2351 376 2392 vero
415 2339 605 2408 quibus
647 2355 733 2395 res
773 2340 916 2409 ipsas
955 2341 1301 2398 addiscimus.
1329 2342 1501 2398 Voces
1544 2345 1738 2414 quibus
1781 2344 1835 2399 id

248 2430 391 2501 quod
433 2431 705 2487 intellectu
744 2433 1006 2502 capimus,
1051 2434 1436 2502 signiﬁcamus.
1487 2434 1687 2490 Praeter
1722 2435 1836 2490 haec

245 2532 426 2576 autem
464 2524 562 2576 tria
591 2533 676 2578 est
704 2524 850 2579 aliud
880 2523 1131 2594 quiddam
1162 2524 1306 2595 quod
1357 2524 1623 2595 signiﬁcat
1651 2540 1833 2594 voces,

246 2611 335 2667 Ine
363 2624 486 2668 sunt
513 2614 723 2679 litterze,
757 2615 944 2670 harum
970 2616 1117 2670 enim
1145 2616 1370 2685 scriptio
1401 2631 1592 2672 vocum
1626 2617 1834 2686 signiﬁ-

246 2707 388 2761 catio
413 2715 516 2762 est.
547 2706 679 2762 Cum
702 2706 888 2778 rigitur
917 2707 1033 2762 hmc
1060 2707 1168 2763 sint
1205 2718 1455 2778 quatuor,
1478 2723 1588 2775 res,
1628 2708 1838 2764 intelle-

247 2808 387 2864 etus,
411 2841 427 2867 ,
457 2814 559 2855 vox
602 2799 796 2865 littera;
846 2814 959 2854 rem
1005 2800 1240 2868 concipit
1273 2799 1600 2865 intellectus,
1632 2799 1841 2855 intelle-

251 2908 399 2951 ctum
435 2908 562 2949 vero
602 2909 762 2950 voces
789 2894 1090 2966 designant,
1118 2895 1259 2964 ipsas
1294 2907 1424 2950 vero
1457 2907 1617 2949 voces
1644 2893 1839 2948 littera:

257 2984 579 3054 signiﬁcant.
627 2985 929 3041 Intellectus
976 3000 1105 3040 vero
1147 2986 1340 3040 animae
1377 2985 1623 3056 quaedam
1660 2984 1840 3056 passio

254 3074 488 3130 est.Nisi
519 3077 658 3131 enim
685 3077 966 3146 quamdam
997 3061 1404 3133 similitudinem
1434 3077 1513 3133 rei
1534 3092 1694 3147 quam
1715 3077 1836 3146 quis

1932 1864 2076 1929 dem,
2123 1865 2202 1918 sic
2245 1878 2346 1918 nec
2392 1864 2594 1919 eadem
2633 1877 2813 1918 voces.
2857 1862 2969 1916 IIoc
3006 1861 3072 1916 ad
3119 1860 3518 1921 monstrandum

1934 1960 2074 2014 valet
2102 1974 2262 2014 voces
2284 1970 2339 2014 et
2360 1959 2568 2014 litteras
2592 1959 2857 2028 positione
2878 1956 3151 2023 constitui,
3177 1973 3282 2013 non
3308 1968 3518 2013 natura.

1936 2049 2148 2104 Etenim
2183 2051 2414 2106 diversa:
2441 2051 2581 2121 apud
2609 2051 2852 2107 diversos
2881 2061 3005 2106 sunt
3031 2065 3188 2106 voces
3225 2061 3277 2106 et
3310 2052 3519 2118 litterze,

1935 2149 1990 2205 et
2014 2141 2458 2210 quemadmodum
2498 2143 2690 2198 litterae
2728 2145 2933 2200 eaedem
2960 2144 3098 2215 apud
3130 2159 3316 2200 omnes
3348 2144 3522 2199 homi-

1939 2247 2034 2288 nes
2060 2250 2167 2289 non
2194 2234 2557 2300 inveniuntur,
2585 2235 2655 2289 ita
2686 2251 2899 2306 quoque
2923 2252 3022 2292 nec
3047 2250 3223 2291 voces.
3243 2239 3418 2303 Quare
3442 2235 3521 2291 htn

1938 2330 2231 2384 secundum
2264 2330 2582 2398 positionem
2621 2338 2762 2394 sunt,
2811 2330 2952 2399 quod
2997 2331 3110 2399 ipse
3146 2330 3358 2384 reticuit
3383 2329 3524 2389 velut

1940 2421 2180 2490 planum.
2219 2421 2556 2475 llianifestum
2587 2422 2729 2476 enim
2771 2434 2873 2487 est,
2922 2422 3060 2491 quod
3088 2438 3181 2494 per
3210 2435 3395 2493 gentes
3418 2424 3524 2478 sin~

1939 2511 2090 2579 gulas
2127 2521 2475 2580 permittatur,
2511 2511 2612 2592 hoc
2640 2528 2744 2566 non
2772 2522 2961 2567 natura
3003 2514 3348 2568 constitutum
3383 2528 3524 2584 esse,

1942 2603 2037 2658 sed
2070 2604 2354 2673 positione.
2383 2605 2537 2672 Quod
2568 2621 2696 2658 vero
2718 2605 2957 2660 addidit:
2981 2606 3214 2672 Quorum
3239 2615 3415 2659 autem
3443 2607 3526 2664 ha:

1944 2696 2171 2764 primum
2200 2704 2338 2749 notae
2364 2705 2512 2762 sunt,
2536 2696 2737 2750 emd'em
2760 2695 3012 2751 omnibus
3036 2697 3313 2764 passiones
3333 2699 3525 2754 anima

1943 2796 2088 2854 sunt,
2118 2797 2174 2843 et
2199 2788 2431 2858 quoruni
2458 2787 2542 2842 hae
2573 2787 2975 2856 similitudines,
2998 2802 3085 2844 res
3113 2789 3271 2843 etiam
3302 2788 3526 2854 eaedem,

1944 2877 2011 2931 ad
2041 2877 2144 2932 hoc
2179 2880 2428 2948 pertinet,
2463 2888 2520 2933 ut
2545 2880 2816 2934 naturales
2855 2895 2978 2936 esse
3006 2895 3094 2935 res
3125 2880 3527 2950 intellectusque

1943 2971 2200 3027 declaret.
2255 2973 2398 3028 Idem
2442 2988 2672 3044 namque
2719 2975 2799 3047 (ut
2840 2974 3039 3030 dictum
3080 2973 3183 3045 est)
3230 2973 3528 3032 intellectus

1947 3066 2224 3134 passiones
2244 3066 2440 3123 anima:
2460 3077 2604 3134 sunt,
2633 3083 2816 3124 rerum
2832 3084 2958 3125 vero
2979 3069 3370 3127 similitudines.
3391 3071 3529 3141 Ergo

251 3165 504 3235 intelligit
529 3167 582 3220 in
611 3167 804 3222 animae
828 3167 1036 3223 ratione
1071 3171 1326 3237 patiatur,
1355 3169 1532 3224 nullus
1559 3178 1641 3224 est
1673 3168 1836 3224 intel-
1870 3181 1916 3246 (ς
1952 3170 2091 3212 nunc
2112 3157 2328 3228 (ιυίάεηι
2360 3158 2463 3214 hoc
2485 3160 2643 3215 die":
2675 3160 2911 3226 Quorum
2935 3161 3040 3228 Ιιω,
3065 3162 3118 3217 id
3139 3171 3221 3218 est
3252 3177 3434 3229 V0088.
3463 3162 3530 3220 d6

253 3258 448 3315 lectus.
479 3258 611 3314 Cum
644 3260 786 3315 enim
810 3260 969 3317 video
999 3262 1186 3318 orbem
1210 3261 1296 3318 vel
1335 3263 1676 3331 quadratum,
1703 3263 1840 3334 ﬁgu-

253 3364 372 3406 ram
399 3350 515 3420 ejus
555 3362 734 3408 mente
762 3353 1031 3423 concipio,
1061 3363 1114 3408 et
1139 3353 1262 3423 ejus
1296 3353 1426 3409 mihi
1465 3355 1757 3411 similitudo
1783 3355 1840 3411 in

255 3439 452 3496 animte
481 3443 688 3498 ratione
717 3444 996 3509 formatur,
1036 3445 1339 3516 patiturque
1371 3447 1546 3502 anima
1574 3449 1652 3503 rei
1679 3448 1841 3502 intel-

255 3532 409 3589 lectae
437 3535 874 3604 similitudinem,
906 3537 1046 3594 unde
1073 3537 1131 3592 ﬁt
1160 3549 1218 3594 ut
1245 3538 1584 3609 intellectus,
1612 3550 1667 3596 et
1689 3541 1840 3596 simi-

257 3623 426 3680 litudo
448 3628 517 3682 sit
545 3628 646 3694 rei,
677 3637 733 3685 et
757 3631 947 3684 animae
979 3631 1178 3701 passio.
1211 3631 1411 3686 Horum
1441 3641 1623 3688 autem
1653 3648 1842 3690 rursus

258 3717 641 3786 quatuor,du:e
661 3729 784 3776 sunt
803 3722 1095 3789 naturales,
1111 3723 1231 3778 duae
1248 3723 1541 3778 secundum
1564 3724 1840 3780 hominum

258 3809 598 3879 positionem.
615 3811 789 3869 Voces
811 3829 1039 3884 namque
1059 3825 1114 3871 et
1141 3817 1330 3872 litterae
1356 3818 1645 3875 secundum
1671 3819 1846 3875 homi-

260 3915 387 3955 num
416 3903 735 3973 positionem
767 3915 910 3962 sunt.
942 3907 1246 3965 InteIIeCtus
1274 3919 1452 3966 autem
1483 3920 1538 3966 et
1565 3927 1650 3967 res
1680 3921 1841 3967 natu-

261 3993 470 4049 raliter.
517 3996 630 4052 Iloc
678 3996 768 4052 illo
817 4000 1172 4069 approbatur,
1218 4003 1362 4072 quod
1411 4003 1552 4073 apud
1601 4005 1843 4060 diversas

261 4107 451 4164 gentes
489 4099 714 4156 diversis
755 4101 978 4157 vocibus
1021 4095 1250 4158 utuntur'
1284 4112 1333 4158 et
1377 4103 1589 4159 litteris.
1619 4104 1843 4170 {Idcirco

262 4188 517 4258 quoniam
548 4190 648 4258 ipsi
672 4193 766 4248 sibi
799 4209 982 4262 voces,
1017 4195 1210 4264 quibus
1230 4203 1528 4259 uterentur,
1559 4208 1608 4250 et
1635 4196 1843 4254 litteras

261 4279 458 4350 quibus
485 4281 803 4347 scriberent,
845 4296 1280 4351 composuerunt.
1327 4287 1634 4342 Intellectus
1663 4297 1844 4342 autem

261 4381 319 4428 et
346 4387 434 4427 res
458 4372 636 4428 nullus
658 4375 856 4444 posuit,
876 4374 970 4429 sed
996 4374 1311 4430 naturaliter
1330 4385 1474 4430 sunt.
1491 4375 1675 4446 Neque
1699 4377 1842 4432 enim

259 4464 406 4534 quod
427 4466 568 4535 apud
593 4465 862 4521 Itomanos
889 4475 971 4522 est
999 4481 1185 4537 equus,
1211 4466 1349 4536 apud
1378 4468 1631 4523 barbaros
1653 4483 1844 4524 cervus

1946 3249 2137 3319 quibus
2164 3264 2322 3319 supra
2345 3251 2574 3322 dixerat,
2607 3263 2749 3308 notae
2772 3265 2895 3309 sunt
2913 3295 2928 3320 ,
2958 3255 3162 3311 eaedem
3190 3263 3315 3311 sunt
3340 3255 3529 3314 anima

1943 3343 2247 3411 passiones,
2279 3352 2334 3398 et
2359 3350 2418 3398 ut
2438 3358 2535 3399 nec
2558 3344 2753 3400 litterae
2780 3356 2904 3400 sunt
2932 3346 3158 3415 eaedem,
3191 3347 3270 3403 sic
3300 3362 3399 3404 nec
3427 3363 3530 3404 εαξη

1941 3443 2065 3498 dem
2092 3457 2270 3498 voces.
2293 3443 2531 3510 Quorum
2552 3458 2684 3513 ergo
2706 3443 2790 3499 ha:
2813 3459 2974 3500 voces
2997 3446 3361 3516 signiﬁcativa‘:
3385 3458 3507 3503 sunt
3521 3486 3532 3515 ,

1945 3545 1997 3600 id
2019 3555 2100 3600 est
2121 3546 2426 3614 passionum
2447 3546 2660 3610 animae,
2683 3546 2767 3602 hae
2787 3556 2912 3601 sunt
2931 3547 3072 3616 apud
3095 3562 3281 3603 omnes
3300 3548 3504 3603 eaedem

1942 3637 2248 3707 signiﬁcant
2286 3647 2466 3694 autem
2507 3641 2683 3708 voces}
2712 3638 2802 3694 illa
2849 3655 2968 3710 qua:
3008 3649 3132 3694 sunt
3193 3641 3528 3696 intellectus:

1945 3731 2250 3786 intellectus
2281 3731 2439 3801 igitur
2481 3731 2671 3786 animae
2703 3731 2879 3800 passio
2907 3742 3018 3798 est,
3050 3732 3189 3801 apud
3218 3746 3404 3787 omnes
3437 3733 3531 3789 bo-

1948 3822 2119 3879 mines
2148 3839 2253 3877 non
2281 3823 2515 3879 diversa.
2544 3823 2684 3894 Ergo
2713 3823 2969 3878 naturalis
2991 3823 3127 3893 apud
3151 3838 3338 3878 omnes
3360 3824 3531 3878 homin

1945 3928 2044 3971 nes
2071 3925 2152 3971 est
2183 3915 2346 3970 animi
2374 3917 2652 3984 conceptio
2678 3925 2836 3984 atque
2858 3916 3050 3970 animae
3074 3917 3272 3984 passio.
3295 3914 3533 3982 Quorum

1947 4016 2076 4062 sunt
2105 4016 2246 4062 nota:
2270 4022 2335 4077 ea
2359 4023 2479 4078 quae
2506 4019 2787 4063 versantur
2815 4008 2867 4063 in
2897 4008 3136 4063 vocibus.
3168 4009 3332 4064 Docet
3355 4019 3533 4064 autem

1948 4106 2005 4152 et
2024 4113 2112 4154 res
2149 4113 2370 4167 quarum
2393 4108 2518 4153 sunt
2546 4099 2918 4154 similitudines
2942 4099 3241 4153 intellectus
3269 4107 3322 4153 et
3341 4101 3534 4154 anima

1949 4189 2252 4257 passiones,
2283 4182 2402 4243 esse
2432 4203 2538 4244 non
2566 4189 2848 4259 positione,
2873 4190 2966 4244 sed
2994 4190 3304 4245 naturaliter
3329 4191 3534 4245 consti-

1951 4287 2115 4333 tutas.
2149 4277 2354 4335 Idcirco
2377 4280 2516 4346 quod
2548 4280 2630 4334 hae
2652 4295 2738 4336 res
2759 4295 2984 4352 quarum
3007 4281 3388 4338 similitudines
3409 4289 3532 4336 sunt

1952 4372 2291 4438 intellectus,
2340 4374 2429 4442 qui
2481 4372 2781 4428 intellectus
2827 4373 3019 4428 animae
3064 4374 3339 4442 passiones
3387 4381 3534 4440 sunt,

1953 4464 2094 4532 apud
2123 4479 2310 4519 omnes
2340 4463 2544 4519 eaedem
2574 4473 2717 4519 sunt.
2750 4463 2862 4518 Hoc
2890 4471 2973 4519 est
2999 4463 3141 4519 enim
3173 4465 3313 4535 quod
3342 4464 3436 4530 ait,
3469 4465 3534 4520 Et

263 4564 366 4621 est,
413 4556 505 4612 sed
543 4557 682 4625 apud
720 4557 958 4612 diversas
996 4569 1182 4627 gentes
1221 4557 1408 4614 eadem
1447 4574 1623 4614 rerum
1659 4570 1846 4616 natura
1877 4575 1932 4637 D
1957 4570 2184 4625 quorum
2215 4555 2297 4610 ha:
2325 4555 2736 4623 similitudines,
2768 4554 2973 4610 scilicet
2998 4556 3193 4611 anima:
3220 4559 3530 4625 passiones,

261 4659 370 4704 est.
399 4647 661 4704 Praeterea
676 4665 848 4720 neque
860 4649 999 4720 quod
1017 4664 1113 4704 nos
1132 4648 1475 4718 intelligimus
1493 4665 1612 4706 esse
1625 4666 1842 4722 equum,

263 4750 452 4792 canem
473 4739 684 4794 barbari
709 4749 916 4809 putant.
946 4741 1051 4797 Sed
1077 4741 1263 4797 eadem
1288 4742 1427 4811 apud
1450 4743 1844 4799 diversissimas

265 4839 454 4899 gentes
484 4830 902 4896 substantiarum
938 4833 1413 4903 intellectuumque
1442 4834 1576 4890 ratio
1603 4845 1683 4890 est
1713 4851 1843 4890 cun-

264 4921 471 4974 stituta.
511 4921 686 4988 Quare
716 4921 837 4975 duae
866 4921 1051 4977 harum
1080 4935 1204 4979 sunt
1244 4927 1535 4984 secundum
1567 4928 1843 4983 hominum

264 5011 610 5082 positionem,
656 5012 713 5067 id
751 5022 835 5066 est
860 5027 1018 5068 voces
1055 5023 1110 5070 et
1144 5016 1353 5080 litterae,
1394 5017 1512 5071 duae
1551 5019 1845 5073 secundum

263 5114 533 5170 naturam,
561 5118 648 5160 res
667 5113 722 5158 et
746 5104 1063 5160 intellectus.
1089 5105 1237 5162 Nunc
1260 5121 1388 5177 ergo
1414 5107 1514 5162 hoc
1537 5107 1688 5174 dicit,
1711 5123 1847 5178 quo-

264 5192 415 5247 niam
466 5209 622 5249 voces
664 5194 882 5264 quidem
928 5195 1233 5266 signiﬁcant
1281 5198 1604 5253 intellectum
1633 5240 1649 5266 ,
1701 5199 1846 5267 ipsas

262 5282 428 5338 etiam
454 5298 612 5340 voces
633 5285 823 5341 litterae
845 5286 1165 5356 significant.
1189 5287 1324 5344 Sunt
1345 5297 1520 5343 autem
1544 5289 1847 5344 intellectus

263 5376 460 5432 anima:
483 5377 846 5447 passiones,et
867 5393 1028 5436 voces
1049 5381 1264 5452 quidem
1287 5391 1342 5437 et
1363 5383 1554 5436 litterae
1574 5381 1846 5437 naturales

264 5482 376 5522 non
407 5479 553 5524 sunt.
586 5471 1046 5538 Quemadmodum
1070 5475 1211 5528 enim
1238 5490 1336 5527 vox
1364 5489 1469 5528 non
1495 5473 1680 5528 eadem
1705 5472 1846 5543 apud

265 5570 459 5612 omnes
492 5570 702 5630 gentes,
733 5562 804 5617 ita
839 5579 936 5620 nec
962 5565 1171 5620 littera).
1201 5566 1308 5621 Sed
1347 5566 1648 5620 intellectus
1679 5574 1734 5620 et
1760 5580 1849 5621 res

265 5651 487 5705 easdem
518 5655 660 5721 apud
697 5672 882 5712 omnes
918 5659 1207 5727 quamlibet
1235 5659 1622 5712 diversissimas
1661 5668 1850 5727 gentes

269 5741 534 5800 invenies.
561 5746 739 5814 Atque
765 5747 865 5801 hoc
893 5761 975 5803 est
1003 5751 1146 5818 quod
1174 5752 1246 5808 ait
1276 5767 1290 5806 :
1322 5750 1455 5809 Sunt
1481 5764 1609 5822 ergo
1636 5764 1698 5807 ea
1725 5764 1844 5819 quae

556 5862 828 5924 Panos.
875 5861 1102 5930 LXIV.

1955 4662 2076 4716 qua:
2101 4655 2228 4701 sunt
2251 4645 2629 4701 similitudines
2661 4661 2860 4711 rerum,
2893 4660 2980 4702 res
3009 4645 3171 4702 etiam
3200 4647 3422 4701 eaedem.
3455 4647 3536 4703 Ac

1953 4738 2002 4793 si
2046 4738 2249 4793 diceret
2285 4753 2299 4790 :
2332 4737 2580 4803 .Quorum
2627 4737 2928 4793 intellectus
2971 4746 3096 4792 sunt
3135 4739 3535 4793 similitudines.

1955 4828 2057 4896 Qui
2083 4827 2385 4883 intellectus
2410 4829 2600 4883 anima:
2619 4832 2892 4899 passiones
2918 4837 3065 4898 sunt,
3100 4829 3150 4884 id
3177 4838 3260 4885 est
3288 4845 3373 4885 res
3392 4828 3534 4896 apud

1955 4937 2145 4977 omnes
2175 4922 2374 4978 easdem
2405 4931 2546 4978 sunt.
2579 4923 2730 4991 Quod
2760 4931 2934 4980 autem
2967 4925 3036 4978 ita
3061 4924 3270 4994 posuit:
3294 4923 3534 4991 Quorum

1956 5021 2135 5068 autem
2167 5013 2250 5067 hae
2279 5013 2506 5084 primum
2534 5023 2695 5079 notae,
2721 5013 2825 5070 hoc
2844 5014 3038 5070 sentit:
3059 5014 3126 5070 de
3146 5013 3367 5069 vocibus
3389 5013 3534 5068 enim

1957 5105 2370 5176 dieit,quoniam
2392 5123 2618 5178 quorum
2639 5121 2801 5164 voces
2823 5109 3052 5179 primum
3076 5116 3216 5162 notae
3236 5116 3378 5170 sunt,
3394 5104 3536 5175 apud

1957 5213 2146 5255 omnes
2173 5202 2372 5257 eaedem
2403 5211 2528 5257 sunt
2551 5203 2747 5258 animm
2773 5197 3190 5273 passiones.Vo‘x
3214 5199 3353 5255 enim
3369 5198 3534 5254 etiam

1957 5291 2284 5349 intellectum
2314 5295 2392 5350 rei
2420 5295 2702 5365 signiﬁcat,
2734 5303 2790 5349 et
2815 5294 2982 5365 ipsam
3011 5308 3146 5349 rem.
3169 5291 3237 5348 Ut
3261 5305 3381 5346 cum
3412 5288 3536 5344 dico

1957 5383 2115 5455 lapis,
2142 5395 2197 5441 et
2226 5387 2552 5442 intellectum
2586 5387 2787 5459 lapides
2811 5397 2866 5444 et
2895 5391 3066 5458 ipsum
3095 5386 3344 5458 lapidem,
3371 5384 3421 5438 id
3451 5391 3534 5439 est

1956 5475 2125 5544 ipsam
2166 5477 2515 5535 substantiam
2550 5479 2810 5550 designat.
2840 5479 2944 5535 Sed
2993 5481 3137 5549 prius
3176 5477 3529 5546 intellectum,

1955 5567 2192 5622 secundo
2232 5584 2358 5625 vero
2400 5571 2520 5625 loco
2554 5585 2664 5626 rem
2706 5570 2988 5641 signiﬁcat.
3025 5569 3165 5637 Ergo
3203 5583 3309 5623 non
3351 5569 3534 5623 omnia

1956 5675 2075 5730 qua:
2096 5676 2199 5716 vos
2230 5663 2490 5731 signiﬁcat
2513 5665 2788 5731 passiones
2813 5661 3005 5715 animae
3029 5669 3172 5727 sunt,
3191 5658 3285 5714 sed
3311 5659 3394 5712 illa
3418 5659 3532 5712 sola

1958 5767 2078 5826 qua:
2108 5755 2308 5824 prima;
2341 5755 2514 5826 primo
2543 5755 2684 5812 enim
2717 5753 3045 5823 signiﬁcatur
3075 5751 3409 5816 intellectus,
3443 5760 3531 5804 se-

3063 5861 3142 5923 10
3525 5877 3570 5923 \_

3563 5919 3589 5940 ν
