  <div class='ocr_page' id='page_1' title='image "/cluster/home/n/w/nwhite01/storage/ocr_20150623/64/hvd.32044024222309/157.png"; bbox 0 0 4022 6328; ppageno 0'>
   <div class='ocr_carea' id='block_1_1' title="bbox 518 225 619 284">
    <p class='ocr_par' dir='ltr' id='par_1_1' title="bbox 518 225 619 284">
     <span class='ocr_line' id='line_1_1' title="bbox 518 225 619 284; baseline -0.03 0"><span class='ocrx_word' id='word_1_1' title='bbox 518 225 619 284; x_wconf 71' lang='grc'>299</span> 
     </span>
    </p>
   </div>
   <div class='ocr_carea' id='block_1_2' title="bbox 1739 180 2555 289">
    <p class='ocr_par' dir='ltr' id='par_1_2' title="bbox 1739 180 2555 289">
     <span class='ocr_line' id='line_1_2' title="bbox 1739 180 2555 289; baseline 0 -8"><span class='ocrx_word' id='word_1_2' title='bbox 1739 225 1849 281; x_wconf 72' lang='grc' dir='ltr'>ΑΝ.</span> <span class='ocrx_word' id='word_1_3' title='bbox 1891 224 2101 283; x_wconf 74' lang='lat' dir='ltr'><strong>MANL.</strong></span> <span class='ocrx_word' id='word_1_4' title='bbox 2140 223 2293 289; x_wconf 73' lang='lat' dir='ltr'>sev.</span> <span class='ocrx_word' id='word_1_5' title='bbox 2334 225 2555 283; x_wconf 79' lang='lat' dir='ltr'>eam</span> 
     </span>
    </p>
   </div>
   <div class='ocr_carea' id='block_1_3' title="bbox 3672 224 3773 281">
    <p class='ocr_par' dir='ltr' id='par_1_3' title="bbox 3672 224 3773 281">
     <span class='ocr_line' id='line_1_3' title="bbox 3672 224 3773 281; baseline 0 0"><span class='ocrx_word' id='word_1_6' title='bbox 3672 224 3773 281; x_wconf 75' lang='lat'>300</span> 
     </span>
    </p>
   </div>
   <div class='ocr_carea' id='block_1_4' title="bbox 517 334 3774 411">
    <p class='ocr_par' dir='ltr' id='par_1_4' title="bbox 517 334 3774 411">
     <span class='ocr_line' id='line_1_4' title="bbox 517 334 3774 411; baseline -0.001 -17"><span class='ocrx_word' id='word_1_7' title='bbox 517 337 693 394; x_wconf 88' lang='lat' dir='ltr'>eundo</span> <span class='ocrx_word' id='word_1_8' title='bbox 722 352 852 394; x_wconf 88' lang='lat' dir='ltr'>vero</span> <span class='ocrx_word' id='word_1_9' title='bbox 882 338 1000 394; x_wconf 93' lang='lat' dir='ltr'>loco</span> <span class='ocrx_word' id='word_1_10' title='bbox 1026 353 1133 393; x_wconf 91' lang='lat' dir='ltr'>res.</span> <span class='ocrx_word' id='word_1_11' title='bbox 1148 337 1252 394; x_wconf 89' lang='lat' dir='ltr'>Sed</span> <span class='ocrx_word' id='word_1_12' title='bbox 1275 337 1577 393; x_wconf 84' lang='lat' dir='ltr'>intellectus</span> <span class='ocrx_word' id='word_1_13' title='bbox 1600 337 1879 408; x_wconf 74' lang='lat' dir='ltr'>passiones</span> <span class='ocrx_word' id='word_1_14' title='bbox 1898 340 2091 392; x_wconf 71' lang='lat' dir='ltr'>animm</span> <span class='ocrx_word' id='word_1_15' title='bbox 2120 341 2174 411; x_wconf 71' lang='grc' dir='ltr'><strong>Α</strong></span> <span class='ocrx_word' id='word_1_16' title='bbox 2195 348 2277 395; x_wconf 92' lang='lat' dir='ltr'>est</span> <span class='ocrx_word' id='word_1_17' title='bbox 2304 338 2501 393; x_wconf 89' lang='lat' dir='ltr'>veritas</span> <span class='ocrx_word' id='word_1_18' title='bbox 2533 336 2859 407; x_wconf 77' lang='lat' dir='ltr'>falsitasque,</span> <span class='ocrx_word' id='word_1_19' title='bbox 2888 336 2940 393; x_wconf 92' lang='lat' dir='ltr'>in</span> <span class='ocrx_word' id='word_1_20' title='bbox 2970 351 3072 407; x_wconf 82' lang='lat' dir='ltr'>qua</span> <span class='ocrx_word' id='word_1_21' title='bbox 3102 334 3399 411; x_wconf 73' lang='lat' dir='ltr'>prolatione</span> <span class='ocrx_word' id='word_1_22' title='bbox 3422 335 3573 397; x_wconf 82' lang='lat' dir='ltr'>vocis</span> <span class='ocrx_word' id='word_1_23' title='bbox 3599 350 3774 393; x_wconf 82' lang='lat' dir='ltr'>enun-</span> 
     </span>
    </p>
   </div>
   <div class='ocr_carea' id='block_1_5' title="bbox 518 429 2088 501">
    <p class='ocr_par' dir='ltr' id='par_1_5' title="bbox 518 429 2088 501">
     <span class='ocr_line' id='line_1_5' title="bbox 518 429 2088 501; baseline -0.002 -16"><span class='ocrx_word' id='word_1_24' title='bbox 518 439 678 497; x_wconf 85' lang='lat' dir='ltr'>sunt;</span> <span class='ocrx_word' id='word_1_25' title='bbox 711 445 931 501; x_wconf 90' lang='lat' dir='ltr'>quorum</span> <span class='ocrx_word' id='word_1_26' title='bbox 961 444 1087 500; x_wconf 88' lang='lat' dir='ltr'>ergo</span> <span class='ocrx_word' id='word_1_27' title='bbox 1114 430 1338 499; x_wconf 90' lang='lat' dir='ltr'>primum</span> <span class='ocrx_word' id='word_1_28' title='bbox 1366 439 1505 484; x_wconf 67' lang='lat' dir='ltr'>notae</span> <span class='ocrx_word' id='word_1_29' title='bbox 1532 439 1655 483; x_wconf 91' lang='lat' dir='ltr'>sunt</span> <span class='ocrx_word' id='word_1_30' title='bbox 1679 444 1856 497; x_wconf 87' lang='lat' dir='ltr'>voces,</span> <span class='ocrx_word' id='word_1_31' title='bbox 1886 429 2088 483; x_wconf 74' lang='lat' dir='ltr'>ezedem</span> 
     </span>
    </p>
   </div>
   <div class='ocr_carea' id='block_1_6' title="bbox 520 519 2091 591">
    <p class='ocr_par' dir='ltr' id='par_1_6' title="bbox 520 519 2091 591">
     <span class='ocr_line' id='line_1_6' title="bbox 520 519 2091 591; baseline -0.004 -12"><span class='ocrx_word' id='word_1_32' title='bbox 520 533 646 579; x_wconf 86' lang='lat' dir='ltr'>sunt</span> <span class='ocrx_word' id='word_1_33' title='bbox 674 523 811 591; x_wconf 87' lang='lat' dir='ltr'>apud</span> <span class='ocrx_word' id='word_1_34' title='bbox 842 535 1028 576; x_wconf 89' lang='lat' dir='ltr'>omnes</span> <span class='ocrx_word' id='word_1_35' title='bbox 1057 520 1300 575; x_wconf 84' lang='lat' dir='ltr'>homines</span> <span class='ocrx_word' id='word_1_36' title='bbox 1319 521 1512 575; x_wconf 80' lang='lat' dir='ltr'>anima:</span> <span class='ocrx_word' id='word_1_37' title='bbox 1544 520 1838 588; x_wconf 82' lang='lat' dir='ltr'>passiones.</span> <span class='ocrx_word' id='word_1_38' title='bbox 1865 520 1958 574; x_wconf 86' lang='lat' dir='ltr'>Est</span> <span class='ocrx_word' id='word_1_39' title='bbox 1987 519 2091 574; x_wconf 90' lang='lat' dir='ltr'>alia</span> 
     </span>
    </p>
   </div>
   <div class='ocr_carea' id='block_1_7' title="bbox 519 610 2093 683">
    <p class='ocr_par' dir='ltr' id='par_1_7' title="bbox 519 610 2093 683">
     <span class='ocr_line' id='line_1_7' title="bbox 519 610 2093 683; baseline -0.003 -16"><span class='ocrx_word' id='word_1_40' title='bbox 519 628 733 683; x_wconf 89' lang='lat' dir='ltr'>quoque</span> <span class='ocrx_word' id='word_1_41' title='bbox 756 613 1015 680; x_wconf 84' lang='lat' dir='ltr'>scriptura</span> <span class='ocrx_word' id='word_1_42' title='bbox 1043 611 1143 666; x_wconf 91' lang='lat' dir='ltr'>hoc</span> <span class='ocrx_word' id='word_1_43' title='bbox 1173 611 1331 665; x_wconf 91' lang='lat' dir='ltr'>modo</span> <span class='ocrx_word' id='word_1_44' title='bbox 1358 626 1417 665; x_wconf 90' lang='lat' dir='ltr'>se</span> <span class='ocrx_word' id='word_1_45' title='bbox 1450 610 1652 665; x_wconf 82' lang='lat' dir='ltr'>habens</span> <span class='ocrx_word' id='word_1_46' title='bbox 1684 627 1698 665; x_wconf 88' lang='lat'><strong>:</strong></span> <span class='ocrx_word' id='word_1_47' title='bbox 1732 610 1968 678; x_wconf 87' lang='lat' dir='ltr'>Quorum</span> <span class='ocrx_word' id='word_1_48' title='bbox 1998 624 2093 664; x_wconf 87' lang='lat' dir='ltr'>au-</span> 
     </span>
    </p>
   </div>
   <div class='ocr_carea' id='block_1_8' title="bbox 520 704 2093 774">
    <p class='ocr_par' dir='ltr' id='par_1_8' title="bbox 520 704 2093 774">
     <span class='ocr_line' id='line_1_8' title="bbox 520 704 2093 774; baseline -0.003 -13"><span class='ocrx_word' id='word_1_49' title='bbox 520 715 625 761; x_wconf 88' lang='lat' dir='ltr'>tem</span> <span class='ocrx_word' id='word_1_50' title='bbox 655 704 735 758; x_wconf 64' lang='lat' dir='ltr'>hae</span> <span class='ocrx_word' id='word_1_51' title='bbox 765 704 994 773; x_wconf 86' lang='lat' dir='ltr'>primum</span> <span class='ocrx_word' id='word_1_52' title='bbox 1027 714 1188 770; x_wconf 70' lang='lat' dir='ltr'>notm,</span> <span class='ocrx_word' id='word_1_53' title='bbox 1214 704 1295 758; x_wconf 74' lang='lat' dir='ltr'>ha:</span> <span class='ocrx_word' id='word_1_54' title='bbox 1320 704 1568 758; x_wconf 87' lang='lat' dir='ltr'>omnibus</span> <span class='ocrx_word' id='word_1_55' title='bbox 1600 704 1875 774; x_wconf 79' lang='lat' dir='ltr'>passiones</span> <span class='ocrx_word' id='word_1_56' title='bbox 1903 704 2093 757; x_wconf 65' lang='lat' dir='ltr'>anima:</span> 
     </span>
    </p>
   </div>
   <div class='ocr_carea' id='block_1_9' title="bbox 519 792 2090 863">
    <p class='ocr_par' dir='ltr' id='par_1_9' title="bbox 519 792 2090 863">
     <span class='ocr_line' id='line_1_9' title="bbox 519 792 2090 863; baseline -0.001 -15"><span class='ocrx_word' id='word_1_57' title='bbox 519 803 663 859; x_wconf 90' lang='lat' dir='ltr'>sunt,</span> <span class='ocrx_word' id='word_1_58' title='bbox 713 802 768 849; x_wconf 87' lang='lat' dir='ltr'>et</span> <span class='ocrx_word' id='word_1_59' title='bbox 814 809 1036 863; x_wconf 89' lang='lat' dir='ltr'>quorum</span> <span class='ocrx_word' id='word_1_60' title='bbox 1082 795 1163 848; x_wconf 79' lang='lat' dir='ltr'>ha:</span> <span class='ocrx_word' id='word_1_61' title='bbox 1207 794 1619 858; x_wconf 77' lang='lat' dir='ltr'>similitudines,</span> <span class='ocrx_word' id='word_1_62' title='bbox 1661 809 1747 849; x_wconf 87' lang='lat' dir='ltr'>res</span> <span class='ocrx_word' id='word_1_63' title='bbox 1785 795 1943 848; x_wconf 90' lang='lat' dir='ltr'>etiam</span> <span class='ocrx_word' id='word_1_64' title='bbox 1988 792 2090 847; x_wconf 78' lang='lat' dir='ltr'>lue.</span> 
     </span>
    </p>
   </div>
   <div class='ocr_carea' id='block_1_10' title="bbox 518 884 2092 955">
    <p class='ocr_par' dir='ltr' id='par_1_10' title="bbox 518 884 2092 955">
     <span class='ocr_line' id='line_1_10' title="bbox 518 884 2092 955; baseline -0.001 -16"><span class='ocrx_word' id='word_1_65' title='bbox 518 886 666 953; x_wconf 85' lang='lat' dir='ltr'>Quod</span> <span class='ocrx_word' id='word_1_66' title='bbox 698 886 743 939; x_wconf 88' lang='lat' dir='ltr'>si</span> <span class='ocrx_word' id='word_1_67' title='bbox 773 888 842 940; x_wconf 90' lang='lat' dir='ltr'>ita</span> <span class='ocrx_word' id='word_1_68' title='bbox 871 888 1127 954; x_wconf 86' lang='lat' dir='ltr'>scriptum</span> <span class='ocrx_word' id='word_1_69' title='bbox 1158 895 1258 955; x_wconf 88' lang='lat' dir='ltr'>est,</span> <span class='ocrx_word' id='word_1_70' title='bbox 1291 887 1392 941; x_wconf 89' lang='lat' dir='ltr'>hoc</span> <span class='ocrx_word' id='word_1_71' title='bbox 1416 885 1595 941; x_wconf 81' lang='lat' dir='ltr'>dicere</span> <span class='ocrx_word' id='word_1_72' title='bbox 1624 884 1827 940; x_wconf 83' lang='lat' dir='ltr'>videtur</span> <span class='ocrx_word' id='word_1_73' title='bbox 1854 903 1867 937; x_wconf 89' lang='lat'><strong>:</strong></span> <span class='ocrx_word' id='word_1_74' title='bbox 1896 884 2092 939; x_wconf 88' lang='lat' dir='ltr'>Osten-</span> 
     </span>
    </p>
   </div>
   <div class='ocr_carea' id='block_1_11' title="bbox 518 978 2097 1049">
    <p class='ocr_par' dir='ltr' id='par_1_11' title="bbox 518 978 2097 1049">
     <span class='ocr_line' id='line_1_11' title="bbox 518 978 2097 1049; baseline -0.002 -16"><span class='ocrx_word' id='word_1_75' title='bbox 518 979 593 1033; x_wconf 89' lang='lat' dir='ltr'>dit</span> <span class='ocrx_word' id='word_1_76' title='bbox 639 978 781 1034; x_wconf 89' lang='lat' dir='ltr'>enim</span> <span class='ocrx_word' id='word_1_77' title='bbox 827 994 1052 1048; x_wconf 84' lang='lat' dir='ltr'>quorum</span> <span class='ocrx_word' id='word_1_78' title='bbox 1097 979 1204 1033; x_wconf 88' lang='lat' dir='ltr'>sint</span> <span class='ocrx_word' id='word_1_79' title='bbox 1248 989 1385 1033; x_wconf 71' lang='grc' dir='ltr'>ιιοιεε</span> <span class='ocrx_word' id='word_1_80' title='bbox 1428 993 1610 1042; x_wconf 89' lang='lat' dir='ltr'>voces,</span> <span class='ocrx_word' id='word_1_81' title='bbox 1643 987 1698 1034; x_wconf 90' lang='lat' dir='ltr'>et</span> <span class='ocrx_word' id='word_1_82' title='bbox 1727 992 1951 1049; x_wconf 85' lang='lat' dir='ltr'>quorum</span> <span class='ocrx_word' id='word_1_83' title='bbox 1989 978 2097 1031; x_wconf 89' lang='lat' dir='ltr'>sint</span> 
     </span>
    </p>
   </div>
   <div class='ocr_carea' id='block_1_12' title="bbox 519 1054 2097 1140">
    <p class='ocr_par' dir='ltr' id='par_1_12' title="bbox 519 1054 2097 1140">
     <span class='ocr_line' id='line_1_12' title="bbox 519 1054 2097 1140; baseline -0.002 -16"><span class='ocrx_word' id='word_1_84' title='bbox 519 1082 703 1124; x_wconf 78' lang='lat' dir='ltr'>rursus</span> <span class='ocrx_word' id='word_1_85' title='bbox 732 1054 923 1124; x_wconf 73' lang='lat' dir='ltr'>animae</span> <span class='ocrx_word' id='word_1_86' title='bbox 952 1071 1259 1139; x_wconf 86' lang='lat' dir='ltr'>passiones;</span> <span class='ocrx_word' id='word_1_87' title='bbox 1288 1078 1538 1140; x_wconf 85' lang='lat' dir='ltr'>tauquam</span> <span class='ocrx_word' id='word_1_88' title='bbox 1567 1068 1613 1123; x_wconf 94' lang='lat' dir='ltr'>si</span> <span class='ocrx_word' id='word_1_89' title='bbox 1639 1067 1844 1123; x_wconf 89' lang='lat' dir='ltr'>diceret</span> <span class='ocrx_word' id='word_1_90' title='bbox 1878 1084 1890 1119; x_wconf 89' lang='lat'>:</span> <span class='ocrx_word' id='word_1_91' title='bbox 1925 1066 2097 1121; x_wconf 81' lang='lat' dir='ltr'>Voces</span> 
     </span>
    </p>
   </div>
   <div class='ocr_carea' id='block_1_13' title="bbox 517 1159 2099 1234">
    <p class='ocr_par' dir='ltr' id='par_1_13' title="bbox 517 1159 2099 1234">
     <span class='ocr_line' id='line_1_13' title="bbox 517 1159 2099 1234; baseline -0.001 -20"><span class='ocrx_word' id='word_1_92' title='bbox 517 1165 657 1233; x_wconf 87' lang='lat' dir='ltr'>quod</span> <span class='ocrx_word' id='word_1_93' title='bbox 702 1163 1043 1233; x_wconf 88' lang='lat' dir='ltr'>signilicant,</span> <span class='ocrx_word' id='word_1_94' title='bbox 1091 1172 1145 1218; x_wconf 91' lang='lat' dir='ltr'>et</span> <span class='ocrx_word' id='word_1_95' title='bbox 1186 1178 1411 1234; x_wconf 85' lang='lat' dir='ltr'>quorum</span> <span class='ocrx_word' id='word_1_96' title='bbox 1463 1171 1603 1215; x_wconf 67' lang='lat' dir='ltr'>notat</span> <span class='ocrx_word' id='word_1_97' title='bbox 1647 1167 1790 1225; x_wconf 90' lang='lat' dir='ltr'>sunt,</span> <span class='ocrx_word' id='word_1_98' title='bbox 1824 1159 1929 1213; x_wconf 68' lang='lat' dir='ltr'>illa:</span> <span class='ocrx_word' id='word_1_99' title='bbox 1976 1167 2099 1213; x_wconf 85' lang='lat' dir='ltr'>sunt</span> 
     </span>
    </p>
   </div>
   <div class='ocr_carea' id='block_1_14' title="bbox 516 1249 2098 1326">
    <p class='ocr_par' dir='ltr' id='par_1_14' title="bbox 516 1249 2098 1326">
     <span class='ocr_line' id='line_1_14' title="bbox 516 1249 2098 1326; baseline -0.003 -16"><span class='ocrx_word' id='word_1_100' title='bbox 516 1258 709 1311; x_wconf 80' lang='lat' dir='ltr'>anima:</span> <span class='ocrx_word' id='word_1_101' title='bbox 756 1257 1053 1326; x_wconf 85' lang='lat' dir='ltr'>passiones,</span> <span class='ocrx_word' id='word_1_102' title='bbox 1108 1265 1161 1311; x_wconf 92' lang='lat' dir='ltr'>et</span> <span class='ocrx_word' id='word_1_103' title='bbox 1211 1270 1394 1309; x_wconf 91' lang='lat' dir='ltr'>rursus</span> <span class='ocrx_word' id='word_1_104' title='bbox 1439 1269 1666 1324; x_wconf 90' lang='lat' dir='ltr'>quorum</span> <span class='ocrx_word' id='word_1_105' title='bbox 1718 1249 2098 1307; x_wconf 76' lang='lat' dir='ltr'>similitudines</span> 
     </span>
    </p>
   </div>
   <div class='ocr_carea' id='block_1_15' title="bbox 518 1342 2095 1416">
    <p class='ocr_par' dir='ltr' id='par_1_15' title="bbox 518 1342 2095 1416">
     <span class='ocr_line' id='line_1_15' title="bbox 518 1342 2095 1416; baseline -0.005 -14"><span class='ocrx_word' id='word_1_106' title='bbox 518 1357 642 1402; x_wconf 88' lang='lat' dir='ltr'>sunt</span> <span class='ocrx_word' id='word_1_107' title='bbox 692 1347 773 1400; x_wconf 75' lang='lat' dir='ltr'>Ita:</span> <span class='ocrx_word' id='word_1_108' title='bbox 820 1361 939 1416; x_wconf 79' lang='lat' dir='ltr'>quae</span> <span class='ocrx_word' id='word_1_109' title='bbox 986 1356 1110 1401; x_wconf 87' lang='lat' dir='ltr'>sunt</span> <span class='ocrx_word' id='word_1_110' title='bbox 1150 1346 1342 1401; x_wconf 61' lang='lat' dir='ltr'>animai</span> <span class='ocrx_word' id='word_1_111' title='bbox 1385 1345 1680 1414; x_wconf 51' lang='lat' dir='ltr'>passiones,</span> <span class='ocrx_word' id='word_1_112' title='bbox 1707 1342 1790 1397; x_wconf 69' lang='lat' dir='ltr'>hac</span> <span class='ocrx_word' id='word_1_113' title='bbox 1826 1350 1950 1396; x_wconf 90' lang='lat' dir='ltr'>sunt</span> <span class='ocrx_word' id='word_1_114' title='bbox 1974 1355 2095 1405; x_wconf 90' lang='lat' dir='ltr'>res;</span> 
     </span>
    </p>
   </div>
   <div class='ocr_carea' id='block_1_16' title="bbox 518 1431 2098 1511">
    <p class='ocr_par' dir='ltr' id='par_1_16' title="bbox 518 1431 2098 1511">
     <span class='ocr_line' id='line_1_16' title="bbox 518 1431 2098 1511; baseline -0.004 -20"><span class='ocrx_word' id='word_1_115' title='bbox 518 1447 765 1511; x_wconf 77' lang='lat' dir='ltr'>tanquam</span> <span class='ocrx_word' id='word_1_116' title='bbox 806 1451 991 1493; x_wconf 87' lang='lat' dir='ltr'>rursus</span> <span class='ocrx_word' id='word_1_117' title='bbox 1028 1440 1071 1491; x_wconf 92' lang='lat' dir='ltr'>si</span> <span class='ocrx_word' id='word_1_118' title='bbox 1120 1441 1362 1492; x_wconf 89' lang='lat' dir='ltr'>diceret:</span> <span class='ocrx_word' id='word_1_119' title='bbox 1403 1436 1639 1503; x_wconf 83' lang='lat' dir='ltr'>Quorum</span> <span class='ocrx_word' id='word_1_120' title='bbox 1681 1442 1805 1487; x_wconf 86' lang='lat' dir='ltr'>sunt</span> <span class='ocrx_word' id='word_1_121' title='bbox 1845 1431 2098 1487; x_wconf 89' lang='lat' dir='ltr'>similitu-</span> 
     </span>
    </p>
   </div>
   <div class='ocr_carea' id='block_1_17' title="bbox 518 1523 2094 1602">
    <p class='ocr_par' dir='ltr' id='par_1_17' title="bbox 518 1523 2094 1602">
     <span class='ocr_line' id='line_1_17' title="bbox 518 1523 2094 1602; baseline -0.008 -13"><span class='ocrx_word' id='word_1_122' title='bbox 518 1535 671 1589; x_wconf 77' lang='lat' dir='ltr'>dines</span> <span class='ocrx_word' id='word_1_123' title='bbox 699 1548 760 1588; x_wconf 90' lang='lat' dir='ltr'>ea</span> <span class='ocrx_word' id='word_1_124' title='bbox 792 1546 908 1602; x_wconf 72' lang='lat' dir='ltr'>qua:</span> <span class='ocrx_word' id='word_1_125' title='bbox 946 1532 995 1585; x_wconf 90' lang='lat' dir='ltr'>in</span> <span class='ocrx_word' id='word_1_126' title='bbox 1037 1529 1389 1585; x_wconf 89' lang='lat' dir='ltr'>intellectibus</span> <span class='ocrx_word' id='word_1_127' title='bbox 1414 1537 1574 1598; x_wconf 90' lang='lat' dir='ltr'>atque</span> <span class='ocrx_word' id='word_1_128' title='bbox 1604 1526 1796 1580; x_wconf 78' lang='lat' dir='ltr'>animze</span> <span class='ocrx_word' id='word_1_129' title='bbox 1827 1523 2094 1594; x_wconf 86' lang='lat' dir='ltr'>passioni-</span> 
     </span>
    </p>
   </div>
   <div class='ocr_carea' id='block_1_18' title="bbox 519 1614 2149 1689">
    <p class='ocr_par' dir='ltr' id='par_1_18' title="bbox 519 1614 2149 1689">
     <span class='ocr_line' id='line_1_18' title="bbox 519 1614 2149 1689; baseline -0.009 -10"><span class='ocrx_word' id='word_1_130' title='bbox 519 1626 617 1679; x_wconf 90' lang='lat' dir='ltr'>bus</span> <span class='ocrx_word' id='word_1_131' title='bbox 646 1630 789 1686; x_wconf 88' lang='lat' dir='ltr'>sunt,</span> <span class='ocrx_word' id='word_1_132' title='bbox 822 1621 923 1675; x_wconf 67' lang='lat' dir='ltr'>illa:</span> <span class='ocrx_word' id='word_1_133' title='bbox 956 1635 1041 1675; x_wconf 90' lang='lat' dir='ltr'>res</span> <span class='ocrx_word' id='word_1_134' title='bbox 1071 1628 1211 1674; x_wconf 89' lang='lat' dir='ltr'>sunt.</span> <span class='ocrx_word' id='word_1_135' title='bbox 1237 1618 1342 1675; x_wconf 88' lang='lat' dir='ltr'>Sed</span> <span class='ocrx_word' id='word_1_136' title='bbox 1370 1618 1437 1672; x_wconf 90' lang='lat' dir='ltr'>de</span> <span class='ocrx_word' id='word_1_137' title='bbox 1465 1618 1547 1671; x_wconf 87' lang='lat' dir='ltr'>his</span> <span class='ocrx_word' id='word_1_138' title='bbox 1571 1614 1959 1684; x_wconf 72' lang='lat' dir='ltr'>disputationes</span> <span class='ocrx_word' id='word_1_139' title='bbox 1990 1621 2101 1666; x_wconf 85' lang='lat' dir='ltr'>tra-</span> <span class='ocrx_word' id='word_1_140' title='bbox 2144 1679 2149 1689; x_wconf 31' lang='grc' dir='ltr'>ι</span> 
     </span>
    </p>
   </div>
   <div class='ocr_carea' id='block_1_19' title="bbox 522 1706 2099 1783">
    <p class='ocr_par' dir='ltr' id='par_1_19' title="bbox 522 1706 2099 1783">
     <span class='ocr_line' id='line_1_19' title="bbox 522 1706 2099 1783; baseline -0.007 -14"><span class='ocrx_word' id='word_1_141' title='bbox 522 1716 648 1769; x_wconf 86' lang='lat' dir='ltr'>here</span> <span class='ocrx_word' id='word_1_142' title='bbox 674 1714 883 1783; x_wconf 79' lang='lat' dir='ltr'>longius</span> <span class='ocrx_word' id='word_1_143' title='bbox 904 1728 1010 1767; x_wconf 89' lang='lat' dir='ltr'>non</span> <span class='ocrx_word' id='word_1_144' title='bbox 1034 1712 1167 1767; x_wconf 88' lang='lat' dir='ltr'>vult.</span> <span class='ocrx_word' id='word_1_145' title='bbox 1184 1711 1454 1767; x_wconf 82' lang='lat' dir='ltr'>Aitenim:</span> <span class='ocrx_word' id='word_1_146' title='bbox 1478 1710 1551 1764; x_wconf 91' lang='lat' dir='ltr'>De</span> <span class='ocrx_word' id='word_1_147' title='bbox 1564 1709 1648 1764; x_wconf 90' lang='lat' dir='ltr'>his</span> <span class='ocrx_word' id='word_1_148' title='bbox 1669 1707 1886 1778; x_wconf 82' lang='lat' dir='ltr'>quidem</span> <span class='ocrx_word' id='word_1_149' title='bbox 1900 1706 2099 1761; x_wconf 88' lang='lat' dir='ltr'>dictum</span> 
     </span>
    </p>
   </div>
   <div class='ocr_carea' id='block_1_20' title="bbox 517 1796 2097 1874">
    <p class='ocr_par' dir='ltr' id='par_1_20' title="bbox 517 1796 2097 1874">
     <span class='ocr_line' id='line_1_20' title="bbox 517 1796 2097 1874; baseline -0.007 -13"><span class='ocrx_word' id='word_1_150' title='bbox 517 1817 617 1869; x_wconf 90' lang='lat' dir='ltr'>est,</span> <span class='ocrx_word' id='word_1_151' title='bbox 652 1808 699 1859; x_wconf 91' lang='lat' dir='ltr'>in</span> <span class='ocrx_word' id='word_1_152' title='bbox 733 1806 814 1860; x_wconf 89' lang='lat' dir='ltr'>his</span> <span class='ocrx_word' id='word_1_153' title='bbox 836 1820 950 1874; x_wconf 74' lang='lat' dir='ltr'>quae</span> <span class='ocrx_word' id='word_1_154' title='bbox 971 1814 1094 1858; x_wconf 86' lang='lat' dir='ltr'>sunt</span> <span class='ocrx_word' id='word_1_155' title='bbox 1112 1802 1253 1857; x_wconf 89' lang='lat' dir='ltr'>dicta</span> <span class='ocrx_word' id='word_1_156' title='bbox 1276 1802 1342 1859; x_wconf 92' lang='lat' dir='ltr'>de</span> <span class='ocrx_word' id='word_1_157' title='bbox 1367 1803 1565 1859; x_wconf 90' lang='lat' dir='ltr'>anima.</span> <span class='ocrx_word' id='word_1_158' title='bbox 1592 1800 1826 1856; x_wconf 82' lang='lat' dir='ltr'>Alterius</span> <span class='ocrx_word' id='word_1_159' title='bbox 1851 1805 1934 1852; x_wconf 91' lang='lat' dir='ltr'>est</span> <span class='ocrx_word' id='word_1_160' title='bbox 1954 1796 2097 1852; x_wconf 91' lang='lat' dir='ltr'>enim</span> 
     </span>
    </p>
   </div>
   <div class='ocr_carea' id='block_1_21' title="bbox 516 1890 2097 1969">
    <p class='ocr_par' dir='ltr' id='par_1_21' title="bbox 516 1890 2097 1969">
     <span class='ocr_line' id='line_1_21' title="bbox 516 1890 2097 1969; baseline -0.007 -16"><span class='ocrx_word' id='word_1_161' title='bbox 516 1899 738 1969; x_wconf 86' lang='lat' dir='ltr'>negotii.</span> <span class='ocrx_word' id='word_1_162' title='bbox 765 1899 971 1952; x_wconf 81' lang='lat' dir='ltr'>Etenim</span> <span class='ocrx_word' id='word_1_163' title='bbox 995 1895 1136 1951; x_wconf 89' lang='lat' dir='ltr'>aliud</span> <span class='ocrx_word' id='word_1_164' title='bbox 1159 1905 1239 1951; x_wconf 90' lang='lat' dir='ltr'>est</span> <span class='ocrx_word' id='word_1_165' title='bbox 1268 1893 1631 1964; x_wconf 81' lang='lat' dir='ltr'>principaliter</span> <span class='ocrx_word' id='word_1_166' title='bbox 1651 1891 1716 1946; x_wconf 93' lang='lat' dir='ltr'>de</span> <span class='ocrx_word' id='word_1_167' title='bbox 1737 1890 2097 1945; x_wconf 89' lang='lat' dir='ltr'>intellectibus</span> 
     </span>
    </p>
   </div>
   <div class='ocr_carea' id='block_1_22' title="bbox 518 1982 2098 2061">
    <p class='ocr_par' dir='ltr' id='par_1_22' title="bbox 518 1982 2098 2061">
     <span class='ocr_line' id='line_1_22' title="bbox 518 1982 2098 2061; baseline -0.008 -15"><span class='ocrx_word' id='word_1_168' title='bbox 518 1994 708 2046; x_wconf 77' lang='lat' dir='ltr'>animm</span> <span class='ocrx_word' id='word_1_169' title='bbox 738 1991 1032 2061; x_wconf 82' lang='lat' dir='ltr'>disputare,</span> <span class='ocrx_word' id='word_1_170' title='bbox 1068 1988 1209 2044; x_wconf 85' lang='lat' dir='ltr'>aliud</span> <span class='ocrx_word' id='word_1_171' title='bbox 1240 1996 1442 2042; x_wconf 86' lang='lat' dir='ltr'>tantum</span> <span class='ocrx_word' id='word_1_172' title='bbox 1466 1986 1568 2042; x_wconf 86' lang='lat' dir='ltr'>sibi</span> <span class='ocrx_word' id='word_1_173' title='bbox 1592 1983 1658 2039; x_wconf 92' lang='lat' dir='ltr'>ad</span> <span class='ocrx_word' id='word_1_174' title='bbox 1684 1982 2098 2057; x_wconf 87' lang='lat' dir='ltr'>disputationem</span> 
     </span>
    </p>
   </div>
   <div class='ocr_carea' id='block_1_23' title="bbox 517 2078 2139 2154">
    <p class='ocr_par' dir='ltr' id='par_1_23' title="bbox 517 2078 2139 2154">
     <span class='ocr_line' id='line_1_23' title="bbox 517 2078 2139 2154; baseline -0.004 -15"><span class='ocrx_word' id='word_1_175' title='bbox 517 2100 749 2149; x_wconf 81' lang='lat' dir='ltr'>sumere,</span> <span class='ocrx_word' id='word_1_176' title='bbox 770 2092 1027 2154; x_wconf 90' lang='lat' dir='ltr'>quantum</span> <span class='ocrx_word' id='word_1_177' title='bbox 1048 2082 1114 2137; x_wconf 91' lang='lat' dir='ltr'>ad</span> <span class='ocrx_word' id='word_1_178' title='bbox 1138 2082 1321 2152; x_wconf 79' lang='lat' dir='ltr'>logica:</span> <span class='ocrx_word' id='word_1_179' title='bbox 1348 2081 1516 2150; x_wconf 87' lang='lat' dir='ltr'>possit</span> <span class='ocrx_word' id='word_1_180' title='bbox 1538 2080 1808 2149; x_wconf 85' lang='lat' dir='ltr'>pertinere</span> <span class='ocrx_word' id='word_1_181' title='bbox 1828 2078 2094 2149; x_wconf 89' lang='lat' dir='ltr'>peritiam.</span> <span class='ocrx_word' id='word_1_182' title='bbox 2136 2082 2139 2085; x_wconf 86' lang='grc'><em>’</em></span> 
     </span>
    </p>
   </div>
   <div class='ocr_carea' id='block_1_24' title="bbox 519 2170 2099 2247">
    <p class='ocr_par' dir='ltr' id='par_1_24' title="bbox 519 2170 2099 2247">
     <span class='ocr_line' id='line_1_24' title="bbox 519 2170 2099 2247; baseline -0.006 -15"><span class='ocrx_word' id='word_1_183' title='bbox 519 2180 694 2247; x_wconf 83' lang='lat' dir='ltr'>Quare</span> <span class='ocrx_word' id='word_1_184' title='bbox 736 2179 953 2234; x_wconf 87' lang='lat' dir='ltr'>alterius</span> <span class='ocrx_word' id='word_1_185' title='bbox 1010 2177 1206 2247; x_wconf 80' lang='lat' dir='ltr'>negotii</span> <span class='ocrx_word' id='word_1_186' title='bbox 1252 2183 1335 2231; x_wconf 87' lang='lat' dir='ltr'>est</span> <span class='ocrx_word' id='word_1_187' title='bbox 1381 2173 1746 2244; x_wconf 87' lang='lat' dir='ltr'>principaliter</span> <span class='ocrx_word' id='word_1_188' title='bbox 1794 2170 1863 2227; x_wconf 91' lang='lat' dir='ltr'>de</span> <span class='ocrx_word' id='word_1_189' title='bbox 1908 2170 2099 2226; x_wconf 72' lang='lat' dir='ltr'>anima:</span> 
     </span>
    </p>
   </div>
   <div class='ocr_carea' id='block_1_25' title="bbox 521 2270 1173 2339">
    <p class='ocr_par' dir='ltr' id='par_1_25' title="bbox 521 2270 1173 2339">
     <span class='ocr_line' id='line_1_25' title="bbox 521 2270 1173 2339; baseline -0.003 -15"><span class='ocrx_word' id='word_1_190' title='bbox 521 2272 858 2339; x_wconf 85' lang='lat' dir='ltr'>passionihus</span> <span class='ocrx_word' id='word_1_191' title='bbox 879 2270 1173 2336; x_wconf 51' lang='lat' dir='ltr'>disputare.</span> 
     </span>
    </p>
   </div>
   <div class='ocr_carea' id='block_1_26' title="bbox 589 2354 2100 2432">
    <p class='ocr_par' dir='ltr' id='par_1_26' title="bbox 589 2354 2100 2432">
     <span class='ocr_line' id='line_1_26' title="bbox 589 2354 2100 2432; baseline -0.005 -15"><span class='ocrx_word' id='word_1_192' title='bbox 589 2362 684 2419; x_wconf 85' lang='lat' dir='ltr'>Est</span> <span class='ocrx_word' id='word_1_193' title='bbox 707 2372 896 2429; x_wconf 87' lang='lat' dir='ltr'>autem,</span> <span class='ocrx_word' id='word_1_194' title='bbox 924 2361 1345 2432; x_wconf 82' lang='lat' dir='ltr'>quemadmodum</span> <span class='ocrx_word' id='word_1_195' title='bbox 1373 2358 1426 2414; x_wconf 86' lang='lat' dir='ltr'>in</span> <span class='ocrx_word' id='word_1_196' title='bbox 1455 2357 1652 2424; x_wconf 89' lang='lat' dir='ltr'>anima,</span> <span class='ocrx_word' id='word_1_197' title='bbox 1680 2354 1949 2425; x_wconf 78' lang='lat' dir='ltr'>aliquoties</span> <span class='ocrx_word' id='word_1_198' title='bbox 1986 2356 2100 2425; x_wconf 83' lang='lat' dir='ltr'>qui-</span> 
     </span>
    </p>
   </div>
   <div class='ocr_carea' id='block_1_27' title="bbox 516 2444 2102 2521">
    <p class='ocr_par' dir='ltr' id='par_1_27' title="bbox 516 2444 2102 2521">
     <span class='ocr_line' id='line_1_27' title="bbox 516 2444 2102 2521; baseline -0.004 -13"><span class='ocrx_word' id='word_1_199' title='bbox 516 2456 632 2509; x_wconf 85' lang='lat' dir='ltr'>dem</span> <span class='ocrx_word' id='word_1_200' title='bbox 657 2454 941 2510; x_wconf 84' lang='lat' dir='ltr'>intellectus</span> <span class='ocrx_word' id='word_1_201' title='bbox 967 2454 1077 2509; x_wconf 96' lang='lat' dir='ltr'>sine</span> <span class='ocrx_word' id='word_1_202' title='bbox 1102 2468 1217 2507; x_wconf 72' lang='lat' dir='ltr'>vero</span> <span class='ocrx_word' id='word_1_203' title='bbox 1239 2452 1315 2505; x_wconf 85' lang='lat' dir='ltr'>vel</span> <span class='ocrx_word' id='word_1_204' title='bbox 1340 2451 1493 2521; x_wconf 82' lang='lat' dir='ltr'>falso,</span> <span class='ocrx_word' id='word_1_205' title='bbox 1526 2448 1792 2519; x_wconf 73' lang='lat' dir='ltr'>aliquoties</span> <span class='ocrx_word' id='word_1_206' title='bbox 1822 2457 1992 2501; x_wconf 83' lang='lat' dir='ltr'>autem</span> <span class='ocrx_word' id='word_1_207' title='bbox 2018 2444 2102 2501; x_wconf 79' lang='lat' dir='ltr'>cui</span> 
     </span>
    </p>
   </div>
   <div class='ocr_carea' id='block_1_28' title="bbox 515 2540 2097 2620">
    <p class='ocr_par' dir='ltr' id='par_1_28' title="bbox 515 2540 2097 2620">
     <span class='ocr_line' id='line_1_28' title="bbox 515 2540 2097 2620; baseline -0.004 -21"><span class='ocrx_word' id='word_1_208' title='bbox 515 2547 623 2620; x_wconf 75' lang='lat' dir='ltr'>iam</span> <span class='ocrx_word' id='word_1_209' title='bbox 648 2561 848 2601; x_wconf 83' lang='lat' dir='ltr'>necesse</span> <span class='ocrx_word' id='word_1_210' title='bbox 873 2554 944 2600; x_wconf 84' lang='lat' dir='ltr'>est</span> <span class='ocrx_word' id='word_1_211' title='bbox 965 2545 1145 2600; x_wconf 78' lang='lat' dir='ltr'>horum</span> <span class='ocrx_word' id='word_1_212' title='bbox 1166 2543 1379 2598; x_wconf 86' lang='lat' dir='ltr'>alterum</span> <span class='ocrx_word' id='word_1_213' title='bbox 1406 2542 1585 2605; x_wconf 85' lang='lat' dir='ltr'>inesse,</span> <span class='ocrx_word' id='word_1_214' title='bbox 1614 2542 1686 2597; x_wconf 85' lang='lat' dir='ltr'>sic</span> <span class='ocrx_word' id='word_1_215' title='bbox 1710 2540 1935 2594; x_wconf 84' lang='lat' dir='ltr'>etiamin</span> <span class='ocrx_word' id='word_1_216' title='bbox 1958 2554 2097 2592; x_wconf 81' lang='lat' dir='ltr'>noce.</span> 
     </span>
    </p>
   </div>
   <div class='ocr_carea' id='block_1_29' title="bbox 516 2627 2101 2709">
    <p class='ocr_par' dir='ltr' id='par_1_29' title="bbox 516 2627 2101 2709">
     <span class='ocr_line' id='line_1_29' title="bbox 516 2627 2101 2709; baseline -0.006 -18"><span class='ocrx_word' id='word_1_217' title='bbox 516 2636 664 2692; x_wconf 84' lang='lat' dir='ltr'>Circa</span> <span class='ocrx_word' id='word_1_218' title='bbox 694 2637 1107 2699; x_wconf 78' lang='lat' dir='ltr'>compositionem</span> <span class='ocrx_word' id='word_1_219' title='bbox 1143 2635 1275 2709; x_wconf 87' lang='lat' dir='ltr'>enim</span> <span class='ocrx_word' id='word_1_220' title='bbox 1312 2642 1359 2688; x_wconf 83' lang='lat' dir='ltr'>et</span> <span class='ocrx_word' id='word_1_221' title='bbox 1386 2632 1683 2687; x_wconf 74' lang='lat' dir='ltr'>divisionem</span> <span class='ocrx_word' id='word_1_222' title='bbox 1718 2638 1790 2685; x_wconf 85' lang='lat' dir='ltr'>est</span> <span class='ocrx_word' id='word_1_223' title='bbox 1826 2627 2027 2701; x_wconf 79' lang='lat' dir='ltr'>falsitas</span> <span class='ocrx_word' id='word_1_224' title='bbox 2053 2637 2101 2682; x_wconf 85' lang='lat' dir='ltr'>et</span> 
     </span>
    </p>
   </div>
   <div class='ocr_carea' id='block_1_30' title="bbox 515 2731 1605 2802">
    <p class='ocr_par' dir='ltr' id='par_1_30' title="bbox 515 2731 1605 2802">
     <span class='ocr_line' id='line_1_30' title="bbox 515 2731 1605 2802; baseline 0 -18"><span class='ocrx_word' id='word_1_225' title='bbox 515 2731 717 2786; x_wconf 75' lang='lat' dir='ltr'>veritas.</span> <span class='ocrx_word' id='word_1_226' title='bbox 1590 2789 1605 2802; x_wconf 52' lang='grc'><em>,</em></span> 
     </span>
    </p>
   </div>
   <div class='ocr_carea' id='block_1_31' title="bbox 591 2810 2102 2886">
    <p class='ocr_par' dir='ltr' id='par_1_31' title="bbox 591 2810 2102 2886">
     <span class='ocr_line' id='line_1_31' title="bbox 591 2810 2102 2886; baseline -0.009 -9"><span class='ocrx_word' id='word_1_227' title='bbox 591 2825 664 2878; x_wconf 91' lang='lat' dir='ltr'>De</span> <span class='ocrx_word' id='word_1_228' title='bbox 694 2820 1065 2878; x_wconf 81' lang='lat' dir='ltr'>enuntiatione</span> <span class='ocrx_word' id='word_1_229' title='bbox 1093 2818 1329 2874; x_wconf 88' lang='lat' dir='ltr'>dicturus</span> <span class='ocrx_word' id='word_1_230' title='bbox 1367 2816 1421 2870; x_wconf 89' lang='lat' dir='ltr'>in</span> <span class='ocrx_word' id='word_1_231' title='bbox 1448 2830 1551 2886; x_wconf 87' lang='lat' dir='ltr'>qua</span> <span class='ocrx_word' id='word_1_232' title='bbox 1585 2815 1785 2869; x_wconf 86' lang='lat' dir='ltr'>veritas</span> <span class='ocrx_word' id='word_1_233' title='bbox 1812 2821 1867 2866; x_wconf 90' lang='lat' dir='ltr'>et</span> <span class='ocrx_word' id='word_1_234' title='bbox 1897 2810 2102 2867; x_wconf 85' lang='lat' dir='ltr'>falsitas</span> 
     </span>
    </p>
   </div>
   <div class='ocr_carea' id='block_1_32' title="bbox 515 2902 2102 2980">
    <p class='ocr_par' dir='ltr' id='par_1_32' title="bbox 515 2902 2102 2980">
     <span class='ocr_line' id='line_1_32' title="bbox 515 2902 2102 2980; baseline -0.008 -10"><span class='ocrx_word' id='word_1_235' title='bbox 515 2915 813 2978; x_wconf 85' lang='lat' dir='ltr'>invenitur,</span> <span class='ocrx_word' id='word_1_236' title='bbox 858 2923 1002 2967; x_wconf 90' lang='lat' dir='ltr'>recte</span> <span class='ocrx_word' id='word_1_237' title='bbox 1044 2911 1190 2980; x_wconf 89' lang='lat' dir='ltr'>prius</span> <span class='ocrx_word' id='word_1_238' title='bbox 1227 2918 1526 2961; x_wconf 88' lang='lat' dir='ltr'>monstrare</span> <span class='ocrx_word' id='word_1_239' title='bbox 1569 2904 1853 2975; x_wconf 75' lang='lat' dir='ltr'>proponit,</span> <span class='ocrx_word' id='word_1_240' title='bbox 1897 2902 1952 2957; x_wconf 88' lang='lat' dir='ltr'>in</span> <span class='ocrx_word' id='word_1_241' title='bbox 1997 2916 2102 2972; x_wconf 86' lang='lat' dir='ltr'>qua</span> 
     </span>
    </p>
   </div>
   <div class='ocr_carea' id='block_1_33' title="bbox 516 2992 2102 3074">
    <p class='ocr_par' dir='ltr' id='par_1_33' title="bbox 516 2992 2102 3074">
     <span class='ocr_line' id='line_1_33' title="bbox 516 2992 2102 3074; baseline -0.007 -18"><span class='ocrx_word' id='word_1_242' title='bbox 516 3004 815 3074; x_wconf 78' lang='lat' dir='ltr'>prolatione</span> <span class='ocrx_word' id='word_1_243' title='bbox 844 3016 1034 3055; x_wconf 88' lang='lat' dir='ltr'>vocum</span> <span class='ocrx_word' id='word_1_244' title='bbox 1069 3001 1255 3053; x_wconf 88' lang='lat' dir='ltr'>horum</span> <span class='ocrx_word' id='word_1_245' title='bbox 1299 2997 1521 3051; x_wconf 89' lang='lat' dir='ltr'>alterum</span> <span class='ocrx_word' id='word_1_246' title='bbox 1549 3035 1563 3060; x_wconf 95' lang='lat'>,</span> <span class='ocrx_word' id='word_1_247' title='bbox 1595 2994 1646 3047; x_wconf 91' lang='lat' dir='ltr'>id</span> <span class='ocrx_word' id='word_1_248' title='bbox 1679 3002 1763 3049; x_wconf 91' lang='lat' dir='ltr'>est</span> <span class='ocrx_word' id='word_1_249' title='bbox 1786 3002 1876 3048; x_wconf 86' lang='lat' dir='ltr'>aut</span> <span class='ocrx_word' id='word_1_250' title='bbox 1905 2992 2102 3047; x_wconf 84' lang='lat' dir='ltr'>veritas</span> 
     </span>
    </p>
   </div>
   <div class='ocr_carea' id='block_1_34' title="bbox 516 3082 2098 3157">
    <p class='ocr_par' dir='ltr' id='par_1_34' title="bbox 516 3082 2098 3157">
     <span class='ocr_line' id='line_1_34' title="bbox 516 3082 2098 3157; baseline -0.008 -8"><span class='ocrx_word' id='word_1_251' title='bbox 516 3104 608 3149; x_wconf 88' lang='lat' dir='ltr'>aut</span> <span class='ocrx_word' id='word_1_252' title='bbox 661 3093 862 3147; x_wconf 87' lang='lat' dir='ltr'>falsitas</span> <span class='ocrx_word' id='word_1_253' title='bbox 914 3090 1142 3146; x_wconf 77' lang='lat' dir='ltr'>inveniri</span> <span class='ocrx_word' id='word_1_254' title='bbox 1188 3099 1365 3157; x_wconf 86' lang='lat' dir='ltr'>queat.</span> <span class='ocrx_word' id='word_1_255' title='bbox 1410 3086 1515 3142; x_wconf 88' lang='lat' dir='ltr'>Sed</span> <span class='ocrx_word' id='word_1_256' title='bbox 1559 3086 1732 3141; x_wconf 76' lang='lat' dir='ltr'>omnis</span> <span class='ocrx_word' id='word_1_257' title='bbox 1779 3099 1888 3140; x_wconf 86' lang='lat' dir='ltr'>vox</span> <span class='ocrx_word' id='word_1_258' title='bbox 1934 3082 2098 3139; x_wconf 83' lang='lat' dir='ltr'>animi</span> 
     </span>
    </p>
   </div>
   <div class='ocr_carea' id='block_1_35' title="bbox 516 3172 2103 3251">
    <p class='ocr_par' dir='ltr' id='par_1_35' title="bbox 516 3172 2103 3251">
     <span class='ocr_line' id='line_1_35' title="bbox 516 3172 2103 3251; baseline -0.006 -12"><span class='ocrx_word' id='word_1_259' title='bbox 516 3199 673 3239; x_wconf 79' lang='lat' dir='ltr'>sensa</span> <span class='ocrx_word' id='word_1_260' title='bbox 714 3181 997 3251; x_wconf 68' lang='lat' dir='ltr'>significat,</span> <span class='ocrx_word' id='word_1_261' title='bbox 1039 3194 1203 3249; x_wconf 81' lang='lat' dir='ltr'>quare</span> <span class='ocrx_word' id='word_1_262' title='bbox 1243 3192 1309 3233; x_wconf 83' lang='lat' dir='ltr'>ex</span> <span class='ocrx_word' id='word_1_263' title='bbox 1347 3177 1511 3232; x_wconf 89' lang='lat' dir='ltr'>animi</span> <span class='ocrx_word' id='word_1_264' title='bbox 1550 3174 1907 3231; x_wconf 86' lang='lat' dir='ltr'>intellectibus</span> <span class='ocrx_word' id='word_1_265' title='bbox 1946 3172 2103 3246; x_wconf 83' lang='lat' dir='ltr'>quid-</span> 
     </span>
    </p>
   </div>
   <div class='ocr_carea' id='block_1_36' title="bbox 514 3265 2100 3344">
    <p class='ocr_par' dir='ltr' id='par_1_36' title="bbox 514 3265 2100 3344">
     <span class='ocr_line' id='line_1_36' title="bbox 514 3265 2100 3344; baseline -0.004 -16"><span class='ocrx_word' id='word_1_266' title='bbox 514 3274 644 3344; x_wconf 88' lang='lat' dir='ltr'>quid</span> <span class='ocrx_word' id='word_1_267' title='bbox 670 3274 913 3328; x_wconf 81' lang='lat' dir='ltr'>evenerit</span> <span class='ocrx_word' id='word_1_268' title='bbox 937 3271 1153 3325; x_wconf 85' lang='lat' dir='ltr'>voeibus</span> <span class='ocrx_word' id='word_1_269' title='bbox 1175 3269 1457 3324; x_wconf 89' lang='lat' dir='ltr'>indicatur.</span> <span class='ocrx_word' id='word_1_270' title='bbox 1480 3265 1620 3336; x_wconf 80' lang='lat' dir='ltr'>Ergo</span> <span class='ocrx_word' id='word_1_271' title='bbox 1643 3283 1783 3322; x_wconf 90' lang='lat' dir='ltr'>nunc</span> <span class='ocrx_word' id='word_1_272' title='bbox 1808 3266 1910 3321; x_wconf 90' lang='lat' dir='ltr'>hoc</span> <span class='ocrx_word' id='word_1_273' title='bbox 1934 3266 2100 3322; x_wconf 89' lang='lat' dir='ltr'>dicit:</span> 
     </span>
    </p>
   </div>
   <div class='ocr_carea' id='block_1_37' title="bbox 518 3358 2101 3433">
    <p class='ocr_par' dir='ltr' id='par_1_37' title="bbox 518 3358 2101 3433">
     <span class='ocr_line' id='line_1_37' title="bbox 518 3358 2101 3433; baseline -0.004 -13"><span class='ocrx_word' id='word_1_274' title='bbox 518 3365 826 3421; x_wconf 86' lang='lat' dir='ltr'>Similitudo</span> <span class='ocrx_word' id='word_1_275' title='bbox 857 3363 1167 3433; x_wconf 87' lang='lat' dir='ltr'>est,inquit,</span> <span class='ocrx_word' id='word_1_276' title='bbox 1198 3360 1441 3432; x_wconf 68' lang='lat' dir='ltr'>quaedam</span> <span class='ocrx_word' id='word_1_277' title='bbox 1472 3361 1612 3415; x_wconf 90' lang='lat' dir='ltr'>inter</span> <span class='ocrx_word' id='word_1_278' title='bbox 1640 3374 1701 3415; x_wconf 88' lang='lat' dir='ltr'>se</span> <span class='ocrx_word' id='word_1_279' title='bbox 1732 3358 2101 3414; x_wconf 86' lang='lat' dir='ltr'>intellectuum</span> 
     </span>
    </p>
   </div>
   <div class='ocr_carea' id='block_1_38' title="bbox 515 3447 2100 3527">
    <p class='ocr_par' dir='ltr' id='par_1_38' title="bbox 515 3447 2100 3527">
     <span class='ocr_line' id='line_1_38' title="bbox 515 3447 2100 3527; baseline -0.005 -15"><span class='ocrx_word' id='word_1_280' title='bbox 515 3467 676 3527; x_wconf 91' lang='lat' dir='ltr'>atque</span> <span class='ocrx_word' id='word_1_281' title='bbox 726 3470 915 3510; x_wconf 87' lang='lat' dir='ltr'>vocum</span> <span class='ocrx_word' id='word_1_282' title='bbox 949 3450 1440 3522; x_wconf 85' lang='lat' dir='ltr'>:quemadmodum</span> <span class='ocrx_word' id='word_1_283' title='bbox 1489 3450 1634 3505; x_wconf 83' lang='lat' dir='ltr'>enim</span> <span class='ocrx_word' id='word_1_284' title='bbox 1681 3459 1805 3505; x_wconf 87' lang='lat' dir='ltr'>sunt</span> <span class='ocrx_word' id='word_1_285' title='bbox 1853 3447 2100 3518; x_wconf 61' lang='lat' dir='ltr'>quaedam</span> 
     </span>
    </p>
   </div>
   <div class='ocr_carea' id='block_1_39' title="bbox 514 3538 2102 3617">
    <p class='ocr_par' dir='ltr' id='par_1_39' title="bbox 514 3538 2102 3617">
     <span class='ocr_line' id='line_1_39' title="bbox 514 3538 2102 3617; baseline -0.006 -14"><span class='ocrx_word' id='word_1_286' title='bbox 514 3548 772 3617; x_wconf 85' lang='lat' dir='ltr'>simplicia</span> <span class='ocrx_word' id='word_1_287' title='bbox 801 3561 920 3616; x_wconf 76' lang='lat' dir='ltr'>qua:</span> <span class='ocrx_word' id='word_1_288' title='bbox 950 3546 1159 3601; x_wconf 89' lang='lat' dir='ltr'>ratione</span> <span class='ocrx_word' id='word_1_289' title='bbox 1187 3542 1350 3598; x_wconf 87' lang='lat' dir='ltr'>animi</span> <span class='ocrx_word' id='word_1_290' title='bbox 1381 3541 1787 3611; x_wconf 83' lang='lat' dir='ltr'>concipiuntur,</span> <span class='ocrx_word' id='word_1_291' title='bbox 1813 3549 1869 3595; x_wconf 90' lang='lat' dir='ltr'>et</span> <span class='ocrx_word' id='word_1_292' title='bbox 1896 3538 2102 3594; x_wconf 91' lang='lat' dir='ltr'>consti-</span> 
     </span>
    </p>
   </div>
   <div class='ocr_carea' id='block_1_40' title="bbox 513 3630 2098 3704">
    <p class='ocr_par' dir='ltr' id='par_1_40' title="bbox 513 3630 2098 3704">
     <span class='ocr_line' id='line_1_40' title="bbox 513 3630 2098 3704; baseline -0.003 -13"><span class='ocrx_word' id='word_1_293' title='bbox 513 3646 731 3695; x_wconf 88' lang='lat' dir='ltr'>tuuntur</span> <span class='ocrx_word' id='word_1_294' title='bbox 762 3634 1107 3704; x_wconf 72' lang='lat' dir='ltr'>intelligentia</span> <span class='ocrx_word' id='word_1_295' title='bbox 1139 3633 1356 3697; x_wconf 85' lang='lat' dir='ltr'>mentis,</span> <span class='ocrx_word' id='word_1_296' title='bbox 1388 3632 1440 3689; x_wconf 92' lang='lat' dir='ltr'>in</span> <span class='ocrx_word' id='word_1_297' title='bbox 1472 3631 1666 3701; x_wconf 87' lang='lat' dir='ltr'>quibus</span> <span class='ocrx_word' id='word_1_298' title='bbox 1693 3645 1870 3702; x_wconf 87' lang='lat' dir='ltr'>neque</span> <span class='ocrx_word' id='word_1_299' title='bbox 1895 3630 2098 3689; x_wconf 86' lang='lat' dir='ltr'>veritas</span> 
     </span>
    </p>
   </div>
   <div class='ocr_carea' id='block_1_41' title="bbox 512 3723 2100 3794">
    <p class='ocr_par' dir='ltr' id='par_1_41' title="bbox 512 3723 2100 3794">
     <span class='ocr_line' id='line_1_41' title="bbox 512 3723 2100 3794; baseline -0.004 -10"><span class='ocrx_word' id='word_1_300' title='bbox 512 3727 642 3793; x_wconf 86' lang='lat' dir='ltr'>ulla,</span> <span class='ocrx_word' id='word_1_301' title='bbox 675 3741 849 3794; x_wconf 88' lang='lat' dir='ltr'>neque</span> <span class='ocrx_word' id='word_1_302' title='bbox 879 3726 1083 3783; x_wconf 87' lang='lat' dir='ltr'>falsitas</span> <span class='ocrx_word' id='word_1_303' title='bbox 1111 3725 1403 3790; x_wconf 82' lang='lat' dir='ltr'>invenitur,</span> <span class='ocrx_word' id='word_1_304' title='bbox 1451 3723 1523 3779; x_wconf 90' lang='lat' dir='ltr'>ita</span> <span class='ocrx_word' id='word_1_305' title='bbox 1550 3739 1766 3794; x_wconf 86' lang='lat' dir='ltr'>quoque</span> <span class='ocrx_word' id='word_1_306' title='bbox 1793 3725 1845 3780; x_wconf 90' lang='lat' dir='ltr'>in</span> <span class='ocrx_word' id='word_1_307' title='bbox 1877 3723 2100 3779; x_wconf 75' lang='lat' dir='ltr'>vocibus</span> 
     </span>
    </p>
   </div>
   <div class='ocr_carea' id='block_1_42' title="bbox 513 3813 2098 3883">
    <p class='ocr_par' dir='ltr' id='par_1_42' title="bbox 513 3813 2098 3883">
     <span class='ocr_line' id='line_1_42' title="bbox 513 3813 2098 3883; baseline -0.004 -8"><span class='ocrx_word' id='word_1_308' title='bbox 513 3825 615 3875; x_wconf 82' lang='lat' dir='ltr'>est.</span> <span class='ocrx_word' id='word_1_309' title='bbox 635 3815 872 3881; x_wconf 78' lang='lat' dir='ltr'>Simplex</span> <span class='ocrx_word' id='word_1_310' title='bbox 896 3815 1038 3869; x_wconf 87' lang='lat' dir='ltr'>enim</span> <span class='ocrx_word' id='word_1_311' title='bbox 1059 3814 1383 3879; x_wconf 81' lang='lat' dir='ltr'>intellectus,</span> <span class='ocrx_word' id='word_1_312' title='bbox 1413 3823 1490 3879; x_wconf 89' lang='lat' dir='ltr'>ut,</span> <span class='ocrx_word' id='word_1_313' title='bbox 1520 3813 1669 3869; x_wconf 79' lang='lat' dir='ltr'>verbi</span> <span class='ocrx_word' id='word_1_314' title='bbox 1699 3814 1891 3883; x_wconf 88' lang='lat' dir='ltr'>gratia,</span> <span class='ocrx_word' id='word_1_315' title='bbox 1926 3814 2098 3869; x_wconf 79' lang='lat' dir='ltr'>hemi-</span> 
     </span>
    </p>
   </div>
   <div class='ocr_carea' id='block_1_43' title="bbox 513 3900 2098 3973">
    <p class='ocr_par' dir='ltr' id='par_1_43' title="bbox 513 3900 2098 3973">
     <span class='ocr_line' id='line_1_43' title="bbox 513 3900 2098 3973; baseline -0.001 -12"><span class='ocrx_word' id='word_1_316' title='bbox 513 3905 598 3963; x_wconf 88' lang='lat' dir='ltr'>nis</span> <span class='ocrx_word' id='word_1_317' title='bbox 635 3905 718 3963; x_wconf 94' lang='lat' dir='ltr'>vel</span> <span class='ocrx_word' id='word_1_318' title='bbox 761 3904 900 3973; x_wconf 84' lang='lat' dir='ltr'>equi,</span> <span class='ocrx_word' id='word_1_319' title='bbox 952 3916 1127 3972; x_wconf 86' lang='lat' dir='ltr'>neque</span> <span class='ocrx_word' id='word_1_320' title='bbox 1164 3900 1447 3957; x_wconf 83' lang='lat' dir='ltr'>falsitatem</span> <span class='ocrx_word' id='word_1_321' title='bbox 1493 3901 1653 3957; x_wconf 81' lang='lat' dir='ltr'>ullam</span> <span class='ocrx_word' id='word_1_322' title='bbox 1692 3904 1893 3959; x_wconf 88' lang='lat' dir='ltr'>retinet</span> <span class='ocrx_word' id='word_1_323' title='bbox 1923 3917 2098 3972; x_wconf 86' lang='lat' dir='ltr'>neque</span> 
     </span>
    </p>
   </div>
   <div class='ocr_carea' id='block_1_44' title="bbox 513 3991 2097 4061">
    <p class='ocr_par' dir='ltr' id='par_1_44' title="bbox 513 3991 2097 4061">
     <span class='ocr_line' id='line_1_44' title="bbox 513 3991 2097 4061; baseline 0 -12"><span class='ocrx_word' id='word_1_324' title='bbox 513 3996 822 4061; x_wconf 76' lang='lat' dir='ltr'>veritatem;</span> <span class='ocrx_word' id='word_1_325' title='bbox 854 4008 977 4049; x_wconf 89' lang='lat' dir='ltr'>cum</span> <span class='ocrx_word' id='word_1_326' title='bbox 1004 3991 1145 4047; x_wconf 88' lang='lat' dir='ltr'>enim</span> <span class='ocrx_word' id='word_1_327' title='bbox 1193 3991 1433 4061; x_wconf 72' lang='lat' dir='ltr'>intelligo</span> <span class='ocrx_word' id='word_1_328' title='bbox 1467 3991 1782 4060; x_wconf 85' lang='lat' dir='ltr'>simpliciter</span> <span class='ocrx_word' id='word_1_329' title='bbox 1825 3993 2097 4051; x_wconf 82' lang='lat' dir='ltr'>hominem</span> 
     </span>
    </p>
   </div>
   <div class='ocr_carea' id='block_1_45' title="bbox 512 4081 2097 4156">
    <p class='ocr_par' dir='ltr' id='par_1_45' title="bbox 512 4081 2097 4156">
     <span class='ocr_line' id='line_1_45' title="bbox 512 4081 2097 4156; baseline -0.002 -13"><span class='ocrx_word' id='word_1_330' title='bbox 512 4096 565 4143; x_wconf 86' lang='lat' dir='ltr'>et</span> <span class='ocrx_word' id='word_1_331' title='bbox 586 4084 1145 4156; x_wconf 86' lang='lat' dir='ltr'>substantiamipsam,</span> <span class='ocrx_word' id='word_1_332' title='bbox 1162 4082 1293 4138; x_wconf 89' lang='lat' dir='ltr'>nihil</span> <span class='ocrx_word' id='word_1_333' title='bbox 1312 4084 1423 4143; x_wconf 78' lang='lat' dir='ltr'>veri</span> <span class='ocrx_word' id='word_1_334' title='bbox 1452 4083 1534 4136; x_wconf 80' lang='lat' dir='ltr'>vel</span> <span class='ocrx_word' id='word_1_335' title='bbox 1557 4081 1676 4139; x_wconf 87' lang='lat' dir='ltr'>falsi</span> <span class='ocrx_word' id='word_1_336' title='bbox 1697 4084 1748 4139; x_wconf 91' lang='lat' dir='ltr'>in</span> <span class='ocrx_word' id='word_1_337' title='bbox 1771 4084 2097 4151; x_wconf 82' lang='lat' dir='ltr'>cogitatione</span> 
     </span>
    </p>
   </div>
   <div class='ocr_carea' id='block_1_46' title="bbox 510 4173 2097 4244">
    <p class='ocr_par' dir='ltr' id='par_1_46' title="bbox 510 4173 2097 4244">
     <span class='ocr_line' id='line_1_46' title="bbox 510 4173 2097 4244; baseline -0.002 -11"><span class='ocrx_word' id='word_1_338' title='bbox 510 4174 740 4233; x_wconf 83' lang='lat' dir='ltr'>retineo.</span> <span class='ocrx_word' id='word_1_339' title='bbox 783 4173 935 4243; x_wconf 84' lang='lat' dir='ltr'>Quod</span> <span class='ocrx_word' id='word_1_340' title='bbox 978 4174 1022 4229; x_wconf 89' lang='lat' dir='ltr'>si</span> <span class='ocrx_word' id='word_1_341' title='bbox 1068 4188 1284 4231; x_wconf 85' lang='lat' dir='ltr'>cursum</span> <span class='ocrx_word' id='word_1_342' title='bbox 1332 4188 1521 4229; x_wconf 89' lang='lat' dir='ltr'>rursus</span> <span class='ocrx_word' id='word_1_343' title='bbox 1560 4173 1730 4229; x_wconf 88' lang='lat' dir='ltr'>animi</span> <span class='ocrx_word' id='word_1_344' title='bbox 1775 4175 2097 4244; x_wconf 73' lang='lat' dir='ltr'>cogitatione</span> 
     </span>
    </p>
   </div>
   <div class='ocr_carea' id='block_1_47' title="bbox 511 4264 2096 4337">
    <p class='ocr_par' dir='ltr' id='par_1_47' title="bbox 511 4264 2096 4337">
     <span class='ocr_line' id='line_1_47' title="bbox 511 4264 2096 4337; baseline 0.001 -18"><span class='ocrx_word' id='word_1_345' title='bbox 511 4266 1121 4337; x_wconf 83' lang='lat' dir='ltr'>perspexero,cogitatio</span> <span class='ocrx_word' id='word_1_346' title='bbox 1143 4265 1279 4334; x_wconf 85' lang='lat' dir='ltr'>ipsa,</span> <span class='ocrx_word' id='word_1_347' title='bbox 1296 4265 1549 4335; x_wconf 87' lang='lat' dir='ltr'>quoniam</span> <span class='ocrx_word' id='word_1_348' title='bbox 1566 4264 1827 4333; x_wconf 82' lang='lat' dir='ltr'>simplicis</span> <span class='ocrx_word' id='word_1_349' title='bbox 1848 4264 1925 4323; x_wconf 78' lang='lat' dir='ltr'>rei</span> <span class='ocrx_word' id='word_1_350' title='bbox 1949 4273 2096 4320; x_wconf 82' lang='lat' dir='ltr'>tenet</span> 
     </span>
    </p>
   </div>
   <div class='ocr_carea' id='block_1_48' title="bbox 510 4354 2097 4429">
    <p class='ocr_par' dir='ltr' id='par_1_48' title="bbox 510 4354 2097 4429">
     <span class='ocr_line' id='line_1_48' title="bbox 510 4354 2097 4429; baseline -0.001 -16"><span class='ocrx_word' id='word_1_351' title='bbox 510 4357 784 4429; x_wconf 80' lang='lat' dir='ltr'>intuitum,</span> <span class='ocrx_word' id='word_1_352' title='bbox 808 4357 1033 4419; x_wconf 76' lang='lat' dir='ltr'>veritate</span> <span class='ocrx_word' id='word_1_353' title='bbox 1062 4365 1115 4411; x_wconf 90' lang='lat' dir='ltr'>et</span> <span class='ocrx_word' id='word_1_354' title='bbox 1143 4354 1374 4411; x_wconf 80' lang='lat' dir='ltr'>falsitate</span> <span class='ocrx_word' id='word_1_355' title='bbox 1396 4355 1602 4411; x_wconf 86' lang='lat' dir='ltr'>seclusa</span> <span class='ocrx_word' id='word_1_356' title='bbox 1630 4362 1734 4409; x_wconf 90' lang='lat' dir='ltr'>est.</span> <span class='ocrx_word' id='word_1_357' title='bbox 1750 4354 1852 4409; x_wconf 86' lang='lat' dir='ltr'>Sed</span> <span class='ocrx_word' id='word_1_358' title='bbox 1881 4354 2097 4423; x_wconf 85' lang='lat' dir='ltr'>quando</span> 
     </span>
    </p>
   </div>
   <div class='ocr_carea' id='block_1_49' title="bbox 510 4446 2091 4520">
    <p class='ocr_par' dir='ltr' id='par_1_49' title="bbox 510 4446 2091 4520">
     <span class='ocr_line' id='line_1_49' title="bbox 510 4446 2091 4520; baseline -0.003 -13"><span class='ocrx_word' id='word_1_359' title='bbox 510 4466 722 4507; x_wconf 91' lang='lat' dir='ltr'>cursum</span> <span class='ocrx_word' id='word_1_360' title='bbox 754 4459 809 4511; x_wconf 87' lang='lat' dir='ltr'>et</span> <span class='ocrx_word' id='word_1_361' title='bbox 835 4449 1108 4507; x_wconf 81' lang='lat' dir='ltr'>hominem</span> <span class='ocrx_word' id='word_1_362' title='bbox 1133 4448 1383 4520; x_wconf 86' lang='lat' dir='ltr'>iunxero,</span> <span class='ocrx_word' id='word_1_363' title='bbox 1416 4456 1473 4503; x_wconf 88' lang='lat' dir='ltr'>et</span> <span class='ocrx_word' id='word_1_364' title='bbox 1500 4464 1563 4507; x_wconf 82' lang='lat' dir='ltr'>ex</span> <span class='ocrx_word' id='word_1_365' title='bbox 1594 4447 1677 4507; x_wconf 89' lang='lat' dir='ltr'>his</span> <span class='ocrx_word' id='word_1_366' title='bbox 1700 4446 1897 4517; x_wconf 86' lang='lat' dir='ltr'>aliquid</span> <span class='ocrx_word' id='word_1_367' title='bbox 1927 4448 2091 4507; x_wconf 78' lang='lat' dir='ltr'>intel-</span> 
     </span>
    </p>
   </div>
   <div class='ocr_carea' id='block_1_50' title="bbox 2130 3128 2179 3201">
    <p class='ocr_par' dir='ltr' id='par_1_50' title="bbox 2130 3128 2179 3201">
     <span class='ocr_line' id='line_1_50' title="bbox 2130 3128 2179 3201; baseline 0 -6"><span class='ocrx_word' id='word_1_368' title='bbox 2130 3128 2179 3201; x_wconf 87' lang='lat' dir='ltr'><strong><em>C</em></strong></span> 
     </span>
    </p>
   </div>
   <div class='ocr_carea' id='block_1_51' title="bbox 2200 428 3778 499">
    <p class='ocr_par' dir='ltr' id='par_1_51' title="bbox 2200 428 3778 499">
     <span class='ocr_line' id='line_1_51' title="bbox 2200 428 3778 499; baseline 0 -13"><span class='ocrx_word' id='word_1_369' title='bbox 2200 430 2447 486; x_wconf 86' lang='lat' dir='ltr'>tiationes</span> <span class='ocrx_word' id='word_1_370' title='bbox 2478 444 2757 499; x_wconf 90' lang='lat' dir='ltr'>possumus</span> <span class='ocrx_word' id='word_1_371' title='bbox 2789 428 3046 485; x_wconf 84' lang='lat' dir='ltr'>invenire.</span> <span class='ocrx_word' id='word_1_372' title='bbox 3097 428 3318 499; x_wconf 75' lang='lat' dir='ltr'>Quoties</span> <span class='ocrx_word' id='word_1_373' title='bbox 3347 428 3493 485; x_wconf 90' lang='lat' dir='ltr'>enim</span> <span class='ocrx_word' id='word_1_374' title='bbox 3530 430 3778 486; x_wconf 81' lang='lat' dir='ltr'>substan-</span> 
     </span>
    </p>
   </div>
   <div class='ocr_carea' id='block_1_52' title="bbox 2196 521 3777 591">
    <p class='ocr_par' dir='ltr' id='par_1_52' title="bbox 2196 521 3777 591">
     <span class='ocr_line' id='line_1_52' title="bbox 2196 521 3777 591; baseline 0.001 -15"><span class='ocrx_word' id='word_1_375' title='bbox 2196 522 2319 576; x_wconf 87' lang='lat' dir='ltr'>tiam</span> <span class='ocrx_word' id='word_1_376' title='bbox 2349 536 2467 575; x_wconf 90' lang='lat' dir='ltr'>cum</span> <span class='ocrx_word' id='word_1_377' title='bbox 2497 521 2772 577; x_wconf 87' lang='lat' dir='ltr'>accidente</span> <span class='ocrx_word' id='word_1_378' title='bbox 2794 521 3165 591; x_wconf 83' lang='lat' dir='ltr'>coniungimus</span> <span class='ocrx_word' id='word_1_379' title='bbox 3189 531 3351 591; x_wconf 87' lang='lat' dir='ltr'>atque</span> <span class='ocrx_word' id='word_1_380' title='bbox 3381 522 3777 591; x_wconf 83' lang='lat' dir='ltr'>componimus,</span> 
     </span>
    </p>
   </div>
   <div class='ocr_carea' id='block_1_53' title="bbox 2196 613 3781 684">
    <p class='ocr_par' dir='ltr' id='par_1_53' title="bbox 2196 613 3781 684">
     <span class='ocr_line' id='line_1_53' title="bbox 2196 613 3781 684; baseline 0 -17"><span class='ocrx_word' id='word_1_381' title='bbox 2196 615 2280 669; x_wconf 83' lang='lat' dir='ltr'>vel</span> <span class='ocrx_word' id='word_1_382' title='bbox 2313 613 2640 669; x_wconf 91' lang='lat' dir='ltr'>intellectum</span> <span class='ocrx_word' id='word_1_383' title='bbox 2673 613 2966 668; x_wconf 88' lang='lat' dir='ltr'>intellectui</span> <span class='ocrx_word' id='word_1_384' title='bbox 2994 613 3329 684; x_wconf 89' lang='lat' dir='ltr'>copulamus,</span> <span class='ocrx_word' id='word_1_385' title='bbox 3353 622 3412 668; x_wconf 93' lang='lat' dir='ltr'>ut</span> <span class='ocrx_word' id='word_1_386' title='bbox 3439 613 3551 668; x_wconf 87' lang='lat' dir='ltr'>fieri</span> <span class='ocrx_word' id='word_1_387' title='bbox 3584 627 3781 682; x_wconf 83' lang='lat' dir='ltr'>propo-</span> 
     </span>
    </p>
   </div>
   <div class='ocr_carea' id='block_1_54' title="bbox 2196 702 3783 777">
    <p class='ocr_par' dir='ltr' id='par_1_54' title="bbox 2196 702 3783 777">
     <span class='ocr_line' id='line_1_54' title="bbox 2196 702 3783 777; baseline 0 -18"><span class='ocrx_word' id='word_1_388' title='bbox 2196 705 2320 760; x_wconf 89' lang='lat' dir='ltr'>sitio</span> <span class='ocrx_word' id='word_1_389' title='bbox 2351 704 2520 774; x_wconf 91' lang='lat' dir='ltr'>possit</span> <span class='ocrx_word' id='word_1_390' title='bbox 2558 706 2608 759; x_wconf 91' lang='lat' dir='ltr'>in</span> <span class='ocrx_word' id='word_1_391' title='bbox 2648 706 2994 777; x_wconf 85' lang='lat' dir='ltr'>cogitatione,</span> <span class='ocrx_word' id='word_1_392' title='bbox 3041 713 3169 759; x_wconf 92' lang='lat' dir='ltr'>tunc</span> <span class='ocrx_word' id='word_1_393' title='bbox 3198 705 3253 760; x_wconf 88' lang='lat' dir='ltr'>lit</span> <span class='ocrx_word' id='word_1_394' title='bbox 3281 704 3423 760; x_wconf 92' lang='lat' dir='ltr'>idem</span> <span class='ocrx_word' id='word_1_395' title='bbox 3453 706 3504 760; x_wconf 92' lang='lat' dir='ltr'>in</span> <span class='ocrx_word' id='word_1_396' title='bbox 3532 720 3688 759; x_wconf 80' lang='lat' dir='ltr'>vace.</span> <span class='ocrx_word' id='word_1_397' title='bbox 3715 702 3783 759; x_wconf 84' lang='lat' dir='ltr'>Et</span> 
     </span>
    </p>
   </div>
   <div class='ocr_carea' id='block_1_55' title="bbox 2196 794 3782 861">
    <p class='ocr_par' dir='ltr' id='par_1_55' title="bbox 2196 794 3782 861">
     <span class='ocr_line' id='line_1_55' title="bbox 2196 794 3782 861; baseline -0.002 -11"><span class='ocrx_word' id='word_1_398' title='bbox 2196 806 2277 850; x_wconf 79' lang='lat' dir='ltr'>eat</span> <span class='ocrx_word' id='word_1_399' title='bbox 2318 810 2459 850; x_wconf 93' lang='lat' dir='ltr'>nunc</span> <span class='ocrx_word' id='word_1_400' title='bbox 2500 794 2807 861; x_wconf 88' lang='lat' dir='ltr'>affirmatio,</span> <span class='ocrx_word' id='word_1_401' title='bbox 2866 803 2974 850; x_wconf 89' lang='lat' dir='ltr'>ut:</span> <span class='ocrx_word' id='word_1_402' title='bbox 3029 795 3198 849; x_wconf 89' lang='lat' dir='ltr'>llomo</span> <span class='ocrx_word' id='word_1_403' title='bbox 3248 796 3439 849; x_wconf 89' lang='lat' dir='ltr'>currit.</span> <span class='ocrx_word' id='word_1_404' title='bbox 3496 794 3782 850; x_wconf 87' lang='lat' dir='ltr'>liominem</span> 
     </span>
    </p>
   </div>
   <div class='ocr_carea' id='block_1_56' title="bbox 2196 883 3785 957">
    <p class='ocr_par' dir='ltr' id='par_1_56' title="bbox 2196 883 3785 957">
     <span class='ocr_line' id='line_1_56' title="bbox 2196 883 3785 957; baseline -0.001 -17"><span class='ocrx_word' id='word_1_405' title='bbox 2196 886 2393 956; x_wconf 90' lang='lat' dir='ltr'>quippe</span> <span class='ocrx_word' id='word_1_406' title='bbox 2414 898 2737 957; x_wconf 84' lang='lat' dir='ltr'>cursumque</span> <span class='ocrx_word' id='word_1_407' title='bbox 2759 885 3059 954; x_wconf 86' lang='lat' dir='ltr'>composuit</span> <span class='ocrx_word' id='word_1_408' title='bbox 3083 894 3239 954; x_wconf 87' lang='lat' dir='ltr'>atque</span> <span class='ocrx_word' id='word_1_409' title='bbox 3260 884 3554 956; x_wconf 88' lang='lat' dir='ltr'>coniunxit,</span> <span class='ocrx_word' id='word_1_410' title='bbox 3577 892 3631 940; x_wconf 86' lang='lat' dir='ltr'>et</span> <span class='ocrx_word' id='word_1_411' title='bbox 3658 883 3785 938; x_wconf 88' lang='lat' dir='ltr'>inde</span> 
     </span>
    </p>
   </div>
   <div class='ocr_carea' id='block_1_57' title="bbox 2198 975 3785 1033">
    <p class='ocr_par' dir='ltr' id='par_1_57' title="bbox 2198 975 3785 1033">
     <span class='ocr_line' id='line_1_57' title="bbox 2198 975 3785 1033; baseline 0 -2"><span class='ocrx_word' id='word_1_412' title='bbox 2198 976 2489 1031; x_wconf 85' lang='lat' dir='ltr'>affirmatio</span> <span class='ocrx_word' id='word_1_413' title='bbox 2525 987 2647 1032; x_wconf 88' lang='lat' dir='ltr'>nata</span> <span class='ocrx_word' id='word_1_414' title='bbox 2700 985 2783 1033; x_wconf 90' lang='lat' dir='ltr'>est</span> <span class='ocrx_word' id='word_1_415' title='bbox 2822 976 3102 1033; x_wconf 79' lang='lat' dir='ltr'>veritatem</span> <span class='ocrx_word' id='word_1_416' title='bbox 3128 978 3409 1033; x_wconf 87' lang='lat' dir='ltr'>continens</span> <span class='ocrx_word' id='word_1_417' title='bbox 3447 975 3532 1032; x_wconf 86' lang='lat' dir='ltr'>vel</span> <span class='ocrx_word' id='word_1_418' title='bbox 3562 975 3785 1031; x_wconf 83' lang='lat' dir='ltr'>menda-</span> 
     </span>
    </p>
   </div>
   <div class='ocr_carea' id='block_1_58' title="bbox 2198 1068 3785 1140">
    <p class='ocr_par' dir='ltr' id='par_1_58' title="bbox 2198 1068 3785 1140">
     <span class='ocr_line' id='line_1_58' title="bbox 2198 1068 3785 1140; baseline 0 -17"><span class='ocrx_word' id='word_1_419' title='bbox 2198 1069 2362 1124; x_wconf 87' lang='lat' dir='ltr'>cium.</span> <span class='ocrx_word' id='word_1_420' title='bbox 2396 1068 2545 1124; x_wconf 87' lang='lat' dir='ltr'>Nunc</span> <span class='ocrx_word' id='word_1_421' title='bbox 2577 1085 2708 1125; x_wconf 87' lang='lat' dir='ltr'>vero</span> <span class='ocrx_word' id='word_1_422' title='bbox 2738 1069 2971 1140; x_wconf 83' lang='lat' dir='ltr'>negatio,</span> <span class='ocrx_word' id='word_1_423' title='bbox 3006 1068 3051 1125; x_wconf 87' lang='lat' dir='ltr'>sl</span> <span class='ocrx_word' id='word_1_424' title='bbox 3084 1069 3207 1125; x_wconf 88' lang='lat' dir='ltr'>huic</span> <span class='ocrx_word' id='word_1_425' title='bbox 3236 1069 3545 1125; x_wconf 80' lang='lat' dir='ltr'>adverbium</span> <span class='ocrx_word' id='word_1_426' title='bbox 3578 1068 3785 1138; x_wconf 88' lang='lat' dir='ltr'>negati-</span> 
     </span>
    </p>
   </div>
   <div class='ocr_carea' id='block_1_59' title="bbox 2199 1158 3787 1230">
    <p class='ocr_par' dir='ltr' id='par_1_59' title="bbox 2199 1158 3787 1230">
     <span class='ocr_line' id='line_1_59' title="bbox 2199 1158 3787 1230; baseline -0.001 -16"><span class='ocrx_word' id='word_1_427' title='bbox 2199 1174 2323 1214; x_wconf 86' lang='lat' dir='ltr'>vum</span> <span class='ocrx_word' id='word_1_428' title='bbox 2350 1175 2455 1214; x_wconf 90' lang='lat' dir='ltr'>non</span> <span class='ocrx_word' id='word_1_429' title='bbox 2479 1159 2729 1230; x_wconf 82' lang='lat' dir='ltr'>iunxero,</span> <span class='ocrx_word' id='word_1_430' title='bbox 2763 1169 2816 1216; x_wconf 90' lang='lat' dir='ltr'>et</span> <span class='ocrx_word' id='word_1_431' title='bbox 2842 1161 3193 1216; x_wconf 86' lang='lat' dir='ltr'>substantiam</span> <span class='ocrx_word' id='word_1_432' title='bbox 3223 1162 3289 1214; x_wconf 87' lang='lat' dir='ltr'>ab</span> <span class='ocrx_word' id='word_1_433' title='bbox 3330 1161 3604 1215; x_wconf 87' lang='lat' dir='ltr'>accidente</span> <span class='ocrx_word' id='word_1_434' title='bbox 3642 1158 3787 1214; x_wconf 80' lang='lat' dir='ltr'>divi-</span> 
     </span>
    </p>
   </div>
   <div class='ocr_carea' id='block_1_60' title="bbox 2201 1249 3784 1323">
    <p class='ocr_par' dir='ltr' id='par_1_60' title="bbox 2201 1249 3784 1323">
     <span class='ocr_line' id='line_1_60' title="bbox 2201 1249 3784 1323; baseline 0.003 -18"><span class='ocrx_word' id='word_1_435' title='bbox 2201 1260 2324 1305; x_wconf 88' lang='lat' dir='ltr'>sero</span> <span class='ocrx_word' id='word_1_436' title='bbox 2348 1260 2508 1321; x_wconf 89' lang='lat' dir='ltr'>atque</span> <span class='ocrx_word' id='word_1_437' title='bbox 2532 1251 2839 1323; x_wconf 83' lang='lat' dir='ltr'>disiunxero</span> <span class='ocrx_word' id='word_1_438' title='bbox 2861 1293 2879 1321; x_wconf 92' lang='lat'>,</span> <span class='ocrx_word' id='word_1_439' title='bbox 2914 1260 2973 1308; x_wconf 92' lang='lat' dir='ltr'>ut</span> <span class='ocrx_word' id='word_1_440' title='bbox 3000 1263 3083 1308; x_wconf 87' lang='lat' dir='ltr'>est</span> <span class='ocrx_word' id='word_1_441' title='bbox 3117 1271 3129 1305; x_wconf 93' lang='lat'>:</span> <span class='ocrx_word' id='word_1_442' title='bbox 3164 1252 3333 1307; x_wconf 86' lang='lat' dir='ltr'>ilnmo</span> <span class='ocrx_word' id='word_1_443' title='bbox 3366 1268 3471 1305; x_wconf 92' lang='lat' dir='ltr'>non</span> <span class='ocrx_word' id='word_1_444' title='bbox 3503 1250 3693 1315; x_wconf 87' lang='lat' dir='ltr'>currit,</span> <span class='ocrx_word' id='word_1_445' title='bbox 3731 1249 3784 1309; x_wconf 89' lang='lat' dir='ltr'>id</span> 
     </span>
    </p>
   </div>
   <div class='ocr_carea' id='block_1_61' title="bbox 2202 1343 3787 1416">
    <p class='ocr_par' dir='ltr' id='par_1_61' title="bbox 2202 1343 3787 1416">
     <span class='ocr_line' id='line_1_61' title="bbox 2202 1343 3787 1416; baseline 0.003 -20"><span class='ocrx_word' id='word_1_446' title='bbox 2202 1357 2305 1397; x_wconf 92' lang='lat' dir='ltr'>non</span> <span class='ocrx_word' id='word_1_447' title='bbox 2328 1343 2469 1409; x_wconf 91' lang='lat' dir='ltr'>quod</span> <span class='ocrx_word' id='word_1_448' title='bbox 2493 1352 2571 1398; x_wconf 89' lang='lat' dir='ltr'>est</span> <span class='ocrx_word' id='word_1_449' title='bbox 2596 1343 2906 1401; x_wconf 88' lang='lat' dir='ltr'>adverbium</span> <span class='ocrx_word' id='word_1_450' title='bbox 2930 1344 3261 1416; x_wconf 88' lang='lat' dir='ltr'>negativum,</span> <span class='ocrx_word' id='word_1_451' title='bbox 3285 1345 3553 1399; x_wconf 90' lang='lat' dir='ltr'>hominem</span> <span class='ocrx_word' id='word_1_452' title='bbox 3576 1358 3604 1397; x_wconf 87' lang='lat' dir='ltr'>a</span> <span class='ocrx_word' id='word_1_453' title='bbox 3628 1357 3787 1401; x_wconf 72' lang='lat' dir='ltr'>(ursa</span> 
     </span>
    </p>
   </div>
   <div class='ocr_carea' id='block_1_62' title="bbox 2201 1433 3787 1506">
    <p class='ocr_par' dir='ltr' id='par_1_62' title="bbox 2201 1433 3787 1506">
     <span class='ocr_line' id='line_1_62' title="bbox 2201 1433 3787 1506; baseline 0 -17"><span class='ocrx_word' id='word_1_454' title='bbox 2201 1433 2379 1489; x_wconf 83' lang='lat' dir='ltr'>divisit</span> <span class='ocrx_word' id='word_1_455' title='bbox 2406 1443 2564 1504; x_wconf 86' lang='lat' dir='ltr'>atque</span> <span class='ocrx_word' id='word_1_456' title='bbox 2593 1434 2871 1503; x_wconf 80' lang='lat' dir='ltr'>disiunxit,</span> <span class='ocrx_word' id='word_1_457' title='bbox 2902 1435 3149 1506; x_wconf 84' lang='lat' dir='ltr'>factaque</span> <span class='ocrx_word' id='word_1_458' title='bbox 3174 1445 3256 1490; x_wconf 71' lang='lat' dir='ltr'>est</span> <span class='ocrx_word' id='word_1_459' title='bbox 3286 1436 3406 1491; x_wconf 87' lang='lat' dir='ltr'>inde</span> <span class='ocrx_word' id='word_1_460' title='bbox 3434 1435 3647 1505; x_wconf 87' lang='lat' dir='ltr'>negatio</span> <span class='ocrx_word' id='word_1_461' title='bbox 3672 1449 3787 1489; x_wconf 87' lang='lat' dir='ltr'>rur-</span> 
     </span>
    </p>
   </div>
   <div class='ocr_carea' id='block_1_63' title="bbox 2202 1525 3787 1598">
    <p class='ocr_par' dir='ltr' id='par_1_63' title="bbox 2202 1525 3787 1598">
     <span class='ocr_line' id='line_1_63' title="bbox 2202 1525 3787 1598; baseline 0.001 -20"><span class='ocrx_word' id='word_1_462' title='bbox 2202 1539 2294 1580; x_wconf 88' lang='lat' dir='ltr'>sus</span> <span class='ocrx_word' id='word_1_463' title='bbox 2335 1525 2617 1581; x_wconf 83' lang='lat' dir='ltr'>veritatem</span> <span class='ocrx_word' id='word_1_464' title='bbox 2656 1526 3011 1583; x_wconf 89' lang='lat' dir='ltr'>faisitatemve</span> <span class='ocrx_word' id='word_1_465' title='bbox 3050 1526 3377 1598; x_wconf 77' lang='lat' dir='ltr'>significans.</span> <span class='ocrx_word' id='word_1_466' title='bbox 3413 1527 3576 1581; x_wconf 79' lang='lat' dir='ltr'>Recte</span> <span class='ocrx_word' id='word_1_467' title='bbox 3621 1525 3787 1596; x_wconf 84' lang='lat' dir='ltr'>igitur</span> 
     </span>
    </p>
   </div>
   <div class='ocr_carea' id='block_1_64' title="bbox 2202 1615 3787 1688">
    <p class='ocr_par' dir='ltr' id='par_1_64' title="bbox 2202 1615 3787 1688">
     <span class='ocr_line' id='line_1_64' title="bbox 2202 1615 3787 1688; baseline 0.001 -17"><span class='ocrx_word' id='word_1_468' title='bbox 2202 1615 2400 1671; x_wconf 91' lang='lat' dir='ltr'>dictum</span> <span class='ocrx_word' id='word_1_469' title='bbox 2424 1625 2508 1671; x_wconf 82' lang='lat' dir='ltr'>est</span> <span class='ocrx_word' id='word_1_470' title='bbox 2526 1617 2667 1672; x_wconf 90' lang='lat' dir='ltr'>circa</span> <span class='ocrx_word' id='word_1_471' title='bbox 2694 1618 3134 1688; x_wconf 85' lang='lat' dir='ltr'>compositionem</span> <span class='ocrx_word' id='word_1_472' title='bbox 3177 1619 3317 1687; x_wconf 86' lang='lat' dir='ltr'>quod</span> <span class='ocrx_word' id='word_1_473' title='bbox 3362 1628 3444 1673; x_wconf 91' lang='lat' dir='ltr'>est</span> <span class='ocrx_word' id='word_1_474' title='bbox 3473 1617 3787 1683; x_wconf 85' lang='lat' dir='ltr'>affirmatio,</span> 
     </span>
    </p>
   </div>
   <div class='ocr_carea' id='block_1_65' title="bbox 2207 1704 3790 1782">
    <p class='ocr_par' dir='ltr' id='par_1_65' title="bbox 2207 1704 3790 1782">
     <span class='ocr_line' id='line_1_65' title="bbox 2207 1704 3790 1782; baseline 0.005 -24"><span class='ocrx_word' id='word_1_475' title='bbox 2207 1706 2290 1761; x_wconf 87' lang='lat' dir='ltr'>vel</span> <span class='ocrx_word' id='word_1_476' title='bbox 2317 1705 2634 1762; x_wconf 85' lang='lat' dir='ltr'>divisionem</span> <span class='ocrx_word' id='word_1_477' title='bbox 2656 1707 2797 1776; x_wconf 90' lang='lat' dir='ltr'>quod</span> <span class='ocrx_word' id='word_1_478' title='bbox 2821 1704 2905 1764; x_wconf 87' lang='lat' dir='ltr'>est</span> <span class='ocrx_word' id='word_1_479' title='bbox 2925 1709 3154 1782; x_wconf 86' lang='lat' dir='ltr'>negatio,</span> <span class='ocrx_word' id='word_1_480' title='bbox 3174 1710 3411 1765; x_wconf 69' lang='lat' dir='ltr'>veritatis</span> <span class='ocrx_word' id='word_1_481' title='bbox 3434 1709 3790 1782; x_wconf 70' lang='lat' dir='ltr'>falsitatisque</span> 
     </span>
    </p>
   </div>
   <div class='ocr_carea' id='block_1_66' title="bbox 2208 1806 2748 1853">
    <p class='ocr_par' dir='ltr' id='par_1_66' title="bbox 2208 1806 2748 1853">
     <span class='ocr_line' id='line_1_66' title="bbox 2208 1806 2748 1853; baseline 0.004 -2"><span class='ocrx_word' id='word_1_482' title='bbox 2208 1807 2457 1851; x_wconf 75' lang='lat' dir='ltr'>constare</span> <span class='ocrx_word' id='word_1_483' title='bbox 2486 1806 2748 1853; x_wconf 88' lang='lat' dir='ltr'>naturam.</span> 
     </span>
    </p>
   </div>
   <div class='ocr_carea' id='block_1_67' title="bbox 2277 1876 3789 1964">
    <p class='ocr_par' dir='ltr' id='par_1_67' title="bbox 2277 1876 3789 1964">
     <span class='ocr_line' id='line_1_67' title="bbox 2277 1876 3789 1964; baseline 0.005 -21"><span class='ocrx_word' id='word_1_484' title='bbox 2277 1889 2505 1945; x_wconf 83' lang='lat' dir='ltr'>Nomina</span> <span class='ocrx_word' id='word_1_485' title='bbox 2541 1890 2700 1964; x_wconf 85' lang='lat' dir='ltr'>igitur</span> <span class='ocrx_word' id='word_1_486' title='bbox 2740 1894 2853 1960; x_wconf 81' lang='lat' dir='ltr'>ipsa</span> <span class='ocrx_word' id='word_1_487' title='bbox 2892 1903 2941 1948; x_wconf 91' lang='lat' dir='ltr'>et</span> <span class='ocrx_word' id='word_1_488' title='bbox 2982 1893 3131 1948; x_wconf 82' lang='lat' dir='ltr'>verba</span> <span class='ocrx_word' id='word_1_489' title='bbox 3161 1876 3448 1949; x_wconf 78' lang='lat' dir='ltr'>consimilia</span> <span class='ocrx_word' id='word_1_490' title='bbox 3493 1903 3631 1961; x_wconf 84' lang='lat' dir='ltr'>sunt,</span> <span class='ocrx_word' id='word_1_491' title='bbox 3679 1895 3789 1951; x_wconf 79' lang='lat' dir='ltr'>situ</span> 
     </span>
    </p>
   </div>
   <div class='ocr_carea' id='block_1_68' title="bbox 2202 1982 3790 2052">
    <p class='ocr_par' dir='ltr' id='par_1_68' title="bbox 2202 1982 3790 2052">
     <span class='ocr_line' id='line_1_68' title="bbox 2202 1982 3790 2052; baseline 0.003 -16"><span class='ocrx_word' id='word_1_492' title='bbox 2202 1982 2570 2052; x_wconf 83' lang='lat' dir='ltr'>compositione</span> <span class='ocrx_word' id='word_1_493' title='bbox 2614 1982 2692 2036; x_wconf 87' lang='lat' dir='ltr'>rel</span> <span class='ocrx_word' id='word_1_494' title='bbox 2735 1982 2979 2037; x_wconf 84' lang='lat' dir='ltr'>divisione</span> <span class='ocrx_word' id='word_1_495' title='bbox 3024 1982 3335 2048; x_wconf 82' lang='lat' dir='ltr'>intellectui,</span> <span class='ocrx_word' id='word_1_496' title='bbox 3389 1994 3443 2037; x_wconf 88' lang='lat' dir='ltr'>ut</span> <span class='ocrx_word' id='word_1_497' title='bbox 3486 1984 3658 2051; x_wconf 79' lang='lat' dir='ltr'>homo,</span> <span class='ocrx_word' id='word_1_498' title='bbox 3708 1986 3790 2040; x_wconf 76' lang='lat' dir='ltr'>vel</span> 
     </span>
    </p>
   </div>
   <div class='ocr_carea' id='block_1_69' title="bbox 2202 2074 3790 2149">
    <p class='ocr_par' dir='ltr' id='par_1_69' title="bbox 2202 2074 3790 2149">
     <span class='ocr_line' id='line_1_69' title="bbox 2202 2074 3790 2149; baseline 0.004 -21"><span class='ocrx_word' id='word_1_499' title='bbox 2202 2074 2401 2138; x_wconf 82' lang='lat' dir='ltr'>album,</span> <span class='ocrx_word' id='word_1_500' title='bbox 2431 2075 2638 2142; x_wconf 81' lang='lat' dir='ltr'>quando</span> <span class='ocrx_word' id='word_1_501' title='bbox 2667 2090 2769 2129; x_wconf 88' lang='lat' dir='ltr'>non</span> <span class='ocrx_word' id='word_1_502' title='bbox 2795 2076 3000 2131; x_wconf 84' lang='lat' dir='ltr'>additur</span> <span class='ocrx_word' id='word_1_503' title='bbox 3022 2075 3241 2147; x_wconf 80' lang='lat' dir='ltr'>aliquid,</span> <span class='ocrx_word' id='word_1_504' title='bbox 3273 2093 3432 2149; x_wconf 68' lang='lat' dir='ltr'>neque</span> <span class='ocrx_word' id='word_1_505' title='bbox 3455 2079 3587 2131; x_wconf 82' lang='lat' dir='ltr'>enim</span> <span class='ocrx_word' id='word_1_506' title='bbox 3619 2094 3790 2135; x_wconf 79' lang='lat' dir='ltr'>rerum</span> 
     </span>
    </p>
   </div>
   <div class='ocr_carea' id='block_1_70' title="bbox 2203 2165 3565 2236">
    <p class='ocr_par' dir='ltr' id='par_1_70' title="bbox 2203 2165 3565 2236">
     <span class='ocr_line' id='line_1_70' title="bbox 2203 2165 3565 2236; baseline 0.001 -16"><span class='ocrx_word' id='word_1_507' title='bbox 2203 2176 2292 2220; x_wconf 90' lang='lat' dir='ltr'>aut</span> <span class='ocrx_word' id='word_1_508' title='bbox 2323 2165 2511 2236; x_wconf 74' lang='lat' dir='ltr'>falsum</span> <span class='ocrx_word' id='word_1_509' title='bbox 2536 2177 2628 2220; x_wconf 86' lang='lat' dir='ltr'>est.</span> <span class='ocrx_word' id='word_1_510' title='bbox 3560 2218 3565 2221; x_wconf 77' lang='lat'>.</span> 
     </span>
    </p>
   </div>
   <div class='ocr_carea' id='block_1_71' title="bbox 2275 2257 3791 2328">
    <p class='ocr_par' dir='ltr' id='par_1_71' title="bbox 2275 2257 3791 2328">
     <span class='ocr_line' id='line_1_71' title="bbox 2275 2257 3791 2328; baseline -0.001 -15"><span class='ocrx_word' id='word_1_511' title='bbox 2275 2257 2426 2313; x_wconf 74' lang='lat' dir='ltr'>Nunc</span> <span class='ocrx_word' id='word_1_512' title='bbox 2453 2257 2579 2328; x_wconf 90' lang='lat' dir='ltr'>quid</span> <span class='ocrx_word' id='word_1_513' title='bbox 2610 2258 2681 2312; x_wconf 89' lang='lat' dir='ltr'>sit</span> <span class='ocrx_word' id='word_1_514' title='bbox 2710 2257 3011 2315; x_wconf 88' lang='lat' dir='ltr'>intellectus</span> <span class='ocrx_word' id='word_1_515' title='bbox 3037 2259 3154 2315; x_wconf 89' lang='lat' dir='ltr'>sine</span> <span class='ocrx_word' id='word_1_516' title='bbox 3176 2273 3303 2314; x_wconf 87' lang='lat' dir='ltr'>vero</span> <span class='ocrx_word' id='word_1_517' title='bbox 3328 2258 3411 2314; x_wconf 87' lang='lat' dir='ltr'>vel</span> <span class='ocrx_word' id='word_1_518' title='bbox 3442 2257 3578 2314; x_wconf 87' lang='lat' dir='ltr'>falso</span> <span class='ocrx_word' id='word_1_519' title='bbox 3609 2257 3791 2315; x_wconf 84' lang='lat' dir='ltr'>conti-</span> 
     </span>
    </p>
   </div>
   <div class='ocr_carea' id='block_1_72' title="bbox 2205 2348 3793 2422">
    <p class='ocr_par' dir='ltr' id='par_1_72' title="bbox 2205 2348 3793 2422">
     <span class='ocr_line' id='line_1_72' title="bbox 2205 2348 3793 2422; baseline 0.003 -20"><span class='ocrx_word' id='word_1_520' title='bbox 2205 2357 2363 2402; x_wconf 86' lang='lat' dir='ltr'>nuata</span> <span class='ocrx_word' id='word_1_521' title='bbox 2414 2348 2657 2404; x_wconf 86' lang='lat' dir='ltr'>oratione</span> <span class='ocrx_word' id='word_1_522' title='bbox 2701 2350 3060 2421; x_wconf 86' lang='lat' dir='ltr'>prosequitur.</span> <span class='ocrx_word' id='word_1_523' title='bbox 3093 2348 3165 2405; x_wconf 85' lang='lat' dir='ltr'>Ea</span> <span class='ocrx_word' id='word_1_524' title='bbox 3212 2351 3375 2415; x_wconf 85' lang='lat' dir='ltr'>enim,</span> <span class='ocrx_word' id='word_1_525' title='bbox 3430 2350 3619 2421; x_wconf 86' lang='lat' dir='ltr'>inquit,</span> <span class='ocrx_word' id='word_1_526' title='bbox 3669 2364 3793 2422; x_wconf 64' lang='lat' dir='ltr'>quin</span> 
     </span>
    </p>
   </div>
   <div class='ocr_carea' id='block_1_73' title="bbox 2205 2437 3792 2511">
    <p class='ocr_par' dir='ltr' id='par_1_73' title="bbox 2205 2437 3792 2511">
     <span class='ocr_line' id='line_1_73' title="bbox 2205 2437 3792 2511; baseline 0.002 -19"><span class='ocrx_word' id='word_1_527' title='bbox 2205 2437 2469 2506; x_wconf 85' lang='lat' dir='ltr'>simplicia</span> <span class='ocrx_word' id='word_1_528' title='bbox 2500 2437 2771 2505; x_wconf 88' lang='lat' dir='ltr'>dicuntur,</span> <span class='ocrx_word' id='word_1_529' title='bbox 2817 2439 3011 2494; x_wconf 88' lang='lat' dir='ltr'>similia</span> <span class='ocrx_word' id='word_1_530' title='bbox 3047 2448 3172 2495; x_wconf 91' lang='lat' dir='ltr'>sunt</span> <span class='ocrx_word' id='word_1_531' title='bbox 3208 2440 3537 2511; x_wconf 89' lang='lat' dir='ltr'>simplicibus</span> <span class='ocrx_word' id='word_1_532' title='bbox 3581 2440 3792 2496; x_wconf 87' lang='lat' dir='ltr'>intelle-</span> 
     </span>
    </p>
   </div>
   <div class='ocr_carea' id='block_1_74' title="bbox 2204 2530 3793 2602">
    <p class='ocr_par' dir='ltr' id='par_1_74' title="bbox 2204 2530 3793 2602">
     <span class='ocr_line' id='line_1_74' title="bbox 2204 2530 3793 2602; baseline 0.001 -16"><span class='ocrx_word' id='word_1_533' title='bbox 2204 2530 2397 2595; x_wconf 89' lang='lat' dir='ltr'>ctibus,</span> <span class='ocrx_word' id='word_1_534' title='bbox 2422 2533 2509 2601; x_wconf 89' lang='lat' dir='ltr'>qui</span> <span class='ocrx_word' id='word_1_535' title='bbox 2531 2532 2646 2587; x_wconf 86' lang='lat' dir='ltr'>sine</span> <span class='ocrx_word' id='word_1_536' title='bbox 2670 2532 2775 2586; x_wconf 90' lang='lat' dir='ltr'>ulla</span> <span class='ocrx_word' id='word_1_537' title='bbox 2805 2533 3192 2602; x_wconf 87' lang='lat' dir='ltr'>compositione</span> <span class='ocrx_word' id='word_1_538' title='bbox 3216 2533 3299 2589; x_wconf 87' lang='lat' dir='ltr'>vel</span> <span class='ocrx_word' id='word_1_539' title='bbox 3324 2533 3603 2598; x_wconf 83' lang='lat' dir='ltr'>divisione,</span> <span class='ocrx_word' id='word_1_540' title='bbox 3620 2532 3793 2599; x_wconf 86' lang='lat' dir='ltr'>animi</span> 
     </span>
    </p>
   </div>
   <div class='ocr_carea' id='block_1_75' title="bbox 2206 2622 3793 2694">
    <p class='ocr_par' dir='ltr' id='par_1_75' title="bbox 2206 2622 3793 2694">
     <span class='ocr_line' id='line_1_75' title="bbox 2206 2622 3793 2694; baseline -0.001 -18"><span class='ocrx_word' id='word_1_541' title='bbox 2206 2630 2341 2694; x_wconf 81' lang='lat' dir='ltr'>puro</span> <span class='ocrx_word' id='word_1_542' title='bbox 2368 2623 2647 2691; x_wconf 80' lang='lat' dir='ltr'>capiuntur</span> <span class='ocrx_word' id='word_1_543' title='bbox 2687 2624 2901 2679; x_wconf 87' lang='lat' dir='ltr'>intuitu.</span> <span class='ocrx_word' id='word_1_544' title='bbox 2949 2622 3082 2678; x_wconf 90' lang='lat' dir='ltr'>Cum</span> <span class='ocrx_word' id='word_1_545' title='bbox 3110 2622 3250 2679; x_wconf 88' lang='lat' dir='ltr'>enim</span> <span class='ocrx_word' id='word_1_546' title='bbox 3284 2623 3445 2681; x_wconf 90' lang='lat' dir='ltr'>homo</span> <span class='ocrx_word' id='word_1_547' title='bbox 3474 2624 3554 2679; x_wconf 85' lang='lat' dir='ltr'>vel</span> <span class='ocrx_word' id='word_1_548' title='bbox 3584 2624 3793 2686; x_wconf 86' lang='lat' dir='ltr'>album,</span> 
     </span>
    </p>
   </div>
   <div class='ocr_carea' id='block_1_76' title="bbox 2206 2708 3793 2785">
    <p class='ocr_par' dir='ltr' id='par_1_76' title="bbox 2206 2708 3793 2785">
     <span class='ocr_line' id='line_1_76' title="bbox 2206 2708 3793 2785; baseline 0.003 -18"><span class='ocrx_word' id='word_1_549' title='bbox 2206 2713 2319 2783; x_wconf 87' lang='lat' dir='ltr'>ipsa</span> <span class='ocrx_word' id='word_1_550' title='bbox 2350 2714 2563 2784; x_wconf 88' lang='lat' dir='ltr'>quidem</span> <span class='ocrx_word' id='word_1_551' title='bbox 2592 2714 2854 2783; x_wconf 88' lang='lat' dir='ltr'>simplicia</span> <span class='ocrx_word' id='word_1_552' title='bbox 2876 2716 3071 2785; x_wconf 56' lang='lat' dir='ltr'>sinuet</span> <span class='ocrx_word' id='word_1_553' title='bbox 3092 2713 3396 2785; x_wconf 82' lang='lat' dir='ltr'>significent</span> <span class='ocrx_word' id='word_1_554' title='bbox 3416 2712 3635 2785; x_wconf 89' lang='lat' dir='ltr'>aliquid,</span> <span class='ocrx_word' id='word_1_555' title='bbox 3657 2708 3793 2772; x_wconf 79' lang='lat' dir='ltr'>nihil</span> 
     </span>
    </p>
   </div>
   <div class='ocr_carea' id='block_1_77' title="bbox 2207 2803 3795 2877">
    <p class='ocr_par' dir='ltr' id='par_1_77' title="bbox 2207 2803 3795 2877">
     <span class='ocr_line' id='line_1_77' title="bbox 2207 2803 3795 2877; baseline 0.003 -19"><span class='ocrx_word' id='word_1_556' title='bbox 2207 2814 2385 2860; x_wconf 87' lang='lat' dir='ltr'>tamen</span> <span class='ocrx_word' id='word_1_557' title='bbox 2416 2821 2590 2875; x_wconf 87' lang='lat' dir='ltr'>neque</span> <span class='ocrx_word' id='word_1_558' title='bbox 2615 2821 2801 2860; x_wconf 87' lang='lat' dir='ltr'>verum</span> <span class='ocrx_word' id='word_1_559' title='bbox 2835 2820 3009 2877; x_wconf 86' lang='lat' dir='ltr'>neque</span> <span class='ocrx_word' id='word_1_560' title='bbox 3035 2803 3227 2860; x_wconf 83' lang='lat' dir='ltr'>falsum</span> <span class='ocrx_word' id='word_1_561' title='bbox 3259 2806 3562 2876; x_wconf 85' lang='lat' dir='ltr'>designant.</span> <span class='ocrx_word' id='word_1_562' title='bbox 3615 2805 3795 2863; x_wconf 72' lang='lat' dir='ltr'>Omne</span> 
     </span>
    </p>
   </div>
   <div class='ocr_carea' id='block_1_78' title="bbox 2205 2894 3796 2966">
    <p class='ocr_par' dir='ltr' id='par_1_78' title="bbox 2205 2894 3796 2966">
     <span class='ocr_line' id='line_1_78' title="bbox 2205 2894 3796 2966; baseline -0.001 -14"><span class='ocrx_word' id='word_1_563' title='bbox 2205 2896 2347 2952; x_wconf 89' lang='lat' dir='ltr'>enim</span> <span class='ocrx_word' id='word_1_564' title='bbox 2377 2896 2603 2966; x_wconf 81' lang='lat' dir='ltr'>simplex</span> <span class='ocrx_word' id='word_1_565' title='bbox 2643 2912 2836 2951; x_wconf 89' lang='lat' dir='ltr'>nomen</span> <span class='ocrx_word' id='word_1_566' title='bbox 2866 2897 2953 2952; x_wconf 87' lang='lat' dir='ltr'>vel</span> <span class='ocrx_word' id='word_1_567' title='bbox 2995 2896 3215 2952; x_wconf 87' lang='lat' dir='ltr'>verbum</span> <span class='ocrx_word' id='word_1_568' title='bbox 3246 2911 3275 2952; x_wconf 90' lang='lat' dir='ltr'>a</span> <span class='ocrx_word' id='word_1_569' title='bbox 3302 2900 3526 2952; x_wconf 87' lang='lat' dir='ltr'>veritate</span> <span class='ocrx_word' id='word_1_570' title='bbox 3554 2905 3607 2952; x_wconf 91' lang='lat' dir='ltr'>et</span> <span class='ocrx_word' id='word_1_571' title='bbox 3638 2894 3796 2951; x_wconf 89' lang='lat' dir='ltr'>falsi-</span> 
     </span>
    </p>
   </div>
   <div class='ocr_carea' id='block_1_79' title="bbox 2208 2986 3798 3061">
    <p class='ocr_par' dir='ltr' id='par_1_79' title="bbox 2208 2986 3798 3061">
     <span class='ocr_line' id='line_1_79' title="bbox 2208 2986 3798 3061; baseline 0.002 -21"><span class='ocrx_word' id='word_1_572' title='bbox 2208 2995 2315 3042; x_wconf 87' lang='lat' dir='ltr'>tate</span> <span class='ocrx_word' id='word_1_573' title='bbox 2341 2989 2651 3044; x_wconf 85' lang='lat' dir='ltr'>secluditur.</span> <span class='ocrx_word' id='word_1_574' title='bbox 2684 2988 2858 3058; x_wconf 82' lang='lat' dir='ltr'>Atque</span> <span class='ocrx_word' id='word_1_575' title='bbox 2888 2987 3007 3057; x_wconf 82' lang='lat' dir='ltr'>ideo</span> <span class='ocrx_word' id='word_1_576' title='bbox 3053 2989 3326 3059; x_wconf 86' lang='lat' dir='ltr'>(quoniam</span> <span class='ocrx_word' id='word_1_577' title='bbox 3355 2997 3413 3043; x_wconf 92' lang='lat' dir='ltr'>ut</span> <span class='ocrx_word' id='word_1_578' title='bbox 3448 2988 3648 3044; x_wconf 87' lang='lat' dir='ltr'>dictum</span> <span class='ocrx_word' id='word_1_579' title='bbox 3685 2986 3798 3061; x_wconf 85' lang='lat' dir='ltr'>est)</span> 
     </span>
    </p>
   </div>
   <div class='ocr_carea' id='block_1_80' title="bbox 2205 3073 3797 3151">
    <p class='ocr_par' dir='ltr' id='par_1_80' title="bbox 2205 3073 3797 3151">
     <span class='ocr_line' id='line_1_80' title="bbox 2205 3073 3797 3151; baseline 0.003 -18"><span class='ocrx_word' id='word_1_580' title='bbox 2205 3093 2540 3149; x_wconf 79' lang='lat' dir='ltr'>qua-cunque</span> <span class='ocrx_word' id='word_1_581' title='bbox 2581 3088 2707 3134; x_wconf 92' lang='lat' dir='ltr'>sunt</span> <span class='ocrx_word' id='word_1_582' title='bbox 2734 3078 2789 3134; x_wconf 90' lang='lat' dir='ltr'>in</span> <span class='ocrx_word' id='word_1_583' title='bbox 2818 3079 3069 3146; x_wconf 88' lang='lat' dir='ltr'>vocibus,</span> <span class='ocrx_word' id='word_1_584' title='bbox 3113 3079 3413 3148; x_wconf 79' lang='lat' dir='ltr'>signiﬁcant</span> <span class='ocrx_word' id='word_1_585' title='bbox 3440 3073 3634 3135; x_wconf 65' lang='lat' dir='ltr'>animae</span> <span class='ocrx_word' id='word_1_586' title='bbox 3666 3095 3797 3151; x_wconf 83' lang='lat' dir='ltr'>pas-</span> 
     </span>
    </p>
   </div>
   <div class='ocr_carea' id='block_1_81' title="bbox 2206 3168 3798 3242">
    <p class='ocr_par' dir='ltr' id='par_1_81' title="bbox 2206 3168 3798 3242">
     <span class='ocr_line' id='line_1_81' title="bbox 2206 3168 3798 3242; baseline -0.005 -14"><span class='ocrx_word' id='word_1_587' title='bbox 2206 3172 2408 3240; x_wconf 86' lang='lat' dir='ltr'>siones,</span> <span class='ocrx_word' id='word_1_588' title='bbox 2438 3168 2711 3242; x_wconf 83' lang='lat' dir='ltr'>simplices</span> <span class='ocrx_word' id='word_1_589' title='bbox 2741 3187 2922 3235; x_wconf 87' lang='lat' dir='ltr'>voces,</span> <span class='ocrx_word' id='word_1_590' title='bbox 2949 3182 3004 3229; x_wconf 87' lang='lat' dir='ltr'>et</span> <span class='ocrx_word' id='word_1_591' title='bbox 3034 3171 3151 3227; x_wconf 87' lang='lat' dir='ltr'>sine</span> <span class='ocrx_word' id='word_1_592' title='bbox 3179 3170 3566 3242; x_wconf 88' lang='lat' dir='ltr'>c0mpositione</span> <span class='ocrx_word' id='word_1_593' title='bbox 3599 3168 3681 3225; x_wconf 82' lang='lat' dir='ltr'>vel</span> <span class='ocrx_word' id='word_1_594' title='bbox 3710 3169 3798 3227; x_wconf 75' lang='lat' dir='ltr'>di.</span> 
     </span>
    </p>
   </div>
   <div class='ocr_carea' id='block_1_82' title="bbox 2205 3261 3799 3334">
    <p class='ocr_par' dir='ltr' id='par_1_82' title="bbox 2205 3261 3799 3334">
     <span class='ocr_line' id='line_1_82' title="bbox 2205 3261 3799 3334; baseline 0 -16"><span class='ocrx_word' id='word_1_595' title='bbox 2205 3261 2435 3328; x_wconf 83' lang='lat' dir='ltr'>visione,</span> <span class='ocrx_word' id='word_1_596' title='bbox 2465 3262 2671 3318; x_wconf 87' lang='lat' dir='ltr'>similes</span> <span class='ocrx_word' id='word_1_597' title='bbox 2690 3270 2815 3318; x_wconf 84' lang='lat' dir='ltr'>sunt</span> <span class='ocrx_word' id='word_1_598' title='bbox 2840 3262 2925 3318; x_wconf 89' lang='lat' dir='ltr'>his</span> <span class='ocrx_word' id='word_1_599' title='bbox 2950 3262 3310 3320; x_wconf 83' lang='lat' dir='ltr'>intellectibus</span> <span class='ocrx_word' id='word_1_600' title='bbox 3339 3277 3473 3334; x_wconf 87' lang='lat' dir='ltr'>quos</span> <span class='ocrx_word' id='word_1_601' title='bbox 3497 3262 3617 3319; x_wconf 90' lang='lat' dir='ltr'>sine</span> <span class='ocrx_word' id='word_1_602' title='bbox 3643 3277 3799 3319; x_wconf 82' lang='lat' dir='ltr'>com-</span> 
     </span>
    </p>
   </div>
   <div class='ocr_carea' id='block_1_83' title="bbox 2206 3356 3799 3430">
    <p class='ocr_par' dir='ltr' id='par_1_83' title="bbox 2206 3356 3799 3430">
     <span class='ocr_line' id='line_1_83' title="bbox 2206 3356 3799 3430; baseline 0.002 -17"><span class='ocrx_word' id='word_1_603' title='bbox 2206 3357 2471 3427; x_wconf 85' lang='lat' dir='ltr'>positione</span> <span class='ocrx_word' id='word_1_604' title='bbox 2496 3366 2550 3413; x_wconf 91' lang='lat' dir='ltr'>et</span> <span class='ocrx_word' id='word_1_605' title='bbox 2576 3357 2842 3414; x_wconf 86' lang='lat' dir='ltr'>divisione</span> <span class='ocrx_word' id='word_1_606' title='bbox 2878 3356 3109 3428; x_wconf 77' lang='lat' dir='ltr'>simplex</span> <span class='ocrx_word' id='word_1_607' title='bbox 3151 3357 3498 3428; x_wconf 74' lang='lat' dir='ltr'>intelligentia</span> <span class='ocrx_word' id='word_1_608' title='bbox 3533 3356 3799 3430; x_wconf 83' lang='lat' dir='ltr'>concipit.</span> 
     </span>
    </p>
   </div>
   <div class='ocr_carea' id='block_1_84' title="bbox 2205 3449 3796 3522">
    <p class='ocr_par' dir='ltr' id='par_1_84' title="bbox 2205 3449 3796 3522">
     <span class='ocr_line' id='line_1_84' title="bbox 2205 3449 3796 3522; baseline 0 -18"><span class='ocrx_word' id='word_1_609' title='bbox 2205 3449 2263 3504; x_wconf 89' lang='lat' dir='ltr'>in</span> <span class='ocrx_word' id='word_1_610' title='bbox 2291 3449 2376 3505; x_wconf 92' lang='lat' dir='ltr'>his</span> <span class='ocrx_word' id='word_1_611' title='bbox 2402 3450 2544 3505; x_wconf 88' lang='lat' dir='ltr'>enim</span> <span class='ocrx_word' id='word_1_612' title='bbox 2578 3458 2738 3521; x_wconf 87' lang='lat' dir='ltr'>atque</span> <span class='ocrx_word' id='word_1_613' title='bbox 2764 3449 2816 3505; x_wconf 93' lang='lat' dir='ltr'>in</span> <span class='ocrx_word' id='word_1_614' title='bbox 2848 3450 3153 3519; x_wconf 74' lang='lat' dir='ltr'>huiusmodi</span> <span class='ocrx_word' id='word_1_615' title='bbox 3182 3451 3324 3506; x_wconf 90' lang='lat' dir='ltr'>nulla</span> <span class='ocrx_word' id='word_1_616' title='bbox 3355 3464 3527 3522; x_wconf 88' lang='lat' dir='ltr'>neque</span> <span class='ocrx_word' id='word_1_617' title='bbox 3564 3449 3796 3518; x_wconf 85' lang='lat' dir='ltr'>veritas,</span> 
     </span>
    </p>
   </div>
   <div class='ocr_carea' id='block_1_85' title="bbox 2204 3540 3796 3614">
    <p class='ocr_par' dir='ltr' id='par_1_85' title="bbox 2204 3540 3796 3614">
     <span class='ocr_line' id='line_1_85' title="bbox 2204 3540 3796 3614; baseline -0.001 -17"><span class='ocrx_word' id='word_1_618' title='bbox 2204 3557 2381 3613; x_wconf 87' lang='lat' dir='ltr'>neque</span> <span class='ocrx_word' id='word_1_619' title='bbox 2406 3542 2609 3598; x_wconf 86' lang='lat' dir='ltr'>falsitas</span> <span class='ocrx_word' id='word_1_620' title='bbox 2653 3540 2955 3609; x_wconf 87' lang='lat' dir='ltr'>invenitur;</span> <span class='ocrx_word' id='word_1_621' title='bbox 2997 3543 3101 3599; x_wconf 88' lang='lat' dir='ltr'>nisi</span> <span class='ocrx_word' id='word_1_622' title='bbox 3128 3543 3269 3599; x_wconf 89' lang='lat' dir='ltr'>enim</span> <span class='ocrx_word' id='word_1_623' title='bbox 3309 3541 3507 3614; x_wconf 85' lang='lat' dir='ltr'>aliquid</span> <span class='ocrx_word' id='word_1_624' title='bbox 3540 3541 3796 3609; x_wconf 86' lang='lat' dir='ltr'>addatur,</span> 
     </span>
    </p>
   </div>
   <div class='ocr_carea' id='block_1_86' title="bbox 2204 3632 3799 3706">
    <p class='ocr_par' dir='ltr' id='par_1_86' title="bbox 2204 3632 3799 3706">
     <span class='ocr_line' id='line_1_86' title="bbox 2204 3632 3799 3706; baseline 0.001 -16"><span class='ocrx_word' id='word_1_625' title='bbox 2204 3646 2264 3690; x_wconf 88' lang='lat' dir='ltr'>ut</span> <span class='ocrx_word' id='word_1_626' title='bbox 2303 3635 2356 3692; x_wconf 92' lang='lat' dir='ltr'>id</span> <span class='ocrx_word' id='word_1_627' title='bbox 2400 3636 2539 3706; x_wconf 89' lang='lat' dir='ltr'>quod</span> <span class='ocrx_word' id='word_1_628' title='bbox 2574 3636 2801 3706; x_wconf 73' lang='lat' dir='ltr'>simplex</span> <span class='ocrx_word' id='word_1_629' title='bbox 2845 3634 3122 3705; x_wconf 88' lang='lat' dir='ltr'>intelligis,</span> <span class='ocrx_word' id='word_1_630' title='bbox 3162 3634 3249 3690; x_wconf 87' lang='lat' dir='ltr'>vel</span> <span class='ocrx_word' id='word_1_631' title='bbox 3278 3651 3373 3706; x_wconf 88' lang='lat' dir='ltr'>per</span> <span class='ocrx_word' id='word_1_632' title='bbox 3397 3649 3458 3689; x_wconf 86' lang='lat' dir='ltr'>se</span> <span class='ocrx_word' id='word_1_633' title='bbox 3495 3632 3799 3691; x_wconf 84' lang='lat' dir='ltr'>constituas</span> 
     </span>
    </p>
   </div>
   <div class='ocr_carea' id='block_1_87' title="bbox 2207 3722 3800 3798">
    <p class='ocr_par' dir='ltr' id='par_1_87' title="bbox 2207 3722 3800 3798">
     <span class='ocr_line' id='line_1_87' title="bbox 2207 3722 3800 3798; baseline -0.001 -15"><span class='ocrx_word' id='word_1_634' title='bbox 2207 3740 2351 3795; x_wconf 83' lang='lat' dir='ltr'>esse,</span> <span class='ocrx_word' id='word_1_635' title='bbox 2385 3726 2473 3783; x_wconf 86' lang='lat' dir='ltr'>vel</span> <span class='ocrx_word' id='word_1_636' title='bbox 2509 3728 2558 3783; x_wconf 91' lang='lat' dir='ltr'>ei</span> <span class='ocrx_word' id='word_1_637' title='bbox 2588 3728 2787 3798; x_wconf 87' lang='lat' dir='ltr'>aliquid</span> <span class='ocrx_word' id='word_1_638' title='bbox 2814 3726 3107 3782; x_wconf 90' lang='lat' dir='ltr'>secundum</span> <span class='ocrx_word' id='word_1_639' title='bbox 3139 3741 3259 3782; x_wconf 84' lang='lat' dir='ltr'>esse</span> <span class='ocrx_word' id='word_1_640' title='bbox 3278 3726 3592 3796; x_wconf 88' lang='lat' dir='ltr'>coniungas,</span> <span class='ocrx_word' id='word_1_641' title='bbox 3622 3725 3675 3779; x_wconf 92' lang='lat' dir='ltr'>in</span> <span class='ocrx_word' id='word_1_642' title='bbox 3707 3722 3800 3781; x_wconf 83' lang='lat' dir='ltr'>his</span> 
     </span>
    </p>
   </div>
   <div class='ocr_carea' id='block_1_88' title="bbox 2205 3810 3800 3885">
    <p class='ocr_par' dir='ltr' id='par_1_88' title="bbox 2205 3810 3800 3885">
     <span class='ocr_line' id='line_1_88' title="bbox 2205 3810 3800 3885; baseline 0.001 -15"><span class='ocrx_word' id='word_1_643' title='bbox 2205 3816 2401 3872; x_wconf 83' lang='lat' dir='ltr'>veritas</span> <span class='ocrx_word' id='word_1_644' title='bbox 2427 3827 2479 3871; x_wconf 85' lang='lat' dir='ltr'>et</span> <span class='ocrx_word' id='word_1_645' title='bbox 2503 3817 2705 3873; x_wconf 83' lang='lat' dir='ltr'>falsitas</span> <span class='ocrx_word' id='word_1_646' title='bbox 2728 3831 2834 3872; x_wconf 91' lang='lat' dir='ltr'>non</span> <span class='ocrx_word' id='word_1_647' title='bbox 2858 3810 2981 3872; x_wconf 85' lang='lat' dir='ltr'>erit.</span> <span class='ocrx_word' id='word_1_648' title='bbox 3009 3815 3142 3871; x_wconf 87' lang='lat' dir='ltr'>Cum</span> <span class='ocrx_word' id='word_1_649' title='bbox 3166 3817 3307 3873; x_wconf 91' lang='lat' dir='ltr'>enim</span> <span class='ocrx_word' id='word_1_650' title='bbox 3333 3816 3648 3885; x_wconf 85' lang='lat' dir='ltr'>simpliciter</span> <span class='ocrx_word' id='word_1_651' title='bbox 3669 3815 3800 3871; x_wconf 87' lang='lat' dir='ltr'>dico</span> 
     </span>
    </p>
   </div>
   <div class='ocr_carea' id='block_1_89' title="bbox 2208 3903 3801 3977">
    <p class='ocr_par' dir='ltr' id='par_1_89' title="bbox 2208 3903 3801 3977">
     <span class='ocr_line' id='line_1_89' title="bbox 2208 3903 3801 3977; baseline 0.004 -18"><span class='ocrx_word' id='word_1_652' title='bbox 2208 3905 2387 3970; x_wconf 90' lang='lat' dir='ltr'>homo,</span> <span class='ocrx_word' id='word_1_653' title='bbox 2434 3906 2477 3960; x_wconf 89' lang='lat' dir='ltr'>si</span> <span class='ocrx_word' id='word_1_654' title='bbox 2515 3921 2621 3960; x_wconf 81' lang='lat' dir='ltr'>non</span> <span class='ocrx_word' id='word_1_655' title='bbox 2653 3906 2852 3977; x_wconf 89' lang='lat' dir='ltr'>aliquid</span> <span class='ocrx_word' id='word_1_656' title='bbox 2897 3905 3171 3971; x_wconf 89' lang='lat' dir='ltr'>addidero,</span> <span class='ocrx_word' id='word_1_657' title='bbox 3224 3915 3281 3960; x_wconf 93' lang='lat' dir='ltr'>ut</span> <span class='ocrx_word' id='word_1_658' title='bbox 3321 3906 3542 3961; x_wconf 88' lang='lat' dir='ltr'>verbum</span> <span class='ocrx_word' id='word_1_659' title='bbox 3588 3903 3708 3977; x_wconf 78' lang='lat' dir='ltr'>Est,</span> <span class='ocrx_word' id='word_1_660' title='bbox 3740 3914 3801 3965; x_wconf 81' lang='lat' dir='ltr'>et</span> 
     </span>
    </p>
   </div>
   <div class='ocr_carea' id='block_1_90' title="bbox 2209 3995 3799 4069">
    <p class='ocr_par' dir='ltr' id='par_1_90' title="bbox 2209 3995 3799 4069">
     <span class='ocr_line' id='line_1_90' title="bbox 2209 3995 3799 4069; baseline 0.001 -18"><span class='ocrx_word' id='word_1_661' title='bbox 2209 3997 2300 4051; x_wconf 86' lang='lat' dir='ltr'>fiat</span> <span class='ocrx_word' id='word_1_662' title='bbox 2326 3995 2631 4067; x_wconf 84' lang='lat' dir='ltr'>huiusmodi</span> <span class='ocrx_word' id='word_1_663' title='bbox 2662 3999 3012 4069; x_wconf 86' lang='lat' dir='ltr'>compositio:</span> <span class='ocrx_word' id='word_1_664' title='bbox 3041 3999 3211 4054; x_wconf 89' lang='lat' dir='ltr'>liomo</span> <span class='ocrx_word' id='word_1_665' title='bbox 3236 4008 3317 4054; x_wconf 86' lang='lat' dir='ltr'>est</span> <span class='ocrx_word' id='word_1_666' title='bbox 3338 4040 3353 4065; x_wconf 92' lang='lat'>,</span> <span class='ocrx_word' id='word_1_667' title='bbox 3374 3998 3455 4054; x_wconf 89' lang='lat' dir='ltr'>vel</span> <span class='ocrx_word' id='word_1_668' title='bbox 3487 3996 3799 4067; x_wconf 86' lang='lat' dir='ltr'>huiusmodi</span> 
     </span>
    </p>
   </div>
   <div class='ocr_carea' id='block_1_91' title="bbox 2204 4086 3790 4160">
    <p class='ocr_par' dir='ltr' id='par_1_91' title="bbox 2204 4086 3790 4160">
     <span class='ocr_line' id='line_1_91' title="bbox 2204 4086 3790 4160; baseline 0.001 -19"><span class='ocrx_word' id='word_1_669' title='bbox 2204 4086 2427 4154; x_wconf 84' lang='lat' dir='ltr'>aliquid,</span> <span class='ocrx_word' id='word_1_670' title='bbox 2461 4096 2519 4143; x_wconf 88' lang='lat' dir='ltr'>ut</span> <span class='ocrx_word' id='word_1_671' title='bbox 2548 4104 2564 4143; x_wconf 88' lang='lat'><strong>:</strong></span> <span class='ocrx_word' id='word_1_672' title='bbox 2600 4088 2767 4143; x_wconf 87' lang='lat' dir='ltr'>ilnmo</span> <span class='ocrx_word' id='word_1_673' title='bbox 2796 4089 2948 4157; x_wconf 85' lang='lat' dir='ltr'>vivit,</span> <span class='ocrx_word' id='word_1_674' title='bbox 2976 4088 3117 4160; x_wconf 88' lang='lat' dir='ltr'>quod</span> <span class='ocrx_word' id='word_1_675' title='bbox 3160 4089 3299 4144; x_wconf 85' lang='lat' dir='ltr'>idem</span> <span class='ocrx_word' id='word_1_676' title='bbox 3329 4090 3492 4157; x_wconf 85' lang='lat' dir='ltr'>valet,</span> <span class='ocrx_word' id='word_1_677' title='bbox 3528 4099 3790 4156; x_wconf 83' lang='lat' dir='ltr'>tanquam</span> 
     </span>
    </p>
   </div>
   <div class='ocr_carea' id='block_1_92' title="bbox 2205 4175 3801 4250">
    <p class='ocr_par' dir='ltr' id='par_1_92' title="bbox 2205 4175 3801 4250">
     <span class='ocr_line' id='line_1_92' title="bbox 2205 4175 3801 4250; baseline 0.001 -18"><span class='ocrx_word' id='word_1_678' title='bbox 2205 4177 2252 4232; x_wconf 84' lang='lat' dir='ltr'>si</span> <span class='ocrx_word' id='word_1_679' title='bbox 2284 4178 2457 4235; x_wconf 84' lang='lat' dir='ltr'>dicam</span> <span class='ocrx_word' id='word_1_680' title='bbox 2483 4198 2496 4233; x_wconf 91' lang='lat'><strong>:</strong></span> <span class='ocrx_word' id='word_1_681' title='bbox 2529 4178 2700 4234; x_wconf 87' lang='lat' dir='ltr'>Homo</span> <span class='ocrx_word' id='word_1_682' title='bbox 2727 4180 2915 4235; x_wconf 83' lang='lat' dir='ltr'>vivens</span> <span class='ocrx_word' id='word_1_683' title='bbox 2955 4189 3068 4246; x_wconf 88' lang='lat' dir='ltr'>est;</span> <span class='ocrx_word' id='word_1_684' title='bbox 3098 4195 3228 4250; x_wconf 88' lang='lat' dir='ltr'>ergo</span> <span class='ocrx_word' id='word_1_685' title='bbox 3255 4180 3355 4234; x_wconf 87' lang='lat' dir='ltr'>nisi</span> <span class='ocrx_word' id='word_1_686' title='bbox 3379 4178 3578 4246; x_wconf 85' lang='lat' dir='ltr'>aliquid</span> <span class='ocrx_word' id='word_1_687' title='bbox 3604 4175 3801 4246; x_wconf 79' lang='lat' dir='ltr'>hujus-</span> 
     </span>
    </p>
   </div>
   <div class='ocr_carea' id='block_1_93' title="bbox 2205 4269 3800 4341">
    <p class='ocr_par' dir='ltr' id='par_1_93' title="bbox 2205 4269 3800 4341">
     <span class='ocr_line' id='line_1_93' title="bbox 2205 4269 3800 4341; baseline 0.001 -17"><span class='ocrx_word' id='word_1_688' title='bbox 2205 4269 2351 4325; x_wconf 90' lang='lat' dir='ltr'>modi</span> <span class='ocrx_word' id='word_1_689' title='bbox 2381 4270 2540 4327; x_wconf 84' lang='lat' dir='ltr'>fuerit</span> <span class='ocrx_word' id='word_1_690' title='bbox 2563 4272 2899 4339; x_wconf 73' lang='lat' dir='ltr'>adiunctum,</span> <span class='ocrx_word' id='word_1_691' title='bbox 2928 4272 3068 4339; x_wconf 87' lang='lat' dir='ltr'>quod</span> <span class='ocrx_word' id='word_1_692' title='bbox 3092 4269 3413 4325; x_wconf 70' lang='lat' dir='ltr'>intellectam</span> <span class='ocrx_word' id='word_1_693' title='bbox 3444 4284 3560 4325; x_wconf 87' lang='lat' dir='ltr'>rem</span> <span class='ocrx_word' id='word_1_694' title='bbox 3586 4271 3674 4326; x_wconf 90' lang='lat' dir='ltr'>vel</span> <span class='ocrx_word' id='word_1_695' title='bbox 3694 4285 3800 4341; x_wconf 78' lang='lat' dir='ltr'>pea-</span> 
     </span>
    </p>
   </div>
   <div class='ocr_carea' id='block_1_94' title="bbox 2203 4359 3802 4431">
    <p class='ocr_par' dir='ltr' id='par_1_94' title="bbox 2203 4359 3802 4431">
     <span class='ocr_line' id='line_1_94' title="bbox 2203 4359 3802 4431; baseline 0.004 -17"><span class='ocrx_word' id='word_1_696' title='bbox 2203 4374 2265 4415; x_wconf 89' lang='lat' dir='ltr'>se</span> <span class='ocrx_word' id='word_1_697' title='bbox 2305 4375 2428 4417; x_wconf 84' lang='lat' dir='ltr'>esse</span> <span class='ocrx_word' id='word_1_698' title='bbox 2465 4362 2771 4424; x_wconf 87' lang='lat' dir='ltr'>constituat,</span> <span class='ocrx_word' id='word_1_699' title='bbox 2815 4371 2870 4414; x_wconf 91' lang='lat' dir='ltr'>ut</span> <span class='ocrx_word' id='word_1_700' title='bbox 2900 4378 2913 4415; x_wconf 83' lang='lat'><strong>:</strong></span> <span class='ocrx_word' id='word_1_701' title='bbox 2951 4359 3120 4415; x_wconf 88' lang='lat' dir='ltr'>llomo</span> <span class='ocrx_word' id='word_1_702' title='bbox 3150 4369 3252 4423; x_wconf 87' lang='lat' dir='ltr'>est,</span> <span class='ocrx_word' id='word_1_703' title='bbox 3280 4375 3399 4417; x_wconf 87' lang='lat' dir='ltr'>cum</span> <span class='ocrx_word' id='word_1_704' title='bbox 3431 4359 3573 4426; x_wconf 84' lang='lat' dir='ltr'>diro,</span> <span class='ocrx_word' id='word_1_705' title='bbox 3608 4376 3707 4431; x_wconf 85' lang='lat' dir='ltr'>per</span> <span class='ocrx_word' id='word_1_706' title='bbox 3734 4376 3802 4420; x_wconf 76' lang='lat' dir='ltr'>se</span> 
     </span>
    </p>
   </div>
   <div class='ocr_carea' id='block_1_95' title="bbox 2205 4452 3801 4522">
    <p class='ocr_par' dir='ltr' id='par_1_95' title="bbox 2205 4452 3801 4522">
     <span class='ocr_line' id='line_1_95' title="bbox 2205 4452 3801 4522; baseline 0.005 -16"><span class='ocrx_word' id='word_1_707' title='bbox 2205 4452 2476 4509; x_wconf 86' lang='lat' dir='ltr'>hominem</span> <span class='ocrx_word' id='word_1_708' title='bbox 2517 4465 2638 4509; x_wconf 87' lang='lat' dir='ltr'>esse</span> <span class='ocrx_word' id='word_1_709' title='bbox 2678 4452 2973 4520; x_wconf 77' lang='lat' dir='ltr'>designavi,</span> <span class='ocrx_word' id='word_1_710' title='bbox 3020 4453 3104 4508; x_wconf 86' lang='lat' dir='ltr'>vel</span> <span class='ocrx_word' id='word_1_711' title='bbox 3138 4454 3322 4522; x_wconf 87' lang='lat' dir='ltr'>iuncto</span> <span class='ocrx_word' id='word_1_712' title='bbox 3362 4453 3641 4511; x_wconf 77' lang='lat' dir='ltr'>accidente</span> <span class='ocrx_word' id='word_1_713' title='bbox 3688 4455 3801 4514; x_wconf 77' lang='lat' dir='ltr'>talo</span> 
     </span>
    </p>
   </div>
   <div class='ocr_carea' id='block_1_96' title="bbox 509 4521 3804 4617">
    <p class='ocr_par' dir='ltr' id='par_1_96' title="bbox 509 4521 3804 4617">
     <span class='ocr_line' id='line_1_96' title="bbox 509 4521 3804 4617; baseline 0.002 -23"><span class='ocrx_word' id='word_1_714' title='bbox 509 4541 721 4609; x_wconf 75' lang='lat' dir='ltr'>tigemia</span> <span class='ocrx_word' id='word_1_715' title='bbox 751 4554 867 4601; x_wconf 86' lang='lat' dir='ltr'>utea</span> <span class='ocrx_word' id='word_1_716' title='bbox 897 4538 1096 4603; x_wconf 80' lang='lat' dir='ltr'>fecero,</span> <span class='ocrx_word' id='word_1_717' title='bbox 1125 4538 1176 4601; x_wconf 86' lang='lat' dir='ltr'>id</span> <span class='ocrx_word' id='word_1_718' title='bbox 1202 4554 1413 4611; x_wconf 83' lang='lat' dir='ltr'>quoque</span> <span class='ocrx_word' id='word_1_719' title='bbox 1438 4540 1485 4597; x_wconf 87' lang='lat' dir='ltr'>si</span> <span class='ocrx_word' id='word_1_720' title='bbox 1510 4553 1641 4596; x_wconf 89' lang='lat' dir='ltr'>voce</span> <span class='ocrx_word' id='word_1_721' title='bbox 1671 4538 1959 4608; x_wconf 82' lang='lat' dir='ltr'>proferam,</span> <span class='ocrx_word' id='word_1_722' title='bbox 1990 4539 2095 4597; x_wconf 69' lang='grc' dir='ltr'>Ιιιισ</span> <span class='ocrx_word' id='word_1_723' title='bbox 2124 4521 2180 4593; x_wconf 76' lang='lat' dir='ltr'><strong>D</strong></span> <span class='ocrx_word' id='word_1_724' title='bbox 2201 4544 2402 4615; x_wconf 80' lang='lat' dir='ltr'>aliquid</span> <span class='ocrx_word' id='word_1_725' title='bbox 2428 4553 2748 4615; x_wconf 82' lang='lat' dir='ltr'>apponatur,</span> <span class='ocrx_word' id='word_1_726' title='bbox 2774 4543 2915 4615; x_wconf 85' lang='lat' dir='ltr'>quod</span> <span class='ocrx_word' id='word_1_727' title='bbox 2946 4543 3087 4599; x_wconf 77' lang='lat' dir='ltr'>Idem</span> <span class='ocrx_word' id='word_1_728' title='bbox 3118 4521 3168 4599; x_wconf 88' lang='lat' dir='ltr'>ei</span> <span class='ocrx_word' id='word_1_729' title='bbox 3198 4545 3337 4614; x_wconf 88' lang='lat' dir='ltr'>quod</span> <span class='ocrx_word' id='word_1_730' title='bbox 3366 4554 3597 4602; x_wconf 83' lang='lat' dir='ltr'>estesse</span> <span class='ocrx_word' id='word_1_731' title='bbox 3625 4548 3804 4617; x_wconf 58' lang='lat' dir='ltr'>signit-</span> 
     </span>
    </p>
   </div>
   <div class='ocr_carea' id='block_1_97' title="bbox 508 4631 2092 4702">
    <p class='ocr_par' dir='ltr' id='par_1_97' title="bbox 508 4631 2092 4702">
     <span class='ocr_line' id='line_1_97' title="bbox 508 4631 2092 4702; baseline 0.004 -17"><span class='ocrx_word' id='word_1_732' title='bbox 508 4631 738 4702; x_wconf 84' lang='lat' dir='ltr'>iusmodi</span> <span class='ocrx_word' id='word_1_733' title='bbox 781 4632 885 4691; x_wconf 84' lang='lat' dir='ltr'>erit</span> <span class='ocrx_word' id='word_1_734' title='bbox 913 4649 928 4687; x_wconf 88' lang='lat'><strong>:</strong></span> <span class='ocrx_word' id='word_1_735' title='bbox 962 4632 1134 4695; x_wconf 80' lang='lat' dir='ltr'>Homo</span> <span class='ocrx_word' id='word_1_736' title='bbox 1162 4634 1349 4697; x_wconf 79' lang='lat' dir='ltr'>currit.</span> <span class='ocrx_word' id='word_1_737' title='bbox 1380 4632 1531 4688; x_wconf 88' lang='lat' dir='ltr'>Tunc</span> <span class='ocrx_word' id='word_1_738' title='bbox 1556 4649 1621 4689; x_wconf 85' lang='lat' dir='ltr'>ea</span> <span class='ocrx_word' id='word_1_739' title='bbox 1652 4632 1751 4691; x_wconf 89' lang='lat' dir='ltr'>hac</span> <span class='ocrx_word' id='word_1_740' title='bbox 1775 4633 2092 4693; x_wconf 75' lang='lat' dir='ltr'>substantias</span> 
     </span>
    </p>
   </div>
   <div class='ocr_carea' id='block_1_98' title="bbox 508 4722 2089 4795">
    <p class='ocr_par' dir='ltr' id='par_1_98' title="bbox 508 4722 2089 4795">
     <span class='ocr_line' id='line_1_98' title="bbox 508 4722 2089 4795; baseline 0.001 -18"><span class='ocrx_word' id='word_1_741' title='bbox 508 4732 563 4777; x_wconf 87' lang='lat' dir='ltr'>et</span> <span class='ocrx_word' id='word_1_742' title='bbox 590 4724 881 4783; x_wconf 84' lang='lat' dir='ltr'>accidentis</span> <span class='ocrx_word' id='word_1_743' title='bbox 901 4724 1290 4795; x_wconf 87' lang='lat' dir='ltr'>compositione</span> <span class='ocrx_word' id='word_1_744' title='bbox 1314 4732 1369 4783; x_wconf 89' lang='lat' dir='ltr'>ct</span> <span class='ocrx_word' id='word_1_745' title='bbox 1386 4722 1761 4794; x_wconf 86' lang='lat' dir='ltr'>conjunctione</span> <span class='ocrx_word' id='word_1_746' title='bbox 1784 4722 2089 4794; x_wconf 71' lang='lat' dir='ltr'>huiusmodi</span> 
     </span>
    </p>
   </div>
   <div class='ocr_carea' id='block_1_99' title="bbox 508 4811 2095 4887">
    <p class='ocr_par' dir='ltr' id='par_1_99' title="bbox 508 4811 2095 4887">
     <span class='ocr_line' id='line_1_99' title="bbox 508 4811 2095 4887; baseline 0.002 -20"><span class='ocrx_word' id='word_1_747' title='bbox 508 4811 807 4873; x_wconf 85' lang='lat' dir='ltr'>intellectus</span> <span class='ocrx_word' id='word_1_748' title='bbox 835 4814 893 4873; x_wconf 83' lang='lat' dir='ltr'>fit</span> <span class='ocrx_word' id='word_1_749' title='bbox 911 4854 927 4887; x_wconf 88' lang='lat'>,</span> <span class='ocrx_word' id='word_1_750' title='bbox 960 4815 1017 4869; x_wconf 88' lang='lat' dir='ltr'>in</span> <span class='ocrx_word' id='word_1_751' title='bbox 1045 4830 1153 4886; x_wconf 86' lang='lat' dir='ltr'>quo</span> <span class='ocrx_word' id='word_1_752' title='bbox 1179 4814 1262 4873; x_wconf 85' lang='lat' dir='ltr'>vel</span> <span class='ocrx_word' id='word_1_753' title='bbox 1291 4812 1495 4877; x_wconf 80' lang='lat' dir='ltr'>falsitas</span> <span class='ocrx_word' id='word_1_754' title='bbox 1534 4816 1701 4884; x_wconf 81' lang='lat' dir='ltr'>possit</span> <span class='ocrx_word' id='word_1_755' title='bbox 1730 4830 1852 4875; x_wconf 83' lang='lat' dir='ltr'>esse</span> <span class='ocrx_word' id='word_1_756' title='bbox 1882 4818 1963 4873; x_wconf 88' lang='lat' dir='ltr'>vel</span> <span class='ocrx_word' id='word_1_757' title='bbox 1993 4833 2095 4873; x_wconf 50' lang='lat' dir='ltr'>ves</span> 
     </span>
    </p>
   </div>
   <div class='ocr_carea' id='block_1_100' title="bbox 507 4904 2087 4980">
    <p class='ocr_par' dir='ltr' id='par_1_100' title="bbox 507 4904 2087 4980">
     <span class='ocr_line' id='line_1_100' title="bbox 507 4904 2087 4980; baseline 0.004 -20"><span class='ocrx_word' id='word_1_758' title='bbox 507 4904 655 4960; x_wconf 89' lang='lat' dir='ltr'>ritas.</span> <span class='ocrx_word' id='word_1_759' title='bbox 675 4905 815 4975; x_wconf 81' lang='lat' dir='ltr'>Ergo</span> <span class='ocrx_word' id='word_1_760' title='bbox 836 4905 1279 4977; x_wconf 82' lang='lat' dir='ltr'>quemadmodum</span> <span class='ocrx_word' id='word_1_761' title='bbox 1308 4908 1361 4963; x_wconf 92' lang='lat' dir='ltr'>in</span> <span class='ocrx_word' id='word_1_762' title='bbox 1394 4909 1662 4965; x_wconf 87' lang='lat' dir='ltr'>intellectu</span> <span class='ocrx_word' id='word_1_763' title='bbox 1689 4910 2087 4980; x_wconf 60' lang='lat' dir='ltr'>suntquatdam</span> 
     </span>
    </p>
   </div>
   <div class='ocr_carea' id='block_1_101' title="bbox 507 4993 2091 5069">
    <p class='ocr_par' dir='ltr' id='par_1_101' title="bbox 507 4993 2091 5069">
     <span class='ocr_line' id='line_1_101' title="bbox 507 4993 2091 5069; baseline 0.001 -16"><span class='ocrx_word' id='word_1_764' title='bbox 507 4993 790 5062; x_wconf 75' lang='lat' dir='ltr'>aliquoties</span> <span class='ocrx_word' id='word_1_765' title='bbox 817 4996 1077 5067; x_wconf 74' lang='lat' dir='ltr'>simpiicitt</span> <span class='ocrx_word' id='word_1_766' title='bbox 1100 5010 1227 5053; x_wconf 81' lang='lat' dir='ltr'>vero</span> <span class='ocrx_word' id='word_1_767' title='bbox 1250 4994 1486 5067; x_wconf 82' lang='lat' dir='ltr'>iaisoque</span> <span class='ocrx_word' id='word_1_768' title='bbox 1510 5000 1767 5067; x_wconf 84' lang='lat' dir='ltr'>carentia,</span> <span class='ocrx_word' id='word_1_769' title='bbox 1799 4998 2091 5069; x_wconf 76' lang='lat' dir='ltr'>aliquoties</span> 
     </span>
    </p>
   </div>
   <div class='ocr_carea' id='block_1_102' title="bbox 508 5087 2087 5161">
    <p class='ocr_par' dir='ltr' id='par_1_102' title="bbox 508 5087 2087 5161">
     <span class='ocr_line' id='line_1_102' title="bbox 508 5087 2087 5161; baseline 0.004 -23"><span class='ocrx_word' id='word_1_770' title='bbox 508 5095 684 5147; x_wconf 80' lang='lat' dir='ltr'>autem</span> <span class='ocrx_word' id='word_1_771' title='bbox 722 5100 841 5141; x_wconf 92' lang='lat' dir='ltr'>cum</span> <span class='ocrx_word' id='word_1_772' title='bbox 867 5087 974 5161; x_wconf 82' lang='lat' dir='ltr'>iam</span> <span class='ocrx_word' id='word_1_773' title='bbox 1001 5102 1221 5143; x_wconf 68' lang='lat' dir='ltr'>necesse</span> <span class='ocrx_word' id='word_1_774' title='bbox 1250 5096 1333 5149; x_wconf 88' lang='lat' dir='ltr'>est</span> <span class='ocrx_word' id='word_1_775' title='bbox 1359 5098 1450 5143; x_wconf 89' lang='lat' dir='ltr'>aut</span> <span class='ocrx_word' id='word_1_776' title='bbox 1480 5088 1757 5149; x_wconf 82' lang='lat' dir='ltr'>veritatem</span> <span class='ocrx_word' id='word_1_777' title='bbox 1794 5090 1974 5149; x_wconf 87' lang='lat' dir='ltr'>inesse</span> <span class='ocrx_word' id='word_1_778' title='bbox 2004 5090 2087 5145; x_wconf 57' lang='lat' dir='ltr'>illa</span> 
     </span>
    </p>
   </div>
   <div class='ocr_carea' id='block_1_103' title="bbox 508 5174 2088 5249">
    <p class='ocr_par' dir='ltr' id='par_1_103' title="bbox 508 5174 2088 5249">
     <span class='ocr_line' id='line_1_103' title="bbox 508 5174 2088 5249; baseline 0.005 -20"><span class='ocrx_word' id='word_1_779' title='bbox 508 5174 742 5235; x_wconf 88' lang='lat' dir='ltr'>tellectui</span> <span class='ocrx_word' id='word_1_780' title='bbox 769 5186 857 5237; x_wconf 85' lang='lat' dir='ltr'>aut</span> <span class='ocrx_word' id='word_1_781' title='bbox 883 5176 1189 5249; x_wconf 67' lang='lat' dir='ltr'>falsitatem,</span> <span class='ocrx_word' id='word_1_782' title='bbox 1215 5178 1294 5237; x_wconf 82' lang='lat' dir='ltr'>sic</span> <span class='ocrx_word' id='word_1_783' title='bbox 1319 5186 1401 5235; x_wconf 86' lang='lat' dir='ltr'>est</span> <span class='ocrx_word' id='word_1_784' title='bbox 1426 5178 1586 5237; x_wconf 87' lang='lat' dir='ltr'>etiam</span> <span class='ocrx_word' id='word_1_785' title='bbox 1613 5179 1665 5233; x_wconf 91' lang='lat' dir='ltr'>in</span> <span class='ocrx_word' id='word_1_786' title='bbox 1694 5194 1844 5237; x_wconf 76' lang='lat' dir='ltr'>voce.</span> <span class='ocrx_word' id='word_1_787' title='bbox 1876 5180 2007 5235; x_wconf 81' lang='lat' dir='ltr'>Nam</span> <span class='ocrx_word' id='word_1_788' title='bbox 2038 5179 2088 5241; x_wconf 81' lang='lat' dir='ltr'>si</span> 
     </span>
    </p>
   </div>
   <div class='ocr_carea' id='block_1_104' title="bbox 510 5267 2087 5344">
    <p class='ocr_par' dir='ltr' id='par_1_104' title="bbox 510 5267 2087 5344">
     <span class='ocr_line' id='line_1_104' title="bbox 510 5267 2087 5344; baseline 0.004 -21"><span class='ocrx_word' id='word_1_789' title='bbox 510 5267 803 5341; x_wconf 89' lang='lat' dir='ltr'>simplicem</span> <span class='ocrx_word' id='word_1_790' title='bbox 841 5268 1166 5331; x_wconf 84' lang='lat' dir='ltr'>intellectum</span> <span class='ocrx_word' id='word_1_791' title='bbox 1209 5287 1337 5335; x_wconf 88' lang='lat' dir='ltr'>vero</span> <span class='ocrx_word' id='word_1_792' title='bbox 1381 5271 1621 5344; x_wconf 83' lang='lat' dir='ltr'>falsoque</span> <span class='ocrx_word' id='word_1_793' title='bbox 1668 5284 1939 5335; x_wconf 85' lang='lat' dir='ltr'>carentem</span> <span class='ocrx_word' id='word_1_794' title='bbox 1980 5288 2087 5335; x_wconf 62' lang='lat' dir='ltr'>vos</span> 
     </span>
    </p>
   </div>
   <div class='ocr_carea' id='block_1_105' title="bbox 511 5362 2088 5437">
    <p class='ocr_par' dir='ltr' id='par_1_105' title="bbox 511 5362 2088 5437">
     <span class='ocr_line' id='line_1_105' title="bbox 511 5362 2088 5437; baseline 0.004 -22"><span class='ocrx_word' id='word_1_795' title='bbox 511 5362 759 5432; x_wconf 82' lang='lat' dir='ltr'>praeferat</span> <span class='ocrx_word' id='word_1_796' title='bbox 778 5403 793 5431; x_wconf 87' lang='lat'>,</span> <span class='ocrx_word' id='word_1_797' title='bbox 826 5363 936 5437; x_wconf 79' lang='lat' dir='ltr'>ipsa</span> <span class='ocrx_word' id='word_1_798' title='bbox 966 5379 1177 5437; x_wconf 84' lang='lat' dir='ltr'>quoque</span> <span class='ocrx_word' id='word_1_799' title='bbox 1206 5380 1312 5421; x_wconf 83' lang='lat' dir='ltr'>vox</span> <span class='ocrx_word' id='word_1_800' title='bbox 1342 5380 1372 5425; x_wconf 88' lang='lat' dir='ltr'>a</span> <span class='ocrx_word' id='word_1_801' title='bbox 1402 5366 1623 5427; x_wconf 79' lang='lat' dir='ltr'>veritate</span> <span class='ocrx_word' id='word_1_802' title='bbox 1661 5377 1714 5425; x_wconf 82' lang='lat' dir='ltr'>et</span> <span class='ocrx_word' id='word_1_803' title='bbox 1740 5366 1968 5425; x_wconf 85' lang='lat' dir='ltr'>falsitate</span> <span class='ocrx_word' id='word_1_804' title='bbox 1997 5380 2088 5427; x_wconf 82' lang='lat' dir='ltr'>re-</span> 
     </span>
    </p>
   </div>
   <div class='ocr_carea' id='block_1_106' title="bbox 509 5452 2086 5535">
    <p class='ocr_par' dir='ltr' id='par_1_106' title="bbox 509 5452 2086 5535">
     <span class='ocr_line' id='line_1_106' title="bbox 509 5452 2086 5535; baseline 0.005 -30"><span class='ocrx_word' id='word_1_805' title='bbox 509 5452 785 5523; x_wconf 87' lang='lat' dir='ltr'>linquitur.</span> <span class='ocrx_word' id='word_1_806' title='bbox 831 5455 984 5527; x_wconf 77' lang='lat' dir='ltr'>Quod</span> <span class='ocrx_word' id='word_1_807' title='bbox 1024 5456 1067 5515; x_wconf 91' lang='lat' dir='ltr'>si</span> <span class='ocrx_word' id='word_1_808' title='bbox 1108 5456 1411 5535; x_wconf 87' lang='lat' dir='ltr'>huiusmodi</span> <span class='ocrx_word' id='word_1_809' title='bbox 1451 5456 1687 5533; x_wconf 84' lang='lat' dir='ltr'>proferat</span> <span class='ocrx_word' id='word_1_810' title='bbox 1730 5458 2086 5525; x_wconf 80' lang='lat' dir='ltr'>intellectum.</span> 
     </span>
    </p>
   </div>
   <div class='ocr_carea' id='block_1_107' title="bbox 507 5546 2087 5618">
    <p class='ocr_par' dir='ltr' id='par_1_107' title="bbox 507 5546 2087 5618">
     <span class='ocr_line' id='line_1_107' title="bbox 507 5546 2087 5618; baseline 0.004 -21"><span class='ocrx_word' id='word_1_811' title='bbox 507 5558 594 5617; x_wconf 80' lang='lat' dir='ltr'>qui</span> <span class='ocrx_word' id='word_1_812' title='bbox 624 5546 677 5601; x_wconf 92' lang='lat' dir='ltr'>in</span> <span class='ocrx_word' id='word_1_813' title='bbox 702 5562 761 5604; x_wconf 91' lang='lat' dir='ltr'>se</span> <span class='ocrx_word' id='word_1_814' title='bbox 787 5562 971 5605; x_wconf 87' lang='lat' dir='ltr'>verum</span> <span class='ocrx_word' id='word_1_815' title='bbox 996 5547 1251 5607; x_wconf 74' lang='lat' dir='ltr'>falsumve</span> <span class='ocrx_word' id='word_1_816' title='bbox 1276 5547 1568 5615; x_wconf 88' lang='lat' dir='ltr'>contineat,</span> <span class='ocrx_word' id='word_1_817' title='bbox 1592 5548 1706 5617; x_wconf 87' lang='lat' dir='ltr'>ipsa</span> <span class='ocrx_word' id='word_1_818' title='bbox 1735 5562 1946 5618; x_wconf 86' lang='lat' dir='ltr'>quoque</span> <span class='ocrx_word' id='word_1_819' title='bbox 1970 5548 2087 5605; x_wconf 84' lang='lat' dir='ltr'>veri</span> 
     </span>
    </p>
   </div>
   <div class='ocr_carea' id='block_1_108' title="bbox 507 5635 2087 5709">
    <p class='ocr_par' dir='ltr' id='par_1_108' title="bbox 507 5635 2087 5709">
     <span class='ocr_line' id='line_1_108' title="bbox 507 5635 2087 5709; baseline 0.004 -23"><span class='ocrx_word' id='word_1_820' title='bbox 507 5635 731 5705; x_wconf 81' lang='lat' dir='ltr'>falsique</span> <span class='ocrx_word' id='word_1_821' title='bbox 751 5639 945 5697; x_wconf 88' lang='lat' dir='ltr'>retinet</span> <span class='ocrx_word' id='word_1_822' title='bbox 964 5638 1428 5709; x_wconf 85' lang='lat' dir='ltr'>significationem.</span> <span class='ocrx_word' id='word_1_823' title='bbox 1452 5638 1637 5693; x_wconf 89' lang='lat' dir='ltr'>Docuit</span> <span class='ocrx_word' id='word_1_824' title='bbox 1661 5646 1835 5694; x_wconf 89' lang='lat' dir='ltr'>autem</span> <span class='ocrx_word' id='word_1_825' title='bbox 1860 5653 1955 5709; x_wconf 91' lang='lat' dir='ltr'>per</span> <span class='ocrx_word' id='word_1_826' title='bbox 1980 5638 2087 5701; x_wconf 79' lang='lat' dir='ltr'>hoc</span> 
     </span>
    </p>
   </div>
   <div class='ocr_carea' id='block_1_109' title="bbox 507 5729 2119 5821">
    <p class='ocr_par' dir='ltr' id='par_1_109' title="bbox 507 5729 2119 5821">
     <span class='ocr_line' id='line_1_109' title="bbox 507 5729 2119 5821; baseline 0.005 -38"><span class='ocrx_word' id='word_1_827' title='bbox 507 5729 653 5797; x_wconf 85' lang='lat' dir='ltr'>quod</span> <span class='ocrx_word' id='word_1_828' title='bbox 686 5730 762 5789; x_wconf 88' lang='lat' dir='ltr'>ait</span> <span class='ocrx_word' id='word_1_829' title='bbox 790 5747 803 5786; x_wconf 86' lang='lat'><strong>:</strong></span> <span class='ocrx_word' id='word_1_830' title='bbox 843 5729 1000 5789; x_wconf 84' lang='lat' dir='ltr'>Circa</span> <span class='ocrx_word' id='word_1_831' title='bbox 1034 5729 1479 5805; x_wconf 79' lang='lat' dir='ltr'>compositionem</span> <span class='ocrx_word' id='word_1_832' title='bbox 1510 5730 1651 5801; x_wconf 86' lang='lat' dir='ltr'>enim</span> <span class='ocrx_word' id='word_1_833' title='bbox 1681 5739 1737 5791; x_wconf 89' lang='lat' dir='ltr'>et</span> <span class='ocrx_word' id='word_1_834' title='bbox 1764 5730 2119 5821; x_wconf 29' lang='lat' dir='ltr'>divisionem;</span> 
     </span>
    </p>
   </div>
   <div class='ocr_carea' id='block_1_110' title="bbox 2200 4635 3801 4707">
    <p class='ocr_par' dir='ltr' id='par_1_110' title="bbox 2200 4635 3801 4707">
     <span class='ocr_line' id='line_1_110' title="bbox 2200 4635 3801 4707; baseline -0.003 -10"><span class='ocrx_word' id='word_1_835' title='bbox 2200 4637 2345 4703; x_wconf 80' lang='lat' dir='ltr'>iicet,</span> <span class='ocrx_word' id='word_1_836' title='bbox 2376 4646 2435 4692; x_wconf 89' lang='lat' dir='ltr'>ut</span> <span class='ocrx_word' id='word_1_837' title='bbox 2462 4647 2545 4694; x_wconf 86' lang='lat' dir='ltr'>est</span> <span class='ocrx_word' id='word_1_838' title='bbox 2580 4655 2596 4690; x_wconf 83' lang='lat' dir='ltr'>r</span> <span class='ocrx_word' id='word_1_839' title='bbox 2649 4636 2820 4692; x_wconf 87' lang='lat' dir='ltr'>iiomo</span> <span class='ocrx_word' id='word_1_840' title='bbox 2855 4636 3003 4691; x_wconf 86' lang='lat' dir='ltr'>vivit.</span> <span class='ocrx_word' id='word_1_841' title='bbox 3037 4635 3327 4705; x_wconf 74' lang='lat' dir='ltr'>Vita,enim</span> <span class='ocrx_word' id='word_1_842' title='bbox 3366 4635 3567 4693; x_wconf 89' lang='lat' dir='ltr'>homini</span> <span class='ocrx_word' id='word_1_843' title='bbox 3600 4636 3801 4707; x_wconf 76' lang='lat' dir='ltr'>itinera</span> 
     </span>
    </p>
   </div>
   <div class='ocr_carea' id='block_1_111' title="bbox 2194 4726 3803 4797">
    <p class='ocr_par' dir='ltr' id='par_1_111' title="bbox 2194 4726 3803 4797">
     <span class='ocr_line' id='line_1_111' title="bbox 2194 4726 3803 4797; baseline -0.001 -11"><span class='ocrx_word' id='word_1_844' title='bbox 2194 4737 2303 4794; x_wconf 84' lang='lat' dir='ltr'>est,</span> <span class='ocrx_word' id='word_1_845' title='bbox 2335 4737 2390 4785; x_wconf 84' lang='lat' dir='ltr'>et</span> <span class='ocrx_word' id='word_1_846' title='bbox 2430 4728 2562 4784; x_wconf 89' lang='lat' dir='ltr'>vivit</span> <span class='ocrx_word' id='word_1_847' title='bbox 2610 4727 2753 4783; x_wconf 84' lang='lat' dir='ltr'>idem</span> <span class='ocrx_word' id='word_1_848' title='bbox 2793 4726 3058 4797; x_wconf 86' lang='lat' dir='ltr'>significat</span> <span class='ocrx_word' id='word_1_849' title='bbox 3096 4728 3235 4795; x_wconf 84' lang='lat' dir='ltr'>quod</span> <span class='ocrx_word' id='word_1_850' title='bbox 3266 4727 3452 4782; x_wconf 86' lang='lat' dir='ltr'>vivens</span> <span class='ocrx_word' id='word_1_851' title='bbox 3489 4735 3597 4793; x_wconf 83' lang='lat' dir='ltr'>est,</span> <span class='ocrx_word' id='word_1_852' title='bbox 3642 4726 3803 4785; x_wconf 71' lang='lat' dir='ltr'>nulla</span> 
     </span>
    </p>
   </div>
   <div class='ocr_carea' id='block_1_112' title="bbox 2199 4818 3799 4888">
    <p class='ocr_par' dir='ltr' id='par_1_112' title="bbox 2199 4818 3799 4888">
     <span class='ocr_line' id='line_1_112' title="bbox 2199 4818 3799 4888; baseline 0.001 -14"><span class='ocrx_word' id='word_1_853' title='bbox 2199 4822 2400 4876; x_wconf 85' lang='lat' dir='ltr'>veritas</span> <span class='ocrx_word' id='word_1_854' title='bbox 2428 4835 2530 4877; x_wconf 90' lang='lat' dir='ltr'>nec</span> <span class='ocrx_word' id='word_1_855' title='bbox 2559 4820 2765 4875; x_wconf 83' lang='lat' dir='ltr'>falsitas</span> <span class='ocrx_word' id='word_1_856' title='bbox 2785 4820 2929 4876; x_wconf 84' lang='lat' dir='ltr'>valet</span> <span class='ocrx_word' id='word_1_857' title='bbox 2954 4818 3195 4888; x_wconf 75' lang='lat' dir='ltr'>intelligi.</span> <span class='ocrx_word' id='word_1_858' title='bbox 3243 4819 3356 4873; x_wconf 85' lang='lat' dir='ltr'>iioc</span> <span class='ocrx_word' id='word_1_859' title='bbox 3380 4825 3558 4873; x_wconf 76' lang='lat' dir='ltr'>autem</span> <span class='ocrx_word' id='word_1_860' title='bbox 3580 4832 3799 4875; x_wconf 56' lang='grc' dir='ltr'>βουνοί</span> 
     </span>
    </p>
   </div>
   <div class='ocr_carea' id='block_1_113' title="bbox 2195 4908 3303 4977">
    <p class='ocr_par' dir='ltr' id='par_1_113' title="bbox 2195 4908 3303 4977">
     <span class='ocr_line' id='line_1_113' title="bbox 2195 4908 3303 4977; baseline -0.007 -8"><span class='ocrx_word' id='word_1_861' title='bbox 2195 4910 2536 4973; x_wconf 81' lang='lat' dir='ltr'>uientissimo</span> <span class='ocrx_word' id='word_1_862' title='bbox 2557 4919 2821 4967; x_wconf 86' lang='lat' dir='ltr'>monstrat</span> <span class='ocrx_word' id='word_1_863' title='bbox 2845 4908 3115 4977; x_wconf 83' lang='lat' dir='ltr'>exemplo.</span> <span class='ocrx_word' id='word_1_864' title='bbox 3300 4912 3303 4915; x_wconf 86' lang='lat'>&#39;</span> 
     </span>
    </p>
   </div>
   <div class='ocr_carea' id='block_1_114' title="bbox 2275 4998 3807 5073">
    <p class='ocr_par' dir='ltr' id='par_1_114' title="bbox 2275 4998 3807 5073">
     <span class='ocr_line' id='line_1_114' title="bbox 2275 4998 3807 5073; baseline -0.006 -15"><span class='ocrx_word' id='word_1_865' title='bbox 2275 5000 2496 5073; x_wconf 71' lang='lat' dir='ltr'>Signum</span> <span class='ocrx_word' id='word_1_866' title='bbox 2515 5010 2685 5056; x_wconf 70' lang='lat' dir='ltr'>autem</span> <span class='ocrx_word' id='word_1_867' title='bbox 2706 5002 2857 5072; x_wconf 71' lang='lat' dir='ltr'>hujus</span> <span class='ocrx_word' id='word_1_868' title='bbox 2878 5011 2969 5061; x_wconf 76' lang='lat' dir='ltr'>est.</span> <span class='ocrx_word' id='word_1_869' title='bbox 2982 5001 3169 5055; x_wconf 60' lang='lat' dir='ltr'>ctenim</span> <span class='ocrx_word' id='word_1_870' title='bbox 3193 4998 3511 5055; x_wconf 78' lang='lat' dir='ltr'>hirroeersas</span> <span class='ocrx_word' id='word_1_871' title='bbox 3529 5000 3807 5071; x_wconf 56' lang='lat' dir='ltr'>signiﬁca</span> 
     </span>
    </p>
   </div>
   <div class='ocr_carea' id='block_1_115' title="bbox 2200 5090 3806 5164">
    <p class='ocr_par' dir='ltr' id='par_1_115' title="bbox 2200 5090 3806 5164">
     <span class='ocr_line' id='line_1_115' title="bbox 2200 5090 3806 5164; baseline 0.004 -20"><span class='ocrx_word' id='word_1_872' title='bbox 2200 5093 2407 5164; x_wconf 72' lang='lat' dir='ltr'>quidem</span> <span class='ocrx_word' id='word_1_873' title='bbox 2427 5094 2646 5164; x_wconf 74' lang='lat' dir='ltr'>aliquid,</span> <span class='ocrx_word' id='word_1_874' title='bbox 2672 5094 2759 5149; x_wconf 81' lang='lat' dir='ltr'>sed</span> <span class='ocrx_word' id='word_1_875' title='bbox 2784 5094 2923 5162; x_wconf 78' lang='lat' dir='ltr'>quod</span> <span class='ocrx_word' id='word_1_876' title='bbox 2953 5093 3181 5148; x_wconf 73' lang='lat' dir='ltr'>nandum</span> <span class='ocrx_word' id='word_1_877' title='bbox 3203 5108 3375 5148; x_wconf 71' lang='lat' dir='ltr'>eorum</span> <span class='ocrx_word' id='word_1_878' title='bbox 3403 5090 3484 5147; x_wconf 77' lang='lat' dir='ltr'>ul</span> <span class='ocrx_word' id='word_1_879' title='bbox 3503 5092 3723 5163; x_wconf 65' lang='lat' dir='ltr'>fabam,</span> <span class='ocrx_word' id='word_1_880' title='bbox 3748 5095 3806 5150; x_wconf 63' lang='grc' dir='ltr'><em>α</em></span> 
     </span>
    </p>
   </div>
   <div class='ocr_carea' id='block_1_116' title="bbox 2174 5183 3805 5255">
    <p class='ocr_par' dir='ltr' id='par_1_116' title="bbox 2174 5183 3805 5255">
     <span class='ocr_line' id='line_1_116' title="bbox 2174 5183 3805 5255; baseline 0 -16"><span class='ocrx_word' id='word_1_881' title='bbox 2174 5220 2175 5223; x_wconf 61' lang='grc' dir='ltr'><strong>η</strong></span> <span class='ocrx_word' id='word_1_882' title='bbox 2202 5201 2305 5240; x_wconf 79' lang='lat' dir='ltr'>non</span> <span class='ocrx_word' id='word_1_883' title='bbox 2333 5202 2462 5251; x_wconf 82' lang='lat' dir='ltr'>esse,</span> <span class='ocrx_word' id='word_1_884' title='bbox 2492 5185 2569 5241; x_wconf 75' lang='lat' dir='ltr'>vel</span> <span class='ocrx_word' id='word_1_885' title='bbox 2593 5199 2697 5240; x_wconf 76' lang='lat' dir='ltr'>non</span> <span class='ocrx_word' id='word_1_886' title='bbox 2720 5200 2851 5252; x_wconf 73' lang='lat' dir='ltr'>esse,</span> <span class='ocrx_word' id='word_1_887' title='bbox 2881 5185 3127 5252; x_wconf 72' lang='lat' dir='ltr'>addatur,</span> <span class='ocrx_word' id='word_1_888' title='bbox 3155 5184 3233 5240; x_wconf 82' lang='lat' dir='ltr'>aet</span> <span class='ocrx_word' id='word_1_889' title='bbox 3260 5183 3577 5255; x_wconf 72' lang='lat' dir='ltr'>simpliciter,</span> <span class='ocrx_word' id='word_1_890' title='bbox 3606 5183 3689 5238; x_wconf 79' lang='lat' dir='ltr'>vel</span> <span class='ocrx_word' id='word_1_891' title='bbox 3709 5196 3805 5239; x_wconf 68' lang='lat' dir='ltr'>sot-</span> 
     </span>
    </p>
   </div>
   <div class='ocr_carea' id='block_1_117' title="bbox 2201 5276 2665 5348">
    <p class='ocr_par' dir='ltr' id='par_1_117' title="bbox 2201 5276 2665 5348">
     <span class='ocr_line' id='line_1_117' title="bbox 2201 5276 2665 5348; baseline 0.002 -16"><span class='ocrx_word' id='word_1_892' title='bbox 2201 5276 2424 5332; x_wconf 85' lang='lat' dir='ltr'>cttndum</span> <span class='ocrx_word' id='word_1_893' title='bbox 2452 5288 2665 5348; x_wconf 73' lang='lat' dir='ltr'>tempus.</span> 
     </span>
    </p>
   </div>
   <div class='ocr_carea' id='block_1_118' title="bbox 2271 5364 3806 5441">
    <p class='ocr_par' dir='ltr' id='par_1_118' title="bbox 2271 5364 3806 5441">
     <span class='ocr_line' id='line_1_118' title="bbox 2271 5364 3806 5441; baseline 0.002 -16"><span class='ocrx_word' id='word_1_894' title='bbox 2271 5367 2512 5438; x_wconf 75' lang='lat' dir='ltr'>Ilagnam</span> <span class='ocrx_word' id='word_1_895' title='bbox 2550 5369 2658 5425; x_wconf 90' lang='lat' dir='ltr'>vim</span> <span class='ocrx_word' id='word_1_896' title='bbox 2697 5366 2861 5425; x_wconf 88' lang='lat' dir='ltr'>habet</span> <span class='ocrx_word' id='word_1_897' title='bbox 2884 5369 3119 5441; x_wconf 83' lang='lat' dir='ltr'>exempli</span> <span class='ocrx_word' id='word_1_898' title='bbox 3141 5369 3300 5438; x_wconf 86' lang='lat' dir='ltr'>huius</span> <span class='ocrx_word' id='word_1_899' title='bbox 3337 5365 3626 5425; x_wconf 81' lang='lat' dir='ltr'>subtilitas.</span> <span class='ocrx_word' id='word_1_900' title='bbox 3668 5364 3806 5428; x_wconf 73' lang='lat' dir='ltr'>Non</span> 
     </span>
    </p>
   </div>
   <div class='ocr_carea' id='block_1_119' title="bbox 2196 5458 3806 5519">
    <p class='ocr_par' dir='ltr' id='par_1_119' title="bbox 2196 5458 3806 5519">
     <span class='ocr_line' id='line_1_119' title="bbox 2196 5458 3806 5519; baseline -0.001 -4"><span class='ocrx_word' id='word_1_901' title='bbox 2196 5460 2342 5516; x_wconf 88' lang='lat' dir='ltr'>enim</span> <span class='ocrx_word' id='word_1_902' title='bbox 2365 5462 2475 5517; x_wconf 87' lang='lat' dir='ltr'>aola</span> <span class='ocrx_word' id='word_1_903' title='bbox 2500 5461 2587 5519; x_wconf 91' lang='lat' dir='ltr'>illa</span> <span class='ocrx_word' id='word_1_904' title='bbox 2613 5462 2829 5517; x_wconf 90' lang='lat' dir='ltr'>nomina</span> <span class='ocrx_word' id='word_1_905' title='bbox 2855 5462 2939 5518; x_wconf 89' lang='lat' dir='ltr'>vei</span> <span class='ocrx_word' id='word_1_906' title='bbox 2968 5464 3131 5519; x_wconf 89' lang='lat' dir='ltr'>verba</span> <span class='ocrx_word' id='word_1_907' title='bbox 3160 5460 3392 5517; x_wconf 85' lang='lat' dir='ltr'>falsitate</span> <span class='ocrx_word' id='word_1_908' title='bbox 3413 5474 3477 5519; x_wconf 88' lang='lat' dir='ltr'>ac</span> <span class='ocrx_word' id='word_1_909' title='bbox 3501 5458 3806 5515; x_wconf 61' lang='lat' dir='ltr'>mendacia</span> 
     </span>
    </p>
   </div>
   <div class='ocr_carea' id='block_1_120' title="bbox 2198 5549 3804 5624">
    <p class='ocr_par' dir='ltr' id='par_1_120' title="bbox 2198 5549 3804 5624">
     <span class='ocr_line' id='line_1_120' title="bbox 2198 5549 3804 5624; baseline -0.001 -15"><span class='ocrx_word' id='word_1_910' title='bbox 2198 5563 2443 5621; x_wconf 85' lang='lat' dir='ltr'>separata</span> <span class='ocrx_word' id='word_1_911' title='bbox 2468 5561 2614 5619; x_wconf 84' lang='lat' dir='ltr'>sunt,</span> <span class='ocrx_word' id='word_1_912' title='bbox 2652 5567 2982 5624; x_wconf 65' lang='lat' dir='ltr'>quaecunque</span> <span class='ocrx_word' id='word_1_913' title='bbox 3013 5552 3275 5624; x_wconf 84' lang='lat' dir='ltr'>simplicia</span> <span class='ocrx_word' id='word_1_914' title='bbox 3302 5560 3449 5618; x_wconf 83' lang='lat' dir='ltr'>sunt,</span> <span class='ocrx_word' id='word_1_915' title='bbox 3492 5550 3589 5609; x_wconf 88' lang='lat' dir='ltr'>sed</span> <span class='ocrx_word' id='word_1_916' title='bbox 3616 5549 3804 5607; x_wconf 69' lang='lat' dir='ltr'>etiam</span> 
     </span>
    </p>
   </div>
   <div class='ocr_carea' id='block_1_121' title="bbox 2195 5637 3803 5716">
    <p class='ocr_par' dir='ltr' id='par_1_121' title="bbox 2195 5637 3803 5716">
     <span class='ocr_line' id='line_1_121' title="bbox 2195 5637 3803 5716; baseline -0.004 -15"><span class='ocrx_word' id='word_1_917' title='bbox 2195 5645 2283 5701; x_wconf 89' lang='lat' dir='ltr'>illa</span> <span class='ocrx_word' id='word_1_918' title='bbox 2314 5657 2644 5716; x_wconf 61' lang='lat' dir='ltr'>quascunque</span> <span class='ocrx_word' id='word_1_919' title='bbox 2666 5655 2790 5700; x_wconf 88' lang='lat' dir='ltr'>sunt</span> <span class='ocrx_word' id='word_1_920' title='bbox 2817 5645 3112 5715; x_wconf 85' lang='lat' dir='ltr'>composita</span> <span class='ocrx_word' id='word_1_921' title='bbox 3135 5682 3151 5712; x_wconf 90' lang='lat'>,</span> <span class='ocrx_word' id='word_1_922' title='bbox 3181 5641 3228 5699; x_wconf 87' lang='lat' dir='ltr'>si</span> <span class='ocrx_word' id='word_1_923' title='bbox 3267 5642 3372 5698; x_wconf 88' lang='lat' dir='ltr'>sint</span> <span class='ocrx_word' id='word_1_924' title='bbox 3400 5642 3539 5697; x_wconf 83' lang='lat' dir='ltr'>dicta</span> <span class='ocrx_word' id='word_1_925' title='bbox 3574 5637 3803 5709; x_wconf 58' lang='lat' dir='ltr'>simpli:</span> 
     </span>
    </p>
   </div>
   <div class='ocr_carea' id='block_1_122' title="bbox 2194 5723 3793 5817">
    <p class='ocr_par' dir='ltr' id='par_1_122' title="bbox 2194 5723 3793 5817">
     <span class='ocr_line' id='line_1_122' title="bbox 2194 5723 3793 5817; baseline -0.004 -23"><span class='ocrx_word' id='word_1_926' title='bbox 2194 5736 2353 5814; x_wconf 68' lang='lat' dir='ltr'>citer2</span> <span class='ocrx_word' id='word_1_927' title='bbox 2371 5736 2727 5797; x_wconf 83' lang='lat' dir='ltr'>iiirooeervus</span> <span class='ocrx_word' id='word_1_928' title='bbox 2740 5737 2883 5794; x_wconf 83' lang='lat' dir='ltr'>enim</span> <span class='ocrx_word' id='word_1_929' title='bbox 2905 5736 3255 5817; x_wconf 42' lang='lat' dir='ltr'>committunt</span> <span class='ocrx_word' id='word_1_930' title='bbox 3278 5742 3475 5793; x_wconf 69' lang='lat' dir='ltr'>mea</span> <span class='ocrx_word' id='word_1_931' title='bbox 3491 5738 3595 5798; x_wconf 83' lang='lat' dir='ltr'>est.</span> <span class='ocrx_word' id='word_1_932' title='bbox 3614 5723 3793 5796; x_wconf 75' lang='grc' dir='ltr'>ιιιιιιο</span> 
     </span>
    </p>
   </div>
  </div>
