4030 6336
234 319 395 377 θοι.

928 298 936 310 ’
1029 320 1094 377 IN
1132 319 1387 378 LIBRUM
1424 312 1515 376 ne
1553 312 2196 377 INTERPRETATIONE
2235 319 2463 383 nomo
2502 327 2757 385 PRIMA.

3402 333 3509 391 ὅθί

229 434 409 490 Iesus
435 434 644 492 hircum
672 444 728 491 et
751 450 988 492 cervum.
1013 437 1122 493 Sed
1155 438 1255 493 n'isi
1277 438 1325 492 el
1348 447 1439 491 aut
1464 450 1585 491 esse
1605 442 1696 489 aut
1716 449 1823 489 non
1850 435 1906 495 Α
1931 437 2250 493 naturaliter
2268 449 2468 508 essent,
2492 440 2937 513 quemadmodum
2954 451 3017 501 ea
3038 454 3157 518 quae
3179 440 3357 503 dulcia
3382 457 3510 504 sunt

130 590 133 591 ν
230 544 362 585 esse
385 531 634 597 addatur,
673 541 734 587 ut
759 532 998 587 dicamus
1026 532 1365 588 hircocervus
1392 539 1495 596 est,
1524 530 1606 584 vel
1648 529 1829 584 hirco-
1932 529 2069 597 apud
2094 528 2509 597 Romanos,non
2535 537 2723 591 eadem
2746 546 2870 592 sunt
2890 537 3028 606 apud
3055 537 3280 610 Scythas
3302 553 3506 607 amara,

229 636 431 677 cervus
472 637 579 678 non
629 632 729 691 est,
764 624 941 679 nullus
980 623 1105 679 inde
1139 624 1251 679 veri
1297 622 1482 677 l‘alsive
1523 622 1824 677 intellectus

230 717 434 783 poterit
462 716 767 785 provenire.
828 717 1013 784 Ipsum
1049 716 1191 771 enim
1231 730 1532 785 quanquam
1570 715 1640 769 sit
1679 728 1828 768 com-

231 810 493 876 positum,
535 818 713 864 tamen
759 809 1074 879 simpliciter
1099 808 1322 873 dictum,
1354 809 1567 863 veritati
1607 807 1689 862 vel
1727 806 1827 862 fal-

229 900 382 954 sitati
411 901 708 970 proximum
740 916 843 955 non
874 909 978 954 est.
1026 900 1082 953 Si
1112 901 1230 969 quis
1262 900 1404 955 enim
1448 900 1591 954 dicat
1618 907 1823 954 tantum
1858 894 1867 907 “

230 989 606 1059 hircocervus,
654 992 787 1048 nihil
826 991 1089 1047 enuntiat.
1132 991 1283 1057 Quod
1321 992 1369 1046 si
1407 992 1538 1046 nihil
1581 991 1823 1047 enuntiat

230 1092 437 1150 praeter
451 1086 728 1140 veritatem
747 1084 1160 1154 {.ilsitatemque,
1176 1083 1441 1153 quoddam
1462 1083 1819 1153 compositum

224 1172 520 1242 designans
544 1190 740 1230 nomen
770 1176 983 1230 auditor
1010 1174 1277 1245 intelligit.
1304 1174 1456 1242 Quod
1483 1189 1613 1229 vero
1641 1174 1715 1229 ait
1734 1175 1819 1231 vel

226 1265 546 1332 simpliciter
584 1266 672 1320 vel
715 1267 1006 1321 secundum
1038 1274 1269 1335 tempus,
1319 1265 1387 1319 ad
1426 1266 1528 1321 hoc
1556 1265 1715 1332 valet,
1749 1281 1818 1323 ne

227 1363 542 1432 nluaremus
566 1362 693 1411 tunc
715 1357 829 1411 ﬁeri
848 1358 1020 1413 solum
1044 1358 1111 1413 de
1133 1356 1349 1412 nomine
1367 1357 1810 1414 enuntiationem.

226 1446 364 1502 Cum
391 1447 440 1500 ei
474 1463 708 1512 praesens
740 1461 948 1519 tempus
982 1451 1251 1519 adjicitur,
1294 1462 1351 1506 ut
1380 1467 1501 1506 cum
1531 1451 1760 1508 dicimus
1795 1471 1812 1509 :

230 1533 585 1592 Hircocervus
603 1550 710 1606 est,
740 1544 826 1596 vel
862 1542 1207 1598 hircocervus
1236 1558 1342 1598 non
1374 1553 1477 1611 cst,
1511 1546 1561 1599 in
1595 1545 1676 1600 his
1697 1546 1810 1615 jam

226 1631 427 1682 veritas
460 1639 542 1685 est
586 1645 677 1687 aut
718 1632 943 1689 falsitas.
972 1634 1078 1690 Sed
1120 1650 1224 1690 non
1263 1637 1433 1691 solum
1482 1639 1527 1692 si
1574 1653 1811 1709 praasens

229 1727 443 1788 tempus
464 1722 703 1791 designet
731 1727 1046 1793 propositio,
1071 1728 1165 1781 sed
1186 1729 1346 1783 etiam
1375 1729 1418 1784 si
1451 1729 1807 1797 praeteritum,

1930 636 2030 676 nec
2056 622 2226 687 acida,
2276 623 2369 678 sed
2404 626 2543 694 apud
2590 627 2733 695 ipsos
2774 645 2987 700 quoque
3025 630 3219 697 dulcia,
3264 639 3322 688 et
3366 633 3509 702 apud

1929 727 2117 769 omnes
2154 725 2342 786 gentes
2371 726 2496 772 sunt
2523 719 2711 774 eodem
2757 722 2936 776 modo.
2976 721 3047 777 Ita
3087 739 3298 795 quoque
3326 725 3508 781 omnia

1929 805 2144 858 nomina
2175 804 2221 859 si
2250 806 2566 862 naturaliter
2589 819 2787 873 essent,
2814 811 3017 866 eisdem
3049 828 3236 869 uumes
3264 813 3510 869 homines

1929 902 2231 950 uterentur.
2272 897 2448 964 Quare
2489 901 2740 968 quoniam
2781 904 2994 957 nomina
3041 903 3356 960 naturaliter
3400 920 3507 961 non

1927 995 2069 1054 sunt,
2104 1002 2201 1042 nec
2229 989 2543 1044 naturaliter
2570 989 2891 1059 signiﬁcant,
2932 995 3227 1050 secundum
3260 995 3508 1064 placitum

1925 1088 2072 1143 sunt,
2103 1080 2306 1135 SCiliCcl
2333 1082 2641 1149 ponentium
2669 1097 2828 1152 atque
2854 1092 3153 1151 auctorum,
3183 1094 3237 1141 et
3264 1102 3294 1140 a
3314 1087 3509 1156 quibus

1925 1170 2140 1225 nomina
2179 1172 2288 1235 ipsa
2331 1172 2491 1227 rebus
2532 1174 2794 1239 impressa
2836 1185 2980 1228 sunt.
3021 1175 3113 1232 Est
3151 1190 3281 1245 ergo
3312 1192 3508 1237 nomen

1880 1281 1891 1291 ·
1925 1277 2029 1316 vox
2053 1262 2399 1331 signiﬁcativa
2430 1263 2721 1319 secundum
2755 1264 3023 1335 placitum.
3053 1266 3358 1323 Secundum
3391 1270 3507 1339 pla-

1921 1355 2089 1410 citum
2136 1366 2311 1409 autem
2360 1356 2785 1425 positionemque
2821 1356 3236 1427 signiﬁcantium
3285 1375 3502 1432 vocum,

1919 1448 2040 1503 alite
2082 1458 2290 1516 tempus
2319 1463 2501 1503 secum
2544 1452 2608 1502 ad
2641 1447 3082 1519 signiﬁcationem
3118 1456 3353 1515 trahunt,
3383 1453 3505 1511 alim

1920 1552 2115 1614 praeter
2143 1552 2353 1611 tempus
2380 1541 2757 1610 praedicantur.
2780 1541 3017 1611 Tempus
3045 1557 3226 1597 secum
3259 1545 3503 1612 trahunt,

1919 1648 1976 1693 ut
1996 1648 2079 1694 est
2104 1653 2262 1693 curro
2287 1647 2340 1693 et
2365 1638 2512 1707 lego,
2547 1636 2631 1690 vel
2658 1636 2873 1690 cucurii
2902 1644 2956 1690 et
2998 1635 3133 1705 legi,
3167 1647 3219 1691 et
3246 1652 3502 1706 quaecun-

1916 1749 2024 1802 que
2045 1742 2170 1787 sunt
2192 1734 2371 1786 verba.
2389 1730 2559 1787 Omne
2582 1729 2721 1785 enim
2750 1728 2967 1785 verbum
2991 1744 3110 1784 cum
3138 1738 3378 1799 tempore
3398 1739 3502 1788 est.

228 1813 360 1866 utsi
387 1814 506 1883 quis
534 1815 674 1869 dicat
704 1834 716 1871 :
752 1816 1106 1874 liircncervus
1134 1818 1253 1886 fuit;
1287 1821 1371 1876 vel
1401 1819 1658 1889 futurum,
1683 1828 1741 1877 ut
1762 1822 1809 1875 si
1842 1826 1892 1888 Β
1918 1821 2141 1878 Nomina
2186 1836 2315 1877 vero
2359 1822 2475 1875 sine
2517 1831 2757 1889 tempore
2797 1830 2941 1875 sunt.
2973 1818 3106 1875 Cum
3145 1822 3287 1876 enim
3330 1822 3452 1878 dico
3484 1841 3501 1879 :

221 1902 346 1970 quis
394 1903 535 1958 dicat
573 1922 587 1959 :
621 1906 970 1963 llircocervus
1024 1909 1146 1975 erit,
1196 1910 1615 1967 enuntiationem
1659 1911 1800 1967 facit.

222 1992 366 2062 Ergo
396 1994 496 2049 hoc
525 2005 608 2051 est
640 1998 779 2068 quod
817 2000 892 2054 ait
927 2000 1010 2055 vel
1045 2002 1362 2071 simpliciter
1391 2003 1477 2059 vel
1507 1984 1806 2060 secundum

220 2092 453 2155 tempus,
485 2087 787 2156 liujusmodi
816 2092 959 2147 enim
988 2093 1305 2169 simpliciter
1340 2096 1476 2151 facta
1508 2097 1807 2153 enuntiatio

218 2177 511 2232 secundum
542 2193 782 2248 praesens
817 2192 923 2244 est.
967 2183 1174 2240 Etenim
1215 2187 1356 2256 quod
1404 2202 1640 2257 praesens
1676 2188 1809 2243 dici-

218 2282 359 2334 mus,
385 2280 592 2340 tempus
613 2287 719 2327 non
742 2282 843 2340 est,
870 2275 965 2330 sed
987 2275 1274 2331 conﬁnium
1299 2285 1623 2347 temporum.
1647 2276 1806 2334 Tem-

218 2375 319 2430 pus
347 2370 522 2419 autem
546 2374 627 2420 est
655 2366 998 2421 antl'uturum
1030 2380 1119 2422 aut
1142 2368 1471 2438 praeteritum
1496 2386 1513 2436 ;
1542 2384 1669 2440 ergo
1698 2384 1807 2425 non

217 2461 397 2522 potest
424 2454 477 2508 in
506 2470 571 2509 eo
600 2457 742 2525 quod
770 2468 853 2513 est
885 2459 1228 2515 hircocervus
1255 2461 1453 2516 veritas
1482 2470 1573 2515 aut
1604 2461 1806 2517 falsitas

215 2541 464 2608 inveniri,
492 2544 595 2600 nisi
620 2548 668 2602 ei
701 2558 793 2602 aut
830 2562 953 2604 esse
992 2559 1082 2604 aut
1132 2566 1242 2605 non
1282 2566 1403 2607 esse
1443 2552 1693 2619 addatur,
1722 2554 1805 2608 vel

215 2650 452 2706 praesens
480 2639 808 2710 signiﬁcans,
831 2642 973 2714 quod
1003 2654 1087 2700 est
1109 2646 1452 2716 simpliciter,
1476 2648 1563 2702 Vel
1591 2656 1804 2718 tempus

211 2730 359 2800 quod
383 2742 461 2787 est
494 2734 820 2800 pra-teritum
852 2746 944 2793 aut
974 2738 1230 2793 futurum.
1275 2739 1333 2796 Si
1373 2740 1494 2809 quis
1535 2743 1677 2815 enim
1722 2743 1804 2798 sic

215 2820 405 2876 dicat:
446 2822 804 2881 Hircocervus
828 2836 932 2892 est,
972 2828 1289 2897 simpliciter
1326 2829 1481 2895 dixit,
1527 2832 1577 2885 id
1607 2840 1691 2887 est
1716 2847 1805 2888 se-

210 2914 445 2968 cundum
492 2930 748 2984 praesens.
791 2917 848 2975 Si
890 2920 1011 2989 quis
1050 2929 1253 2989 autem,
1297 2922 1652 2980 llircocervus
1699 2924 1806 2980 erit

209 3004 301 3059 vei
354 3003 494 3073 l’nit,
560 3009 852 3064 secundum
906 3020 1159 3081 tempus,
1206 3014 1440 3069 futurum
1499 3014 1698 3072 scilicet
1748 3025 1806 3072 et

214 3097 565 3166 praeteritum.
599 3098 720 3156 llatc
751 3102 912 3171 igitur
938 3119 1060 3173 quae
1094 3115 1251 3161 erant
1279 3108 1426 3161 utilia
1452 3108 1799 3176 praelocutus,

1916 1914 2189 1978 Socrates,
2236 1912 2321 1968 vel
2366 1912 2537 1982 Plato,
2583 1910 2664 1967 vel
2708 1909 2917 1975 alhedo,
2960 1910 3044 1965 vel
3084 1911 3280 1981 aliquid
3321 1912 3502 1983 hujus-

1915 2005 2082 2070 moili,
2112 2002 2440 2073 temporibus
2468 2012 2672 2058 carent.
2704 2002 2909 2059 Nomen
2938 2018 3069 2073 ergo
3094 2019 3193 2059 vox
3227 2011 3310 2059 cst
3337 2005 3503 2076 signi-

1913 2098 2124 2153 ﬁcativa
2172 2097 2465 2153 secundum
2515 2096 2767 2166 placitum
2821 2097 2938 2153 sine
2988 2108 3247 2168 tempore.
3296 2098 3504 2157 Vocum

1913 2188 2386 2257 signiﬁcativarum
2436 2187 2733 2243 secundum
2778 2187 3029 2259 placitum
3072 2188 3189 2245 sine
3236 2197 3500 2261 tempore,

1913 2280 2035 2334 alia:
2064 2288 2186 2334 sunt
2206 2294 2429 2350 quarum
2453 2288 2630 2348 partes
2652 2279 2848 2347 aliquid
2872 2290 3021 2334 extra
3046 2278 3367 2350 significant,
3384 2281 3501 2340 alia

1914 2387 2142 2443 quarum
2180 2382 2359 2440 partes
2394 2382 2549 2426 extra
2592 2371 2723 2426 nihil
2763 2372 3063 2442 designant.
3103 2372 3230 2428 Haec
3268 2388 3501 2447 namque

1914 2477 2040 2527 vox,
2072 2477 2190 2532 quae
2219 2472 2323 2527 est,
2349 2463 2597 2517 Socrates
2626 2477 2745 2517 cum
2765 2462 2981 2518 Platone
3007 2464 3230 2535 aliisque
3260 2464 3502 2535 discipu-

1916 2554 2005 2623 lis,
2031 2570 2151 2626 qua:
2174 2562 2257 2609 est
2286 2555 2478 2619 oratio,
2511 2564 2564 2607 et
2594 2552 2941 2624 signiﬁcatitga
2982 2566 3087 2623 est,
3118 2567 3172 2612 et
3198 2557 3500 2614 secundum

1915 2644 2193 2713 placitum.
2243 2642 2431 2698 Partes
2468 2652 2698 2711 namque
2736 2643 2902 2714 ipsius
2937 2660 3057 2715 quas
3093 2656 3217 2702 sunt
3256 2647 3500 2718 nomina,

1914 2735 2208 2791 secundum
2237 2736 2483 2803 placitum
2507 2744 2650 2800 sunt,
2670 2744 2727 2791 et
2750 2737 2866 2791 sine
2887 2744 3148 2808 tempore.
3170 2738 3321 2794 Nulla
3347 2755 3498 2796 nam-

1908 2823 2020 2900 que
2050 2830 2100 2882 in
2132 2843 2195 2883 ea
2225 2843 2291 2883 ne
2326 2826 2635 2898 imaginatio
2663 2826 2876 2898 quidem
2907 2830 3163 2897 temporis
3204 2829 3497 2900 invenitur,

1914 2919 2011 2974 sed
2056 2917 2218 2973 habet
2260 2917 2363 2973 hoc
2403 2918 2544 2988 quod
2597 2928 2777 2987 partes
2818 2915 2936 2987 ejus
2974 2926 3124 2974 extra
3169 2920 3497 2990 signiﬁcant.

1908 3009 2043 3063 Tota
2078 3022 2305 3077 namque
2333 3007 2506 3062 oratio
2532 3015 2633 3077 est,
2662 3007 2913 3064 Socrates
2940 3023 3063 3065 cum
3093 3008 3314 3069 Platone
3340 3011 3494 3069 aliis-

1894 3095 2336 3166 rquediscipnlis;
2368 3096 2463 3150 sed
2492 3095 2610 3166 ejus
2639 3110 2765 3165 pars
2781 3096 3054 3168 Socrates,
3085 3099 3134 3154 si
3162 3112 3193 3155 a
3226 3107 3335 3158 tota
3365 3114 3495 3158 ora-

209 3187 279 3244 ad
308 3187 672 3249 deﬁnitionem
698 3194 952 3263 nominis,
985 3194 1363 3267 disputationis
1381 3213 1543 3256 cursu
1565 3199 1797 3258 accedit.

1908 3190 2054 3243 tione
2085 3188 2350 3259 disjuncta
2376 3191 2468 3254 sit,
2495 3188 2762 3259 signiﬁcat
2796 3188 3019 3261 aliquid.
3046 3188 3285 3248 Nominis
3315 3200 3495 3253 autem
3520 3192 3533 3199 ’

800 3316 888 3371 DE
928 3316 1207 3374 NOMINE.

280 3422 485 3481 Nomen
503 3427 658 3499 igitur
676 3435 751 3484 est
772 3444 870 3484 vox
888 3431 1229 3501 signiﬁcation
1244 3433 1529 3489 secundum
1548 3434 1795 3501 placitum

204 3514 316 3575 sine
340 3522 738 3591 tempore,cujus
761 3518 905 3574 nulla
921 3537 1040 3591 pars
1061 3530 1133 3575 est
1155 3522 1514 3592 signiﬁcation,
1533 3534 1792 3587 “parata.

277 3606 461 3664 Omnis
502 3606 752 3667 diiﬁtiitio
794 3628 991 3681 genere
1034 3628 1083 3669 ei
1124 3613 1444 3671 differentiis
1494 3614 1789 3685 parﬁcitnr.

204 3698 443 3772 Sumpsit
483 3719 612 3775 ergo
648 3704 714 3761 ad
757 3706 1128 3762 dil‘linitioncm
1168 3723 1353 3762 vocem
1395 3723 1516 3763 esse
1558 3710 1792 3765 nominis

203 3804 394 3865 genus.
426 3792 632 3851 Caetera
660 3812 786 3851 vero
809 3812 927 3867 qua:
956 3808 1239 3853 exsecutus
1266 3809 1370 3865 est,
1415 3815 1511 3868 pro
1537 3798 1793 3857 differetu-

202 3882 298 3938 tiis
318 3887 639 3957 aggregavit.
676 3885 771 3943 Est
798 3897 979 3944 autem
1021 3891 1178 3960 hujus
1217 3890 1430 3947 termini
1471 3891 1592 3946 talis
1619 3907 1791 3960 expo-

201 3974 326 4029 sitio
355 3991 370 4030 :
400 3976 605 4032 Nomen
637 3989 739 4047 est,
770 3980 971 4050 inquit,
1009 3997 1135 4036 vox.
1165 3981 1273 4037 Sed
1308 3997 1495 4038 vocum
1523 3983 1646 4039 alia:
1668 3993 1791 4039 sunt

202 4080 322 4134 qua:
359 4069 680 4139 significant,
710 4072 827 4128 alia:
869 4089 989 4144 qua:
1028 4075 1163 4131 nihil
1206 4076 1532 4145 signiﬁcant.
1581 4077 1786 4134 Nomen

200 4168 383 4212 autem
428 4162 681 4228 signiﬁcat
730 4165 779 4219 id
823 4166 974 4236 cujus
1014 4183 1215 4224 nomen
1248 4180 1352 4223 est.
1380 4158 1586 4226 Nomen
1630 4170 1790 4240 igitur

198 4260 287 4307 est
334 4266 433 4306 vox
478 4252 849 4322 signiﬁcativa.
886 4258 1091 4316 Vncunt
1145 4262 1621 4329 signiﬁcativarum
1667 4261 1788 4317 alite

197 4353 326 4401 sunt
348 4348 680 4419 naturaliter,
715 4352 833 4407 alia:
855 4368 964 4409 non
989 4355 1321 4410 naturaliter.
1355 4354 1679 4410 Naturaliter
1704 4363 1788 4409 est

198 4451 304 4492 vox
328 4433 701 4511 signiﬁcatita,
730 4456 787 4499 ut
814 4460 877 4501 ea
906 4460 1026 4515 qum
1051 4446 1263 4502 dolores
1295 4445 1608 4501 naturaliter
1635 4462 1787 4500 mon-

1911 3292 2038 3350 pars
2052 3278 2181 3333 nihil
2212 3290 2362 3334 extra
2393 3277 2688 3347 signiﬁcat;
2717 3279 2883 3347 ipsius
2912 3281 3055 3337 enim
3082 3280 3317 3339 nominis
3344 3283 3493 3355 quod

1906 3380 1994 3427 est
2029 3370 2317 3437 Socrates,
2362 3370 2506 3440 quod
2549 3370 2874 3440 disiunctum
2922 3386 2953 3426 a
2999 3378 3112 3428 tota
3159 3374 3494 3436 connexione

1906 3461 2192 3530 signiﬁcat,
2233 3468 2413 3529 partes
2454 3458 2583 3513 nihil
2621 3470 2773 3515 extra
2803 3461 3104 3531 designant.
3136 3461 3320 3533 Neque
3350 3463 3490 3523 enim

1907 3549 2006 3610 So,
2033 3565 2206 3619 neqne
2227 3565 2337 3614 cra,
2362 3560 2644 3618 nequem,
2667 3549 2863 3615 aliquid
2886 3559 3080 3619 praeter
3104 3559 3270 3606 totum
3295 3566 3489 3614 nomen

1902 3649 2054 3691 extra
2080 3637 2378 3705 designant.
2405 3637 2582 3704 Quare
2605 3638 2901 3693 rectissime
2927 3637 3175 3694 difﬁiiltio
3197 3641 3486 3698 constituta

1900 3738 1986 3784 est
2010 3747 2024 3782 :
2049 3728 2255 3784 Nomen
2285 3743 2405 3783 esse
2428 3743 2616 3785 vocem
2648 3727 2937 3784 sectmdum
2965 3730 3219 3800 placitum
3240 3730 3486 3802 designa.

1904 3820 2066 3872 tivam
2098 3818 2213 3872 sine
2242 3827 2507 3887 tempore,
2553 3819 2710 3887 cujus
2739 3827 2919 3888 partes
2943 3820 3076 3873 nihil
3101 3828 3250 3875 extra
3280 3821 3484 3893 signiﬁ-

1903 3918 2049 3966 cant.
2083 3908 2194 3965 Hoc
2219 3918 2400 3965 autem
2429 3907 2714 3978 propositis
2741 3908 2898 3965 docet
2921 3908 3201 3980 exemplis.

1970 4044 2038 4098 In
2052 4044 2256 4098 nomine
2276 4043 2409 4097 enim
2433 4042 2570 4113 quod
2585 4051 2657 4096 est
2670 4043 2784 4113 equi
2786 4045 2941 4114 ferus,
2956 4043 3094 4113 ferus
3106 4058 3196 4115 per
3212 4059 3265 4098 se
3278 4042 3406 4098 nihil
3421 4044 3483 4099 si.

1896 4138 2131 4209 gniﬁcat,
2151 4136 2577 4207 quemadmodum
2598 4135 2651 4189 in
2672 4135 2901 4190 oratione
2926 4150 3038 4205 qua:
3059 4141 3132 4189 est
3152 4150 3308 4205 equus
3320 4138 3481 4208 ferus.

1967 4257 2026 4314 Si
2056 4256 2197 4312 enim
2225 4257 2294 4311 sit
2320 4254 2490 4311 oratio
2514 4268 2634 4325 qua:
2661 4253 2805 4309 dicat
2830 4266 2997 4323 equus
3027 4251 3195 4320 ferus,
3222 4254 3358 4313 duas
3384 4268 3472 4312 res

1892 4348 2209 4418 signiﬁcat;
2260 4361 2454 4416 equum
2501 4356 2557 4401 et
2603 4343 2799 4399 ferum.
2832 4341 3130 4413 Utrumque
3175 4343 3320 4399 enim
3371 4353 3476 4414 est,

1894 4455 2059 4494 untttn
2124 4439 2446 4506 subdantin,
2504 4436 2734 4492 alterum
2788 4435 2964 4508 quale.
3021 4434 3122 4503 Qui
3180 4449 3308 4491 vero
3354 4435 3479 4501 dicit

193 4541 327 4591 Strat
364 4545 456 4588 aut
494 4536 709 4606 gaudia.
752 4537 866 4593 Non
908 4540 1225 4596 naturaliter
1263 4556 1390 4595 vero
1416 4540 1787 4610 signiﬁcantia;

1908 4532 2188 4601 :quilerus,
2221 4545 2383 4585 unum
2413 4544 2606 4587 nomen
2636 4536 2741 4595 est,
2771 4535 2827 4582 et
2854 4527 2904 4581 ei
2932 4540 3093 4581 unum
3124 4526 3264 4595 quod
3305 4526 3476 4598 signi-

192 4633 356 4679 voces
377 4636 521 4691 sunt,
545 4642 681 4696 quas
703 4630 999 4684 sectmdum
1028 4631 1346 4699 positionem
1376 4646 1497 4687 esse
1527 4631 1782 4686 dicimus.

1908 4598 2017 4681 icat
2041 4598 2341 4697 subjectum
2362 4633 2444 4680 est
2461 4623 2736 4694 ;quocirca
2762 4636 2925 4677 unum
2956 4636 3167 4693 quoque
3194 4621 3471 4692 permistio

190 4713 501 4773 Secundum
527 4721 847 4788 positionem
872 4738 1000 4778 vero
1029 4734 1176 4790 sunt,
1200 4740 1333 4795 quas
1362 4724 1571 4791 sibiipsi
1601 4723 1780 4778 homio

191 4819 291 4869 nes
314 4821 624 4875 posuerunt,
642 4822 699 4867 ut
720 4827 840 4867 cum
861 4813 995 4869 dixit
1014 4814 1209 4885 aliquis
1232 4832 1246 4870 :
1275 4817 1480 4871 Primus
1503 4817 1592 4885 qui
1618 4817 1780 4870 rebus

189 4899 409 4954 nomina
445 4900 703 4968 condidit,
734 4904 850 4958 limo
879 4906 1175 4961 substantia
1202 4907 1410 4962 dicatur
1437 4923 1650 4973 aurum,
1692 4907 1779 4961 hic

189 4986 348 5057 lapis,
378 4989 493 5046 huic
526 5006 685 5061 aqua,
726 5001 781 5050 et
817 4995 918 5053 alia
958 4997 1172 5054 similia.
1218 4999 1377 5054 Tales
1418 4999 1577 5069 igitur
1616 5014 1777 5057 voces

186 5082 485 5141 Secundum
536 5085 855 5152 positionem
900 5098 1042 5145 sunt.
1077 5090 1143 5144 Et
1183 5092 1253 5146 ita
1294 5095 1585 5147 serunilum
1629 5094 1772 5161 posi-

185 5171 414 5238 tionem,
455 5176 909 5244 quemadmodum
954 5179 1084 5247 ipsis
1132 5180 1438 5243 hominibus
1485 5183 1700 5250 placuit,
1742 5197 1773 5239 ι

1891 4718 1995 4774 ista
2016 4716 2307 4789 signiﬁcat;
2334 4715 2474 4782 quod
2495 4716 2540 4769 si
2564 4728 2730 4769 unum
2757 4712 3023 4785 signiﬁcat
3044 4722 3154 4767 tota
3176 4712 3476 4783 permistio,

1890 4826 2017 4882 pars
2048 4809 2169 4864 inde
2194 4816 2439 4878 separata
2468 4806 2599 4863 nihil
2625 4816 2780 4862 extra
2808 4806 3070 4876 designat.
3104 4806 3158 4861 in
3188 4814 3302 4861 toto
3325 4806 3473 4863 enim

1892 4901 2109 4957 nomine
2126 4900 2265 4970 quod
2284 4911 2366 4954 est
2381 4896 2674 4970 equilerus,
2693 4896 3291 4968 consigniﬁcatquidem
3307 4898 3471 4962 ferus.

1894 5009 1991 5065 per
2019 5008 2077 5048 se
2107 5007 2237 5047 vero
2265 4991 2400 5047 nihil
2437 4992 2737 5064 signiﬁcat;
2775 4990 2915 5061 quod
2944 4990 2993 5047 si
3026 5004 3127 5060 per
3158 5005 3217 5045 se
3248 4988 3303 5045 id
3331 4986 3473 5059 quod

1890 5084 2120 5141 dicimus
2142 5082 2287 5138 ferus
2312 5082 2509 5154 aliquid
2523 5082 2852 5155 signiﬁcare;
2873 5082 3215 5149 arbitremur,
3238 5096 3345 5139 non
3361 5079 3473 5149 jam

1890 5176 1998 5234 erit
2029 5190 2153 5246 pars
2180 5175 2435 5242 nominis,
2465 5174 2562 5232 sed
2601 5175 2775 5244 ipsum
2817 5174 2923 5231 erit
2959 5174 3224 5246 integrum
3254 5184 3474 5234 nomen,

1887 5277 1945 5324 et
1973 5267 2188 5323 habebit
2217 5275 2394 5335 partes
2420 5267 2468 5337 fe
2495 5276 2549 5322 et
2577 5266 2985 5332 rus.Quocirca,
3014 5265 3269 5335 quoniam
3298 5262 3473 5321 nomi-

1885 5360 2049 5417 nibus
2082 5374 2242 5415 unum
2271 5357 2571 5428 subjectum
2600 5366 2705 5425 est,
2731 5365 2785 5414 et
2814 5372 2979 5415 unum
3007 5354 3269 5428 signiﬁcat
3300 5361 3471 5413 totum

1879 5466 2113 5522 nomen,
2145 5451 2229 5507 vel
2260 5450 2304 5506 si
2336 5453 2405 5506 sit
2433 5451 2794 5520 tequivocum,
2828 5448 2911 5502 vel
2949 5448 2997 5504 si
3035 5460 3143 5502 non
3170 5446 3243 5501 sit
3270 5462 3286 5501 :
3324 5444 3471 5507 canis

1880 5546 2026 5601 enim
2066 5558 2188 5599 cum
2229 5543 2300 5597 sit
2339 5541 2696 5611 aequivocum,
2729 5538 2895 5596 semel
2931 5544 3100 5592 totum
3138 5532 3468 5603 latrabilem,

112 5318 131 5324 ν
182 5263 382 5334 quibus
429 5270 642 5327 nomina
688 5269 777 5323 illa
824 5269 1050 5324 formata
1091 5282 1233 5326 sunt.
1285 5272 1599 5341 llujusntodi
1642 5288 1771 5343 ergo

116 5344 143 5382 ³
184 5369 342 5413 voces
369 5373 486 5427 qua:
517 5363 813 5419 secundum
842 5363 1162 5432 positionem
1186 5375 1334 5431 sunt,
1357 5354 1651 5421 secundum
1677 5381 1772 5437 po-

177 5450 423 5509 nentium
456 5453 706 5522 placitmn
736 5465 879 5509 sunt.
910 5456 1026 5513 Sed
1063 5472 1260 5512 nomen
1300 5473 1408 5515 non
1454 5458 1772 5514 naturaliter

172 5539 463 5607 signiﬁcat.
513 5543 667 5612 Apud
705 5546 945 5601 diversis
989 5549 1130 5601 enim
1161 5557 1371 5613 gentes.
1403 5547 1615 5603 diversa
1646 5558 1770 5602 sunt

174 5632 417 5685 nomina.
469 5633 598 5700 Quae
623 5646 802 5691 autem
832 5636 973 5704 apud
1003 5639 1242 5693 diversos
1271 5639 1483 5694 diversa
1513 5649 1657 5704 sunt,
1700 5653 1764 5694 ea
1876 5636 2118 5699 secundo
2151 5645 2318 5690 totum
2353 5633 2651 5701 caelestem,
2687 5638 2744 5686 et
2778 5642 2966 5684 rursus
2997 5633 3168 5680 ιοωω
3194 5624 3462 5682 marinum

168 5733 283 5778 non
311 5732 440 5785 sunt
469 5727 810 5796 naturaliter,
842 5728 936 5785 sed
967 5728 1257 5787 secundum
1289 5728 1541 5798 placitum
1574 5743 1761 5784 eorum
1876 5727 2162 5799 signiﬁcat,
2219 5741 2385 5798 quare
2433 5724 2685 5796 quoniam
2735 5716 3009 5792 quodlibet
3057 5729 3254 5773 nomen
3297 5730 3463 5773 unum

164 5815 261 5889 Qui
293 5827 611 5889 ναυοιιιηι,
644 5818 1072 5893 positionemqtte
1100 5822 1434 5893 ponentium.
1466 5818 1685 5888 Alioqui
1715 5818 1785 5907 si.
1854 5816 2077 5917 aliquid
2108 5816 2370 5890 signiﬁcat
2398 5820 2588 5886 totum,
2618 5823 2741 5886 pars
2765 5806 2885 5881 eius
2922 5811 3209 5875 separata,
3235 5810 3293 5863 et
3319 5802 3463 5866 velut

1798 5937 1842 5953 ρ

1192 5959 1229 5969 ιο
