4022 6332
549 275 653 332 503

1779 281 1890 338 AN.
1933 281 2140 340 MANL.
2179 280 2333 341 SEV.
2373 281 2596 341 BOETII

2904 196 2964 205 Α*

3006 198 3011 203 ⁵
3032 202 3063 215 ’ν

3708 292 3815 351 ὅθι

548 400 580 446 a
610 400 718 447 tota
746 382 1133 463 compositione
1174 407 1236 447 se
1257 392 1472 463 juncta,
1513 390 1565 446 in
1595 405 1697 461 qua
1735 407 1896 447 unum
1937 392 2132 464 aliquid
2161 398 2216 457 Α
2238 396 2326 465 qui
2358 396 2514 451 multi
2547 394 2806 452 illitterati
2822 391 2939 452 soni
2960 395 3286 465 signiﬁcant.
3306 407 3365 455 ut
3393 399 3582 458 sibilus
3598 401 3807 475 aliquid

548 484 1008 555 cons‘guiﬁcabat,
1059 485 1190 538 nihil
1246 493 1393 539 extra
1453 484 1736 554 signiﬁcat.
1790 486 1890 540 Dat
1944 496 2122 540 autem

547 577 873 632 differentias
903 575 1223 644 simplicium
1260 575 1531 629 nominum
1584 584 1637 629 et
1675 577 2121 644 compositorum.

618 672 682 723 At
726 685 842 723 vero
882 686 981 722 natt
1026 670 1450 733 quemadmodum
1492 671 1543 721 in
1589 669 1904 736 simplicibus
1950 672 2120 724 nomi-

547 762 713 826 nibus,
741 762 815 813 sic
835 777 889 813 se
918 760 1061 812 habet
1099 761 1252 814 etiam
1292 761 1344 813 in
1381 762 1690 830 compositis.
1745 759 1812 815 In
1840 762 1940 815 illis
1985 764 2119 815 enim

545 855 685 908 nullo
734 853 885 907 modo
937 866 1056 922 pars
1087 853 1426 922 signiﬁcation
1473 865 1568 918 est,
1612 854 1665 906 in
1714 853 1792 907 his
1819 862 1988 909 autent
2019 854 2157 908 uult’

544 945 769 1016 quidem,
802 944 891 997 sed
922 946 1050 998 nihil
1079 944 1335 1015 significat
1365 954 1624 1013 separata,
1672 953 1728 998 ut
1772 945 1825 999 in
1873 961 1931 1000 eo
1984 945 2122 1016 quod

542 1044 639 1101 est,
672 1036 948 1105 equiferus,
977 1040 1140 1106 ferus.

642 1128 942 1197 Simplicia,
979 1128 1181 1197 inquit,
1228 1128 1459 1183 nominis
1483 1139 1682 1197 partes,
1733 1127 1984 1198 quoniam
2018 1142 2124 1184 non

542 1229 793 1291 constant
819 1236 885 1275 ex
912 1221 1032 1276 aliis
1078 1221 1339 1289 partibus,
1389 1238 1457 1277 ne
1496 1222 1873 1292 imaginatione
1903 1222 2122 1289 quidem

541 1312 947 1381 signiﬁcationis
973 1314 1169 1381 aliqutd
1194 1313 1447 1383 produnt,
1480 1323 1540 1369 ut
1560 1314 1612 1369 in
1643 1329 1708 1368 eo
1731 1316 1949 1370 nomine
1978 1314 2122 1383 quod

542 1413 632 1461 est
680 1406 857 1469 homo,
912 1420 1087 1475 neque
1119 1407 1206 1470 Ito,
1234 1420 1409 1474 neque
1455 1422 1560 1471 mo,
1592 1406 1878 1476 quidquam
1926 1405 2128 1475 signiﬁ-

541 1502 688 1561 cant,
722 1510 895 1565 neque
938 1494 1239 1565 signiﬁcare
1293 1505 1572 1565 putantur,
1622 1494 1825 1551 idcirco
1864 1496 2119 1566 quoniam

541 1586 771 1656 simplex
795 1601 989 1641 nomen
1021 1597 1121 1642 est.
1154 1587 1209 1641 In
1243 1588 1324 1641 bis
1352 1603 1480 1643 vero
1502 1604 1620 1659 qua:
1649 1590 1945 1657 composita
1977 1598 2124 1655 sunt,

540 1678 793 1748 quoniam
821 1692 886 1733 ex
939 1677 1149 1733 duobus
1190 1678 1563 1747 signiﬁcativis
1604 1681 1657 1736 in
1699 1694 1859 1734 unam
1920 1679 2128 1750 signiﬁ-

2231 487 2503 542 interdum
2554 488 2841 558 signiﬁcat.
2875 489 3130 545 Ferarum
3173 506 3386 561 quoque
3429 502 3812 566 mulorumque

2227 580 2537 636 animalium
2556 596 2717 636 voces
2742 582 3007 636 interdum
3029 583 3203 654 aliqua
3234 585 3625 654 signiﬁcatione
3673 603 3815 656 pra:-

2228 671 2364 726 ditas
2410 688 2529 727 esse
2578 674 2952 742 perSpiciinus.
2988 676 3242 743 Qtnedam
3274 679 3417 731 enim
3463 694 3571 732 vox
3621 694 3816 737 canum
3854 690 3863 693 '

2230 764 2362 817 iram
2390 764 2681 835 signiﬁcat,
2710 766 2951 821 hinnitus
2972 783 3185 838 quoque
3215 784 3471 835 equorum
3494 784 3638 840 smpe
3670 771 3814 827 alte-

2229 861 2341 915 rius
2362 861 2482 930 equi
2514 863 2956 917 consuetudinem
2976 866 3187 930 qumrit.
3211 863 3316 920 Sed
3343 865 3456 919 hate
3485 865 3810 919 naturaliter

2228 950 2553 1019 signiﬁcant,
2574 961 2729 1022 atque
2747 953 2868 1009 ideo
2896 955 3110 1008 numina
3134 964 3277 1018 sunt;
3292 955 3434 1025 quod
3463 956 3624 1023 igitur
3655 967 3813 1011 natu-

2228 1042 2708 1113 ralitersigniﬁcat,
2726 1059 2917 1100 nomen
2941 1060 3045 1100 noti
3074 1055 3173 1100 est.
3196 1048 3368 1116 Atque
3391 1048 3506 1101 hinc
3533 1046 3819 1103 hactenus.

2227 1131 2379 1187 Nunc
2426 1134 2872 1202 quemadmodum
2920 1136 3056 1190 facta
3120 1136 3193 1191 sit
3238 1136 3479 1191 deﬁnitio
3516 1137 3817 1192 videamus.

2228 1224 2381 1291 Quod
2408 1225 2541 1280 dixit
2568 1241 2761 1281 nomen
2789 1241 2910 1281 esse
2936 1241 3120 1282 vocem
3149 1270 3165 1296 ,
3198 1232 3359 1282 traxit
3401 1244 3431 1283 a
3474 1244 3677 1299 genere
3718 1227 3819 1283 de-

2228 1313 2551 1370 ﬁnitionem.
2598 1315 2750 1381 Quod
2795 1316 3204 1386 signiﬁcativam
3246 1332 3369 1372 esse
3420 1310 3820 1386 consequenter

2228 1407 2503 1476 apposuit,
2540 1422 2738 1462 nomen
2767 1408 2834 1462 ab
2861 1422 2967 1463 non
2998 1408 3428 1476 signiﬁcantibus
3469 1410 3696 1465 vocibus
3723 1425 3818 1466 se—

2230 1500 2455 1569 paravit.
2486 1500 2638 1566 Quod
2678 1501 2972 1556 secundum
3024 1501 3303 1570 placitum,
3331 1517 3360 1555 a
3401 1502 3719 1557 naturaliter
3741 1502 3817 1557 si-

2229 1589 2604 1661 gniﬁcantibus
2627 1592 2844 1647 vocibus
2875 1604 3060 1646 natura
3088 1592 3510 1671 noministdivisa
3530 1604 3634 1650 est.
3663 1593 3818 1660 Quod

2228 1683 2345 1736 sine
2378 1691 2637 1752 tempore,
2668 1682 2736 1737 ad
2780 1683 3064 1738 verborum
3104 1683 3518 1753 discrepantiam
3569 1683 3815 1754 respicit.

540 1772 773 1826 cantiam
806 1771 1138 1843 rediguntur,
1167 1773 1279 1827 vult
1312 1772 1527 1842 quidem
1582 1773 1887 1844 signiﬁcare
1919 1773 2121 1844 aliquid
2154 1786 2204 1847 Β
2230 1773 2381 1840 Quod
2409 1773 2526 1843 ejus
2574 1774 2770 1829 nullam
2818 1784 3023 1845 partem
3075 1785 3228 1831 extra
3269 1775 3575 1845 signiﬁcare
3618 1790 3819 1847 propo-

541 1875 692 1932 pars,
722 1861 816 1918 sed
847 1862 978 1917 nihil
1008 1873 1251 1933 separata
1281 1864 1546 1934 designat.
1580 1865 1635 1919 In
1677 1880 1745 1921 eo
1785 1866 1924 1920 enim
1976 1864 2120 1936 quod

541 1962 628 2009 est
677 1954 973 2025 equiferus,
1022 1954 1113 2011 dat
1158 1956 1373 2027 quidem
1420 1955 1858 2024 imaginationem
1889 1957 2123 2027 aliquam

538 2044 966 2119 signiﬁcationis,
1017 2056 1070 2102 et
1110 2055 1326 2117 putatur
1366 2046 1667 2116 signiﬁcare
1707 2047 1874 2105 ferus.
1905 2048 2018 2103 lloc
2044 2057 2128 2105 est

536 2134 682 2189 enim
709 2135 851 2205 quod
881 2136 1047 2191 dicit:
1077 2137 1193 2190 vult
1225 2135 1469 2206 quidem,
1499 2136 1595 2191 sed
1622 2136 1756 2191 nihil
1788 2145 1937 2192 extra
1970 2152 2125 2206 sepa-

535 2236 821 2298 ratumque
862 2227 1149 2298 signiﬁcat.
1179 2228 1235 2284 Si
1258 2228 1401 2283 enim
1422 2228 1523 2283 hoc
1544 2228 1719 2299 ipsum
1752 2228 1896 2284 ferus
1922 2237 1979 2283 ut
2004 2244 2127 2298 pars

536 2319 770 2374 nominis
791 2318 1023 2385 dicatur,
1052 2318 1334 2375 dimidium
1378 2334 1575 2377 nomen
1602 2319 1799 2375 dicitur
1825 2319 1943 2389 ejus
1970 2320 2115 2391 quod

537 2421 623 2467 est
667 2411 962 2482 equiferus,
1017 2411 1297 2467 dimidium
1345 2420 1524 2469 autem
1572 2428 1767 2469 nomen
1809 2413 1936 2471 nihil
1984 2414 2130 2470 desi-

537 2510 685 2571 gnat.
716 2502 855 2572 Ergo
890 2502 941 2557 id
970 2503 1114 2574 quod
1160 2503 1389 2560 dicimus
1437 2506 1608 2573 ferus,
1651 2521 1775 2561 cum
1824 2506 1929 2562 alia
1975 2517 2128 2577 parte

538 2595 774 2651 nominis
818 2610 940 2667 qua:
988 2607 1071 2652 est
1108 2594 1233 2667 equi
1291 2613 1456 2653 unum
1497 2599 1891 2669 consigniﬁeat,
1942 2599 1997 2654 id
2045 2610 2127 2656 est

524 2686 847 2757 equiferus,
898 2696 1204 2757 separatum
1255 2689 1421 2745 etiam
1460 2688 1597 2746 nihil
1650 2700 1804 2746 extra
1856 2689 2124 2761 designat.

538 2774 690 2844 Quod
720 2776 767 2832 si
797 2791 983 2833 rursus
1004 2780 1180 2848 ipsum
1208 2794 1406 2836 nomen
1427 2781 1789 2851 extrinsecus,
1822 2796 1929 2838 non
1964 2782 2017 2836 in
2046 2780 2129 2837 al-

537 2870 709 2927 terius
753 2871 987 2927 nominis
1007 2881 1160 2943 parte
1191 2883 1440 2943 ponatur,
1492 2889 1585 2945 per
1618 2889 1679 2930 se
1712 2873 1815 2928 sibi
1865 2872 2130 2944 signiﬁcat

537 2964 685 3018 velut
713 2978 930 3022 nomen.
987 2963 1126 3034 Ergo
1156 2978 1263 3020 non
1311 2972 1398 3022 est
1441 2965 1635 3020 similis
1687 2966 1742 3020 in
1789 2964 2128 3035 simplicibus

539 3054 849 3109 nominibus
906 3054 1328 3125 compositisque
1397 3054 1627 3119 partium
1677 3054 2125 3125 consigniﬁcatio.

524 3144 657 3201 Sed
701 3146 1029 3216 simplicium
1074 3147 1291 3217 quidem
1322 3148 1600 3204 nominum
1646 3158 1824 3220 partes
1864 3164 1963 3205 nec
1992 3150 2127 3219 ipsa:

539 3202 872 3304 signiﬁcant,
902 3250 1004 3291 nec
1030 3202 1336 3305 signiﬁcare
1375 3202 1667 3309 putantur:
1690 3202 2200 3310 Compositoiium‘C

539 3338 672 3382 vero
706 3328 895 3383 volunt
938 3328 1156 3400 quidem
1204 3338 1384 3400 partes
1431 3331 1635 3403 aliquid
1691 3331 2024 3404 signiﬁcare,
2073 3344 2129 3391 et

539 3418 671 3474 dant
716 3420 1124 3488 signiﬁcationis
1176 3420 1654 3493 imaginationem,
1711 3435 1767 3481 et
1819 3426 2128 3496 signiﬁcare

540 3512 736 3585 aliquid
764 3524 1040 3586 putantur,
1089 3515 1406 3576 sednullius
1451 3520 1744 3592 separatim
1790 3521 2025 3581 retinent
2052 3523 2129 3580 si-

540 3612 960 3682 gniﬁcationem.

610 3701 908 3760 Secundum
936 3706 1184 3777 placitum
1228 3725 1366 3765 vero.
1397 3709 1652 3775 Quoniam
1678 3710 2001 3769 naturaliter
2024 3729 2121 3769 no-

540 3808 654 3849 men
683 3795 885 3848 nullum
910 3804 1006 3861 est,
1028 3800 1118 3852 sed
1143 3799 1352 3868 quando
1381 3800 1441 3869 ﬁt
1469 3811 1613 3856 nota.

610 3883 760 3938 Tunc
787 3886 931 3940 enim
958 3886 1227 3956 signiﬁcat
1266 3903 1463 3943 nomen
1513 3891 1805 3946 secundum
1846 3893 2124 3963 placitum,

548 3975 763 4044 quando
784 3974 842 4028 ﬁt
873 3982 997 4028 nota
1037 3976 1267 4045 alicujus
1316 3979 1416 4045 rei,
1448 3978 1501 4033 id
1542 3985 1625 4034 est
1665 3982 1881 4050 quando
1926 3984 2130 4056 signiﬁ-

542 4076 631 4123 cat
655 4067 886 4138 aliquam
911 4083 1045 4135 rem,
1090 4076 1150 4123 ut
1198 4069 1536 4139 scindapsus.
1562 4071 1808 4140 Quandiu
1833 4075 1974 4131 enim
2004 4077 2131 4133 huic

541 4159 657 4213 νοεῖ
681 4158 809 4212 nihil
840 4157 1139 4228 subjectum
1164 4169 1269 4229 εει,
1300 4161 1614 4230 scindapsus
1646 4181 1840 4223 nomen
1885 4184 1992 4224 non
2022 4175 2125 4225 est.

541 4249 674 4306 Nam
716 4251 945 4307 nominis
983 4261 1066 4308 est
1106 4252 1409 4322 signiﬁcare
1460 4256 1783 4327 subjectum,
1809 4261 2127 4329 scindapsus

542 4350 718 4396 autem
750 4343 1052 4411 subjectum
1088 4359 1193 4398 non
1239 4344 1524 4414 signiﬁcat.
1558 4346 1674 4402 Non
1726 4353 1883 4420 igitur
1934 4368 2127 4409 nomen

541 4445 644 4490 est.
678 4436 753 4489 Ac
798 4451 985 4492 rursus
1012 4447 1092 4493 est
1123 4437 1279 4507 hujus
1310 4442 1647 4494 constituere
1673 4441 2000 4510 subjectum,
2032 4461 2130 4499 no-

541 4525 701 4582 minis
748 4536 928 4581 autem
978 4526 1283 4597 signiﬁcare
1322 4528 1624 4599 subjectum
1660 4540 1760 4584 εει.
1820 4532 1935 4587 Non
1982 4535 2123 4589 enim

541 4630 735 4672 nomen
784 4619 981 4688 aliquid
1013 4620 1302 4686 diceretur,
1356 4620 1461 4676 nisi
1493 4637 1523 4675 a
1575 4621 1803 4691 subjecti
1854 4625 2127 4693 signiﬁca-

543 4709 687 4765 tione
726 4710 827 4765 hoc
865 4710 1125 4779 traheret,
1186 4714 1452 4783 praecipue
1495 4729 1616 4769 cum
1673 4730 1865 4771 nomen
1919 4717 2127 4774 dicatur

543 4801 695 4869 quasi
742 4813 1012 4859 uotamen.
1056 4805 1239 4874 Itaque
1286 4820 1406 4860 cum
1458 4807 1775 4877 scindapsus
1823 4808 2125 4878 subjectum

541 4890 803 4961 signiﬁcat
848 4909 1041 4950 nomen
1079 4907 1181 4951 εει.
1212 4896 1437 4951 Constat
1466 4898 1625 4966 igitur
1656 4915 1850 4953 nomen
1881 4916 2001 4957 esse
2041 4918 2129 4957 se-

542 4984 776 5039 cundum
825 4986 1102 5055 placitum,
1145 4988 1239 5043 sed
1285 4998 1411 5043 tunc
1446 4991 1661 5059 quando
1694 4991 1751 5046 ﬁt
1777 5001 1926 5058 nota,
1960 4993 2014 5047 id
2042 5001 2128 5050 est

543 5075 755 5144 quando
782 5075 995 5146 aliquod
1024 5078 1321 5147 subjectum
1348 5079 1636 5149 signiﬁcat.

618 5165 760 5221 Nam
781 5168 1046 5238 designant
1073 5179 1121 5223 et
1150 5169 1401 5224 illitterati
1428 5171 1563 5237 sont,
1624 5178 1678 5225 ut
1708 5172 1961 5243 ferarum,
1990 5190 2125 5246 quo-

540 5271 658 5313 rum
700 5260 873 5314 nullus
899 5268 973 5313 est
1005 5275 1207 5315 nomen.

615 5348 832 5406 Dixerat
876 5353 1120 5419 superius
1149 5352 1201 5406 in
1245 5351 1589 5419 difﬁnitione,
1645 5370 1840 5413 nomen
1868 5372 1995 5413 esse
2040 5372 2128 5414 se-

543 5441 776 5496 eundum
810 5442 1082 5512 placitum,
1137 5457 1241 5497 non
1276 5456 1485 5500 natura.
1518 5445 1629 5500 lloc
1661 5458 1837 5503 autem
1866 5465 2011 5505 nunc
2045 5450 2130 5505 di-

545 5530 798 5602 ligentius
830 5543 1091 5590 monStrat
1121 5534 1304 5591 dicens
1345 5536 1474 5590 nihil
1500 5552 1619 5593 esse
1651 5542 1926 5595 nominum
1971 5551 2130 5597 natu-

544 5625 748 5678 raliter.
803 5628 975 5696 Atque
1020 5625 1142 5682 ideo
1179 5640 1286 5681 non
1327 5628 1400 5682 illi
1430 5630 1624 5684 sufficit
1650 5632 1717 5685 ad
1749 5632 2129 5689 difﬁnitionem

545 5714 689 5781 quod
713 5725 795 5771 est
822 5716 1169 5787 signiﬁcativa
1199 5717 1322 5785 vo'x,
1351 5720 1451 5775 nisi
1493 5722 1622 5776 illud
1663 5738 1878 5794 quoque
1898 5724 2127 5781 adderet

548 5804 692 5872 quod
713 5808 1004 5875 secundum
1026 5810 1281 5880 placitum
1309 5826 1413 5869 vox
1438 5811 1788 5881 signiﬁcativa
1827 5824 1928 5875 est.
1972 5816 2126 5874 Alio-

2153 4583 2209 4644 D

2232 1867 2392 1921 situm
2422 1877 2528 1931 est,
2559 1868 2757 1922 idcirco
2785 1867 2984 1923 dictum
3028 1878 3111 1924 est
3162 1879 3220 1922 ut
3249 1882 3443 1923 nomen
3493 1868 3562 1923 ab
3604 1870 3813 1924 oratio-

2232 1958 2393 2013 nibus
2449 1960 2649 2014 distarc
2691 1958 2981 2015 videretur.
3031 1960 3302 2015 Hactenus
3328 1959 3547 2030 quidem
3592 1959 3663 2015 de
3707 1968 3821 2017 toto

2230 2049 2462 2105 nominis
2501 2049 2819 2105 deﬁnitione
2868 2058 3155 2105 tractatum
3204 2059 3307 2115 est,
3341 2059 3395 2107 et
3438 2050 3633 2121 quibus
3662 2050 3823 2109 dide-

2231 2142 2418 2198 rentiis
2453 2142 2521 2197 ab
2542 2142 2663 2196 aliis
2693 2141 2915 2201 vocibus
2966 2141 3167 2219 distare
3201 2141 3371 2212 possit
3411 2156 3605 2198 nomen
3635 2141 3821 2211 expli-

2231 2235 2395 2289 citum
2423 2243 2526 2289 est.
2550 2232 2702 2288 Nunc
2731 2242 2911 2288 autem
2940 2247 3059 2304 qua:
3080 2232 3331 2288 videntur
3361 2232 3415 2288 in
3443 2232 3821 2290 deﬁnitionem

2231 2326 2462 2380 nominis
2518 2325 2829 2393 incurrere,
2883 2341 2953 2381 an
3012 2326 3229 2381 nomina
3287 2325 3436 2394 sint,
3507 2325 3819 2398 diligentius

2229 2419 2446 2490 quaerit.

2302 2509 2426 2566 Non
2455 2512 2605 2566 homo
2634 2528 2750 2567 vero
2782 2528 2884 2567 non
2906 2520 2978 2566 est
3003 2527 3207 2567 nomen.
3241 2513 3307 2566 At
3331 2527 3446 2566 vero
3470 2527 3561 2565 nec
3585 2512 3815 2581 positum

2228 2612 2303 2659 est
2348 2622 2535 2659 nomen
2571 2622 2673 2677 quo
2719 2604 2853 2659 illud
2908 2615 3138 2677 Oporteat
3178 2603 3463 2677 appellare.
3499 2602 3640 2658 Nam
3664 2620 3822 2673 neque

2231 2688 2417 2756 oratio.
2463 2712 2623 2765 neque
2672 2696 2874 2768 negatio
2921 2705 3016 2761 est,
3067 2696 3157 2750 sed
3198 2697 3265 2751 sit
3304 2712 3488 2750 nomen
3536 2694 3821 2761 inﬁnitum,

2229 2788 2467 2861 quoniam
2494 2789 2727 2844 similiter
2753 2789 2806 2843 in
2831 2786 3053 2861 quolibet
3074 2796 3170 2856 est,
3216 2798 3261 2842 et
3291 2786 3427 2858 quod
3456 2797 3553 2855 est,
3585 2797 3632 2841 et
3677 2786 3819 2857 quod

2231 2898 2333 2936 non
2361 2890 2432 2937 εει
2441 2917 2457 2934 ο

2309 2971 2461 3028 Nunc
2495 2971 2711 3028 disserit
2736 2972 2917 3044 qualia
2965 2985 3090 3029 esse
3131 2970 3385 3027 arbitrari
3430 2977 3667 3040 oportet,
3708 2981 3825 3038 qua

2230 3078 2350 3120 cum
2378 3064 2479 3119 sub
2499 3063 2815 3121 deﬁnitione
2841 3064 3079 3120 nominis
3109 3063 3331 3135 quidem
3360 3062 3577 3129 cadant,
3620 3062 3826 3131 integra

2232 3164 2410 3210 tamen
2442 3156 2660 3210 nomina
2692 3170 2797 3211 non
2826 3170 2951 3211 esse
2989 3154 3303 3211 videantur.
3335 3153 3489 3211 Unde
3531 3153 3594 3208 ﬁt
3634 3161 3695 3207 ut
3738 3150 3829 3208 his

2233 3246 2642 3319 diligentissime
2665 3248 2987 3316 distributis,
3019 3248 3372 3320 integerrima
3404 3247 3643 3303 nominis
3689 3245 3828 3303 deﬁ-

2233 3342 2365 3398 nitio
2421 3342 2795 3398 concludatur.
2850 3340 2962 3398 Hoc
3016 3343 3161 3399 enim
3224 3342 3367 3413 quod
3431 3343 3660 3398 dicimus
3718 3353 3828 3398 non

2233 3435 2396 3490 homo
2424 3434 2553 3505 quid
2584 3434 2676 3499 sit,
2708 3434 3020 3505 ambigitur.
3049 3434 3238 3490 Oratio
3260 3430 3403 3491 enim
3432 3449 3539 3490 non
3568 3441 3675 3490 est.
3702 3431 3829 3487 Om~

2233 3523 2318 3581 nis
2368 3526 2511 3580 enim
2557 3525 2729 3581 oratio
2764 3525 2946 3581 verbis
2996 3525 3409 3599 nominibusque
3455 3525 3821 3595 conjungitur.

2232 3614 2347 3670 Hoc
2372 3626 2549 3673 autem
2582 3617 2725 3688 quod
2750 3618 2977 3673 dicimus
3008 3632 3115 3672 non
3150 3618 3331 3683 homo,
3365 3617 3574 3672 duabus
3607 3615 3830 3685 quidem

2231 3707 2474 3778 partibus
2518 3716 2749 3776 constat,
2806 3708 2900 3762 sed
2951 3723 3114 3763 unum
3166 3708 3222 3762 in
3271 3723 3331 3763 se
3373 3708 3568 3764 retinet
3602 3720 3824 3773 nomen,

2229 3800 2455 3853 verbum
2480 3814 2608 3854 vero
2653 3814 2757 3853 non
2805 3798 2983 3855 habet.
3036 3798 3288 3866 Negativa
3340 3800 3481 3854 enim
3533 3796 3827 3867 particula,

2239 3904 2363 3961 quae
2383 3898 2466 3944 est
2498 3906 2625 3956 non,
2661 3906 2835 3961 neque
2866 3906 3059 3947 nomen
3087 3900 3172 3946 est
3198 3905 3370 3961 neque
3392 3890 3639 3947 verbum.
3688 3890 3831 3944 Rur-

2234 3995 2328 4035 sus
2361 3981 2572 4051 negatio
2604 3996 2707 4036 non
2736 3991 2838 4038 est.
2870 3982 3057 4038 Omnis
3087 3982 3227 4037 enim
3255 3984 3469 4053 negatio
3498 3996 3686 4036 verum
3732 3980 3833 4035 fal-

2233 4086 2422 4126 suinve
2465 4071 2749 4141 signiﬁcat.
2817 4072 2932 4129 Non
2984 4074 3146 4128 homo
3192 4089 3323 4128 vero
3368 4074 3512 4143 quod
3574 4072 3830 4137 dicimus,

2176 4211 2182 4218 .
2236 4177 2411 4234 neque
2452 4179 2637 4219 verum
2666 4175 2749 4220 est
2792 4180 2966 4235 neque
2993 4167 3202 4220 falsum.
3238 4164 3352 4219 Nisi
3381 4167 3523 4219 enim
3551 4164 3638 4234 (ut
3665 4174 3830 4231 supra

2234 4260 2331 4328 ait)
2371 4257 2571 4329 aliquid
2597 4257 2737 4327 quod
2768 4258 2837 4312 sit
2868 4258 3170 4326 proximum
3198 4255 3263 4310 ad
3298 4255 3349 4310 id
3394 4253 3534 4324 quod
3581 4266 3667 4308 est
3705 4266 3831 4308 esse

2235 4350 2483 4417 addatur,
2536 4351 2677 4403 nulla
2719 4349 2962 4404 veritatis
2991 4359 3085 4403 aut
3117 4348 3362 4422 falsitatis
3406 4346 3543 4401 ratio
3593 4346 3647 4399 iu
3699 4359 3834 4416 qua-

2236 4443 2373 4498 libet
2420 4442 2677 4498 orationis
2710 4442 2938 4511 partium
2970 4440 3358 4511 compositione
3412 4437 3709 4508 perﬁcitur.
3763 4437 3835 4491 At

2237 4547 2368 4587 vero
2401 4549 2507 4588 non
2533 4532 2695 4588 homo
2723 4548 2917 4588 nomen
2953 4548 3059 4587 non
3101 4540 3206 4587 est.
3251 4533 3423 4586 Omne
3452 4530 3597 4585 enim
3634 4541 3836 4582 nomen

2240 4641 2399 4679 nnatn
2458 4641 2571 4680 rum
2625 4625 2889 4695 signiﬁcat
2956 4620 3253 4690 deﬁnitam,
3305 4608 3369 4677 ut
3424 4637 3545 4677 cum
3599 4620 3836 4675 dicimus

2239 4718 2425 4781 homo,
2458 4716 2805 4771 substantiam
2836 4717 3101 4786 signiﬁcat
3141 4730 3241 4771 nec
3267 4714 3581 4785 quamlibet,
3624 4710 3720 4766 sed
3748 4723 3836 4765 ra-

2241 4811 2496 4864 tionalem
2548 4818 2708 4878 atque
2744 4809 3048 4866 mortalem.
3097 4808 3298 4863 Eodem
3346 4806 3503 4861 modo
3551 4812 3605 4858 et
3634 4813 3835 4858 cieters

2239 4901 2479 4955 nomina.
2511 4901 2609 4966 Qui
2639 4916 2766 4956 vero
2792 4901 2917 4955 dicit
2947 4916 3053 4955 non
3084 4900 3267 4964 homo,
3303 4898 3578 4953 hominem
3609 4896 3831 4966 quidem

2244 4992 2403 5045 tollit.
2434 4990 2572 5056 Quid
2602 5005 2783 5045 autem
2816 4991 2907 5045 illa
2939 4989 3333 5059 signiﬁcatione
3362 4989 3492 5044 velit
3519 4989 3834 5050 ostendere.

2241 5080 2583 5151 nondt-ﬁnit,
2650 5091 2826 5150 potest
2878 5082 3020 5135 enim
3072 5080 3214 5151 quod
3264 5082 3426 5136 homo
3484 5095 3592 5135 non
3645 5085 3836 5143 est,et

2238 5187 2412 5242 equus
2441 5185 2584 5240 esse,
2613 5180 2667 5226 et
2687 5172 2855 5237 canis,
2900 5180 2957 5225 et
2985 5170 3136 5241 lapis,
3171 5180 3225 5226 et
3252 5179 3441 5225 caetera
3495 5180 3838 5240 qutecunque

2242 5263 2405 5317 homo
2452 5278 2557 5319 non
2602 5263 2816 5318 fuerint.
2863 5262 3042 5329 Quare
3083 5262 3330 5332 quoniam
3363 5260 3415 5316 id
3442 5260 3587 5331 quod
3611 5259 3839 5315 deﬁnite

2243 5354 2549 5424 signiﬁcare
2577 5366 2790 5424 potest,
2831 5355 3004 5409 aufert
3046 5354 3098 5408 in
3145 5368 3210 5408 eo
3252 5352 3496 5423 negativa
3546 5351 3839 5422 particula,

2246 5445 2374 5515 quid
2408 5461 2535 5500 vero
2560 5444 2864 5516 signiﬁcare
2892 5444 3109 5509 debeat,
3140 5443 3361 5498 deﬁnite
3404 5458 3510 5497 non
3558 5443 3708 5505 dicit,
3742 5437 3839 5495 sed

2246 5536 2416 5592 multa
2460 5547 2622 5608 atque
2664 5538 2871 5592 inﬁnita
2902 5536 3270 5607 unusquisque
3299 5535 3513 5590 auditor
3560 5532 3837 5601 intelligit.

2248 5630 2486 5695 Dicatur,
2530 5632 2721 5700 inquit,
2775 5646 2969 5686 nomen
3023 5630 3313 5683 inﬁnitum.
3361 5628 3474 5683 ΙΙοε
3511 5628 3658 5681 enim
3688 5624 3837 5696 quod

2246 5722 2475 5777 dicimus
2502 5736 2609 5777 non
2641 5723 2820 5788 homo,
2846 5730 2955 5776 tam
2989 5722 3153 5779 multa
3176 5720 3441 5790 signiﬁcat
3468 5732 3635 5789 quam
3664 5715 3839 5771 multa

2246 5823 2378 5873 sunt
2422 5829 2543 5885 quae
2586 5829 2617 5870 a
2659 5813 2971 5872 deﬁnitione
3017 5812 3251 5877 hominis
3286 5806 3841 5883 disjunguutur.‘Set|
