4022 6332
1405 274 1506 291 ιμ’-’τ

201 388 302 443 305

987 382 1053 478 IN
1089 381 1346 442 LIBRUM
1385 384 1476 442 DE
1515 383 2162 446 INTERPRETATIONE
2204 391 2437 450 EDITlO
2475 391 2708 450 PRIMA.

3376 396 3480 452 500

142 515 150 560 ἑ
200 504 304 559 hoc
352 501 677 580 Aristoteles
726 499 1066 565 vocabulum,
1107 515 1226 555 cum
1283 501 1546 558 inﬁnitum
1591 519 1788 562 nomen
1815 516 1867 578 Α
1897 511 2327 567 enuntiationem
2359 511 2504 577 facit,
2539 524 2629 569 aut
2666 511 2987 584 negativam,
3019 519 3077 568 ut
3103 512 3351 570 Socrates
3375 523 3478 582 est,

201 610 436 664 vocaret,
470 599 674 668 primus
704 598 932 652 invenit.
958 596 1112 667 Apud
1143 597 1479 667 antiquiores
1507 601 1648 655 enim
1683 603 1784 657 ista

196 692 412 762 quidem
453 699 569 744 erat
597 689 883 755 dubitatio,
913 689 1006 743 sed
1040 688 1163 743 huic
1192 689 1511 746 differentiae
1556 709 1657 762 qua
1686 693 1788 747 dif—

197 784 299 841 fert
321 797 514 836 nomen
528 781 806 836 deﬁnitum
836 781 1216 850 abltujusmodi
1242 783 1457 839 nomine
1479 786 1624 854 quod
1662 801 1786 841 cum

198 873 488 943 negatione
543 873 876 942 proponitur,
924 873 1243 942 impressum
1295 876 1617 930 vocabulum
1677 893 1784 933 non

198 976 336 1029 erat,
368 967 511 1037 quod
562 967 676 1036 ipse
707 973 931 1020 testatur
978 966 1204 1022 dicens:
1253 969 1324 1022 At
1367 984 1494 1023 vero
1542 985 1642 1025 nec
1693 986 1789 1040 pn-

199 1060 359 1114 situm
434 1068 518 1114 est
569 1073 762 1113 nomen
833 1072 938 1127 quo
989 1059 1115 1112 illud
1182 1070 1429 1129 oporteat
1505 1063 1783 1130 appellari.

198 1152 382 1208 Nullus
407 1152 554 1206 enim
579 1151 756 1220 posuit
784 1149 1100 1205 vocabulum
1122 1167 1228 1222 quo
1254 1162 1499 1222 oporteat
1523 1156 1785 1224 appellari

199 1243 251 1300 Id
280 1242 424 1312 quod
453 1242 705 1307 dicimus,
740 1257 844 1296 non
879 1242 1071 1306 homo;
1105 1243 1199 1297 sed
1228 1243 1544 1300 Aristoteles
1574 1249 1786 1316 perspi-

199 1335 392 1389 caciter
423 1334 691 1388 inﬁnitum
725 1349 919 1389 nomen
952 1333 1270 1403 bujusmodi
1305 1336 1783 1405 prmdicamentum

198 1425 405 1482 censuit
432 1425 720 1495 appellari.

261 1525 477 1582 Catonis
507 1537 678 1580 autem
704 1526 781 1580 vel
806 1525 1008 1591 Catoni,
1049 1536 1098 1581 et
1136 1543 1451 1600 quecunque
1496 1533 1623 1586 talia
1645 1543 1787 1601 sunt,

198 1635 302 1673 non
335 1629 456 1672 sunt
485 1619 718 1682 nomina,
773 1619 861 1672 sed
906 1634 1053 1672 casus
1081 1621 1325 1677 nominis.

265 1721 473 1784 Omnis,
509 1719 700 1789 inquit,
735 1733 892 1773 casus
919 1721 1142 1776 alterius
1171 1737 1327 1776 casus
1354 1731 1456 1778 est.
1504 1725 1686 1795 Itaque
1727 1729 1787 1782 fit

192 1822 256 1867 ut
300 1813 599 1882 quicunque
642 1826 801 1866 casus
849 1814 919 1866 sit
967 1814 1189 1868 alterius
1254 1817 1468 1872 inflexio
1516 1819 1779 1876 videatur.

1897 605 1979 658 vel
2006 608 2263 659 Socrates
2315 619 2420 660 non
2457 615 2559 661 est.
2591 607 2686 664 llic
2717 610 2857 664 enim
2886 608 3134 677 quoniam
3164 609 3359 663 veritas
3391 618 3483 662 aut

1894 699 2100 754 falsitas
2154 701 2361 765 incidit,
2406 703 2823 758 enuntiationem
2870 718 2988 759 esse
3024 719 3245 759 necesse
3274 714 3393 770 est;
3424 705 3482 760 in

1893 791 2106 845 casibus
2148 807 2277 846 vero
2305 795 2547 862 quamvis
2577 795 2741 849 addas
2769 805 2876 860 est,
2928 805 3018 850 aut
3051 812 3158 851 non
3198 805 3300 860 est,
3336 797 3481 852 nulla

1894 884 2022 938 inde
2067 884 2356 940 afﬁrmatio
2379 902 2552 956 neque
2586 889 2797 957 negatio
2824 889 2901 943 fit.
2926 889 3106 959 Neque
3135 889 3275 943 enim
3302 889 3352 943 in
3383 890 3481 942 hos

1895 977 2003 1031 ulla
2035 980 2237 1035 veritas
2286 989 2378 1034 aut
2426 981 2631 1035 falsitas
2680 980 2844 1036 cadit.
2876 981 2930 1037 Si
2969 983 3086 1052 quis
3127 982 3271 1036 enim
3314 981 3478 1047 dicat,

1895 1071 2139 1129 Socratis
2167 1084 2268 1138 est,
2325 1075 2564 1130 Socratis
2597 1091 2702 1129 non
2752 1085 2856 1140 est,
2891 1077 2972 1130 vel
3001 1076 3214 1130 Catonis
3244 1085 3347 1144 est,
3379 1074 3479 1128 Ca-

1897 1166 2036 1222 tonis
2066 1183 2170 1220 non
2197 1177 2298 1230 est,
2319 1168 2452 1237 quid
2477 1169 2546 1222 sit
2564 1169 2643 1222 vel
2671 1185 2775 1221 non
2803 1171 2871 1223 sit
2902 1185 3003 1222 non
3031 1185 3324 1239 apponens.
3352 1184 3473 1222 cum

1895 1255 2120 1324 simplici
2149 1272 2294 1320 casu,
2329 1267 2431 1323 est,
2457 1271 2547 1311 aut
2578 1275 2682 1314 non
2709 1270 2814 1328 est,
2835 1260 3085 1328 jungens,
3113 1260 3476 1327 imperfectam

1894 1349 2057 1404 faciet
2089 1351 2382 1404 orationem
2417 1366 2446 1405 a
2479 1352 2711 1407 falsitate
2755 1368 2817 1407 ac
2859 1353 3083 1407 writate
3136 1352 3473 1420 disjnnctam.

1896 1439 2072 1506 Quare
2097 1442 2237 1494 nulla
2263 1444 2555 1496 enuntiatio
2575 1455 2676 1498 est.
2697 1444 2837 1514 Ergo
2856 1445 3031 1499 differt
3057 1459 3251 1499 nomen
3275 1462 3302 1497 a
3327 1460 3473 1509 casu,

1896 1533 2040 1601 quod
2071 1548 2266 1587 nomen
2297 1535 2512 1602 quidem
2543 1550 2662 1590 cum
2693 1546 2796 1599 est,
2829 1547 2920 1592 aut
2968 1553 3072 1592 non
3097 1547 3179 1591 est
3203 1537 3467 1605 junctum,

1896 1626 1982 1679 vel
2007 1641 2190 1680 verum
2224 1628 2306 1681 vel
2335 1628 2523 1683 falsum
2556 1629 2700 1684 facit.
2737 1629 2904 1686 Casus
2933 1647 3061 1686 vero
3093 1646 3265 1701 neque
3286 1647 3472 1686 verum

1897 1715 2028 1770 dicit
2056 1733 2228 1787 neque
2253 1721 2528 1774 mentitur.
2551 1721 2760 1775 l'ltenim
2794 1723 3057 1776 nulloalio
3077 1723 3258 1778 addito
3282 1733 3469 1778 trunca

1897 1818 1978 1862 est
2010 1818 2167 1878 atque
2198 1811 2506 1876 imperfecta
2551 1815 2848 1875 sententia;
2884 1819 2974 1868 sed
3006 1829 3255 1883 quorsum
3292 1815 3476 1870 is'uc?

193 1905 330 1976 Ergo
358 1908 499 1975 quod
532 1907 760 1960 dicimus
793 1907 950 1974 hujus
977 1906 1216 1972 Catonis,
1271 1909 1354 1964 vel
1393 1909 1516 1964 huic
1567 1911 1781 1981 Catoni,
1819 1898 1868 1958 B
1896 1900 2210 1956 ntdeﬁnitio
2241 1902 2445 1956 scilicet
2469 1904 2696 1957 nominis
2721 1904 3061 1974 integerrima
3091 1907 3474 1972 conipleretur.

193 1997 269 2051 νει
293 1996 399 2050 alia
416 1995 748 2064 hujusmodi,
767 2010 922 2051 casus
950 1999 1224 2052 nominum
1244 2009 1388 2054 sunt.
1413 1998 1560 2056 Unde
1578 2004 1636 2056 fit
1654 2015 1709 2058 ut
1729 2005 1782 2059 hi

193 2103 348 2145 casus
375 2090 697 2146 inflexiones
750 2105 963 2160 quoque
1010 2092 1276 2156 dicantur,
1334 2093 1425 2146 sed
1477 2096 1652 2150 omnis
1702 2097 1782 2150 in-

195 2183 350 2238 llexio
397 2183 627 2251 alicujus
670 2182 889 2237 inﬁexio
919 2192 1022 2237 est.
1057 2183 1210 2251 Quod
1242 2192 1419 2239 autem
1469 2185 1778 2258 inﬂectitur,

194 2277 258 2330 Ib
287 2291 355 2331 eo
385 2276 526 2343 quod
551 2277 675 2344 ipsa
707 2275 922 2330 inﬁexio
952 2275 1012 2329 ﬁt
1042 2277 1188 2344 prius
1217 2287 1320 2341 est,
1365 2292 1530 2344 quare
1574 2294 1694 2333 cum
1728 2279 1782 2333 id

194 2367 338 2436 quod
377 2366 609 2421 dicimus
645 2367 780 2421 Cato
810 2382 1004 2422 nomen
1029 2370 1117 2433 sit,
1149 2380 1202 2424 ct
1229 2371 1296 2424 sit
1336 2372 1587 2440 primum,
1619 2372 1786 2426 distat

192 2459 258 2513 Ib
299 2459 678 2530 inflexionibus
708 2459 842 2514 suis.
876 2459 1094 2514 lnflexio
1117 2471 1297 2516 autem
1341 2463 1648 2518 nominativi
1691 2479 1784 2533 ge-

188 2551 401 2605 nitivus
455 2560 559 2615 est,-
602 2560 654 2606 et
691 2552 895 2608 caeteri.
971 2552 1158 2606 Nullus
1207 2554 1348 2608 enim
1398 2555 1595 2610 dixerit
1639 2565 1788 2610 recte

188 2642 592 2697 nominativum
643 2657 819 2697 casum
851 2658 992 2699 esse.
1036 2643 1091 2700 Si
1121 2645 1262 2700 enim
1311 2644 1364 2700 id
1392 2647 1531 2715 quod
1560 2646 1788 2701 dicimus

190 2735 330 2791 Cato
386 2735 616 2804 alicujus
669 2751 823 2790 casus
864 2737 954 2801 sit,
1012 2737 1166 2808 cuius
1219 2753 1375 2793 casus
1420 2754 1540 2794 esse
1596 2739 1786 2808 possit,

194 2835 410 2896 oportet
429 2827 660 2890 ostendi,
695 2828 790 2881 sed
822 2837 944 2882 ante
975 2829 1025 2881 id
1055 2829 1196 2898 quod
1221 2829 1452 2892 dicimus
1481 2831 1636 2895 Cato,
1669 2830 1793 2884 nul‘

195 2919 278 2973 lus
304 2918 626 2985 prxdicatur
680 2932 882 2972 casus:
916 2918 1074 2988 igitur
1119 2921 1370 2988 qu0niam
1423 2919 1555 2973 Cato
1594 2934 1790 2973 nomen

195 3009 398 3065 nullius
427 3009 733 3064 inﬁexionis
763 3019 864 3087 est,
903 3025 1002 3065 nec
1030 3011 1251 3064 omnino
1273 3025 1433 3066 casus
1463 3021 1564 3064 est.
1594 3010 1794 3065 Caeteri

194 3112 382 3156 autem
413 3117 566 3156 casus
609 3103 701 3171 qui
728 3103 982 3157 dicuntur
1010 3104 1320 3157 nominativi
1363 3103 1653 3158 inﬂexione
1683 3104 1794 3159 for-

196 3202 432 3259 mantur,
480 3193 724 3261 Catonis,
776 3205 830 3249 et
875 3195 1086 3260 Catoni,
1119 3206 1168 3250 et
1198 3197 1493 3260 Catonem;
1527 3212 1694 3265 quare
1745 3197 1789 3252 si

196 3285 401 3340 distant
444 3300 506 3340 ea
532 3301 655 3356 quae
697 3285 766 3339 ab
811 3285 1103 3341 inflexione
1149 3296 1442 3342 nascuntur
1465 3289 1534 3342 ab
1563 3289 1644 3342 his
1674 3305 1792 3358 quae
1823 3269 1869 3334 C

185 3364 569 3440 inflectuntur,
600 3376 801 3430 distant
829 3392 1041 3446 quoque
1073 3379 1124 3430 hi
1157 3379 1246 3448 qui
1275 3394 1464 3434 omnes
1495 3395 1674 3448 caSus,
1704 3382 1794 3451 qui

197 3483 322 3526 sunt
348 3469 594 3534 Catonis,
621 3468 833 3532 Catoni,
858 3468 1137 3533 Catonem,
1171 3471 1238 3524 ab
1267 3487 1330 3526 eo
1361 3473 1502 3541 quod
1533 3484 1618 3527 est
1638 3475 1792 3544 Cato,

199 3565 252 3618 id
284 3573 368 3618 est
396 3578 427 3616 a
457 3562 679 3616 nomine
710 3561 1023 3632 principali:
1055 3563 1146 3616 sed
1193 3563 1278 3616 hic
1309 3562 1441 3618 Cato
1473 3580 1665 3620 nomen
1688 3574 1789 3634 est,

196 3668 352 3708 casus
400 3655 567 3722 igitur
616 3654 834 3706 nomina
862 3668 968 3707 non
1021 3665 1165 3707 sum.
1200 3653 1358 3707 Aliud
1390 3657 1532 3710 enim
1565 3668 1647 3711 est
1679 3658 1797 3726 ipse

196 3759 374 3810 casus,
403 3743 552 3797 aliud
605 3744 758 3812 cujus
805 3753 887 3798 est
915 3758 1093 3798 casus.
1140 3745 1399 3811 Quocirca
1451 3748 1497 3800 si
1562 3748 1796 3804 nominis

196 3835 313 3890 haec
340 3835 522 3889 omnia
548 3850 703 3889 casus
732 3844 878 3898 sunt,
911 3836 1024 3889 haec
1056 3840 1271 3888 nomina
1300 3853 1403 3890 non
1437 3846 1579 3891 sunt.
1617 3839 1795 3909 Atque

195 3925 320 3980 ideo
367 3926 675 3996 prudenter
704 3935 913 3981 veteres
949 3941 1137 3981 omnes
1167 3943 1323 3982 casus
1354 3930 1670 3998 genitivum,
1704 3931 1798 3985 da-

191 4019 388 4080 tivum,
445 4016 834 4083 accusativum,
882 4019 1207 4083 vocativum,
1233 4019 1544 4089 ablativum,
1578 4023 1688 4075 suis
1717 4023 1800 4076 di-

191 4107 482 4174 versisque
511 4108 818 4162 nominibus
849 4119 1200 4163 vocaverunt.
1236 4109 1475 4164 Primum
1510 4127 1635 4166 vero
1665 4115 1798 4169 alias

188 4206 436 4262 rectum,
470 4199 615 4269 quasi
640 4215 670 4253 a
704 4201 852 4259 nullo
875 4201 1161 4268 inflexum,
1199 4202 1332 4256 alias
1365 4204 1599 4259 nominis
1630 4205 1798 4275 ipsius

187 4289 467 4346 vocabulo
517 4292 899 4346 nominativum
955 4294 1227 4349 dixerunt.
1265 4295 1453 4361 ,Quarc
1515 4313 1653 4350 nunc
1698 4299 1800 4354 hoc

186 4381 522 4437 Aristoteles
549 4386 878 4454 exsequitur,
909 4384 999 4454 qui
1029 4399 1186 4438 casus
1211 4386 1487 4439 nominum
1519 4387 1800 4443 vidcantur

186 4486 302 4527 non
336 4487 461 4527 esse
485 4473 726 4540 nomina,
756 4473 851 4530 sed
899 4483 1105 4529 tantum
1133 4474 1412 4532 nominum
1457 4477 1795 4547 inflexiones,

187 4565 243 4622 id
270 4576 364 4622 est
389 4582 572 4622 casus.

1892 1993 2103 2048 Etenim
2130 1994 2239 2061 jam
2271 2010 2410 2049 nunc
2452 1994 2690 2049 definitio
2731 1998 2959 2050 nominis
2993 1999 3092 2050 hoc
3138 1996 3296 2051 modo
3340 2007 3461 2052 est:

1890 2083 2094 2139 Nomen
2139 2094 2220 2139 est
2271 2100 2371 2138 Vox
2417 2085 2788 2155 significativa,
2841 2088 3136 2143 secundum
3193 2089 3470 2159 placitum,

1890 2178 2007 2232 sine
2031 2179 2447 2248 tempore,cujus
2470 2181 2612 2233 nulla
2638 2195 2760 2249 pars
2787 2181 3138 2250 significativa
3161 2193 3240 2236 est
3263 2197 3475 2252 separa~

1891 2278 1967 2337 ta,
1992 2269 2271 2325 definitum
2299 2271 2496 2340 aliquid
2514 2273 2842 2342 signiﬁcans,
2875 2289 2994 2329 cum
3017 2284 3096 2328 est
3140 2284 3230 2328 aut
3260 2290 3363 2329 non
3396 2284 3479 2334 est.

1889 2363 2070 2432 juncta
2087 2365 2282 2418 faciens
2294 2367 2734 2421 enuntiationem.
2759 2367 2862 2419 Sed
2881 2367 2947 2422 de
2961 2366 3172 2422 nomine
3193 2367 3478 2426 hactenus]

1890 2455 2044 2513 Nunc
2072 2458 2291 2512 verbum
2319 2458 2723 2528 diligentissima
2748 2458 3059 2516 deﬁnitione
3078 2459 3417 2516 determinat.

2493 2571 2583 2625 DE
2627 2572 2873 2627 VERBO.

1971 2660 2193 2716 Verbum
2239 2670 2408 2716 autem
2430 2671 2523 2726 est,
2545 2664 2685 2732 quod
2711 2663 3061 2734 consigniﬁcat
3089 2673 3304 2732 tempus,
3332 2665 3481 2736 cuju.

1893 2773 2012 2825 pars
2044 2755 2176 2808 nihil
2204 2766 2348 2809 extra
2395 2756 2674 2828 signiﬁcat,
2717 2766 2858 2810 etest
2903 2773 3100 2827 semper
3148 2773 3324 2810 eorum
3368 2771 3482 2827 qua

1895 2847 1958 2902 de
1992 2848 2152 2900 altera
2193 2848 2557 2914 pra'dicautnr,
2591 2858 2731 2902 uota.

1964 2938 2202 2993 Verbum
2249 2940 2412 2993 diSlal.
2439 2955 2468 2993 a
2501 2941 2716 2995 nomine
2747 2941 2799 2995 in
2831 2940 2933 2996 hoc
2962 2940 3078 2994 solo
3097 2941 3244 3010 quod
3279 2955 3476 2997 nomen

1895 3029 2011 3083 sine
2051 3038 2294 3096 tempore
2332 3040 2435 3096 est,
2473 3039 2529 3083 nt
2553 3045 2711 3099 supra
2761 3031 2868 3098 jam
2898 3030 3100 3086 dictum
3129 3039 3233 3095 est,
3264 3032 3483 3094 verbum

1895 3123 2000 3175 vim
2033 3122 2288 3192 temporis
2318 3122 2370 3177 in
2399 3122 2876 3191 signiﬁcationibus
2904 3123 3086 3188 trahit,
3119 3131 3172 3176 et
3195 3134 3338 3178 esset
3363 3125 3484 3193 qui-

1898 3214 2019 3268 dem
2053 3215 2203 3279 plena
2253 3215 2496 3268 definitio
2541 3214 2712 3272 verbi.
2746 3215 2788 3269 si
2821 3216 2921 3268 alia
2955 3216 3007 3268 in
3040 3230 3104 3269 eo
3135 3216 3314 3270 omnia
3367 3231 3486 3288 qua

1901 3310 1953 3365 in
1986 3311 2202 3364 nomine
2238 3313 2408 3380 posta
2456 3318 2580 3362 sunt
2616 3318 2965 3378 ponerentur,
3016 3309 3117 3364 hoc
3145 3309 3262 3364 Solo
3288 3309 3488 3366 discre~

1901 3413 2062 3473 pante
2091 3404 2231 3472 quod
2264 3404 2484 3457 verbum
2530 3403 2897 3469 consignilicat
2944 3412 3177 3469 tempus,
3239 3413 3489 3474 essetque

1900 3493 2144 3553 deﬁnitio
2165 3494 2235 3547 ita
2268 3511 2280 3547 :
2318 3493 2549 3547 Verbum
2582 3502 2663 3545 est
2693 3509 2791 3546 vox
2815 3493 3162 3560 signiticativa
3189 3494 3488 3549 secundum

1900 3589 2176 3659 placitum,
2201 3587 2354 3655 cujus
2385 3586 2526 3639 nulla
2553 3599 2673 3652 pars
2698 3596 2847 3638 extra
2875 3583 3227 3653 signiﬁcativa
3254 3596 3358 3649 est;
3391 3585 3489 3640 sed

1901 3682 2154 3751 quoniam
2186 3688 2310 3732 sunt
2338 3679 2423 3732 illa
2458 3677 2661 3731 nomini
2693 3678 2965 3744 verboque
2995 3677 3296 3731 communia
3317 3721 3331 3744 ,
3367 3693 3489 3746 pro-

1902 3775 2078 3845 prium
2102 3785 2278 3827 autem
2313 3772 2458 3826 verbi
2488 3779 2572 3824 est
2599 3771 3009 3838 c0nsigniﬁcare
3035 3778 3279 3836 tempus;
3309 3785 3338 3822 a
3369 3784 3489 3839 pro-

1903 3867 2131 3936 prietate
2152 3864 2382 3928 deﬁniti,
2397 3864 2602 3918 scilicet
2615 3863 2783 3925 verbi,
2799 3878 2900 3932 qua
2924 3877 2953 3914 a
2968 3861 3286 3915 difﬁnitione
3303 3861 3490 3914 nomi-

1903 3957 1986 4012 nis
2001 3965 2329 4026 segtegatur,
2361 3956 2582 4010 verbum
2611 3955 2780 4008 voluit
2806 3953 3060 4007 difﬁnire.
3078 3953 3368 4020 Diligenter
3389 3968 3488 4008 au-

1905 4058 2012 4103 tem
2037 4047 2131 4110 ait,
2160 4047 2553 4115 consigniﬁcat.
2583 4046 2713 4099 Nam
2730 4045 2999 4114 signiﬁcat
3018 4044 3230 4097 nomina
3249 4055 3486 4113 tempus,

1903 4151 1958 4194 ιιι
1986 4141 2125 4204 dies,
2160 4151 2210 4192 ut
2237 4154 2429 4202 annus,
2456 4139 2570 4192 haec
2601 4138 2743 4191 enim
2779 4149 3073 4205 temporum
3106 4137 3316 4189 nomina
3338 4144 3486 4194 sunt.

1902 4228 2136 4283 Verbum
2185 4238 2361 4281 autem
2399 4228 2612 4295 proprie
2659 4227 3032 4296 consigniﬁcat
3069 4235 3299 4295 tempus,
3337 4229 3488 4296 prin-

1902 4319 2147 4384 cipa'iter
2172 4318 2312 4372 enim
2343 4328 2433 4371 aut
2463 4318 2768 4387 passionem
2816 4318 3081 4385 designat,
3117 4326 3174 4372 ut
3199 4328 3398 4385 actum,
3433 4327 3490 4375 ut

1902 4424 2022 4464 cum
2071 4409 2212 4475 dico,
2246 4424 2440 4462 accuso
2482 4409 2564 4462 vel
2592 4423 2834 4463 accusor.
2885 4408 2989 4463 Sed
3030 4424 3152 4463 cum
3195 4408 3307 4474 ipsa
3341 4419 3489 4467 actus

1901 4501 2278 4568 pasStonisqne
2305 4498 2860 4568 signiticatione,'vim
2890 4515 3102 4568 quoque
3143 4515 3326 4554 secum
3359 4509 3489 4556 tem-

1905 4591 2052 4658 poris
2082 4591 2264 4653 trahit,
2292 4604 2347 4645 ιιι
2379 4593 2466 4645 ille
2494 4602 2642 4644 actus
2671 4600 2761 4644 aut
2787 4592 2962 4660 passio
2996 4601 3188 4659 printer
3224 4607 3486 4660 prmsens,

255 4672 423 4726 Ratio
449 4681 621 4726 autent
642 4672 820 4741 ejusin
834 4671 1167 4741 aliisquidem
1180 4673 1357 4726 eadem
1371 4680 1466 4741 est,
1495 4674 1584 4727 sed
1598 4674 1794 4740 differt.
1826 4655 1882 4717 Β
1906 4655 1996 4736 aut
2028 4682 2284 4746 futurum,
2310 4693 2400 4734 aut
2430 4655 2896 4751 ρπδςιξιενὶιιιηιξίιιιι
2915 4655 3054 4750 quod
3079 4655 3354 4736 interlucc
3383 4655 3489 4748 est,

183 4765 461 4833 Quoniam
490 4782 607 4818 cum
633 4775 731 4828 est,
780 4766 857 4818 uel
881 4765 999 4833 fuit,
1026 4762 1100 4816 vel
1124 4765 1239 4827 erit,
1270 4764 1601 4836 adjunctum,
1637 4783 1796 4835 neque

179 4873 364 4912 rerum
395 4873 561 4927 neque
589 4858 779 4925 falsum
808 4867 903 4920 est;
937 4872 1119 4909 nomen
1165 4872 1283 4909 vero
1325 4873 1542 4925 semper,
1589 4867 1644 4910 ut
1691 4858 1797 4911 Ca-

178 4958 324 5010 tonis
355 4966 455 5020 est,
506 4956 584 5008 vel
627 4969 731 5007 non
781 4963 876 5019 est,
923 4953 1150 5007 nondum
1202 4954 1336 5007 enim
1377 4954 1572 5024 aliquid
1623 4971 1794 5010 rerum

176 5047 316 5101 dicit
345 5055 435 5099 aut
469 5046 683 5115 falsum.

256 5150 455 5214 Ratio,
492 5148 687 5218 inquit,
717 5145 769 5200 id
801 5156 883 5202 est
911 5145 1154 5202 deﬁnitio
1171 5141 1408 5202 nominis
1439 5156 1492 5203 et
1519 5162 1675 5202 casus
1699 5164 1796 5202 no-

174 5243 375 5307 minis,
398 5237 591 5293 eadem
619 5245 723 5303 est,
752 5253 872 5292 nam
913 5239 1052 5292 sicut
1082 5252 1278 5293 nomen
1311 5254 1414 5293 vox
1443 5238 1794 5308 signiﬁcativa

173 5344 259 5390 est
312 5331 628 5388 secundum
662 5331 915 5399 placitum
946 5332 1064 5386 sine
1095 5340 1363 5402 tempore,
1413 5341 1471 5385 ut
1514 5333 1628 5401 ejus
1674 5348 1796 5402 pars

174 5426 336 5478 nulla
377 5431 534 5477 extra
567 5422 851 5490 signiﬁcet,
899 5422 978 5476 sic
1005 5423 1164 5476 etiam
1213 5437 1394 5478 casus.
1425 5422 1556 5477 Nam
1583 5438 1688 5478 vox
1715 5433 1799 5480 est

173 5526 228 5571 et
246 5515 568 5571 secundum
599 5514 852 5582 placitum
883 5512 1238 5583 designativa,
1269 5521 1324 5568 et
1348 5514 1501 5582 cujus
1533 5524 1800 5582 separata:

175 5619 377 5678 partes
429 5606 567 5661 nihil
597 5615 745 5662 extra
789 5606 1089 5676 designant.
1140 5605 1281 5676 Ergo
1311 5605 1495 5660 eadem
1549 5605 1797 5660 dif'finitio

177 5702 448 5768 ratioque
497 5697 727 5751 nominis
774 5706 855 5750 est
884 5707 938 5750 et
967 5710 1124 5751 casus
1166 5695 1420 5761 nominis,
1455 5694 1548 5749 sed
1574 5695 1656 5748 his
1685 5711 1788 5749 una

177 5795 420 5849 additur
448 5789 770 5853 differentia,
820 5788 962 5858 quod
991 5803 1150 5844 omne
1177 5803 1374 5844 nomen
1403 5803 1524 5844 cum
1550 5802 1617 5843 eo
1646 5787 1790 5858 quod

180 5886 402 5940 dicitur
425 5890 529 5948 est,
558 5889 651 5938 aut
677 5895 746 5936 no
765 5896 799 5937 ι
817 5887 902 5938 est
923 5880 1289 5950 coniunctum,
1311 5889 1401 5938 aut
1429 5881 1799 5939 afﬁrmativam

1905 4787 2024 4827 esse
2052 4788 2155 4826 non
2201 4774 2385 4837 possit.
2414 4775 2478 4826 Et
2507 4784 2590 4826 est
2620 4789 2832 4841 semper
2870 4788 3052 4827 comm
3086 4790 3204 4843 qua:
3229 4774 3295 4828 de
3320 4775 3490 4829 altero

1905 4865 2267 4933 przedicantur
2297 4874 2441 4918 nota.
2471 4866 2674 4919 Sensus
2706 4866 3006 4933 hujusmodi
3035 4877 3118 4919 est
3143 4883 3154 4917 :
3187 4868 3379 4930 Umne,
3409 4867 3489 4919 in-

1904 4956 2041 5025 quit,
2078 4957 2297 5010 verbum
2323 4957 2589 5026 signiﬁrat
2617 4958 2830 5026 aliquod
2859 4957 3130 5026 accidens,
3160 4959 3299 5028 quod
3345 4957 3489 5012 arci-

1908 5045 2044 5099 dens
2075 5060 2287 5114 semper
2334 5046 2401 5100 de
2449 5048 2619 5100 altero
2669 5047 3006 5115 praedicatur.
3058 5047 3187 5102 Nam
3231 5049 3274 5101 si
3330 5061 3492 5102 omne

1906 5141 2130 5195 verbum
2159 5149 2249 5193 aut
2291 5141 2552 5194 actionem
2584 5150 2672 5194 aut
2707 5143 3005 5207 passionem
3035 5141 3310 5210 designat,
3344 5142 3485 5194 actio

1909 5247 2038 5287 vero
2082 5243 2135 5286 et
2187 5233 2360 5300 passio
2407 5233 2458 5286 in
2510 5235 2873 5288 accidentibus
2904 5243 3272 5290 numerantur.
3329 5247 3489 5287 omne

1912 5324 2135 5378 verbum
2167 5323 2273 5376 vim
2305 5323 2566 5392 signiﬁcat
2595 5324 2915 5388 accidentis;
2944 5325 3035 5379 sed
3067 5323 3314 5377 accidens
3341 5337 3487 5376 sem-

1909 5431 2005 5484 per
2038 5416 2104 5470 de
2131 5430 2196 5470 eo
2230 5416 2548 5483 prredicatur
2569 5417 2708 5486 quod
2739 5418 2841 5471 sibi
2871 5418 3166 5487 subjectum
3195 5427 3294 5480 est,
3324 5425 3378 5469 ut
3409 5416 3490 5469 al-

1908 5506 2032 5560 bum
2066 5506 2132 5560 de
2161 5521 2407 5576 corpore,
2460 5517 2514 5560 et
2559 5506 2752 5561 durum
2801 5509 2868 5563 de
2901 5509 3058 5564 ferro.
3089 5513 3263 5574 Quare
3307 5507 3487 5561 omnia

1907 5602 2065 5656 verba
2107 5600 2372 5669 ejusmodi
2426 5601 2599 5670 aliqua
2648 5602 2947 5672 designant,
2999 5617 3118 5671 qua:
3161 5617 3373 5671 seraper
3415 5601 3485 5656 de

1906 5693 2075 5748 altero
2098 5693 2478 5762 prredicantur,
2507 5693 2644 5763 quod
2676 5709 2769 5763 per
2786 5695 2887 5748 hoc
2913 5694 3117 5748 scilicet
3144 5695 3300 5760 dixit,
3333 5692 3478 5764 quod

1910 5784 1984 5838 ait
2013 5785 2235 5839 verbum
2268 5794 2456 5841 notam
2476 5799 2616 5850 esse,
2640 5786 2690 5840 id
2713 5795 2796 5840 est
2824 5784 3268 5855 signiﬁcationem
3293 5799 3482 5842 eorum

1907 5889 2028 5945 quat
2045 5874 2112 5931 de
2127 5875 2297 5934 altero
2325 5875 2700 5946 praedicantur,
2726 5876 2868 5948 quod
2893 5875 3036 5936 idem
3062 5879 3200 5936 valet
3225 5889 3486 5952 tanquam
