4022 6332
543 332 643 425 tot

1759 363 1868 420 ΑΝ.
1911 364 2120 421 MANL.
2164 356 2317 423 εει.
2362 360 2586 421 ΒΟΕῙΙΙ

3592 284 3707 293 ηιμ-σε

3709 365 3802 421 508

544 481 593 538 si
622 442 826 536 diceret
849 495 865 535 :
888 476 1116 535 Verbum
1132 475 1650 547 semperaccidentia
1674 476 1962 546 signiﬁcat,
1988 491 2124 546 quo-
2152 477 2207 539 Α
2231 487 2500 547 po'eranl,
2529 486 2584 532 et
2631 477 2793 533 verba
2837 491 2943 532 non
2972 480 3112 543 ease,
3144 490 3173 532 a
3201 475 3350 532 verbi
3380 476 3590 534 ratione
3620 485 3673 533 et
3692 490 3803 548 pro-

544 574 802 629 t'unibaec
828 579 1012 625 natura
1068 578 1152 626 est
1221 579 1277 624 ιιι
1328 585 1541 639 semper
1588 570 1654 624 de
1706 569 1875 624 altero
1922 569 2122 639 prmdio

546 676 767 731 centur;
796 663 949 734 cujus
977 665 1117 719 enim
1146 664 1397 733 quaelibet
1434 678 1522 720 res
1550 669 1676 718 nota
1706 671 1810 728 est,
1840 663 1977 718 itane
2006 662 2122 732 ipsa

543 771 662 827 quae
703 765 827 811 nota
854 765 955 823 εει,
981 756 1247 827 designat.

616 847 745 902 Dico
772 863 889 904 vero
916 849 1157 919 quoniam
1187 849 1545 922 cousigttiﬁcat
1586 858 1801 921 tempus,
1850 854 1906 902 ut
1947 862 2125 903 cursus

540 936 740 1004 quidem
765 952 952 995 nomen
983 944 1074 1007 est,
1103 941 1262 995 currit
1291 949 1460 994 autem
1503 940 1733 1005 verbum,
1759 939 2123 1010 consigniﬁcttt

540 1029 673 1083 enim
693 1042 831 1086 nunc
854 1044 979 1087 esse.

613 1119 786 1190 Supra
838 1121 894 1177 in
939 1123 1172 1179 nominis
1229 1122 1551 1177 difﬁnitioue
1601 1121 1879 1191 proposuit
1926 1134 2123 1176 nomen

541 1223 663 1266 esse
687 1210 805 1267 sine
832 1221 1096 1283 tempore,
1127 1212 1267 1282 qttod
1314 1227 1451 1267 nunc
1477 1215 1703 1280 'quoquc
1728 1213 1829 1266 hoc
1863 1219 2125 1267 monstrat

543 1302 819 1371 exemplo,
849 1312 902 1358 et
926 1304 1340 1373 diligentissimo
1370 1303 1607 1373 quidem.
1639 1303 1770 1357 Nam
1810 1302 1949 1359 idem
1980 1318 2122 1372 prae-

542 1392 900 1449 dicameutum
931 1396 996 1449 ad
1029 1408 1225 1451 nomen
1251 1396 1476 1450 relatttm
1506 1394 1624 1449 sine
1659 1395 1919 1463 temporis
1943 1395 2123 1448 consi-

542 1484 884 1553 gniﬁcstione
926 1496 1275 1556 monstratur,
1322 1486 1388 1540 ad
1444 1485 1666 1540 verbum
1711 1500 1862 1552 vero,
1914 1486 2125 1541 videtur

542 1590 663 1631 esse
707 1591 826 1632 cum
860 1588 1118 1646 tempore.
1146 1580 1357 1635 Cursus
1394 1581 1535 1635 enim
1583 1579 1898 1650 simpliciter
1947 1579 2123 1635 dictus

545 1674 602 1721 ut
627 1682 821 1725 nomen
871 1680 928 1726 et
977 1680 1033 1727 ut
1089 1686 1174 1727 res
1208 1672 1443 1741 propria,
1493 1673 1610 1726 sine
1655 1681 1897 1740 tempore
1941 1680 2044 1735 est,
2074 1670 2122 1726 si

544 1772 673 1814 vero
704 1760 757 1814 in
783 1762 1070 1824 actionem,
1100 1778 1219 1831 gnte
1251 1763 1397 1818 verbi
1427 1776 1647 1830 semper
1675 1771 1776 1827 est,
1806 1763 2111 1829 inducatur,

2230 567 2456 638 prletate
2480 567 2760 637 disiungit.

2302 658 2426 713 Non
2466 662 2628 713 currit
2666 676 2803 724 vero,
2834 670 2879 713 et
2924 672 3026 713 non
3074 660 3291 726 laborat,
3323 659 3656 717 rerbumamt
3676 662 3797 720 dies.

2231 751 2602 822 Consigniﬁcat
2630 754 2816 805 etenim
2848 763 3069 821 tempus,
3112 761 3158 805 et
3184 767 3382 823 semper
3414 752 3478 806 de
3518 752 3692 825 aliqua
3715 763 3799 809 est.

2229 843 2552 909 Ditfcretttio:
2597 853 2768 899 autem
2816 844 2938 900 huic
2964 860 3145 900 nomen
3179 860 3281 899 non
3316 852 3393 900 est
3439 848 3677 918 positum,
3716 848 3801 904 ad

2228 940 2286 1009 ﬁt
2312 938 2570 1007 inﬁnitum
2598 939 2825 992 verbum.

2300 1029 2453 1089 Sicut
2476 1028 2530 1081 in
2560 1028 2779 1085 nomine
2809 1028 2957 1097 fecit,
2980 1029 3051 1083 ita
3077 1043 3289 1100 quoque
3315 1031 3368 1085 in
3395 1030 3561 1086 verbo
3588 1032 3653 1087 ad
3673 1032 3777 1088 inte

2228 1135 2377 1191 gram
2412 1119 2786 1175 deﬁnitionem
2817 1122 2970 1177 verbi
2998 1123 3488 1195 proprietatemque
3512 1127 3782 1183 contendit

2229 1212 2319 1267 Ait
2348 1212 2512 1276 enim,
2542 1224 2646 1267 non
2680 1214 2871 1281 currit,
2907 1228 3014 1267 non
3041 1229 3162 1269 esse
3216 1215 3458 1271 verbum.
3515 1218 3577 1272 Et
3608 1217 3799 1275 idcirco

2227 1301 2372 1373 quod
2400 1305 2622 1359 verbum
2654 1319 2817 1359 omne
2867 1305 3075 1359 ﬁnitum
3132 1306 3329 1373 aliquid
3375 1307 3638 1378 designat.
3693 1311 3803 1369 Non

2227 1396 2395 1451 currit
2427 1407 2606 1450 autem
2634 1396 3089 1465 quemadmodum
3116 1398 3380 1454 inﬁnitum
3397 1401 3486 1468 sit,
3515 1403 3673 1470 paulo
3694 1411 3806 1471 poet

2227 1487 2687 1545 demonstrabitur
2712 1489 2853 1560 quod
2910 1502 3084 1559 neque
3126 1492 3300 1547 oratio
3325 1501 3427 1549 est.
3454 1497 3510 1550 in
3544 1496 3646 1553 boc
3667 1499 3804 1555 enim

2226 1579 2368 1648 quod
2396 1579 2591 1634 dicitur
2620 1595 2724 1634 non
2755 1582 2944 1645 currit,
2992 1595 3167 1651 neque
3213 1583 3320 1638 duo
3348 1584 3681 1652 verbs‘sunt,
3713 1604 3805 1645 ne-

2227 1687 2331 1742 que
2360 1672 2471 1728 duo
2499 1674 2740 1741 nomina,
2776 1689 2951 1743 neque
2981 1690 3176 1729 nomen
3197 1685 3254 1731 et
3278 1677 3522 1743 verbum,
3555 1696 3676 1749 qua
3700 1682 3806 1737 sola

2230 1771 2458 1833 possunt
2476 1764 2704 1835 iungere
2732 1767 3052 1822 orationem.
3083 1766 3155 1822 At
3183 1784 3313 1825 vero
3334 1772 3547 1840 negatio
3578 1787 3684 1827 non
3705 1782 3806 1840 est,

543 1864 670 1905 mox
719 1853 1095 1921 proprietatem
1141 1854 1290 1910 verbi
1330 1870 1394 1911 ac
1424 1856 1681 1925 temporis
1709 1856 1762 1910 in
1795 1871 1855 1911 se
1898 1857 2125 1925 suscipit
2155 1848 2206 1917 Β
2228 1856 2428 1912 etenim
2452 1866 2561 1910 tota
2594 1855 2903 1924 imperfecta
2927 1858 3195 1913 sententia
3220 1869 3325 1924 est,
3347 1860 3442 1914 sed
3466 1876 3636 1929 neque
3663 1864 3807 1930 huic,

543 1940 1009 2011 signiﬁcationem.
1034 1945 1213 2001 Currit
1236 1947 1376 2001 enim
1409 1946 1626 2001 verbum
1652 1957 1755 2015 est,
1784 1958 1838 2003 et
1860 1950 2125 2019 signiﬁcat

544 2032 831 2101 actionem,
864 2048 915 2093 et
943 2050 1061 2094 cum
1093 2042 1282 2096 eadem
1315 2048 1525 2113 tempus
1551 2045 1810 2109 ostendit,
1858 2052 2125 2101 monstrat

544 2125 687 2180 enim
722 2143 861 2183 nunc
880 2144 1019 2197 esse,
1055 2132 1112 2187 id
1159 2142 1242 2188 est
1272 2146 1509 2201 prmsens
1558 2144 1793 2204 temptts.
1844 2136 2128 2203 Consignia

545 2212 670 2271 ﬁcat
714 2229 893 2274 autem
934 2222 1133 2277 idcirco
1158 2223 1357 2279 dictum
1404 2233 1508 2290 est,
1537 2228 1789 2293 quoniam
1813 2227 1955 2295 quod
1986 2227 2125 2282 dici-

547 2320 670 2363 mus
693 2310 880 2375 currit,
896 2324 1073 2367 actum
1087 2315 1300 2383 quidem
1316 2315 1601 2385 quemdam
1617 2317 1900 2387 signiﬁt-at,
1926 2333 2045 2372 cum
2058 2332 2124 2373 eo

545 2413 676 2455 vero
703 2411 822 2458 actu
850 2405 903 2459 in
926 2406 1037 2475 ipsa
1061 2407 1453 2476 signiﬁcatione
1478 2409 1632 2465 verbi
1657 2422 1892 2477 praesens
1915 2420 2126 2481 tempus

544 2490 837 2561 inducitur,
866 2506 1025 2567 atque
1057 2499 1177 2555 ideo
1205 2502 1490 2572 diligenter
1520 2505 1594 2557 ait
1628 2504 2013 2574 consigniﬁcat.
2057 2503 2125 2559 Et

543 2592 622 2637 est
652 2584 766 2641 haec
795 2588 1080 2645 verborum
1111 2594 1381 2650 subtilitas
1412 2596 1463 2648 in
1497 2594 1780 2651 Aristotele
1803 2598 2083 2652 mirabilis.

593 2672 685 2734 i-Et
714 2687 787 2732 est
834 2697 1028 2751 semper
1066 2701 1242 2738 eorum
1281 2702 1391 2755 qua
1416 2687 1481 2740 de
1505 2688 1669 2741 altero
1698 2689 1937 2743 dicuntur
1978 2698 2120 2757 nota,

541 2773 595 2820 ut
620 2784 787 2823 eorum
816 2789 927 2842 qute
953 2776 1015 2827 de
1043 2776 1268 2848 subjecto
1296 2779 1372 2832 vel
1401 2780 1452 2832 in
1474 2779 1701 2851 subjecto
1729 2790 1870 2835 sunt.

612 2859 861 2931 Semper,
895 2865 1085 2935 inquit,
1120 2870 1341 2925 verbum
1372 2886 1431 2925 ea
1466 2872 1732 2940 signiﬁcat
1775 2887 1893 2941 qua:
1938 2872 2005 2928 de
2043 2873 2123 2927 al-

540 2959 657 3025 tero
688 2955 1063 3021 praetiicentur.
1113 2961 1241 3025 Quae
1273 2962 1380 3015 sint
1428 2952 1604 3017 autem
1654 2965 1768 3015 haec
1818 2977 2121 3031 quanquam

540 3043 878 3113 brevissima,
903 3049 1017 3117 ipse
1050 3059 1227 3107 tamen
1256 3054 1509 3110 ostendit.
1545 3057 1641 3110 Est
1682 3065 1860 3110 autem
1893 3071 2121 3112 consue-

541 3133 672 3190 tudo
694 3136 999 3195 Aristotelis
1026 3156 1088 3198 ea
1116 3159 1234 3211 quin
1263 3146 1561 3201 accidentia
1607 3154 1751 3207 sunt.
1785 3147 1837 3201 in
1877 3148 2119 3217 subjecto

2232 1945 2425 2015 inquit,
2456 1945 2782 2015 antiquiores
2838 1961 3065 2015 posuere
3102 1948 3443 2006 vocabulum.
3498 1951 3624 2008 litae
3667 1954 3808 2009 enim

2228 2038 2528 2094 diﬁcrentia
2549 2054 2670 2107 qum
2693 2046 2780 2094 est
2802 2055 2906 2094 non
2939 2042 3126 2107 currit,
3149 2050 3202 2097 et
3232 2057 3338 2097 non
3366 2044 3605 2111 laborat,
3636 2061 3753 2116 qua
3779 2061 3809 2104 ι

2230 2130 2399 2185 verbo
2426 2143 2563 2197 puro
2590 2137 2647 2185 et
2667 2131 2899 2199 simplici
2923 2130 3107 2197 distat,
3140 2133 3288 2187 nullo
3314 2134 3455 2203 apud
3483 2136 3812 2204 antiquiores

2228 2221 2490 2276 vocabulo
2520 2231 2819 2291 nuncupata
2849 2231 2954 2277 est.
2989 2222 3350 2280 Diﬁerentiam
3387 2235 3565 2282 autem
3598 2228 3812 2287 vocavit

2192 2310 2279 2366 .id
2301 2312 2440 2380 quod
2468 2312 2660 2367 dicitur
2702 2328 2809 2368 non
2836 2314 3023 2381 currit,
3071 2325 3127 2370 et
3179 2330 3285 2371 non
3342 2317 3574 2385 laborat,
3628 2320 3698 2374 ab
3742 2335 3811 2377 eo

2228 2409 2369 2474 quod
2395 2414 2477 2459 est
2507 2406 2672 2461 cttrrit
2701 2415 2756 2461 et
2786 2406 3013 2463 laborat.
3055 2406 3161 2463 Sed
3207 2409 3459 2478 quoniam
3493 2410 3577 2467 his
3602 2413 3811 2468 nullum

2227 2508 2309 2551 est
2336 2512 2532 2552 nomen
2553 2498 2621 2553 ab
2642 2498 2878 2563 antiquis
2906 2499 3239 2569 impositum,
3270 2500 3590 2558 Aristoteles
3612 2518 3809 2561 nomen

2226 2586 2344 2655 ipse
2372 2588 2649 2642 constituit
2669 2588 2856 2645 dicens
2876 2609 2887 2642 ε
2911 2590 2994 2645 Sit
3027 2605 3110 2646 vet
3125 2591 3249 2646 bum
3275 2591 3563 2648 inﬁnitum.
3595 2595 3811 2665 Alioqui

2228 2678 2515 2734 maximam
2569 2678 2957 2735 dubitationem
3008 2681 3135 2737 latit
3192 2682 3350 2752 hujus
3407 2674 3810 2753 prmd‘tcantenti

2227 2772 2544 2837 similitudo,
2570 2773 2711 2842 quod
2737 2774 2912 2842 ipsum
2943 2774 3155 2844 quidem
3186 2777 3657 2846 praedicamentum
3706 2783 3810 2839 vos

2225 2852 2306 2920 est
2334 2865 2667 2935 designativa
2691 2868 2984 2921 secundum
3010 2867 3288 2936 placitum,
3311 2879 3365 2925 et
3389 2870 3457 2927 de
3479 2872 3650 2928 altern
3671 2888 3811 2942 pra:-

2224 2955 2453 3022 dicatur,
2486 2965 2540 3009 et
2567 2957 2936 3027 consigniﬁcat
2982 2968 3215 3028 tempus,
3262 2960 3405 3017 idem
3430 2978 3490 3018 sc
3513 2965 3638 3020 licet
3664 2966 3810 3034 quod

2224 3046 2446 3101 Verbum
2471 3047 2612 3114 quod
2644 3058 2725 3103 est
2754 3049 2943 3105 currit.
2974 3049 3081 3106 Sed
3133 3052 3236 3107 hoc
3280 3053 3403 3110 solo
3438 3054 3657 3111 diﬁ'erre
3688 3072 3812 3126 per-

2224 3137 2467 3207 spicitur,
2490 3139 2630 3206 quod
2650 3139 2783 3196 illud
2806 3141 3011 3197 ﬁnitum
3030 3143 3249 3199 verbum
3264 3153 3367 3215 εει,
3392 3146 3495 3203 hoc
3511 3148 3811 3208 inﬁnitum.

543 3240 666 3281 esse
697 3229 896 3286 dicere.
929 3232 1037 3288 Nec
1065 3250 1170 3290 non
1199 3237 1359 3292 etiam
1382 3238 1566 3294 eadem
1593 3239 1705 3306 ipsa
1734 3239 2031 3295 accidentia
2053 3240 2114 3296 de

2226 3227 2334 3283 Cur
2360 3238 2536 3285 autem
2565 3229 2668 3288 hoc
2698 3233 2967 3290 inﬁnitum
2998 3245 3102 3305 εει,
3128 3238 3379 3295 continua
3417 3243 3627 3297 ratione
3677 3257 3808 3313 per.

540 3325 782 3395 subjecto
827 3333 1126 3400 prtedicari,
1177 3336 1378 3392 idcirco
1405 3339 1546 3409 quod
1573 3341 1749 3395 omnia
1782 3357 2116 3414 quaecunque

540 3427 838 3485 accidentia
865 3443 1012 3501 sunt,
1046 3437 1129 3492 vel
1169 3438 1588 3503 deuomiuative.
1634 3441 1720 3496 vel
1750 3443 1989 3511 quolibet
2019 3445 2122 3503 alio

538 3521 702 3576 modo
750 3533 803 3579 et
844 3525 912 3582 de
949 3529 1196 3599 subjecto
1245 3534 1622 3601 praedicantur,
1671 3544 1727 3590 et
1776 3536 1828 3590 in
1876 3535 2121 3605 subjecto

542 3622 688 3668 sunt.
717 3614 868 3673 Nunc
896 3633 1025 3690 ergo
1055 3622 1158 3676 ltoc
1205 3624 1358 3687 dicit,
1408 3626 1513 3681 tale
1562 3626 1814 3696 quiddam
1861 3627 2121 3697 signiﬁcat

540 3706 805 3773 verbum,
852 3713 992 3779 quod
1044 3728 1260 3784 semper
1312 3718 1562 3773 accidens
1617 3720 1722 3784 sit,
1770 3721 1911 3788 quod
1979 3720 2118 3773 accie

537 3797 672 3852 deus
747 3801 832 3856 vel
891 3803 945 3857 in
1000 3807 1243 3872 subjecto
1290 3820 1548 3877 semper,
1603 3809 1688 3863 vel
1747 3810 1814 3863 de
1876 3809 2118 3876 subjecto

537 3888 878 3954 prtedicatur.
923 3891 1021 3946 Est
1066 3894 1176 3947 alia
1217 3908 1429 3962 quoque
1476 3898 1739 3965 espositio
1788 3897 1889 3954 hoc
1918 3900 2113 3966 modo,

536 3978 604 4033 de
628 3980 870 4048 subjecto
896 3982 1090 4037 dicitur
1115 3999 1287 4053 genus
1333 3998 1549 4053 semper
1593 3987 1658 4040 ad
1689 3989 1918 4055 species.
1976 3989 2116 4057 Ergo

535 4083 720 4125 eorum
768 4088 887 4141 qtne
958 4081 1081 4127 sunt
1138 4073 1460 4143 accidentia,
1500 4076 1601 4130 alia
1644 4086 1771 4131 sunt
1816 4078 2112 4143 individua,

532 4159 636 4214 alia
661 4163 952 4230 generalia,
980 4173 1035 4217 et
1075 4162 1166 4217 illa
1191 4164 1405 4229 quidem
1435 4181 1553 4235 quae
1581 4178 1704 4221 sunt
1734 4167 2027 4234 individua,
2061 4168 2115 4222 in

532 4250 780 4320 subjecto
824 4261 1029 4307 tantum
1073 4263 1223 4319 sunt,
1248 4264 1306 4310 ut
1352 4256 1624 4325 qmidiibet
1654 4258 1963 4327 particulari
1990 4270 2113 4313 cor-

530 4343 650 4410 pori
679 4342 953 4407 accidens,
984 4345 1085 4399 alia
1126 4361 1256 4401 vero
1307 4358 1431 4402 sunt
1472 4349 1744 4415 generalia
1791 4349 2110 4414 accidentia,

528 4450 650 4505 quae
679 4436 745 4490 de
771 4437 887 4491 aliis
915 4438 1279 4494 accidentibus
1310 4440 1687 4509 praedicantur,
1720 4448 1777 4495 ut
1803 4441 1869 4495 de
1899 4442 2110 4509 subjec-

474 4530 477 4533 ’
529 4527 619 4587 tis.
668 4537 722 4581 ut
754 4540 838 4582 est
875 4530 1045 4593 color,
1070 4546 1302 4602 namque
1328 4532 1647 4599 praedicatur
1686 4532 1753 4588 de
1779 4531 2027 4587 albedine
2056 4539 2111 4587 et

2225 3322 2489 3392 sequitur.

2306 3414 2564 3481 Quoniam
2607 3416 2845 3474 similiter
2868 3418 2923 3474 in
2945 3417 3173 3489 quolibet
3199 3429 3295 3488 est,
3344 3430 3393 3475 et
3427 3422 3567 3492 quod
3611 3432 3706 3489 est,
3764 3433 3815 3483 α

2221 3505 2359 3575 quod
2390 3522 2490 3559 non
2519 3519 2612 3561 est.

2294 3616 2583 3688 inﬁnitum,
2616 3619 2808 3689 inquit,
2838 3620 3060 3676 verbum
3088 3629 3190 3688 est,
3216 3622 3465 3692 quoniam
3488 3638 3609 3679 cum
3636 3624 3705 3681 de
3723 3625 3814 3679 ai-

2222 3716 2340 3763 tero
2367 3724 2581 3779 semper
2624 3712 2944 3779 praedicetur
2996 3712 3135 3783 (non
3164 3713 3332 3767 currit
3358 3714 3499 3768 enim
3530 3713 3599 3769 de
3628 3715 3811 3771 altero

2222 3799 2463 3869 dicitur),
2488 3812 2661 3856 tamen
2686 3816 2836 3872 teque
2857 3803 3021 3859 velde
3047 3805 3373 3860 subsistente
3387 3822 3465 3871 re,
3484 3808 3565 3863 vel
3595 3808 3666 3862 de
3695 3822 3811 3864 non

2220 3888 2547 3943 subsistente
2573 3891 2848 3958 praedicari
2882 3901 3075 3962 potest,
3105 3904 3159 3947 ut
3179 3896 3231 3948 itt
3251 3909 3316 3949 eo
3334 3897 3474 3963 quod
3500 3905 3606 3963 est,
3642 3898 3814 3951 bomo

2220 3992 2326 4032 non
2360 3982 2550 4043 currit,
2586 3982 2744 4035 homo
2772 3997 2860 4038 res
2887 3991 2971 4037 est
2989 3985 3303 4039 subsistens.
3339 3987 3481 4054 Ergo
3504 3987 3698 4043 dicitur
3726 3991 3809 4052 id,

2219 4070 2357 4139 quod
2386 4078 2472 4124 est
2511 4086 2616 4125 non
2646 4073 2831 4139 currit,
2888 4074 2956 4128 de
3004 4074 3239 4139 homine,
3291 4075 3342 4130 id
3374 4084 3459 4130 est
3495 4077 3564 4131 de
3590 4094 3648 4131 re
3675 4078 3811 4131 stib—

2217 4160 2465 4213 sistente.
2499 4159 2701 4215 Rursus
2750 4160 2998 4227 dicimus,
3041 4163 3297 4219 chimaera
3336 4180 3440 4218 non
3470 4166 3656 4231 currit,
3688 4168 3813 4221 citi-

2216 4264 2382 4307 mazra
2409 4267 2537 4308 vero
2565 4269 2670 4308 non
2695 4264 2796 4320 est,
2831 4270 2929 4310 nec
2957 4258 3176 4310 omnino
3207 4257 3474 4312 subsistit.
3522 4259 3587 4312 Et
3628 4267 3810 4327 potest

2215 4345 2284 4398 de
2325 4359 2386 4399 ea
2427 4361 2553 4400 vere
2580 4345 2708 4409 dici,
2736 4345 2875 4415 quod
2907 4347 3127 4401 omnino
3178 4361 3282 4401 non
3334 4350 3522 4402 currit.
3567 4349 3705 4418 Ergo
3751 4348 3807 4401 id

2180 4438 2194 4451 ‘
2214 4435 2354 4503 quod
2383 4445 2486 4498 est.
2520 4450 2624 4489 non
2647 4438 2836 4501 currit,
2861 4446 2914 4491 et
2945 4436 3013 4491 de
3042 4452 3104 4491 ea
3134 4453 3193 4491 re
3217 4450 3335 4506 quae
3364 4437 3607 4492 subsistit
3641 4448 3815 4507 atque

2214 4539 2295 4583 est
2326 4530 2377 4584 in
2406 4531 2564 4585 rebus
2588 4531 2801 4595 dicitur,
2857 4539 2913 4586 et
2954 4533 3021 4586 de
3041 4546 3100 4586 ea
3124 4546 3244 4600 quae
3275 4546 3447 4601 neque
3488 4541 3591 4595 est,
3622 4544 3813 4598 neque

527 4619 808 4689 nigredine
852 4631 907 4676 et
950 4624 1178 4678 ceteris.
1213 4598 1354 4694 iirgo
1383 4638 1522 4680 nunc
1552 4640 1735 4691 omne,
1758 4626 1953 4693 inquit,
1980 4639 2105 4678 ver-
2135 4598 2334 4674 1θεεεε
2386 4620 2605 4689 poterit,
2664 4621 3013 4689 praedicatur;
3059 4598 3225 4688 quare
3287 4598 3556 4677 inﬁnitum
3604 4622 3811 4677 dicitur

527 4709 654 4764 bum
685 4711 932 4779 quiddam
961 4715 1101 4783 quod
1132 4715 1198 4769 de
1226 4715 1397 4771 altero
1431 4717 1774 4786 praedicatur,
1819 4715 2104 4784 signiﬁcat.

526 4801 635 4857 Sed
668 4802 767 4857 hoc
812 4806 1112 4869 liujusmodi
1135 4815 1273 4869 erat,
1305 4809 1445 4878 quod
1471 4816 1561 4862 aut
1590 4807 1911 4877 particulare
1939 4808 2032 4872 sit,
2055 4816 2111 4862 et

527 4895 583 4949 in
609 4894 1086 4967 sulijt-ctotantum,
1104 4908 1163 4952 ut
1180 4908 1282 4966 est,
1301 4899 1700 4953 currit.Cnrsus
1718 4897 1859 4953 enim
1884 4897 2109 4953 denulio

523 4987 629 5042 alio
658 4988 978 5056 prrdicatur
1005 4990 1272 5059 subjecto,
1305 4990 1407 5045 nisi
1429 4994 1630 5043 tantu‘m
1663 4989 1714 5043 in
1737 4989 1978 5067 subjecto
1998 4996 2103 5055 est,

523 5090 613 5134 aut
643 5080 893 5149 generale
932 5082 1030 5135 erit
1063 5082 1191 5135 illud
1234 5081 1485 5137 accidens
1511 5089 1565 5136 et
1589 5080 1917 5143 universale,
1949 5087 2006 5135 ut
2034 5081 2101 5136 de

520 5174 627 5228 alio
676 5187 862 5228 rursus
903 5175 1181 5230 accidente
1222 5175 1546 5243 praedicetur
1575 5183 1628 5227 ut
1659 5174 1726 5228 de
1757 5173 2019 5239 subjecto,
2045 5181 2101 5227 ut

513 5265 556 5317 si
595 5263 767 5318 dicam
800 5274 1065 5320 movetur.
1095 5265 1209 5319 iloc
1233 5265 1374 5319 enim
1406 5264 1545 5334 quod
1573 5264 1804 5318 dicimus
1832 5271 2095 5328 movetur,

2210 4712 2457 4766 verbum.
2488 4710 2596 4766 Nec
2624 4712 2796 4766 solum
2829 4714 2952 4778 hoc,
2985 4714 3078 4767 sed
3106 4711 3236 4767 ilittd
3266 4712 3453 4776 etiam,
3505 4712 3648 4781 quod
3710 4713 3807 4766 cui

2210 4803 2341 4857 dicit
2362 4806 2547 4869 currit,
2573 4819 2684 4859 rem
2720 4820 2876 4874 quam
2906 4806 3131 4876 quisque
3158 4805 3336 4870 faciat,
3369 4806 3589 4860 deﬁnite
3630 4806 3811 4874 signi—

2210 4894 2356 4953 ﬁcst.
2391 4896 2526 4947 Cum
2558 4908 2688 4949 vero
2709 4894 2856 4957 dicit,
2880 4910 2985 4949 non
3014 4895 3201 4959 currit,
3231 4896 3401 4962 ipsum
3433 4898 3650 4966 quidem
3672 4913 3811 4952 cur-

2213 5001 2330 5040 sum
2362 4987 2570 5040 videtur
2589 4986 2815 5051 auferre,
2848 4986 2940 5041 sed
2970 4995 3147 5040 utrum
3173 4987 3377 5055 ~edeat,
3412 4988 3695 5057 anjareat,
3729 5006 3806 5043 an

2212 5076 2469 5145 ambulet,
2492 5091 2557 5130 an
2588 5077 2784 5147 aliquid
2816 5078 2957 5131 aliud
2989 5077 3145 5131 faciat
3172 5092 3275 5132 nou
3306 5079 3582 5149 relinquit.
3616 5082 3807 5147 Quave

2208 5168 2460 5238 quoniam
2490 5176 2545 5223 et
2572 5182 2633 5223 ea
2660 5182 2776 5236 quae
2797 5175 2944 5234 sunt,
2967 5175 3023 5223 et
3050 5182 3109 5221 ea
3141 5182 3259 5238 qua:
3283 5184 3387 5223 non
3418 5180 3565 5231 sunt.
3585 5174 3803 5225 inﬁnita

2207 5269 2352 5325 sunt,
2385 5260 2525 5315 etde
2555 5261 2638 5313 liis
2666 5260 2914 5313 omnibus
2948 5260 3288 5329 praedicatur,
3343 5264 3708 5331 quoniamque
3738 5265 3803 5317 id

510 5358 577 5409 tle
616 5355 857 5426 subjecto
886 5371 1046 5412 cursu
1090 5355 1430 5421 prmdicatur,
1470 5356 1560 5425 qui
1590 5354 1758 5410 currit
1792 5355 1932 5409 enim
1984 5368 2096 5407 mo-
2203 5350 2343 5420 quod
2389 5350 2527 5403 tollit
2577 5349 2778 5402 ﬁnitum
2806 5356 2910 5414 est,
2957 5349 3098 5418 quod
3138 5364 3263 5403 vero
3292 5351 3439 5418 ponit
3497 5353 3802 5418 iuliuitum,

516 5460 694 5503 vetttr.
740 5449 1016 5520 Signiﬁcat
1045 5449 1204 5518 igitur
1233 5448 1448 5503 verbum
1479 5457 1570 5502 aut
1607 5447 1924 5518 particulare
1952 5445 2095 5500 acci-

514 5538 670 5605 dens,
701 5541 845 5611 quod
888 5549 974 5596 est
1001 5548 1205 5595 tantum
1235 5539 1290 5594 in
1331 5540 1594 5608 subjecto,
1636 5547 1728 5593 aut
1774 5537 2093 5600 universale,

514 5633 655 5705 ﬂuod
686 5632 752 5688 de
773 5633 880 5688 alio
904 5631 1180 5687 accidente
1206 5632 1352 5685 velut
1381 5629 1449 5684 de
1479 5629 1723 5697 subjecto
1754 5627 2092 5696 praedicatur.

2203 5451 2420 5514 propter
2457 5442 2579 5506 boc,
2615 5441 2831 5495 verbum
2863 5438 3143 5494 vocabitur
3171 5439 3459 5496 inﬁnitum.

2274 5534 2520 5591 Similiter
2546 5543 2715 5587 autem
2745 5541 2909 5585 curret
2947 5541 2995 5586 et
3021 5532 3253 5585 currebat
3299 5530 3507 5587 verbum
3557 5551 3656 5587 non
3687 5544 3799 5601 est,

2195 5628 2283 5684 sed
2312 5642 2461 5681 casus
2491 5624 2642 5678 verbi.
2675 5621 2862 5692 Di/fert
2891 5638 3061 5677 au'em
3082 5641 3114 5677 a
3135 5623 3283 5676 verba
3308 5625 3447 5693 quod
3470 5627 3563 5677 hoc
3577 5626 3801 5694 quidem

513 5722 789 5782 Hactenus
835 5724 1204 5781 deﬁnitionem
1241 5722 1389 5777 verbi
1431 5720 1721 5777 distribuit.
1774 5719 1926 5774 Nunc
1963 5733 2093 5773 vero
2195 5718 2547 5789 contigui/ica!
2575 5732 2796 5795 prtrsetts
2824 5724 3041 5783 tempus,
3074 5716 3297 5769 illarero
3322 5732 3436 5786 qua:
3456 5718 3595 5771 circa
3636 5726 3801 5777 sunt.

514 5816 658 5889 picut
703 5817 827 5872 fecit
867 5816 922 5871 in
964 5816 1204 5881 nomine,
1228 5829 1290 5872 ea
1320 5829 1439 5884 quas
1486 5815 1541 5869 in
1590 5813 1814 5871 verbum
1856 5810 2093 5869 incidero

2269 5810 2339 5873 Ut
2355 5810 2411 5866 in
2432 5808 2646 5865 nomine
2662 5807 2789 5865 fecit
2810 5822 2929 5863 cum
2952 5821 3109 5863 casus
3128 5823 3154 5862 a
3180 5808 3485 5867 nominibus
3510 5810 3796 5883 distinxit,
