4022 6332
241 352 344 410 ως

994 347 1061 406 IN
1098 343 1358 403 LIBRUM
1396 341 1487 399 ne
1514 330 2179 399 lNTEltPRE'I'ATlONB
2217 282 2447 395 solito
2484 336 2715 395 PRIMA.

3409 340 3512 396 510

154 518 173 536 λ
241 468 314 524 ita
335 476 550 536 quoque
577 474 735 519 casus
758 459 1049 516 verborum
1080 472 1222 513 nunc
1249 472 1279 511 a
1304 454 1591 511 verborum
1616 452 1825 506 ratione
1856 448 1910 511 Α
1933 448 2049 517 ipse
2079 449 2391 505 Aristoteles
2429 450 2600 520 ponit.
2659 446 2795 505 Cum
2850 449 2993 506 enim
3024 451 3254 520 simplex
3285 449 3514 506 dicimus

244 558 518 630 disjungit.
552 556 741 611 Curret
771 555 925 610 enim
945 551 1085 624 quod
1132 551 1364 605 futurum
1397 556 1502 613 est,
1529 546 1610 601 v‘cl
1641 557 1828 601 curre-

244 654 337 710 bat
361 649 505 724 quod
533 649 789 720 prateriti
821 645 1013 702 retinet
1047 652 1273 714 partem,
1309 642 1392 697 vel
1428 639 1663 696 cucurrit
1684 635 1826 707 quod

245 751 331 801 est
380 743 644 811 integrum
693 739 1096 810 perfectumque
1138 734 1490 805 prmteritnm,
1546 744 1653 785 non
1708 736 1831 783 sunt

246 832 439 899 verba,
464 832 559 888 sed
594 831 878 885 verborum
904 841 1079 897 casus,
1130 838 1365 897 praesens
1395 824 1538 880 enim
1567 831 1658 875 aut
1684 820 1830 875 futu-

247 940 369 981 rum
392 933 691 995 exspectat,
725 932 817 977 aut
854 921 1179 991 praeteritum
1208 917 1476 987 relinquit.
1512 917 1685 985 Atque
1710 913 1831 967 ideo

251 1016 492 1072 futurum
547 1026 758 1086 tempus
799 1014 865 1069 ad
902 1028 1139 1085 prieseus
1187 1012 1374 1075 tendit,
1426 1009 1750 1077 praeteritum
1798 1020 1830 1061 a

249 1108 506 1181 praesenti
541 1107 777 1163 inchoat.
813 1106 962 1163 Unde
994 1106 1050 1160 ﬁt
1079 1115 1137 1160 ut
1164 1102 1530 1175 principaliter
1560 1101 1833 1156 contineat

248 1200 474 1256 verbum
499 1196 552 1254 id
574 1200 711 1269 quod
736 1208 816 1253 εει
840 1210 1096 1268 praesens,
1128 1202 1185 1250 ut
1214 1192 1286 1249 sit
1313 1193 1534 1249 verbum
1563 1191 1829 1259 integrum

245 1293 391 1364 quod
425 1300 664 1362 praesens
693 1290 952 1361 designat.
987 1288 1112 1344 llaec
1140 1294 1318 1343 autem
1344 1301 1460 1355 quae
1482 1294 1676 1355 praeter
1696 1298 1831 1353 prae-

246 1392 377 1439 setis
403 1382 458 1437 in
490 1382 665 1453 aliqua
719 1379 1108 1449 significatione
1162 1387 1306 1445 sunt,
1339 1390 1443 1431 non
1473 1386 1598 1430 sunt
1644 1375 1829 1440 verba,

248 1472 344 1529 sed
363 1473 656 1527 verborum
672 1484 852 1526 casus.
877 1468 971 1525 llic
986 1483 1197 1539 quoque
1218 1469 1356 1523 sicut
1378 1468 1431 1521 in
1450 1465 1667 1520 nomine
1685 1462 1829 1527 fecit,

243 1566 536 1622 Verborum
566 1577 619 1619 et
648 1576 869 1619 casuum
900 1560 1255 1617 dill‘crentiam
1308 1558 1505 1629 prodit.
1532 1557 1618 1612 Ait
1647 1556 1788 1611 enim
1813 1570 1827 1607 :

245 1661 423 1716 Omne
445 1658 666 1715 verbum
692 1670 932 1729 prmsens
953 1654 1216 1725 signiﬁcat
1244 1663 1472 1723 tempus.
1505 1653 1671 1707 Casus
1713 1660 1833 1705 ver-

246 1754 445 1809 borum
471 1746 593 1806 illud
615 1758 826 1819 tempus
853 1749 1136 1819 signiﬁcat,
1165 1746 1305 1814 quod
1329 1746 1467 1800 circa
1500 1744 1672 1815 ipsum
1696 1757 1835 1812 pra:-

1938 555 2154 607 nomen,
2188 541 2446 595 auditoris
2469 541 2683 596 inchoat
2709 541 3017 597 intellectus
3036 556 3161 597 cum
3188 548 3373 597 nostra
3393 556 3518 610 pro-

1942 634 2159 698 latione,
2192 642 2246 688 et
2269 634 2391 688 dum
2418 634 2756 704 proferimus,
2782 632 3007 689 dicentis
3034 632 3275 704 sequitur
3299 647 3511 698 vocem,

1935 731 1990 779 et
2017 733 2144 779 tunc
2171 723 2422 794 quiescit,
2463 739 2582 778 cum
2617 724 2744 780 illud
2775 738 2968 779 nomen
3020 723 3175 780 fuerit
3219 725 3513 792 expletum.
3574 728 3575 731 “

1935 823 2068 878 Cum
2097 825 2238 879 enim
2273 825 2414 893 dico,
2458 824 2941 893 Hippocentaurus,
2965 826 3262 895 ingreditur
3286 841 3313 879 a
3340 826 3513 897 prima

1938 918 2146 989 syllaba
2173 916 2440 972 audientis
2484 916 2803 983 intellectus,
2851 926 2906 973 et
2951 932 3119 987 usque
3147 918 3212 972 ad
3247 918 3404 972 ﬁnem
3435 929 3515 973 to-

1938 1008 2042 1064 tius
2069 994 2298 1064 nominis
2328 1024 2434 1064 non
2486 1009 2733 1079 quiescit.
2788 1008 2886 1064 Ubi
2940 1024 3069 1065 vero
3093 1018 3388 1066 extremam
3420 1026 3516 1066 au-

1937 1102 2094 1158 dierit
2120 1102 2403 1173 syllabam,
2435 1118 2557 1157 mox
2593 1102 2719 1173 quid
2749 1104 2945 1157 dictum
2978 1104 3049 1158 sit
3078 1104 3287 1159 auditor
3318 1105 3518 1161 iutelli-
3590 1163 3597 1169 _

1934 1196 2035 1266 git,
2058 1205 2114 1252 et
2140 1195 2206 1250 ad
2238 1195 2355 1264 ejus
2381 1195 2786 1266 intelligentiam
2819 1198 3166 1266 conquiescit.
3197 1198 3287 1254 Sic
3312 1214 3437 1269 ergo
3458 1206 3517 1254 et

1938 1289 1991 1343 in
2020 1290 2205 1355 verbo,
2238 1304 2358 1343 Clllll
2408 1290 2634 1344 dicimus
2663 1304 2900 1355 currere,
2947 1291 3249 1347 intellectus
3298 1292 3514 1362 quidem

1936 1379 2200 1439 audientis
2232 1395 2324 1449 per
2352 1380 2466 1448 ejus
2496 1381 2733 1451 syllabas
2760 1398 2880 1451 quas
2907 1392 3051 1444 sunt,
3103 1398 3214 1445 cur,
3252 1392 3306 1438 et
3330 1399 3405 1449 re,
3462 1392 3518 1439 et

1937 1487 2123 1528 rursus
2152 1490 2230 1540 re,
2258 1473 2433 1539 vadit;
2493 1473 2588 1528 sed
2640 1474 2728 1529 ubi
2759 1487 3060 1530 extremam
3093 1477 3323 1530 audierit
3352 1477 3515 1547 sylla-

1935 1564 2081 1631 bam,
2111 1580 2235 1619 mox
2270 1566 2432 1620 totius
2460 1566 2607 1620 verbi
2634 1567 2856 1635 capiens
2881 1567 3323 1637 signiﬁcationem
3354 1568 3515 1622 intel-

1936 1656 2106 1712 lectus
2128 1658 2374 1728 quiescit.
2425 1659 2568 1729 Ergo
2592 1662 2958 1730 verbumNper
2985 1675 3043 1715 se
3081 1659 3283 1715 dictum
3316 1660 3518 1715 nomini

1936 1749 2113 1804 simile
2132 1758 2236 1816 est,
2275 1759 2435 1806 etest
2474 1750 2875 1820 quodammodo
2905 1766 3119 1807 nomen.
3173 1751 3323 1807 Sicut
3370 1750 3518 1806 enim

242 1858 373 1900 seris
402 1851 501 1908 est,
529 1842 689 1910 idque
727 1840 1116 1911 complectitur.
1160 1837 1601 1907 Compleclunlur
1652 1846 1831 1888 amem
1862 1842 1913 1904 B
1939 1842 1995 1896 in
2024 1843 2240 1897 nomine
2274 1842 2319 1897 is
2344 1844 2432 1913 qui
2459 1843 2606 1908 dicit,
2642 1844 2970 1900 intellectum
3018 1845 3285 1899 audientis
3317 1844 3517 1898 ultimm

242 1933 296 1990 id
328 1934 469 2004 quod
518 1941 604 1987 est
642 1942 896 2002 praesens,
957 1931 1096 1985 circa
1128 1928 1270 1999 quod
1302 1930 1477 1998 ipsum
1508 1935 1654 1990 sunt,
1689 1923 1831 1980 futu-

240 2022 364 2081 rum
395 2032 451 2079 et
478 2024 809 2095 practeritum
841 2031 1087 2091 tempus;
1116 2022 1253 2074 inter
1282 2029 1507 2089 utraque
1529 2018 1670 2071 enim
1695 2026 1833 2071 lem-

245 2128 376 2190 pora
407 2128 650 2187 prasens
680 2116 905 2170 locatur.
960 2112 1227 2183 Quidquid
1279 2118 1407 2180 ergo
1457 2110 1541 2163 vel
1596 2108 1830 2162 futurum

244 2216 478 2279 tempus,
504 2208 588 2263 vel
612 2207 947 2277 praeteritum
972 2205 1257 2275 signiﬁcat,
1285 2219 1403 2273 quae
1426 2210 1669 2272 tempora
1693 2213 1832 2269 prte-

242 2312 371 2359 stms
396 2301 831 2370 complectuntur
878 2308 933 2353 et
960 2299 1105 2369 circa
1144 2300 1291 2363 sunt,
1345 2309 1451 2349 non
1499 2291 1686 2359 verba,
1740 2290 1834 2346 sed

243 2395 539 2451 verborum
571 2406 727 2446 casus
757 2389 1027 2444 dicuntur.
1063 2387 1157 2441 Est
1186 2401 1313 2455 ergo
1360 2386 1562 2455 integra
1594 2380 1835 2437 deﬁnitio

242 2488 426 2543 verbi.
450 2482 680 2559 Verbpm
701 2491 784 2539 est
805 2497 907 2542 vos
950 2482 1301 2553 signiﬁcativa
1333 2478 1629 2533 secundum
1674 2476 1836 2544 placi-

246 2589 369 2633 tum
402 2590 523 2631 cum
571 2580 827 2646 tempore,
858 2574 1014 2643 cujus
1041 2571 1185 2627 nulla
1220 2587 1343 2639 pars
1367 2580 1522 2626 extra
1568 2568 1838 2638 signiﬁca-

244 2672 356 2728 tiva
380 2677 471 2725 est
491 2676 754 2738 separata,
786 2666 1065 2723 deﬁnitum
1094 2663 1300 2733 aliquid
1330 2660 1658 2731 signiﬁcans,
1694 2672 1833 2729 pra:-

247 2768 418 2821 sentis
450 2761 893 2833 signiﬁcationem
945 2770 1153 2813 tenens.
1211 2755 1474 2821 Quoniam
1530 2766 1659 2806 vero
1714 2763 1839 2819 pars

246 2856 399 2914 Verbi
440 2853 572 2909 nihil
594 2856 743 2909 extra
759 2851 1023 2920 designet,
1055 2863 1117 2904 ex
1146 2863 1209 2903 eo
1234 2844 1573 2901 manifcsmm
1596 2850 1677 2898 est
1697 2839 1839 2910 quod

249 2964 323 3004 ne
351 2946 580 3002 nominis
602 2944 818 3017 quidem
847 2954 969 3010 pars
999 2934 1284 3010 quidquam
1322 2942 1473 2989 extra
1498 2932 1782 3003 signiﬁcat.

322 3036 442 3108 Ipsa
480 3039 657 3109 itaque
681 3036 963 3092 secundant
986 3048 1037 3087 se
1063 3032 1202 3086 dicta
1238 3028 1410 3097 verba,
1445 3027 1650 3081 nomina
1696 3032 1839 3088 sunt,

247 3141 300 3187 ct
326 3130 614 3203 signiﬁcant
644 3124 862 3199 aliquid.
897 3122 1170 3179 Constituit
1204 3121 1336 3176 enim
1368 3118 1455 3191 qui
1485 3117 1609 3171 dicit
1635 3115 1841 3171 intelle-

247 3234 408 3293 ctum,
439 3233 488 3278 et
512 3222 600 3293 qui
622 3220 765 3275 audit
790 3217 1018 3289 quiescit.

323 3347 745 3403 Subtilissimum
792 3341 1007 3414 quidem
1034 3336 1328 3408 ingreditur
1348 3349 1589 3398 sensum,
1624 3324 1718 3389 sed
1759 3340 1843 3387 est

249 3438 597 3511 huiusmodi:
626 3435 823 3501 Omne,
848 3433 1040 3501 inquit,
1060 3429 1283 3485 verbum
1304 3443 1396 3496 per
1417 3442 1474 3482 se
1498 3435 1553 3482 et
1575 3424 1691 3479 sine
1714 3422 1845 3479 alte-

251 3533 368 3589 rius
411 3529 800 3600 conjunctione
830 3524 1117 3594 prolatum,
1177 3520 1410 3576 nominis
1448 3514 1846 3589 quodammodo

253 3622 492 3695 speciem
521 3629 691 3687 tenet,
722 3626 777 3674 et
807 3632 933 3672 vere
962 3629 1155 3670 nomen
1206 3622 1308 3668 est.
1355 3609 1486 3666 Cum
1516 3608 1658 3665 enim
1701 3607 1845 3673 dico,

252 3717 430 3773 Homo
468 3714 661 3778 currit,
698 3721 821 3765 tunc
852 3709 903 3764 id
928 3705 1068 3778 quod
1094 3704 1204 3761 dixi
1258 3703 1446 3767 currit,
1476 3700 1541 3756 ad
1576 3700 1845 3755 hominem

253 3808 498 3865 referens
523 3808 788 3874 integrum
812 3799 912 3856 feci
939 3799 1188 3864 verbum,
1221 3795 1477 3867 quoniam
1523 3794 1638 3848 sine
1686 3788 1851 3846 dubio

255 3916 475 3972 semper
502 3899 573 3955 de
602 3898 775 3952 altero
804 3893 1147 3967 praedicatur.
1178 3891 1272 3947 Sin
1304 3904 1432 3943 vero
1452 3903 1545 3958 per
1572 3901 1629 3942 se
1658 3885 1852 3941 dixero

256 3992 454 4056 currit,
477 4006 634 4046 suum
661 3987 915 4058 quiddam
937 3981 1331 4056 quodammodo
1363 3980 1497 4036 facio
1524 3980 1695 4050 ipsum
1727 3994 1851 4034 cur-

259 4087 350 4151 rit,
386 4098 511 4139 cum
532 4084 675 4138 nullo
696 4081 801 4135 alio
820 4080 1072 4151 jungens,
1099 4088 1153 4132 et
1183 4077 1241 4153 ﬁt
1268 4075 1398 4130 mihi
1431 4090 1647 4129 nomen.
1698 4070 1855 4127 Unde

266 4171 448 4229 ϐε·ωεί
477 4186 679 4242 quoque
707 4173 789 4225 his
820 4185 915 4240 per
939 4182 997 4223 se
1018 4167 1175 4243 dictis
1204 4165 1406 4231 verbis,
1441 4164 1725 4234 aliquoties
1755 4161 1853 4216 ad-

259 4266 400 4322 dunt
434 4263 734 4318 articularia
790 4259 1151 4331 prtepositiva,
1203 4266 1258 4311 ut
1300 4265 1385 4312 est
1408 4256 1465 4311 τὸ
1489 4257 1716 4331 τρέχειν,
1762 4259 1853 4309 τοῦ

260 4360 497 4436 τρέχειν.
530 4355 586 4411 Si
608 4354 727 4425 quis
756 4352 899 4408 enim
929 4352 1092 4414 dicat,
1125 4347 1361 4404 velocius
1384 4356 1465 4401 est
1492 4347 1543 4400 id
1595 4344 1737 4415 quod
1776 4353 1860 4400 est

261 4435 486 4507 currere
507 4462 575 4502 eo
599 4445 742 4516 quod
790 4441 1191 4517 est_ambulare,
1244 4440 1299 4493 in
1330 4436 1424 4492 illo
1469 4435 1857 4491 nominativum

261 4543 437 4613 junxit
466 4540 775 4606 articulum,
800 4535 1005 4599 dicens,
1035 4532 1087 4589 id
1122 4531 1259 4603 quod
1288 4540 1369 4587 est
1392 4544 1649 4593 currere;
1681 4529 1733 4583 in
1765 4528 1860 4583 illo

1933 1938 2152 2010 syllaba:
2179 1938 2499 2007 prolatione,
2523 1948 2578 1995 et
2601 1938 2763 1994 totius
2786 1940 3017 1995 notninis
3045 1938 3368 2008 perfectione
3387 1952 3517 1993 con-

1933 2034 2122 2096 stituit,
2155 2042 2209 2087 ct
2238 2034 2282 2087 is
2304 2033 2395 2102 qui
2426 2033 2577 2089 audit
2611 2035 2855 2104 quiescit,
2890 2044 2944 2089 et
2972 2035 3111 2088 ultra
3162 2034 3278 2103 ejus
3317 2031 3516 2087 intelli-

1934 2122 2115 2193 gentia
2167 2137 2272 2177 non
2321 2123 2677 2192 progreditur,
2732 2125 2801 2177 ita
2857 2139 3070 2194 quoque
3096 2132 3153 2179 et
3192 2124 3437 2188 verbum,
3471 2122 3521 2179 si

1938 2229 2032 2283 per
2055 2228 2115 2269 se
2138 2214 2364 2278 dicatur,
2393 2214 2658 2269 audientis
2688 2215 2961 2271 constituit
2982 2214 3312 2269 intellectum
3337 2253 3353 2280 ,
3375 2213 3521 2285 quod

1937 2307 1982 2360 si
2012 2321 2134 2359 cum
2189 2306 2295 2359 alio
2326 2308 2698 2376 conjungatur,
2754 2308 2987 2361 nondum
3020 2315 3131 2361 tota
3175 2305 3521 2376 intelligentia

1938 2397 2279 2451 constituitur
2299 2398 2585 2453 audientis.
2621 2399 2689 2453 Ut
2717 2414 2841 2454 cum
2871 2399 3015 2462 dico,
3047 2386 3300 2455 Socrates
3325 2399 3520 2454 ambu-

1940 2488 2036 2554 lat,
2062 2489 2114 2543 in
2136 2490 2253 2544 solo
2278 2489 2537 2556 ambulat,
2571 2491 2713 2561 quod
2742 2501 2823 2545 est
2843 2490 3086 2556 verbum,
3139 2505 3246 2545 non
3277 2491 3521 2547 consistit

1943 2578 2175 2650 perfecta
2226 2581 2513 2644 sententia,
2547 2580 2648 2633 nisi
2692 2580 2744 2633 in
2773 2589 2906 2646 ιοιο,
2950 2579 3091 2649 quod
3125 2587 3228 2653 ,est
3272 2579 3525 2637 Socrates

1944 2672 2199 2728 ambulat.
2250 2672 2455 2727 Rursus
2508 2676 2631 2727 cum
2679 2672 2820 2737 dico,
2852 2671 3150 2737 ambulare,
3184 2675 3385 2727 moveri
3416 2682 3520 2740 est,

1943 2783 2050 2823 non
2079 2768 2131 2822 in
2154 2782 2479 2837 unoquoque
2510 2766 2701 2821 horum
2730 2766 2895 2821 verbo
2925 2766 3191 2821 sententia
3233 2766 3524 2821 constituta

1944 2872 2047 2926 est,
2078 2862 2172 2917 sed
2199 2861 2252 2916 in
2281 2870 2391 2915 tota
2413 2861 2656 2915 oratione
2674 2859 3006 2930 conquiescit
3035 2857 3269 2913 auditor.
3320 2857 3525 2913 Idcirco

1944 2953 2200 3025 quoniam
2228 2952 2272 3007 si
2302 2953 2519 3007 verbum
2556 2951 2625 3007 de
2654 2951 2816 3005 verbo
2841 2950 3014 3005 altero
3056 2948 3298 3018 subjecto
3329 2947 3525 3017 praedi-

1945 3055 2117 3111 cetur,
2146 3044 2424 3114 utriusque
2454 3043 2601 3098 verbi
2625 3042 3064 3113 signiﬁcationem
3091 3041 3267 3111 jungit
3287 3038 3522 3109 auditor,

1947 3145 2004 3192 et
2029 3151 2134 3191 non
2162 3149 2257 3204 per
2285 3148 2344 3189 se
2370 3133 2590 3188 verbum
2617 3134 2788 3201 ipsum
2812 3131 3117 3187 considerat
3142 3130 3282 3199 quod
3308 3129 3526 3197 dicitur,

1868 3231 1917 3295 Ο
1945 3231 2038 3286 sed
2065 3231 2130 3283 ad
2164 3230 2389 3282 alterum
2415 3227 2600 3291 refert,
2626 3235 2684 3281 ut
2711 3226 2984 3281 ambulare
3008 3222 3212 3280 moveri
3256 3230 3360 3289 est,
3413 3237 3528 3278 amo

1947 3323 2271 3381 bulationem
2300 3320 2367 3375 nd
2395 3328 2619 3386 motum,
2656 3319 2741 3373 vel
2765 3320 3012 3373 Socrates
3050 3316 3311 3381 ambulat,
3339 3314 3530 3370 ambus

1950 3414 2278 3474 lationcmad
2294 3414 2591 3469 Socratem.
2618 3410 2765 3464 Tunc
2787 3425 2913 3479 ergo
2927 3409 3259 3476 ﬁtintegrum
3277 3406 3524 3473 verbum,

1949 3524 2071 3564 cum
2098 3506 2328 3563 refertur
2342 3502 2406 3557 ad
2429 3504 2680 3557 alterum.
2701 3503 2768 3556 At
2783 3500 2827 3555 si
2848 3499 3163 3568 simpliciter
3183 3499 3524 3566 praedicetur,

1950 3602 2170 3657 verbum
2199 3612 2395 3654 nomen
2414 3603 2520 3661 est,
2545 3595 2744 3649 idcirco
2757 3591 2896 3663 quod
2924 3593 3064 3646 sicut
3085 3604 3279 3645 nomen
3301 3589 3528 3655 dictum,

1953 3695 2026 3749 ita
2054 3707 2266 3762 quoque
2293 3690 2516 3745 verbum
2538 3685 2801 3742 audientis
2822 3684 3098 3739 constituit
3123 3683 3474 3739 intellectum.

2024 3783 2133 3839 Sed
2158 3783 2202 3836 si
2230 3790 2323 3847 est,
2382 3779 2458 3833 vel
2503 3793 2607 3832 non
2633 3787 2729 3844 est,
2763 3777 2991 3831 nondum
3041 3775 3317 3847 signiﬁcat,
3368 3787 3529 3845 neque

1954 3877 2087 3931 enim
2107 3876 2309 3947 signum
2337 3881 2413 3928 est
2432 3873 2527 3939 rei,
2557 3885 2667 3925 esse
2681 3871 2760 3926 vel
2786 3885 2887 3924 non
2907 3883 3035 3923 ctu.

2028 3966 2133 4023 Sed
2164 3978 2464 4034 quanquam
2496 3977 2689 4018 nomen
2720 3963 2810 4028 sit,
2842 3960 3034 4030 inquit,
3063 3958 3309 4025 verbum,
3359 3965 3416 4012 et
3439 3956 3533 4011 ali-

1956 4062 2085 4133 quid
2113 4058 2331 4116 deﬁnite
2356 4058 2622 4128 signiﬁcet
2647 4070 2743 4126 per
2781 4069 2839 4109 se
2881 4054 3101 4118 dictum,
3154 4054 3325 4108 solum
3356 4061 3534 4108 tamen

1957 4169 2067 4210 non
2088 4153 2248 4207 faciet
2286 4149 2733 4212 enuntiationem,
2786 4159 2960 4214 neque
2978 4158 3161 4199 verum
3191 4141 3393 4212 aliquid
3440 4142 3536 4195 fal-

1959 4257 2148 4300 sumve
2177 4240 2486 4304 constituet;
2519 4239 2621 4294 hoc
2648 4246 2731 4293 est
2760 4237 2902 4291 enim
2925 4234 3066 4305 quod
3095 4236 3202 4287 ait:
3231 4234 3335 4288 Sed
3355 4233 3398 4287 si
3426 4240 3532 4300 est,

1960 4335 2044 4390 vel
2076 4348 2181 4388 non
2207 4340 2308 4397 est,
2337 4329 2570 4384 nondum
2602 4327 2883 4398 signiﬁwt.
2907 4326 2987 4380 Ad
3010 4324 3419 4379 afﬁrmationem
3446 4337 3531 4378 re-

1960 4430 2139 4484 ferens
2160 4426 2301 4497 quod
2331 4424 2485 4490 dixit,
2511 4422 2605 4477 sed
2619 4422 2789 4484 siest;
2812 4419 2878 4474 ad
2897 4419 3255 4489 negationem,
3279 4417 3421 4486 quod
3443 4417 3537 4484 ait,

1960 4522 2046 4578 vel
2070 4528 2294 4575 nonest.
2327 4515 2469 4571 Nihil
2495 4516 2637 4570 enim
2670 4512 2862 4567 horum
2890 4510 3153 4581 signiﬁcat
3182 4509 3329 4564 verbi
3359 4524 3451 4578 per
3478 4522 3537 4566 se

260 4601 391 4689 vero
413 4631 739 4696 ablativum,
762 4601 977 4693 dicens,
1003 4639 1071 4680 eo
1096 4601 1239 4694 quod
1261 4630 1344 4677 est
1369 4621 1662 4676 ambulare.
1695 4619 1854 4675 Velut
1881 4621 1937 4685 Ι)
1961 4613 2212 4684 praedicta
2238 4608 2487 4681 prolatio.
2520 4606 2650 4661 Cum
2679 4605 2822 4661 enim
2847 4604 2989 4672 dico,
3023 4601 3210 4667 currit,
3238 4602 3339 4657 hoc
3362 4604 3540 4670 ipsum

260 4723 310 4780 si
336 4724 461 4795 quis
493 4720 550 4776 in
578 4720 793 4775 nomine
821 4719 987 4787 dicat,
1016 4714 1068 4770 id
1098 4713 1237 4783 quod
1268 4723 1349 4768 est
1377 4727 1654 4769 scamnum
1685 4711 1857 4767 levius

259 4825 347 4870 est
376 4829 446 4869 eo
471 4811 616 4883 quod
657 4820 738 4865 est
767 4810 959 4865 ostium
979 4849 994 4872 ,
1027 4808 1128 4861 hoc
1156 4805 1299 4877 quod
1344 4804 1599 4869 diximus,
1631 4801 1684 4857 id
1715 4801 1857 4873 quod

259 4913 351 4963 est
378 4917 683 4967 scamnum,
718 4900 784 4954 ad
815 4900 986 4968 ipsum
1013 4912 1289 4953 scamnum
1329 4895 1614 4950 articulnre
1643 4907 1859 4963 pracpo-

257 5000 487 5055 sitivum
513 4994 810 5066 junxitnus,
846 5002 1093 5063 tanquam
1136 4989 1183 5045 si
1207 4989 1527 5052 diceremus,
1564 4987 1665 5042 hoc
1686 5001 1862 5041 scam-

256 5105 419 5146 num.
456 5086 524 5141 Et
573 5080 716 5156 quod
748 5098 934 5138 rursus
963 5082 1213 5148 diximus,
1246 5095 1311 5135 co
1355 5081 1497 5150 quod
1524 5090 1607 5135 est
1636 5080 1858 5148 ostium,

251 5192 522 5250 tanquam
554 5177 599 5233 si
626 5175 951 5239 diceremus.
1006 5174 1108 5229 hoc
1151 5174 1310 5230 ostio.
1356 5173 1431 5228 Ita
1481 5188 1691 5243 quoque
1738 5187 1861 5227 cum

228 5270 523 5342 'dicimus,
557 5273 795 5330 velocius
816 5281 898 5327 est
922 5271 972 5325 id
1000 5269 1139 5341 quod
1164 5278 1248 5325 est
1274 5283 1493 5324 currere
1523 5282 1589 5324 eo
1619 5267 1758 5335 quod
1783 5273 1867 5323 est

1963 4709 2132 4764 currit
2160 4705 2420 4775 significat
2462 4700 2676 4771 quidem
2721 4696 2940 4767 aliquid,
2991 4695 3086 4751 sed
3113 4697 3155 4750 si
3187 4704 3271 4751 εει
3308 4703 3401 4749 aut
3430 4709 3539 4750 non

1965 4807 2044 4855 est
2074 4796 2309 4853 nondum
2360 4791 2644 4862 signiﬁcat.
2696 4788 2878 4858 Neque
2904 4786 3045 4841 enim
3075 4801 3191 4841 esse
3222 4787 3429 4856 signum
3458 4794 3541 4842 est

1966 4892 2079 4952 rei,
2111 4895 2203 4943 aut
2246 4900 2352 4939 uon
2388 4897 2529 4939 esse.
2571 4879 2722 4949 Quod
2767 4886 2971 4933 tantum
3007 4877 3184 4943 valet,
3218 4886 3465 4947 tanquam
3496 4877 3540 4935 si

1966 4985 2140 5040 dicam
2163 5022 2177 5047 ,
2204 4981 2258 5038 id
2289 4980 2431 5050 quod
2461 4979 2579 5034 dico
2608 4978 2811 5045 currit,
2859 4991 2966 5030 non
3005 4973 3265 5044 signiﬁcat
3304 4985 3426 5027 esse
3464 4970 3540 5038 ip-

1940 5092 2087 5132 .sum
2114 5089 2328 5130 cursum
2349 5115 2366 5141 ,
2401 5079 2493 5127 aut
2516 5086 2621 5125 non
2655 5084 2794 5125 esse.
2820 5068 2876 5124 Si
2905 5068 3049 5124 cutim
3076 5066 3401 5136 signiﬁcaret
3419 5105 3432 5129 ,
3469 5062 3541 5121 ita

1967 5171 2276 5226 diceretur:
2322 5179 2541 5220 currere
2580 5170 2695 5228 est,
2738 5161 2819 5217 vel
2842 5175 3059 5217 currere
3105 5174 3214 5214 non
3260 5164 3364 5212 est.
3393 5153 3542 5213 Nune

1968 5273 2145 5319 autem
2175 5259 2342 5315 currit
2370 5272 2476 5313 non
2514 5254 2760 5324 designat
2797 5267 2919 5308 esse
2955 5253 3126 5321 ipsam
3162 5263 3275 5304 rem
3313 5248 3396 5302 vel
3435 5259 3541 5304 non

1968 5370 2112 5411 esse.
2149 5352 2350 5406 Dicitur
2386 5348 2528 5403 enim
2556 5348 2753 5412 solum,
2777 5355 2832 5401 et
2851 5354 2931 5400 est
2953 5341 3262 5398 intellectus
3285 5338 3442 5409 quida
3456 5344 3558 5403 tu,t

248 5369 571 5433 ambulare,
604 5366 705 5420 hoc
727 5363 866 5436 quod
898 5364 1146 5428 dicimus,
1180 5362 1229 5416 id
1250 5360 1390 5431 quod
1417 5370 1499 5414 est
1524 5375 1763 5425 currere,
1791 5358 1865 5415 ita

248 5456 525 5537 ponimus
545 5467 794 5526 tanquam
820 5454 863 5508 si
896 5452 1156 5520 dicamus,
1179 5452 1282 5507 hoc
1311 5464 1561 5514 currere;
1582 5457 1635 5505 et
1651 5464 1861 5515 rursus,

248 5568 343 5613 eo
374 5550 515 5624 quod
548 5559 628 5604 est
659 5546 953 5613 ambulare,
987 5555 1239 5615 tanquam
1268 5544 1641 5619 sidiceretnus
1666 5542 1864 5597 ablati-

248 5664 347 5703 το
377 5638 560 5707 modo,
594 5640 897 5717 ambulare,
921 5641 1072 5711 quasi
1103 5641 1414 5695 translatum
1446 5639 1512 5693 ad
1546 5653 1740 5693 nomen
1772 5636 1864 5703 sit,

226 5738 588 5806 dictumque
620 5732 690 5787 sit
715 5732 813 5787 bac
841 5731 1230 5789 ambulatione.
1265 5731 1443 5797 Quare
1491 5745 1587 5798 per
1634 5744 1695 5784 se
1724 5728 1863 5784 dicta

220 5831 442 5897 'ymbi
481 5828 693 5891 nomina
723 5838 865 5887 sunt.
900 5826 966 5881 Et
1009 5833 1092 5880 est
1120 5823 1277 5893 hujus
1306 5824 1381 5878 rei
1432 5823 1673 5889 probatio
1704 5833 1864 5891 quam

1940 5444 2067 5501 :sed
2099 5456 2270 5511 neque
2298 5438 2710 5494 afﬁrmatiouem
2753 5434 3047 5505 significat,
3089 5444 3263 5499 neque
3306 5427 3541 5498 negatio-

1938 5572 1943 5577 ι
1971 5552 2114 5605 nem,
2144 5534 2343 5589 idcirco
2368 5530 2508 5600 quod
2554 5543 2725 5597 neque
2764 5527 2914 5596 ponit
2954 5539 3065 5579 rem
3108 5536 3263 5589 esse,
3295 5533 3395 5575 nec
3423 5533 3541 5577 eam

1972 5629 2250 5687 interimit.
2298 5625 2447 5691 Quod
2491 5637 2585 5691 per
2615 5621 2717 5676 hoc
2757 5616 3076 5674 monstravit
3116 5614 3257 5684 quod
3289 5614 3403 5668 ait:
3437 5611 3541 5669 Ns-

1936 5764 1943 5783 ;
1971 5739 2073 5794 que
2104 5724 2246 5777 enim
2281 5733 2407 5777 esse
2433 5718 2642 5788 signum
2676 5722 2757 5785 est
2787 5712 2898 5775 rei,
2932 5709 3016 5766 vel
3049 5723 3154 5764 non
3182 5723 3337 5773 esse,
3380 5706 3429 5762 id
3461 5711 3541 5765 est

1974 5830 2147 5891 neque
2175 5812 2313 5869 enim
2345 5808 2616 5880 quodlibet
2643 5805 2860 5867 verbum
2914 5804 2983 5859 ita
3015 5801 3355 5874 praedicatur,
3386 5809 3444 5855 ut
3469 5798 3536 5865 si-
