4022 6332
469 335 566 390 3H

1695 327 1804 387 ΑΝ.
1847 326 2056 384 ΜΑΝι..
2096 325 2250 382 SEV.
2292 325 2514 382 BOETll

3627 325 3729 382 διε

467 467 632 522 gnum
663 452 734 508 sit
759 453 834 509 rei
864 451 1004 508 illius
1042 451 1109 506 de
1138 461 1242 520 qua
1267 447 1606 520 prmdicatur,
1649 447 1900 518 quoniam
1925 453 2006 501 est
2032 488 2046 512 ,
2081 448 2353 514 Agnant,
2399 440 2661 496 orationis
2705 453 2835 496 vero
2874 453 2998 510 pars
3039 438 3237 510 aliquid
3279 449 3521 512 separata
3563 442 3729 514 signi-

471 544 556 600 vel
583 545 833 614 quoniam
859 558 962 598 non
993 551 1093 597 est.

549 648 658 700 Nec
687 648 729 699 si
757 646 852 700 hoc
880 648 1044 715 ipsum
1066 686 1080 710 ,
1116 655 1220 709 est,
1253 661 1438 713 purum
1464 644 1651 699 dixeris
1671 687 1686 713 ,
1718 645 1888 712 ipsum
1915 644 2050 698 enim

475 738 606 792 nihil
659 748 764 803 est,
808 737 1161 807 consigniﬁcat
1199 745 1368 790 autem
1405 737 1684 806 quamdam
1728 737 2054 807 compositio-

476 848 594 886 nem
615 871 630 896 ,
662 846 815 897 qutm
843 830 951 882 sine
981 829 1273 897 compositis
1305 845 1406 882 non
1433 839 1505 882 est
1534 827 1835 898 intelligere.
1921 820 1932 831 ’

484 961 504 970 ι
549 930 646 983 Εει
677 929 897 983 verbum
921 969 934 993 ,
961 930 1202 996 junctum
1232 944 1352 983 cum
1385 928 1490 983 alio
1516 929 1680 983 verbo
1704 929 1788 983 vel
1819 928 2056 996 nomine,

472 1022 612 1078 solet
653 1021 826 1075 facere
848 1021 1266 1090 propositionem
1290 1062 1304 1087 ,
1350 1029 1426 1085 ut,
1455 1020 1614 1075 homo
1642 1030 1723 1074 est
1744 1065 1758 1089 ,
1785 1021 1892 1088 vel,
1937 1036 2061 1076 cur-

476 1131 603 1173 rere
632 1124 733 1170 cst.
768 1115 942 1183 Ipsum
971 1124 1148 1169 autem
1177 1125 1259 1170 est
1288 1131 1476 1185 purum
1505 1116 1548 1169 si
1580 1115 1777 1170 dictum
1801 1157 1816 1180 ,
1853 1115 2058 1184 inquit,

476 1207 667 1273 luerit,
697 1221 870 1276 neque
893 1221 1077 1261 verum
1105 1216 1216 1272 εει,
1244 1222 1416 1276 neque
1444 1206 1631 1260 falsum
1651 1247 1666 1271 ,
1690 1221 1719 1259 a
1743 1221 1848 1275 quo
1875 1221 2061 1261 omnes

473 1317 615 1373 pene
645 1302 1046 1357 enuntiationes
1087 1300 1256 1366 ﬁunt,
1289 1315 1409 1370 qua:
1436 1308 1563 1354 sunt
1593 1300 1903 1367 simplices:
1934 1313 2063 1367 ergo

475 1409 579 1448 nec
605 1396 649 1448 si
682 1393 781 1447 hoc
813 1393 988 1462 ipsum
1032 1400 1115 1446 εει
1160 1407 1347 1460 purum
1389 1392 1623 1457 dixeris,
1670 1405 1791 1446 esse
1829 1389 2021 1460 aliquid
2045 1431 2061 1458 ,

476 1494 568 1539 aut
599 1499 706 1538 non
739 1498 861 1538 esse
887 1483 1155 1552 signiﬁcat
1175 1523 1188 1546 ,
1223 1482 1275 1536 id
1305 1489 1390 1536 est
1419 1491 1511 1536 aut
1540 1483 1768 1536 afﬁrmat
1794 1522 1808 1545 ,
1851 1492 1942 1534 aut
1971 1496 2064 1534 ne-

482 1587 592 1646 gat,
627 1576 831 1630 idcirco
865 1575 1004 1645 quod
1040 1577 1212 1643 ipsum
1242 1584 1324 1628 est
1359 1574 1674 1643 simpliciter
1703 1573 1902 1627 dictum
1935 1571 2064 1625 nihil

481 1677 584 1722 est.
615 1667 729 1721 Non
759 1666 899 1736 quod
927 1666 1144 1720 omnino
1175 1665 1300 1720 nihil
1335 1665 1632 1734 signiﬁcet,
1665 1664 1757 1718 sed
1797 1662 1937 1733 quod
1982 1664 2068 1716 ni-

482 1759 560 1812 hil
591 1759 827 1813 veritatis
858 1757 1050 1812 haheat
1077 1771 1248 1826 neque
1281 1756 1523 1810 falsitatis
1549 1798 1563 1822 ,
1598 1756 1650 1810 id
1680 1764 1762 1809 est
1796 1770 1901 1809 non
1933 1753 2065 1807 nihil

483 1861 570 1906 est
595 1850 659 1904 ad
689 1850 1127 1919 significationem
1150 1889 1165 1912 ,
1196 1848 1289 1903 sed
1333 1848 1398 1902 ad
1427 1848 1667 1904 veritatis
1711 1847 2064 1915 falsitatisquc
2096 1858 2145 1917 Β

483 1944 930 2014 signiﬁcationem
953 1988 965 2011 ,
1002 1944 1068 1999 de
1099 1959 1198 2014 qua
1228 1959 1368 1999 nunc
1396 1945 1729 1999 tractabitur.
1759 1941 1866 1997 Cur
1891 1952 2066 1999 autem

486 2037 624 2092 nihil
653 2038 763 2091 veri
797 2037 1019 2105 falsique
1041 2045 1342 2101 monstret,
1365 2036 1597 2090 ostendit
1626 2054 1638 2088 :
1664 2045 1745 2088 est
1764 2034 1906 2089 enim
1935 2033 2069 2088 duo-

486 2129 588 2184 bus
614 2127 786 2182 modis
813 2126 1027 2192 dicitur,
1054 2137 1112 2179 ut
1137 2141 1323 2180 verum
1354 2126 1650 2194 falsumque
1678 2124 1949 2193 designet,
1978 2132 2071 2177 aut

487 2235 608 2275 cum
638 2235 796 2274 unam
827 2234 938 2273 rem
969 2217 1259 2288 quamlibet
1289 2219 1502 2287 propria
1533 2217 1918 2285 compositione
1943 2233 2071 2271 con-

488 2313 696 2380 stituit,
735 2323 789 2366 ut
820 2329 940 2367 cum
972 2314 1131 2368 dico:
1163 2313 1321 2367 homo
1351 2322 1468 2378 est,
1513 2314 1684 2382 ipsum
1717 2321 1796 2366 est
1823 2327 1942 2366 cum
1975 2310 2072 2366 ho-

489 2407 636 2460 mine
684 2406 963 2474 junctum,
1013 2415 1172 2473 atque
1211 2405 1576 2474 compositum
1625 2419 1746 2459 esse
1800 2403 2070 2457 hominem

489 2497 800 2561 constituit,
843 2506 898 2552 et
929 2496 985 2550 ﬁt
1015 2495 1210 2550 exinde
1238 2496 1534 2551 enuntiatio
1560 2513 1572 2548 :
1605 2504 1698 2548 aut
1739 2508 1924 2549 rursus
1951 2507 2072 2547 cum

441 2615 444 2618 λ
494 2588 614 2642 dua:
655 2603 742 2642 res
773 2603 865 2655 per
895 2588 1060 2656 ipsius
1088 2587 1239 2642 verbi
1285 2586 1731 2656 compositionem
1777 2583 2077 2653 copulatio-

492 2694 722 2750 nemque
759 2679 1071 2749 junguntur,
1103 2689 1159 2733 ut
1187 2689 1305 2746 est,
1338 2679 1498 2734 homo
1535 2678 1728 2733 animal
1768 2685 1868 2732 est.
1905 2676 2075 2730 Homo

492 2785 726 2840 namque
751 2779 806 2825 et
829 2772 1024 2825 animal
1053 2771 1372 2839 capulantur
1396 2780 1554 2841 atque
1577 2773 1870 2839 junguntur
1902 2782 1994 2837 per
2023 2765 2074 2820 id

493 2862 634 2932 quod
657 2864 872 2928 dicitur,
893 2863 1053 2917 homo
1075 2864 1270 2917 animal
1293 2873 1392 2918 est.
1421 2865 1559 2933 Ergo
1580 2862 1626 2917 si
1651 2861 1825 2916 omnis
1845 2860 1957 2914 veri
1983 2859 2078 2912 fal-

495 2955 650 3023 sique
680 2955 732 3008 in
763 2955 1133 3008 enuntiatione
1163 2955 1480 3021 signiﬁcatio
1504 2995 1518 3018 ,
1551 2955 1667 3023 ejus
1697 2953 1836 3022 quod
1882 2952 2077 3006 dicitur

496 3056 577 3101 est
601 3085 615 3107 ,
645 3046 698 3099 in
727 3047 1118 3115 compositione
1144 3055 1226 3100 est
1245 3090 1259 3114 ,
1295 3061 1416 3099 cum
1447 3056 1539 3098 aut
1565 3059 1660 3098 sua
1687 3043 2079 3113 compositione

497 3135 697 3204 aliquid
737 3150 859 3190 esse
899 3135 1212 3201 constituit,
1255 3144 1345 3188 aut
1385 3135 1518 3188 duas
1558 3148 1645 3189 res
1682 3133 1897 3202 copulat
1922 3141 2080 3202 atque

497 3227 775 3295 componit
797 3267 812 3291 ,
845 3226 923 3281 vis
963 3226 1078 3295 ejus
1109 3242 1228 3296 qua:
1258 3228 1310 3280 in
1341 3225 1793 3280 enuntiationibus
1835 3224 2076 3294 proposi-
2107 3256 2152 3319 Ο

498 3318 843 3387 tionibusque
868 3327 1218 3386 monstratur,
1244 3319 1293 3372 in
1318 3319 1427 3373 veri
1457 3318 1686 3387 falsique
1707 3317 1907 3371 scilicet
1930 3315 2075 3370 desi-

498 3409 769 3479 gnatione,
803 3421 1000 3478 prteter
1026 3409 1168 3479 ipsas
1193 3410 1638 3480 compositiones,
1672 3411 1723 3464 in
1752 3409 1944 3480 quibus
1977 3409 2078 3464 hoc

499 3502 638 3557 solet
665 3501 903 3568 efﬁcere,
926 3501 1071 3555 nulla
1098 3511 1210 3566 est;
1231 3512 1393 3571 atque
1413 3503 1516 3557 hoc
1534 3513 1614 3555 est
1637 3501 1776 3570 quod
1799 3504 1872 3555 ait
1900 3517 1914 3556 :
1938 3499 2080 3556 Con-

499 3592 764 3663 signiﬁcat
783 3605 961 3648 autem
982 3593 1263 3662 quamdam
1287 3593 1754 3663 compositionem,
1784 3608 1941 3661 quam
1964 3593 2079 3648 sine
2101 3655 2110 3659 _

500 3687 814 3754 compositis
847 3701 953 3740 non
982 3696 1066 3741 est
1091 3686 1412 3756 intelligere.
1444 3685 1576 3741 Cum
1619 3688 1761 3741 enim
1802 3687 1922 3741 dico
1961 3695 2076 3751 est,

503 3778 634 3832 nihil
665 3779 957 3846 signiﬁcavi
982 3779 1109 3848 quid
1135 3779 1240 3842 sit,
1270 3789 1360 3832 aut
1388 3794 1494 3834 non
1523 3779 1613 3834 sit.
1640 3780 1790 3846 Quod
1819 3781 1862 3833 si
1892 3779 2078 3834 faciam

507 3869 946 3932 enuntiationem,
971 3883 1285 3937 componam
1314 3885 1535 3925 necesse
1548 3881 1628 3924 est
1645 3912 1660 3936 ,
1684 3881 1759 3937 ut,
1789 3873 1949 3925 homo
1968 3880 2076 3936 est,

509 3969 621 4023 aut,
656 3960 815 4014 homo
840 3960 1036 4014 animal
1062 3960 1355 4027 est.Quare
1383 3961 1428 4014 si
1459 3962 1632 4014 omnis
1659 3961 1774 4030 ejus
1788 3963 1864 4015 vis
1892 3963 1945 4015 in
1971 3962 2081 4018 veri

508 4051 733 4121 falsique
787 4051 1156 4106 enuntiatione
1205 4052 1268 4105 ad
1319 4053 1761 4122 compositionem
1813 4058 2080 4119 refertur,

511 4157 629 4197 cum
660 4153 854 4211 printer
883 4141 1328 4210 compositionem
1359 4143 1578 4208 dicitur,
1606 4145 1747 4214 quod
1779 4146 1830 4199 in
1858 4161 2081 4215 compo-

505 4232 704 4288 sitione
745 4234 1028 4303 designare
1059 4244 1269 4303 potest,
1314 4235 1364 4289 id
1407 4248 1600 4304 praeter
1641 4237 2083 4306 compositionem

509 4338 619 4378 non
648 4323 923 4394 designat,
958 4335 1132 4394 potest
1159 4337 1338 4381 autem
1369 4328 1758 4396 compOsitione
1807 4328 1945 4383 facta
1991 4344 2087 4382 ve-

510 4426 628 4467 rum
654 4413 954 4484 falsumque
979 4416 1030 4469 in
1053 4417 1414 4471 enuntiatione
1440 4427 1759 4472 monstrare.
1779 4417 1904 4472 Haec
1928 4418 2087 4487 igitur

513 4507 626 4560 sine
641 4508 952 4575 compositis
974 4512 1026 4562 in
1053 4511 1216 4564 verbo
1238 4521 1358 4577 est,
1387 4511 1564 4566 nullus
1588 4511 1730 4566 valet
1773 4511 2078 4566 advertere.

515 4596 681 4652 Recte
706 4599 861 4668 igitur
883 4600 1080 4653 dictum
1102 4609 1184 4655 est
1203 4603 1609 4672 consigniﬁcare
1632 4602 1914 4672 quamdam
1939 4617 2089 4657 com-

514 4689 852 4756 positionem,
876 4704 995 4760 quae
1016 4692 1131 4746 sine
1151 4693 1462 4762 compositis
1484 4692 1704 4762 intelligi
1729 4707 1833 4747 non
1862 4693 2083 4750 valeret.

1052 4847 1139 4902 DE
1189 4849 1553 4904 ORATIO'NE.

589 4981 769 5036 Oratio
811 4994 979 5038 autem
1025 4993 1095 5038 est
1139 5001 1234 5040 vox
1278 4988 1649 5058 signiﬁcativa,
1695 4993 1841 5062 cujus
1869 4990 2090 5060 partium

517 5076 712 5145 aliquid
741 5078 1132 5150 signi/Latinum
1159 5089 1230 5133 est
1255 5091 1577 5150 separatum,
1609 5090 1662 5134 ut
1691 5082 1881 5148 dictio,
1913 5099 2013 5137 non
2038 5092 2092 5137 ut

517 5171 786 5238 afﬁrmatio
806 5212 820 5236 ,
851 5172 928 5224 vel
952 5174 1176 5242 negatio.

588 5264 762 5317 Omne
787 5264 929 5332 quod
957 5265 1311 5333 compositum
1351 5273 1469 5330 est,
1510 5279 1694 5321 eorum
1740 5265 1962 5334 suscipit
1997 5280 2092 5319 na-

516 5360 689 5407 turam
731 5369 796 5408 ex
841 5355 1032 5423 quibus
1073 5363 1238 5408 totum
1269 5357 1549 5424 compositi
1593 5357 1757 5426 ipsius
1799 5373 1990 5426 corpus
2015 5358 2092 5412 ef-

515 5443 708 5499 ﬁcitur.
753 5445 930 5512 Quare
966 5446 1213 5514 quoniam
1257 5446 1427 5499 oratio
1466 5447 1643 5502 verbis
1685 5457 1893 5503 constat
1934 5459 2092 5518 atque

488 5538 865 5602 nominibus,
912 5553 1029 5606 qua:
1073 5537 1424 5606 signiﬁcativa
1497 5549 1658 5604 sunt,
1701 5549 1844 5596 recte
1883 5557 2094 5612 quoque

517 5634 690 5683 oratio
733 5628 1078 5700 signiﬁcativa
1119 5644 1240 5683 esse
1283 5628 1548 5684 deﬁnitur.
1593 5632 1695 5685 Sed
1725 5633 1882 5687 distat
1923 5636 2095 5689 oratio
2156 5640 2168 5658 '

519 5721 586 5774 ab
624 5719 709 5775 his
739 5736 802 5776 ex
835 5722 1028 5790 quibus
1069 5721 1182 5791 ipsa
1221 5721 1408 5776 effecta
1431 5731 1548 5791 est,
1593 5723 1645 5778 id
1663 5733 1752 5779 .est
1790 5727 2095 5782 nominibus

519 5825 678 5884 atque
712 5815 924 5883 verbis,
956 5815 1098 5885 quod
1142 5830 1325 5873 eorum
1367 5825 1544 5884 partes
1585 5818 1714 5874 nihil
1761 5828 1913 5876 extra
1953 5821 2095 5880 desi-

2165 534 2308 589 ﬁcat.
2366 532 2496 588 Nam
2546 534 2589 588 si
2639 547 2834 588 nomen
2879 541 2933 587 et
2978 533 3198 587 verbum
3245 543 3425 604 partes
3469 537 3732 594 orationis

2159 635 2320 689 sunt,
2351 625 2466 679 haec
2492 633 2667 678 autem
2699 639 2795 692 per
2824 639 2882 678 se
2909 624 3206 695 signiﬁcant
3226 665 3241 690 ,
3269 641 3374 681 non
3403 635 3487 682 est
3511 628 3732 686 dubium

2165 726 2438 788 separatas
2487 717 2745 772 orationis
2789 727 2965 786 partes
3007 719 3323 787 signiﬁcare.
3371 722 3506 788 Quid
3553 732 3732 779 autem

2166 813 2482 881 designent,
2514 812 2757 885 sequenti
2786 813 3232 868 determinatione
3273 814 3615 869 monstrabit.
3644 813 3733 871 Si-

2168 906 2420 977 gniﬁcant
2461 905 2622 973 igitur
2648 914 2828 970 partes
2855 905 3153 959 orationum
3175 943 3191 970 ,
3223 913 3280 958 ut
3309 903 3471 960 dictio
3501 919 3739 974 semper,

2166 1012 2270 1052 non
2299 1007 2351 1049 ut
2380 996 2665 1049 afﬁrmatio
2689 1010 2902 1063 semper
2926 994 3009 1049 vel
3033 996 3261 1064 negatio.
3287 993 3437 1048 Nunc
3460 1005 3638 1048 autem
3665 994 3746 1050 di-

2169 1089 2401 1143 ctionem
2433 1085 2561 1141 dicit
2590 1086 2884 1155 simplicem
2913 1084 3063 1139 verbi
3093 1092 3182 1137 aut
3209 1085 3437 1138 nominis
3463 1100 3742 1153 nuncupa-
3788 1101 3815 1108 ··

2168 1178 2365 1232 ιίοιιειιι
2391 1193 2405 1232 :
2436 1185 2562 1232 sunt
2590 1176 2732 1230 enim
2763 1175 3002 1244 quasdam
3027 1175 3334 1240 orationes,
3363 1190 3589 1241 quarum
3625 1189 3746 1242 par-

2171 1276 2251 1323 tes
2286 1268 2354 1320 ita
2389 1266 2692 1335 signiﬁcant
2719 1265 2870 1334 quasi
2903 1264 3208 1330 afﬁrmatio,
3243 1277 3300 1320 ut
3331 1267 3382 1318 in
3412 1281 3472 1320 ca
3500 1267 3749 1320 oratione

2171 1374 2290 1428 quzc
2320 1368 2435 1424 est,
2469 1359 2512 1411 si
2543 1359 2656 1411 dies
2683 1365 2766 1410 est
2789 1397 2804 1422 ,
2837 1359 2923 1410 lux
2964 1369 3080 1423 est,
3124 1356 3176 1410 id
3221 1357 3360 1425 quod
3391 1357 3620 1412 dicimus
3656 1358 3747 1412 lux

2169 1458 2252 1504 est
2272 1489 2288 1514 ,
2319 1448 2480 1502 totius
2509 1447 2764 1500 orationis
2796 1460 2918 1516 pars
2948 1456 3030 1500 est
3050 1489 3065 1510 ,
3095 1457 3147 1501 ει
3176 1446 3246 1499 ita
3277 1455 3356 1500 est
3393 1446 3747 1515 signiﬁcativa

2171 1549 2230 1596 ut
2254 1539 2495 1609 quzcdam
2521 1538 2830 1592 afﬁrmatio.
2856 1537 2962 1594 Sed
2992 1551 3096 1592 non
3123 1538 3296 1592 omnis
3319 1539 3492 1592 oratio
3516 1538 3751 1592 affirma-

2173 1632 2370 1686 tionem
2411 1629 2571 1684 habet
2602 1629 2652 1684 in
2683 1638 2855 1698 parte,
2887 1629 2999 1682 lucc
3029 1628 3170 1682 enim
3201 1628 3314 1694 ipsa
3345 1643 3462 1698 qua:
3490 1628 3615 1682 dicit
3659 1628 3750 1684 lux

2174 1729 2257 1775 εει
2279 1761 2294 1785 ,
2324 1720 2482 1773 habet
2507 1721 2556 1772 in
2589 1718 2827 1788 partibus
2850 1717 2898 1772 id
2924 1718 3062 1788 quod
3088 1719 3312 1772 dicimus
3339 1719 3421 1772 lux
3447 1759 3461 1784 ,
3488 1728 3543 1773 et
3564 1734 3752 1774 rursus

2175 1811 2225 1866 id
2258 1811 2398 1878 quod
2425 1810 2652 1864 dicimus
2691 1819 2808 1873 est,
2842 1811 2937 1865 sed
2979 1820 3167 1864 neutra
3197 1811 3426 1879 ipsarum
3467 1809 3751 1866 afﬁrmatio

2171 1912 2251 1957 est
2267 1941 2282 1967 ,
2307 1901 2398 1955 sed
2424 1908 2624 1954 tantum
2653 1901 2878 1969 simplex
2905 1901 3088 1955 dictio.
3111 1899 3296 1954 Omnis
3324 1914 3451 1968 ergo
3473 1902 3645 1956 oratio
3669 1902 3752 1956 di-

2170 1997 2400 2051 ctionem
2423 1994 2634 2064 quidi-m
2662 1994 2820 2048 habet
2841 1994 2892 2047 in
2917 2004 3092 2063 parte,
3112 2009 3215 2054 non
3236 2008 3362 2047 vero
3382 1994 3560 2049 omnis
3582 1996 3754 2050 oratio

2172 2089 2606 2144 afﬁrmationem.
2642 2087 2807 2143 Recte
2850 2088 3009 2157 igitur
3049 2086 3248 2142 dictum
3292 2097 3375 2142 est
3412 2098 3594 2156 partes
3636 2102 3753 2142 ora«

2173 2180 2332 2235 tionis
2371 2179 2713 2246 signiﬁcare,
2754 2187 2812 2233 ut
2849 2179 3134 2233 dictionem
3161 2221 3176 2246 ,
3222 2194 3326 2233 non
3356 2188 3412 2232 ut
3443 2180 3755 2234 affirmatio-

2174 2285 2317 2325 nem.
2353 2270 2486 2336 Quid
2518 2279 2693 2324 autem
2736 2269 2806 2324 sit
2842 2269 3039 2335 dictio,
3084 2269 3197 2339 ipse
3227 2269 3383 2339 paulo
3414 2277 3534 2340 post
3559 2272 3754 2326 clarius

2173 2360 2586 2416 demonstrabit.

2248 2453 2374 2506 Dico
2405 2462 2609 2517 autem,
2646 2461 2700 2505 ut
2729 2451 2880 2507 homo
2903 2493 2918 2519 ,
2949 2453 3206 2525 signiﬁcat
3238 2453 3374 2506 enim
3403 2453 3600 2524 aliquid
3619 2494 3635 2520 ,
3667 2455 3758 2508 sed

2177 2563 2277 2602 non
2318 2546 2558 2616 quoniam
2600 2555 2708 2606 est,
2746 2556 2834 2598 aut
2865 2562 2964 2599 non
3005 2556 3074 2600 est
3097 2587 3111 2609 ,
3141 2546 3229 2599 sed
3254 2550 3348 2600 erit
3384 2541 3652 2616 apii-motio
3684 2547 3760 2601 rei

2178 2639 2380 2709 negatio
2431 2637 2475 2690 si
2533 2634 2734 2706 aliquid
2785 2637 3034 2693 addatur.
3089 2637 3195 2692 Sed
3243 2653 3345 2691 non
3396 2653 3498 2691 una
3543 2638 3762 2691 hominis

2177 2730 2396 2801 syllaba.

2255 2819 2403 2887 Quod
2457 2833 2614 2888 supra
2669 2818 2845 2888 posuit
2896 2819 3115 2885 dicens,
3173 2820 3432 2875 orationis
3485 2831 3663 2890 partes
3707 2832 3763 2881 ut

2183 2911 2471 2966 dictionem
2514 2911 2854 2981 signiﬁcare,
2897 2927 3001 2964 non
3054 2920 3110 2967 ut
3161 2912 3606 2979 afﬁrmationem,
3660 2916 3764 2972 hoc

2185 3005 2523 3060 convenienti
2566 3004 2897 3059 monstravit
2943 3006 3235 3075 exemplo:
3281 3008 3484 3074 Homo,
3548 3009 3764 3078 inquit,

2184 3095 2349 3152 dictio
2377 3106 2490 3162 est,
2521 3104 2577 3150 et.
2603 3105 2686 3151 est
2714 3111 2837 3166 pars
2877 3096 3136 3151 orationis
3160 3138 3176 3164 ,
3206 3097 3249 3151 si
3288 3097 3342 3152 in
3381 3107 3488 3153 tota
3523 3101 3767 3162 arationq

2185 3199 2438 3259 ponatur,
2484 3198 2540 3242 ut
2580 3198 2699 3252 est,
2747 3187 2907 3241 homo
2953 3187 3148 3244 animal
3196 3199 3298 3243 est.
3339 3190 3480 3262 Ergo
3529 3191 3578 3245 id
3622 3193 3766 3262 quod

2183 3282 2410 3337 dicimus
2461 3268 2656 3350 homo,
2693 3280 2856 3335 dictio
2904 3282 3146 3350 quaedam
3184 3291 3301 3352 est,
3340 3285 3430 3338 sed
3476 3285 3767 3341 affirmatio

2186 3393 2290 3432 non
2319 3385 2421 3431 est.
2463 3375 2596 3429 Cum
2628 3391 2756 3445 ergo
2786 3390 2976 3430 nomen
3012 3376 3149 3444 hoc,
3183 3378 3232 3431 id
3264 3390 3344 3433 cst
3392 3379 3552 3434 homo
3573 3423 3587 3446 ,
3632 3396 3762 3451 pars

2182 3468 2444 3524 orationis
2490 3469 2592 3531 sit,
2640 3476 2694 3521 et
2729 3467 3013 3520 affirmatio
3063 3483 3168 3521 non
3216 3469 3316 3534 sit,
3365 3470 3523 3525 doCct
3571 3487 3755 3527 verum

2183 3574 2302 3614 csse
2345 3559 2487 3629 quod
2527 3558 2740 3623 dicitur,
2783 3559 3043 3613 orationis
3091 3571 3267 3628 partes
3315 3561 3652 3632 signiﬁcare,
3708 3575 3770 3618 ut

2187 3652 2512 3716 dictionem,
2547 3666 2652 3705 non
2689 3659 2746 3704 ut
2783 3650 3213 3707 afﬁrmationcm.
3261 3652 3425 3709 Docet
3463 3664 3641 3708 autem
3686 3656 3770 3717 illa

2184 3760 2271 3800 res
2301 3759 2498 3798 nomen
2532 3743 2634 3797 hoc
2663 3743 3079 3799 affirmationem
3112 3758 3217 3799 non
3248 3760 3369 3800 csse
3390 3789 3403 3812 ,
3436 3747 3578 3815 quod
3608 3748 3661 3802 in
3691 3747 3771 3802 af-

2185 3834 2488 3889 ﬁrmatione
2528 3849 2743 3904 semper
2778 3835 2975 3890 veritas
3005 3845 3095 3892 aut
3123 3836 3328 3891 falsitas
3359 3838 3647 3902 invenitur,
3678 3854 3771 3894 no-

2186 3941 2312 3980 men
2356 3940 2487 3980 vero
2529 3926 2843 3996 simpliciter
2885 3927 3125 3994 dictum,
3169 3945 3343 4000 neque
3377 3946 3562 3986 verum
3602 3948 3772 4004 neque

2187 4013 2375 4067 falsum
2405 4024 2508 4069 est.
2539 4014 2716 4081 Quare
2745 4032 2942 4071 nomen
2975 4017 3105 4084 hoc,
3136 4018 3187 4073 id
3215 4030 3296 4074 est
3322 4021 3504 4086 homo,
3541 4033 3596 4076 ut
3629 4023 3774 4079 afﬁr~

2186 4103 2352 4162 matio
2381 4124 2488 4162 non
2517 4109 2818 4178 signiﬁcat,
2852 4110 2948 4164 sed
2977 4111 3225 4180 designat
3266 4113 3464 4183 aliquid
3511 4117 3738 4184 simplex
3759 4159 3775 4186 ,

2188 4197 2452 4266 significat
2482 4199 2641 4268 igitur
2670 4200 2888 4269 aliquid,
2920 4210 2976 4256 ut
3011 4203 3196 4259 dietio.
3239 4204 3361 4259 Ilaec
3395 4215 3573 4260 autem
3613 4208 3775 4264 dictio

2195 4291 2241 4343 si
2275 4291 2321 4343 ci
2355 4292 2582 4346 addatur
2611 4291 2810 4361 aliquid
2833 4333 2849 4357 ,
2883 4303 2941 4347 ιιι
2970 4297 3190 4350 verbum
3221 4306 3337 4364 est,
3378 4307 3469 4352 aut
3505 4299 3776 4368 quodlibet

2191 4383 2418 4438 verbum
2468 4385 2609 4439 aliud
2659 4386 2800 4456 quod
2844 4389 3268 4444 enuntiationem
3316 4392 3483 4459 possit
3528 4393 3776 4460 efﬁcere,

2194 4477 2298 4529 erit
2323 4477 2626 4532 affirmatio.
2662 4477 2719 4532 Si
2758 4478 2899 4532 enim
2943 4480 3063 4550 quis
3103 4481 3283 4545 dicat,
3333 4482 3492 4538 homo
3533 4496 3614 4539 est
3640 4527 3655 4552 ,
3697 4487 3778 4544 vel

2191 4564 2353 4620 homo
2387 4567 2550 4632 vivit,
2585 4568 2642 4621 ﬁt
2668 4568 3000 4633 affirmatio,
3034 4583 3204 4645 atque.
3231 4574 3332 4629 hoc
3367 4585 3449 4630 εει
3485 4578 3629 4646 quod
3670 4580 3778 4646 ait,

2112 4653 2167 4712 D
2193 4655 2287 4710 sed
2319 4658 2420 4710 erit
2451 4657 2772 4725 affirmatio,
2806 4661 2886 4714 vel
2915 4663 3125 4731 negatio
3146 4705 3161 4729 ,
3200 4663 3245 4718 si
3283 4665 3406 4734 quid
3443 4667 3690 4724 addatur.
3724 4671 3779 4729 Si

2193 4746 2337 4801 enim
2377 4747 2576 4816 aliquid
2611 4748 2683 4803 ita
2714 4763 3014 4819 apponatur
3050 4755 3133 4807 vel
3169 4757 3468 4824 appositum
3511 4758 3581 4811 ita
3622 4775 3780 4829 nege.

2193 4849 2302 4905 tur,
2334 4850 2391 4893 ut
2436 4842 2734 4896 enuntiatio
2756 4845 3003 4898 constitui
3050 4847 3242 4914 possit,
3289 4847 3574 4904 afﬁrmatio
3616 4868 3779 4922 nega-

2198 4931 2345 4984 tione
2376 4933 2674 4999 pcrﬁcitur.
2708 4934 2764 4986 Si
2793 4935 2912 5002 quis
2939 4936 3080 4990 enim
3108 4938 3282 5005 dicat,
3315 4938 3476 4994 homo
3505 4940 3668 5006 vivit,
3700 4944 3780 4997 af.

2200 5020 2430 5076 ﬁrmatio
2461 5031 2580 5088 est;
2615 5022 2773 5078 homo
2801 5041 2906 5080 non
2935 5027 3102 5093 vivit,
3134 5031 3366 5100 negatio.
3411 5032 3576 5089 Docet
3599 5047 3781 5091 autem

2200 5113 2486 5168 dictionem
2526 5131 2646 5170 esse
2675 5130 2860 5170 vocem
2894 5119 3186 5174 secundum
3229 5122 3546 5192 positionem
3589 5141 3691 5194 per
3724 5143 3781 5186 se

2196 5201 2582 5272 signiﬁcantem
2613 5221 2705 5275 per
2732 5207 2834 5262 hoc
2859 5209 3000 5277 quod
3027 5210 3134 5278 ait,
3160 5212 3254 5266 sed
3283 5228 3390 5267 non
3419 5230 3521 5268 una
3550 5219 3781 5277 hominis

2198 5297 2425 5367 syllaba.
2471 5299 2585 5353 Una
2631 5299 2776 5354 enim
2823 5300 3051 5357 hominis
3091 5304 3294 5375 syllaba
3336 5307 3497 5362 dictio
3524 5324 3632 5364 non
3665 5323 3782 5378 est,

2201 5393 2406 5449 idcirco
2435 5395 2579 5465 quod
2611 5394 2745 5449 nihil
2777 5411 2869 5466 per
2894 5413 2953 5453 se
2981 5410 3226 5470 separata
3257 5402 3556 5472 signiﬁcat,
3591 5418 3650 5462 ut
3677 5411 3746 5460 Ιιο
3768 5449 3782 5474 ,

2199 5496 2255 5541 ει
2296 5504 2411 5554 mo,
2455 5500 2509 5543 et
2546 5488 2598 5542 in
2641 5490 2884 5557 caeteris,
2926 5500 2986 5546 ut
3024 5508 3183 5561 supra
3212 5497 3565 5554 ostendimus.
3593 5502 3782 5556 Omnis

2204 5577 2346 5632 enim
2396 5578 2701 5646 hujusmodi
2743 5595 2868 5650 pars
2914 5597 3032 5652 qua:
3070 5599 3167 5652 per
3209 5601 3269 5643 se
3309 5587 3437 5642 nihil
3479 5590 3780 5660 signiﬁcat,

2202 5683 2306 5722 non
2336 5679 2418 5724 est
2450 5670 2649 5734 dictio,
2681 5672 2774 5727 sed
2805 5680 3010 5729 tantum
3039 5675 3090 5729 in
3122 5685 3233 5731 toto
3269 5682 3486 5736 nomine
3523 5683 3780 5752 quiddam

2200 5761 2432 5829 positum
2461 5760 2705 5830 designat
2731 5771 2786 5818 et
2810 5764 3212 5835 consigniﬁcat,
3240 5778 3298 5825 ut
3325 5770 3373 5826 in
3400 5785 3467 5828 eo
3490 5775 3635 5844 quod
3669 5776 3780 5850 ipso

2198 5852 2345 5914 ponit
2372 5853 2620 5919 exemplo
2645 5871 2657 5908 :

4003 1979 4005 2078 ι

4004 2093 4005 2186 l
