4030 6336
225 337 374 394 ’515-

1025 332 1087 388 IN
1118 301 1384 388 Lumen
1426 331 1514 386 ne
1557 326 2197 386 INTERPRETATIONE
2237 329 2460 388 EDl't‘lO
2499 330 2730 388 PRIMA.

3400 337 3503 394 5H

324 447 502 518 Neque
541 430 673 501 enim
718 448 770 500 in
809 432 1030 515 eo'quot
1069 434 1143 500 ἑει
1182 461 1362 510 sorex,
1404 460 1495 500 rea:
1533 443 1787 514 signiﬁcat
1810 485 1826 510 ,
1858 445 1912 506 Α
1935 444 2047 497 lica:
2077 446 2446 499 convenientior
2473 454 2548 499 est
2574 445 2927 501 consideratio.
2982 443 3336 505 Enuntiativa'
3365 467 3500 520 vero,

244 541 337 596 sed
381 555 478 592 eoa:
521 553 652 591 nunc
695 547 766 592 est
803 538 936 592 sola.
982 537 1047 590 In
1087 537 1371 600 duplicibus
1412 551 1529 590 vero
1571 535 1828 606 signiﬁcat

246 631 453 701 quidem
483 627 680 698 aliquid
699 669 714 693 ,
743 628 831 681 sed
855 645 956 682 non
981 629 1260 682 secundum
1287 643 1339 682 te
1361 668 1376 693 ,
1406 626 1828 696 quemadmodum

248 723 441 773 dictum
467 729 561 773 est.

325 812 379 867 In
407 828 504 879 eo,
536 811 738 881 inquit,
766 811 906 882 quod
932 819 1013 867 cst
1039 827 1192 867 sorex
1215 853 1228 879 ,
1254 826 1349 866 rex
1373 811 1586 867 videtur
1612 809 1826 880 quidem

248 904 453 974 aliquid
501 904 837 972 signiﬁcare;
881 905 973 960 sed
1010 919 1130 960 cum
1169 913 1282 960 toto
1313 905 1528 960 nomine
1563 903 1827 972 consigni-

252 995 379 1049 ficat
409 995 580 1064 potius
606 1011 764 1065 quam
795 995 1085 1066 quidquam
1130 1013 1224 1064 per
1265 997 1500 1065 scipsum
1546 995 1824 1064 designet,

248 1071 699 1156 qnemadmotlnm
738 1102 897 1157 supra
932 1087 1040 1156 jam
1077 1086 1275 1141 dictum
1317 1096 1418 1140 est.
1463 1085 1653 1139 Docuit
1682 1084 1824 1138 enim

248 1192 409 1246 supra
444 1189 620 1246 partes
664 1176 896 1232 nominis
924 1178 1057 1231 nihil
1087 1177 1304 1232 omnino
1334 1177 1636 1246 signiﬁcare
1665 1190 1825 1244 sepa-

245 1279 414 1322 ratas.
444 1269 596 1334 Quod
623 1283 752 1338 ergo
779 1268 942 1332 dicit,
969 1265 1062 1322 sed
1091 1281 1194 1322 non
1220 1267 1513 1322 secundum
1537 1281 1594 1321 se
1615 1307 1629 1331 ,
1663 1267 1714 1321 id
1744 1276 1826 1322 est

247 1359 302 1412 in
327 1374 394 1414 eo
420 1359 562 1426 quod
589 1367 670 1412 est
696 1373 852 1414 sorex
872 1399 888 1423 ,
922 1375 1014 1414 rex
1041 1373 1135 1426 per
1163 1372 1221 1413 se
1247 1358 1381 1412 nihil
1411 1357 1702 1427 signiﬁcat,
1731 1356 1826 1410 sed

247 1459 451 1504 tantum
495 1450 745 1520 quiddam
785 1449 1192 1519 consigniﬁcat,
1233 1449 1377 1519 quod
1419 1464 1540 1503 cum
1585 1457 1690 1502 tota
1731 1463 1825 1502 no-

243 1540 408 1595 minis
431 1541 820 1610 compositione
865 1539 1140 1610 designat,
1182 1554 1301 1594 eum
1343 1549 1396 1593 ει
1435 1555 1491 1592 so
1535 1537 1739 1609 syllaba
1772 1546 1825 1593 et

245 1648 342 1685 rex
370 1632 550 1699 juncta
582 1633 635 1686 in
668 1645 830 1684 unum
855 1672 869 1695 ,
900 1632 952 1686 id
980 1631 1122 1702 quod
1155 1639 1238 1686 est
1265 1645 1459 1696 sorex,
1493 1631 1547 1683 in
1580 1639 1688 1685 tota
1718 1629 1823 1700 syl-

249 1721 495 1776 labarum
522 1723 896 1791 conjunctione
917 1722 1185 1793 designet.

1933 537 2193 602 prtesentis
2218 546 2289 590 est
2308 536 2686 606 speculationis.

2001 625 2427 693 Deprecativam,
2462 626 2654 697 inquit,
2684 634 2739 682 et
2764 627 3072 696 optativam,
3098 638 3152 686 et
3177 619 3495 703 vocativam,

1930 724 1986 770 et
2015 715 2416 786 imperativam,
2459 719 2632 786 poetis
2680 726 2839 788 atque
2886 721 3188 776 oratoribus
3235 725 3501 794 relinqua-

1929 815 2068 862 mus.
2106 807 2215 862 lllis
2241 809 2382 862 enim
2415 807 2497 862 vel
2525 807 2591 862 ad
2615 809 2977 865 immittendos
3005 812 3087 866 vel
3116 812 3180 865 ad
3209 816 3500 870 movendos

1929 903 2151 958 atiectus
2180 912 2389 957 eaeterae
2436 902 2694 956 orationis
2747 903 2955 972 species
2983 915 3345 961 assumuntur.
3396 907 3502 964 Nos

1927 1009 2060 1051 vero
2091 994 2414 1065 philosophi,
2448 995 2639 1065 quibus
2668 996 2905 1050 veritatis
2932 997 3282 1070 falsitatisque
3301 1001 3503 1056 discre-

1929 1086 2004 1140 tio
2032 1094 2115 1139 est
2153 1099 2297 1164 cura:
2322 1126 2336 1148 ,
2365 1085 2432 1138 de
2457 1085 2541 1140 illa
2573 1085 2687 1139 sola
2718 1085 2960 1141 oratione
2987 1097 3272 1144 tractamus
3305 1091 3355 1145 in
3400 1108 3503 1160 qua

1928 1175 2238 1230 utrumlibet
2277 1175 2470 1230 ltorum
2521 1174 2693 1244 possit
2740 1177 2979 1244 agnosci.
3033 1177 3091 1231 In
3137 1180 3503 1237 enuntiatione

1928 1279 2055 1320 vero
2073 1278 2161 1326 aut
2186 1267 2383 1319 veritas
2414 1266 2558 1320 inest
2585 1275 2675 1318 aut
2702 1263 2925 1339 falsitas,
2971 1268 3220 1336 quocirca
3252 1283 3348 1325 nos
3375 1287 3503 1342 quo-

1927 1373 2031 1427 que
2061 1357 2128 1412 de
2157 1357 2520 1412 enuntiatione
2552 1366 2861 1413 tractemus.

1998 1447 2090 1501 Est
2115 1459 2282 1502 autem
2312 1465 2413 1502 una
2441 1450 2607 1518 prium
2647 1450 2814 1503 oratio
2836 1451 3165 1518 enuntiativa,
3202 1453 3490 1522 aﬁirntatio,

1926 1539 2106 1595 deinde
2132 1543 2335 1614 negatio
2357 1561 2373 1606 ;
2406 1543 2524 1596 alite
2553 1559 2667 1596 vero
2691 1560 2859 1599 omnes
2883 1545 3238 1616 conjunctione
3259 1563 3394 1601 uiue.

1997 1631 2455 1687 Enuntiativarum
2483 1633 2785 1688 orationum
2809 1635 2925 1688 alite
2972 1645 3097 1689 sunt
3125 1652 3218 1704 per
3249 1651 3307 1691 se
3359 1654 3499 1708 unae,

1923 1734 1982 1779 ut
2004 1734 2107 1792 est,
2141 1726 2301 1779 homo
2324 1725 2518 1779 animal
2546 1735 2664 1792 est;
2699 1727 2817 1780 alia:
2843 1727 3222 1796 conjunctione
3251 1744 3388 1796 unae,
3446 1738 3503 1786 ut

319 1821 414 1876 Est
443 1832 608 1875 autem
646 1823 807 1877 oratio
850 1824 1013 1878 omnis
1051 1824 1256 1893 quidem
1293 1822 1637 1893 signiﬁcation
1659 1868 1673 1892 ,
1720 1838 1820 1877 non
1851 1830 1899 1890 Β
1926 1827 2029 1885 εει,
2062 1819 2105 1872 si
2136 1819 2293 1872 homo
2314 1829 2421 1884 est,
2450 1819 2647 1873 animal
2671 1827 2773 1874 εει.
2801 1820 2970 1876 Homo
3011 1828 3095 1874 est
3139 1822 3279 1876 enim
3310 1831 3361 1878 et
3389 1822 3503 1877 ani-

241 1913 373 1968 sicut
421 1915 840 1979 instrumentum,
883 1915 972 1969 sed
1011 1915 1440 1984 quemadmodum
1478 1914 1670 1968 dictum
1709 1924 1780 1968 est
1804 1957 1819 1982 ,

241 2005 526 2058 secundum
555 2005 798 2072 placitum
810 2046 824 2059 .

315 2109 469 2163 Plato
516 2109 728 2163 nomina
782 2109 1040 2163 naturalia
1091 2124 1210 2165 esse
1252 2109 1566 2177 constituit,
1617 2117 1673 2164 et
1718 2108 1822 2164 hoc

241 2207 369 2263 hinc
413 2206 638 2274 probare
676 2205 950 2260 contendit
987 2206 1128 2275 quod
1168 2205 1411 2276 qumdam
1451 2205 1687 2275 supellex
1711 2244 1728 2272 ,
1769 2213 1824 2259 et

235 2277 633 2368 quodammodo
665 2297 1084 2354 instrumentum
1115 2297 1217 2364 sit,
1251 2297 1477 2352 invicem
1509 2313 1666 2351 sensa
1702 2298 1835 2366 pro-’

237 2388 426 2442 dendi.
469 2388 798 2443 Naturalium
842 2403 969 2444 vero
994 2389 1352 2460 supellectiles
1378 2399 1502 2444 sunt
1529 2389 1818 2458 naturales,

226 2489 304 2534 ἰιι
332 2479 473 2533 oculi
506 2479 863 2534 instrumenta
887 2481 1100 2550 quidem
1131 2490 1256 2535 sunt
1286 2480 1531 2546 videndi,
1559 2483 1648 2552 qui
1676 2482 1820 2536 visus

239 2583 330 2626 res
361 2571 620 2624 naturalis
647 2579 748 2624 est.
775 2571 952 2638 Quare
973 2573 1156 2627 oculos
1177 2587 1388 2642 quoque
1412 2573 1676 2627 naturales
1700 2588 1820 2630 esse

239 2677 469 2719 necesse
508 2671 623 2728 εει,
662 2663 742 2718 ita
781 2664 939 2718 etiam
968 2666 1140 2720 oratio
1169 2680 1346 2720 rerum
1379 2666 1696 2720 naturalium
1728 2682 1820 2722 su-

240 2757 423 2827 pellex
447 2765 527 2810 est
544 2799 560 2826 ,
586 2765 745 2825 atque
770 2757 1180 2812 instrumentum
1197 2799 1210 2823 ,
1237 2758 1287 2811 id
1311 2767 1392 2812 est
1413 2760 1814 2813 sententiarum.

239 2850 419 2917 Quare
452 2850 562 2918 ipsa
592 2863 804 2919 quoque
834 2850 1009 2904 oratio
1047 2859 1126 2905 est
1167 2850 1445 2905 naturalis.
1493 2850 1818 2905 Aristoteles

237 2951 419 2996 autem
470 2941 629 3005 dicit,
686 2955 793 2994 non
837 2941 1130 2996 secundum
1175 2951 1415 2995 naturam
1457 2955 1580 2996 esse
1619 2941 1818 2995 oratio-

221 3050 367 3090 nem
392 3075 406 3099 ,
439 3034 532 3089 sed
561 3033 849 3088 secundum
884 3034 1157 3102 placitum.
1199 3033 1460 3101 Quocirca
1494 3047 1592 3088 nec
1621 3034 1816 3088 oratio-

239 3141 367 3182 nem
410 3139 529 3179 esse
569 3124 954 3194 supellectilem
995 3123 1313 3179 naturalem.
1363 3122 1514 3191 Quod
1551 3124 1693 3178 enim
1733 3123 1814 3178 di-

1926 1911 2031 1965 mal
2059 1919 2161 1974 est,
2193 1910 2312 1964 diue
2343 1918 2487 1974 sunt,
2526 1911 2619 1965 sed
2643 1911 2821 1966 addita
2852 1911 3228 1980 conjunctione
3275 1929 3392 1983 qua:
3421 1921 3504 1970 est

1923 2004 1990 2068 si,
2020 2018 2123 2056 una
2154 2003 2413 2058 redditur.
2449 2004 2645 2058 Earum
2674 2012 2850 2058 autem
2883 2020 3000 2074 qua:
3038 2021 3154 2076 una:
3179 2020 3272 2075 per
3295 2021 3353 2060 se
3378 2014 3501 2062 sunt

1925 2095 2094 2164 prima
2124 2104 2209 2149 est
2238 2094 2550 2161 afﬁrmatio,
2574 2095 2806 2150 secunda
2834 2096 3065 2166 negatio.
3103 2096 3211 2149 lloc
3233 2097 3373 2151 enim
3399 2098 3501 2151 tol-

1925 2183 1984 2238 lit
2014 2184 2224 2253 negatio
2253 2184 2396 2255 quod
2430 2183 2717 2238 afﬁrmatio
2768 2194 2891 2240 ante
2944 2185 3242 2249 constituit,
3299 2195 3351 2240 et
3401 2186 3502 2242 hoc

1923 2278 2134 2347 negatio
2159 2276 2346 2330 dividit
2399 2277 2538 2345 quod
2569 2277 2652 2330 illa
2691 2276 2995 2346 conjunxit.
3039 2277 3500 2333 Enuntiativarum

1921 2369 2081 2440 igitur
2105 2370 2404 2424 orationum
2436 2385 2616 2424 earum
2647 2385 2763 2440 qu:e
2789 2379 2912 2426 sunt
2939 2385 3033 2440 per
3063 2385 3122 2425 se
3162 2386 3298 2436 unae,
3331 2351 3500 2441 prima

1921 2461 2323 2524 estaflirmatio,
2373 2460 2566 2516 deinde
2611 2461 2842 2529 negatio.
2886 2461 3019 2516 Alite
3076 2477 3207 2516 vero
3239 2471 3361 2517 sunt
3392 2478 3498 2518 non

1921 2567 2020 2621 per
2046 2566 2105 2606 se
2137 2568 2274 2618 uoce,
2309 2552 2401 2606 sed
2431 2566 2551 2607 cum
2602 2552 2785 2621 plures
2840 2552 2946 2606 sint
2993 2553 3322 2622 nitur-aliter,
3382 2569 3500 2609 una

1923 2641 2056 2696 fiunt
2082 2642 2482 2712 conjunctione.

1950 2747 1957 2754 ’
1995 2745 2215 2800 Necesse
2243 2753 2314 2799 est
2343 2756 2510 2799 autem
2534 2761 2733 2799 omnem
2761 2746 3038 2798 orationem
3057 2746 3418 2799 enuntiativum
3440 2762 3500 2801 e1

1922 2837 2069 2891 verbo
2091 2852 2220 2903 esse,
2247 2837 2325 2889 vel
2355 2853 2478 2890 casu
2499 2836 2659 2891 verbi.
2691 2834 2894 2890 Etenim
2918 2835 3136 2890 hominis
3165 2839 3317 2903 ratio,
3340 2839 3500 2893 sinon

1919 2937 2014 2994 est,
2041 2937 2130 2981 aut
2160 2928 2276 2992 erit,
2299 2939 2385 2980 aut
2415 2928 2535 2996 fuit,
2570 2936 2660 2980 aut
2702 2926 2896 2997 aliquid
2918 2926 3211 2997 hujusmodi
3256 2929 3500 2996 addatur,

1920 3019 2145 3074 nondum
2170 3025 2241 3072 est
2265 3019 2430 3074 oratio
2456 3019 2790 3072 enuntiatit-a.

1989 3117 2294 3172 Aristotelis
2344 3116 2396 3170 in
2446 3115 2631 3171 Graeco
2662 3123 2840 3171 textus
2871 3130 2974 3171 non
3025 3115 3188 3171 habet
3216 3115 3287 3171 ita
3319 3124 3374 3170 ut
3405 3130 3501 3173 nos

236 3222 351 3286 cit,
391 3233 494 3274 non
524 3218 661 3273 sicut
688 3219 1099 3273 instrumentum
1122 3259 1137 3282 ,
1167 3234 1275 3272 non
1299 3215 1426 3272 dicit
1454 3232 1563 3271 non
1593 3232 1689 3286 per
1715 3217 1817 3273 hoc
1847 3221 1893 3285 ο
1923 3226 2083 3280 supra
2107 3213 2400 3280 posuimus,
2456 3209 2549 3263 sed
2583 3209 2682 3265 hoc
2707 3209 2867 3265 modo
2899 3225 2914 3264 :
2947 3209 3160 3265 Etenim
3194 3210 3429 3265 hominis
3460 3211 3502 3266 si

238 3314 652 3367 instrumentum
685 3325 842 3365 sensa
877 3309 1144 3379 proferri,
1177 3309 1270 3364 sed
1309 3318 1512 3364 tantum
1557 3324 1670 3364 rem
1699 3326 1820 3367 esse

237 3402 535 3457 orationem
566 3401 858 3458 secundum
891 3402 1209 3471 positionem
1233 3443 1247 3467 ,
1279 3415 1374 3472 per
1412 3415 1544 3472 quas
1578 3402 1820 3471 proprias

236 3495 530 3549 sententias
582 3494 1031 3549 demonstremus.
1104 3493 1266 3562 Cujus
1313 3493 1456 3547 enim
1503 3492 1583 3548 rei
1640 3502 1821 3563 partes

237 3583 305 3638 ad
338 3583 586 3652 placitum
621 3592 765 3650 sunt,
798 3582 910 3652 ipsa
940 3598 1152 3654 quoque
1199 3583 1263 3637 ad
1292 3583 1545 3653 placitum
1569 3592 1669 3639 est.
1713 3584 1818 3640 Sed

237 3670 500 3730 orationis’
527 3683 706 3744 partes
754 3689 949 3729 nomen
978 3682 1035 3729 et
1061 3674 1281 3728 verbum
1312 3683 1458 3737 sunt,
1493 3675 1608 3729 haec
1638 3684 1818 3730 autem

239 3774 363 3819 sunt
389 3765 454 3819 ad
487 3765 765 3834 placitum,
801 3779 908 3819 non
931 3774 1142 3819 natura.
1164 3765 1346 3819 Oratio
1395 3765 1555 3834 igitur
1581 3765 1696 3834 ipsa
1725 3779 1818 3821 se-

237 3855 470 3910 cundum
502 3855 751 3926 placitum
784 3855 1208 3924 positionemque
1228 3864 1329 3920 est,
1361 3854 1452 3910 sed
1479 3869 1585 3909 non
1607 3865 1690 3910 est
1719 3871 1818 3909 na-

239 3948 486 4004 turaliter
517 3949 825 4003 constituta.
854 3948 947 4002 Est
973 3957 1153 4003 autent
1187 3949 1391 4017 integra
1427 3947 1669 4002 deﬁnitio
1697 3963 1819 4002 ora-

238 4043 401 4099 tionis
436 4059 449 4094 :
480 4043 592 4096 lucc
625 4061 636 4094 ι
674 4041 858 4096 Oratio
883 4050 966 4096 εει
993 4056 1094 4096 vox
1125 4041 1474 4111 signiﬁcativa
1524 4043 1818 4098 secundum

239 4135 525 4206 placitum,
552 4134 704 4204 cujus
734 4145 910 4204 partes
931 4135 1127 4205 aliquid
1159 4143 1308 4188 extra
1349 4135 1674 4205 signiﬁcant.

313 4226 646 4281 Enuntiativa
663 4243 777 4281 vero
802 4245 903 4282 non
925 4228 1112 4292 omnis,
1144 4227 1233 4281 sed
1260 4227 1350 4280 illa
1399 4228 1450 4281 in
1498 4243 1600 4297 qua
1643 4244 1814 4281 verum

235 4323 316 4380 vel
337 4321 526 4390 falsum
556 4329 650 4388 est,
682 4335 784 4374 non
809 4330 979 4374 autem
1010 4319 1240 4373 omnibus
1271 4319 1420 4385 inest,
1477 4328 1531 4370 ut
1569 4319 1814 4388 depreco-

235 4415 331 4479 tio,
353 4414 519 4466 oratio
544 4410 753 4481 quidem
774 4420 869 4476 est,
897 4410 984 4465 sed
1015 4426 1173 4481 neque
1203 4425 1340 4473 vera,
1365 4425 1525 4472 neque
1555 4408 1710 4478 falsa.

305 4505 575 4562 Orationis
605 4506 624 4575 (
652 4513 711 4559 ut
737 4517 896 4572 supra
920 4503 1029 4572 jam
1051 4501 1323 4569 diximus)
1345 4500 1526 4555 multa:
1557 4507 1676 4552 sunt
1700 4513 1824 4567 spe-

1922 3317 2028 3357 non
2053 3311 2144 3354 aut
2169 3310 2272 3365 est,
2295 3308 2388 3354 aut
2416 3301 2537 3363 erit,
2566 3309 2656 3355 aut
2687 3300 2803 3365 fuit,
2850 3308 2906 3356 et
2933 3311 3147 3356 caetera.
3180 3301 3498 3357 Subintellio

1919 3395 2150 3462 gendum
2183 3391 2518 3460 relinquente
2543 3391 2882 3460 phil030pho,
2914 3391 3053 3460 quod
3085 3392 3152 3446 de
3183 3395 3388 3447 ratione
3419 3392 3500 3447 di-

1921 3495 2090 3548 ceret,
2123 3483 2174 3536 id
2199 3493 2280 3537 est
2310 3482 2376 3536 de
2402 3482 2720 3536 dil‘ﬁnitione
2740 3498 2898 3552 quam
2922 3482 3094 3537 Graeci
3124 3485 3267 3558 λόγον
3297 3485 3501 3539 dicunt.

1921 3575 2026 3630 Sed
2058 3589 2176 3629 cum
2206 3589 2365 3644 supra
2389 3575 2456 3629 de
2486 3574 2728 3628 oratione
2759 3584 3064 3642 tractasset,
3087 3591 3204 3645 qua:
3226 3577 3363 3641 apud
3387 3577 3504 3631 illos

1922 3667 2174 3723 similiter
2197 3668 2340 3740 λόγος
2365 3677 2607 3730 vocatur,
2637 3667 2761 3720 dum
2809 3666 2877 3722 de
2908 3666 3139 3721 hominis
3167 3668 3392 3733 ratione,
3452 3669 3504 3724 id

1921 3772 2004 3816 est
2032 3759 2344 3815 deﬁnitione
2371 3759 2537 3814 vellet
2561 3759 2763 3825 dicere,
2795 3759 3045 3829 quoniam
3078 3773 3182 3814 non
3237 3760 3502 3829 signiﬁcat

1921 3867 2104 3906 verum
2141 3850 2222 3904 vel
2259 3849 2475 3917 falsum,
2509 3851 2608 3904 nisi
2640 3849 2689 3906 ei
2712 3858 2927 3917 autest,
2980 3860 3071 3905 aut
3112 3851 3236 3918 erit,
3269 3861 3358 3906 aut
3385 3852 3503 3918 fuit,

1920 3946 2168 4010 addatur,
2228 3944 2605 4000 communione
2645 3943 2893 3999 vocabuli
2947 3959 3098 4012 usus,
3131 3943 3198 3998 ad
3242 3945 3388 4017 λόγον
3434 3944 3503 4000 de

1921 4051 2028 4106 quo
2067 4035 2314 4103 superius
2366 4035 2648 4099 tractabat,
2699 4033 2898 4099 retulit,
2957 4042 3016 4087 ut
3069 4047 3172 4086 non
3204 4036 3502 4089 orationem

1923 4127 2370 4197 intelligeremus.
2398 4125 2491 4180 sed
2524 4125 2698 4193 potius
2723 4124 3009 4179 rationem.
3042 4123 3115 4178 De
3145 4139 3246 4192 qua
3278 4139 3335 4179 re
3365 4141 3505 4180 nunc

1924 4221 2032 4276 illis
2053 4219 2410 4273 satisfacimus
2436 4217 2523 4287 qui
2544 4216 2748 4271 Graeca:
2772 4207 3033 4272 orationis
3065 4216 3219 4285 periti
3243 4231 3340 4270 nos
3371 4217 3507 4277 fotto

1923 4310 2236 4379 culpabunt,
2271 4324 2366 4363 cur
2395 4309 2534 4378 quod
2569 4308 2675 4362 illic
2705 4323 2811 4362 non
2865 4309 2984 4371 fuit,
3031 4317 3229 4362 nostrae
3277 4311 3505 4364 transla-

1926 4402 2055 4458 tioni
2107 4401 2484 4471 adjecerimus.
2515 4399 2624 4455 Nos
2651 4400 2794 4455 enim
2825 4400 2890 4454 ad
2948 4400 3238 4454 faciliorem
3292 4399 3502 4456 intelle-

1924 4504 2066 4550 ctum
2116 4493 2319 4548 Latina:
2348 4493 2576 4547 orationi
2628 4493 2942 4547 famulantes
2991 4491 3094 4546 hoc
3138 4492 3502 4562 apposuimus,

234 4598 346 4654 cies
370 4613 384 4652 :
418 4605 501 4652 est
531 4596 672 4652 enim
701 4595 873 4650 oratio
897 4595 1064 4664 prima
1091 4593 1347 4662 Optativa,
1379 4601 1456 4645 ut.
1490 4589 1702 4645 Utinam
1720 4590 1815 4644 tibi
1849 4605 1903 4665 Ῑ)
1925 4588 2045 4658 quia
2075 4585 2143 4640 de
2169 4586 2409 4641 oratione
2439 4585 2780 4655 loquentibus
2803 4584 3102 4639 intellectus
3125 4584 3190 4638 ad
3215 4583 3498 4650 rationem,

193 4749 196 4752 _
235 4691 391 4746 istam
416 4699 650 4745 mentem
679 4689 752 4743 dii
784 4686 1115 4742 immortales
1137 4685 1294 4740 dent!
1330 4683 1597 4747 Secunda,
1624 4682 1822 4736 vocati.

235 4797 321 4848 va,
354 4789 413 4836 ut
441 4780 583 4836 Heus
610 4789 688 4834 tu.
713 4779 915 4843 Tertia,
947 4776 1280 4846 itnperativa,
1320 4783 1378 4828 ut
1409 4772 1576 4841 Cape,
1602 4771 1667 4825 da
1697 4771 1820 4836 hoc,

235 4872 439 4926 Portio.
473 4871 698 4938 Quarta,
723 4869 1084 4938 deprecativa,
1116 4875 1195 4934 ut,
1218 4866 1425 4934 Jupiter
1451 4863 1820 4932 omnipotens:

237 4963 486 5034 precibus
510 4962 554 5016 si
586 4961 818 5017 ﬂecteris
840 4959 982 5015 ullis.
1005 4959 1222 5027 Quinta,
1247 4956 1598 5021 enuntiativa,
1625 4962 1680 5008 ut
1709 4952 1825 5008 dies

235 5065 344 5121 est,
392 5054 505 5109 dies
534 5069 637 5108 non
669 5062 769 5108 est.
805 5052 913 5107 Sed
956 5053 1008 5105 in
1040 5055 1136 5105 hac
1165 5050 1278 5104 sola
1329 5049 1509 5118 specie
1560 5047 1821 5102 orationis

235 5147 440 5202 veritas
459 5155 513 5200 et
534 5146 736 5200 falsitas
765 5144 925 5208 inest,
951 5142 1002 5196 in
1043 5143 1147 5197 illis
1177 5156 1306 5196 vero
1335 5140 1546 5196 caeteris
1580 5141 1818 5194 minime.

238 5241 440 5296 Volens
461 5248 638 5295 autem
669 5237 986 5294 Aristoteles
1007 5235 1295 5290 ostendere
1331 5235 1526 5288 multas
1553 5247 1673 5287 esse
1700 5248 1822 5288 ora-

236 5335 433 5399 tiones,
467 5341 646 5387 etnon
678 5344 890 5384 omnem
918 5329 1217 5382 orationem
1248 5341 1369 5381 esse
1412 5324 1819 5392 enuntiativum,

236 5433 339 5486 hoc
363 5427 570 5483 addidit
595 5446 606 5480 :
637 5424 950 5496 Deprecatio
972 5423 1144 5478 oratio
1165 5421 1376 5492 quidem
1407 5427 1507 5481 est,
1535 5417 1628 5472 sed
1647 5433 1822 5488 neque

235 5535 366 5576 vera
400 5533 573 5590 neque
600 5517 749 5572 falsa.
776 5516 984 5571 Etenim
1010 5512 1320 5582 deprecatio
1348 5511 1398 5564 in
1417 5508 1678 5565 orationis
1701 5523 1825 5577 spe-

233 5615 426 5670 ciebus
455 5613 692 5683 ponitur,
723 5609 818 5666 sed
851 5609 991 5664 nulla
1038 5607 1179 5688 inea
1205 5603 1445 5660 veritatis
1479 5611 1664 5658 natura
1723 5600 1820 5655 fal-

234 5709 520 5778 sitatisque
548 5707 910 5777 cognoscitur.

308 5802 522 5861 Catone
551 5804 701 5875 igitur
741 5800 1114 5870 relinquantur.
1143 5794 1428 5853 Rhetorica:
1452 5789 1582 5846 enim
1609 5788 1684 5842 vel
1705 5803 1819 5857 poe-

1928 4680 2029 4734 nisi
2063 4679 2113 4733 id
2143 4690 2286 4734 esset
2301 4679 2589 4747 adjectum,
2614 4676 2888 4732 transferri
2913 4691 3018 4731 non
3047 4684 3276 4746 poterat.
3302 4676 3499 4734 Totum

1930 4784 2055 4824 vero
2084 4769 2226 4838 quod
2255 4767 2628 4822 dicittaleest:
2654 4765 2994 4821 enuntiativa:
3017 4765 3286 4820 orationes
3311 4767 3354 4819 si
3382 4776 3505 4820 sunt

1928 4864 2218 4933 simplices,
2271 4863 2368 4918 has
2414 4862 2574 4918 verba
2620 4861 2973 4917 constituunt.
3007 4857 3085 4913 Ex
3114 4858 3320 4913 duobus
3362 4860 3502 4914 enim

1931 4956 2234 5013 nominibus
2265 4955 2396 5009 solis
2423 4952 2716 5008 enuntiatio
2746 4966 2850 5006 non
2883 4952 2962 5013 fit,
2992 4965 3056 5004 ex
3091 4950 3304 5004 nomine
3327 4959 3502 5002 autem

1931 5057 1986 5102 et
2014 5046 2177 5102 verbo
2205 5044 2284 5110 ﬁt,
2314 5052 2372 5097 ut
2398 5051 2504 5108 est,
2538 5043 2700 5096 homo
2727 5040 2877 5096 vivit.
2908 5039 2992 5095 Fit
3021 5054 3230 5110 quoque
3260 5055 3322 5094 ex
3373 5039 3505 5093 solis

1929 5139 2108 5195 verbis
2137 5147 2197 5193 ut
2225 5145 2330 5201 est,
2361 5135 2635 5190 ambulare
2682 5131 2883 5189 moveri
2905 5139 3008 5185 est.
3041 5130 3124 5185 Fit
3143 5130 3301 5186 etiam
3328 5143 3390 5182 ex
3418 5142 3505 5182 ca-

1928 5247 1989 5286 su
2015 5229 2185 5293 verbi,
2213 5237 2294 5293 ut,
2320 5227 2570 5281 Socrates
2622 5222 2740 5288 fuit,
2768 5221 2854 5278 vel
2883 5221 3064 5286 etiam,
3095 5220 3211 5275 dies
3239 5219 3360 5273 erit.
3394 5217 3506 5272 Erit

1927 5321 2069 5375 enim
2094 5326 2148 5372 et
2171 5317 2267 5372 fuit
2290 5315 2440 5371 verbi
2471 5326 2628 5369 casus
2647 5321 2792 5367 sunt.
2823 5309 3083 5379 Quocirca
3120 5305 3504 5364 enuntiativam

1925 5414 2222 5469 orationem
2244 5391 2540 5480 simplicem
2564 5407 2678 5463 sola
2697 5405 2935 5460 maxime
2971 5404 3132 5460 verba
3152 5401 3503 5458 constituunt.

1930 5509 2236 5576 Eorumque
2263 5504 2412 5573 ponit
2463 5500 2787 5570 exemplum,
2845 5498 2897 5553 in
2923 5513 3028 5569 quo
3056 5511 3176 5550 eum
3206 5496 3354 5565 plura
3402 5493 3504 5548 sint

1929 5602 2168 5665 nomina,
2221 5597 2322 5653 nisi
2350 5596 2534 5651 addito
2581 5603 2759 5648 tamen
2813 5589 2976 5644 verbo
3028 5589 3080 5642 in
3131 5585 3506 5644 enuntiationis

1930 5695 2310 5766 prOprietatem
2343 5697 2395 5742 et
2423 5681 2832 5757 signiﬁcantium
2856 5694 2960 5732 non
2993 5680 3158 5743 venit,
3181 5686 3238 5732 ιιι
3266 5687 3349 5734 εει
3372 5677 3506 5733 ἁείὶς

1929 5788 2061 5843 ηἰιίο
2089 5785 2339 5842 hominis.
2370 5781 2568 5851 (Ratio
2599 5778 2740 5835 enim
2767 5772 2997 5832 hominis
3043 5778 3125 5826 est
3151 5768 3348 5839 speciei
3377 5768 3507 5826 detis
