4022 6332
489 374 592 439 515
662 418 675 431 .

1589 436 1611 454 ,
1708 346 1831 427 ΑΝ)
1856 343 2081 423 stanti
2105 360 2260 419 sev.
2303 362 2526 419 eumn

3652 362 3746 418 5ιὺ

491 496 685 567 nitio.)
725 495 821 552 Cui
876 495 920 550 si
952 506 1055 548 non
1086 500 1177 546 aut
1205 497 1307 557 est,
1360 497 1451 545 aut
1481 502 1584 543 non
1614 495 1716 553 est,
1750 493 1842 540 aut
1870 482 2070 552 aliquid
2100 472 2156 543 Α
2180 479 2441 535 dictiones
2492 477 2665 534 solum
2712 486 2875 544 sunt,
2929 477 3180 550 quoniam
3222 491 3342 533 cum
3385 478 3525 534 dicta
3565 476 3751 538 fuerim

492 576 792 656 ltujusmodi
824 582 1069 649 addatur,
1098 581 1391 637 enuntiatio
1418 594 1537 636 esse
1558 593 1660 633 non
1685 576 1900 647 poterit.
1937 573 2072 630 Nam
2116 594 2119 595 '

490 678 531 733 si
570 676 686 746 quis
711 673 873 738 dicat,
910 673 1119 728 Animal
1152 672 1412 727 rationale
1454 668 1699 731 mortale,
1733 667 1884 723 nulla
1925 667 1977 720 in
2007 680 2073 722 eo

491 769 669 824 adhuc
696 766 899 821 falsitas
923 773 1013 819 aut
1043 766 1239 819 veritas
1284 763 1616 833 intelligitur.
1668 761 1724 816 Si
1754 775 1880 815 vero
1906 758 2074 814 adda-

494 871 578 915 tur
595 866 700 926 est,
718 868 776 914 ut
796 858 886 926 sit,
904 857 1116 914 Animal
1133 857 1394 913 rationale
1417 856 1642 913 mortale
1662 864 1765 921 est,
1780 853 2076 911 enuntiatio

494 955 611 1010 sine
641 953 747 1010 ulla
770 953 1101 1010 dubitatione
1125 953 1417 1023 perficitur.
1450 952 1635 1006 Solum
1664 950 1822 1020 igitur
1852 948 2075 1004 verbum

494 1046 881 1102 enuntiativam
912 1045 1205 1114 simplicem
1239 1043 1477 1099 continet
1505 1041 1820 1098 orationem.

578 1137 751 1204 Quare
775 1147 942 1191 autem
965 1152 1123 1191 unum
1147 1135 1393 1206 quiddam
1443 1145 1513 1189 est
1544 1141 1590 1189 et
1615 1122 1929 1199 nonfmulta,
1960 1132 2078 1185 ani-

502 1231 605 1284 mal
634 1228 893 1300 gressibile
919 1228 1076 1299 bipes,
1107 1242 1266 1293 neque
1293 1226 1421 1280 enim
1448 1241 1506 1280 eo
1521 1225 1659 1294 quod
1686 1223 1967 1301 prapinqpe
1996 1221 2079 1275 di-

505 1331 704 1388 cuntur,
750 1337 907 1374 unum
935 1320 1047 1375 erit.
1081 1318 1172 1372 Est
1204 1301 1374 1373 autem
1398 1318 1607 1373 alterius
1626 1302 1727 1371 Ἰιοο
1751 1324 1967 1370 tractare
1990 1330 2082 1368 us-

507 1414 654 1487 gotii.

575 1505 709 1559 Cum
735 1503 803 1558 de
829 1501 1157 1577 simplicibus
1186 1510 1345 1572 atque
1379 1500 1500 1555 unis
1540 1497 1872 1554 orationibus
1899 1498 2088 1568 loque-

509 1602 674 1659 retur,
703 1593 1063 1649 delinitionem
1090 1591 1322 1648 hominis
1348 1589 1684 1660 interposuit,
1718 1588 1785 1643 de
1812 1604 1912 1657 qua
1948 1601 2089 1643 nunc

509 1686 613 1743 hoc
639 1688 786 1742 dicit.
834 1687 908 1743 ita
934 1687 1146 1758 quidem
1202 1684 1513 1754 interposita
1542 1691 1626 1738 est
1649 1680 1891 1737 definitio
1918 1680 2090 1735 homi-

512 1778 616 1841 nis,
647 1785 897 1845 tanquam
925 1778 969 1832 si
1015 1792 1117 1832 una
1148 1786 1292 1833 esset
1325 1774 1519 1830 oratio.
1551 1773 1656 1828 Cur
1682 1782 1861 1828 autem
1887 1786 1991 1826 una
2022 1772 2093 1827 sit

2179 570 2469 639 simplicia,
2514 571 2627 626 sive
2664 570 2842 641 aliquo
2870 570 3208 642 proferente,
3250 569 3301 624 id
3342 578 3424 625 est
3460 578 3648 638 sponte
3674 572 3752 627 di-

2180 670 2363 727 cente,
2398 662 2510 716 sive
2562 661 2628 717 ad
2660 661 2883 717 alterius
2928 646 3397 731 interrogationem
3453 662 3631 732 aliquo
3676 679 3755 720 re-

2181 754 2511 824 Spondente,
2545 769 2719 823 neque
2760 769 2941 809 verum
2971 768 3036 808 es
3065 754 3149 807 his
3178 769 3351 823 neque
3393 754 3582 809 falsum
3625 756 3757 810 valet

2183 843 2424 915 intelligi.
2474 844 2528 898 Si
2570 844 2691 914 quis
2719 844 2862 898 enim
2908 858 3003 913 per
3034 857 3091 898 se
3128 842 3268 898 di‘cat
3300 862 3314 898 :
3357 844 3638 909 Socrates,
3678 847 3756 901 vel

2183 951 2370 991 rursus
2413 951 2512 1007 per
2540 952 2599 990 se
2642 935 2814 990 solum
2866 936 3231 1004 simplexque,
3274 937 3540 1005 ambulat,
3591 940 3759 1008 neque

2185 1042 2368 1082 verum
2413 1026 2616 1091 cflieit,
2662 1040 2838 1098 neque
2885 1026 3092 1082 falsum.
3134 1027 3190 1082 Si
3232 1042 3360 1083 vero
3388 1029 3495 1085 alio
3537 1033 3761 1084 interro-

2186 1132 2366 1192 gante,
2399 1120 2721 1176 Secra‘tesne
2766 1119 3039 1175 ambulat?
3069 1120 3157 1176 ille
3187 1122 3538 1191 respondeat,
3569 1123 3762 1177 Ambu-

2189 1213 2297 1279 lat,
2328 1214 2372 1267 si
2405 1211 2527 1268 huic
2570 1212 2670 1282 ipsi
2697 1211 2867 1268 verbo
2898 1226 2993 1283 per
3020 1227 3080 1267 se
3112 1214 3389 1282 quisquam
3417 1214 3546 1270 velit
3580 1215 3764 1269 adver-

2188 1312 2304 1361 tere
2329 1304 2469 1374 quod
2495 1303 2637 1359 dixit
2664 1304 2933 1370 ambulat,
2968 1305 3265 1359 enuntiatio
3292 1306 3438 1360 nulla
3474 1318 3586 1373 est,
3628 1309 3765 1377 quod

2190 1407 2245 1452 et
2271 1411 2393 1450 cum
2447 1395 2725 1466 superiore
2753 1394 3173 1465 interrogatione
3201 1397 3517 1468 conjungat,
3555 1410 3684 1455 tunc
3707 1418 3766 1458 ex

2193 1489 2624 1558 interrogationis
2650 1498 2704 1543 et
2735 1488 3099 1565 responsionis
3126 1492 3502 1557 conjunctione
3537 1495 3770 1550 nascitur

2193 1579 2506 1635 enuntiatio.
2565 1578 2750 1634 Solum
2801 1587 2982 1634 autem
3012 1595 3207 1635 nomen
3237 1582 3321 1636 vel
3348 1583 3566 1638 verbum
3592 1600 3770 1653 neque

2193 1670 2403 1726 dicente
2432 1669 2629 1740 aliquo,
2680 1680 2735 1725 et
2776 1681 2968 1739 sponte
3014 1670 3351 1739 proferente,
3395 1688 3494 1729 nec
3540 1691 3766 1745 respon-

2194 1760 2384 1829 dente,
2414 1769 2592 1831 potest
2619 1762 2896 1831 quisquam
2926 1761 3140 1828 dicere,
3187 1763 3437 1833 quoniam
3479 1768 3771 1839 enuntiatio

511 1869 682 1924 oratio
733 1882 894 1931 nunc,
942 1867 1135 1937 inquit,
1187 1867 1368 1923 dicere
1411 1865 1846 1921 intermittemns.
1906 1862 2091 1929 Neque

2209 1852 2330 1908 facta
2362 1862 2463 1908 est.
2520 1853 2585 1907 Et
2637 1866 2827 1908 sensus
2868 1854 3081 1923 quidem
3131 1855 3435 1922 huiusmodi
3478 1867 3578 1914 εει.
3631 1860 3772 1917 Ordo

511 1958 654 2012 enim
694 1956 889 2012 idcirco
920 1972 1021 2011 una
1074 1971 1195 2013 esse
1246 1956 1476 2027 putanda
1523 1964 1627 2021 est,
1670 1956 1791 2025 quia
1840 1955 2091 2010 continue

512 2048 707 2105 dicitur
724 2059 779 2105 et
806 2049 1014 2105 sibimet
1043 2050 1359 2123 propinque.
1383 2048 1578 2103 animal
1609 2047 1893 2115 gressibile
1917 2047 2087 2116 bipes.

515 2139 705 2195 Posset
730 2139 871 2195 enim
896 2140 1064 2194 videri
1093 2139 1286 2194 horum
1313 2140 1588 2203 continua,
1618 2147 1674 2193 et
1702 2136 1803 2192 sub
1830 2149 1938 2190 una
1970 2150 2094 2204 pro-

516 2233 715 2291 latione
745 2233 908 2301 dicta,
940 2249 1102 2287 unam
1150 2232 1329 2290 facere
1368 2232 1836 2297 enuntiationem;
1868 2231 1962 2285 sed
1994 2230 2097 2287 hoc

518 2326 836 2382 Aristoteles
867 2334 1043 2397 negat.
1085 2324 1217 2380 Nam
1248 2340 1355 2380 non
1402 2322 1602 2379 idcirco
1631 2338 1735 2378 una
1768 2323 1943 2377 oratio
1991 2332 2097 2390 est,

517 2419 641 2488 quia
678 2417 974 2487 propinque
1002 2425 1055 2471 et
1081 2417 1334 2473 continue
1382 2416 1597 2472 dicitur.
1642 2415 1751 2471 Cur
1788 2426 1966 2471 autem
1996 2430 2100 2470 una

430 2496 431 2499 “
518 2509 608 2575 sit,
641 2509 861 2564 alterius
899 2516 981 2563 est
1003 2508 1103 2564 hoc
1134 2518 1367 2564 tractare
1396 2509 1614 2579 negotii,
1642 2517 1696 2564 et
1718 2508 1791 2565 de
1819 2522 1886 2563 eo
1912 2508 2101 2579 dispu-

520 2610 597 2658 tat
646 2603 700 2657 in
750 2601 837 2657 his
876 2602 1023 2658 libris
1053 2616 1188 2674 quos
1212 2603 1575 2674 Metaphysica
1622 2602 1917 2677 inscripsit,
1957 2602 2103 2673 quod

520 2704 601 2750 est
633 2694 791 2764 primi
839 2708 972 2762 opus
1016 2693 1339 2763 philosophi.
1391 2694 1555 2750 Nobis
1599 2702 1778 2751 autem
1808 2694 1911 2750 hoc
1938 2694 1994 2750 in
2018 2708 2105 2750 se-

522 2787 696 2844 cunda
725 2787 960 2844 editione
1000 2786 1407 2842 monstrandum
1432 2797 1535 2843 est.

592 2891 686 2946 Est
737 2902 911 2946 autem
958 2906 1059 2945 una
1102 2890 1266 2944 oratio
1304 2888 1618 2943 enuntiatitta
1659 2888 1737 2943 vet
1785 2902 1902 2958 qua:
1947 2902 2108 2941 unum

523 2983 795 3053 signiﬁcat,
846 2982 922 3036 vel
950 2982 1309 3055 conjunctione
1339 2995 1461 3033 una.
1514 2977 1700 3033 Plures
1746 2987 1941 3043 autem,
1994 2991 2109 3045 qua

524 3076 699 3146 plura,
726 3084 896 3130 etnon
926 3088 1105 3139 unum,
1134 3071 1212 3126 vel
1240 3071 1609 3143 inconjuncttc.

596 3176 868 3245 Duplicem
897 3173 1113 3230 modum
1131 3187 1357 3228 unnrum
1388 3171 1781 3242 multarumque
1800 3173 2107 3228 orationum

2197 1954 2376 2000 autem
2417 1945 2700 1999 verborum
2744 1944 2865 1999 talis
2909 1953 3010 1999 est.
3056 1944 3259 2001 Nomen
3290 1963 3417 2017 ergo
3458 1959 3512 2004 et
3555 1951 3775 2010 verbum

2196 2034 2360 2092 dictio
2397 2036 2465 2089 sit
2506 2034 2661 2100 sola,
2711 2035 2965 2106 quoniam
3015 2035 3094 2091 sic
3137 2037 3336 2107 aliquid
3390 2039 3776 2107 signiﬁcantem

2197 2141 2332 2181 voce
2357 2166 2371 2190 ,
2413 2122 2463 2181 id
2494 2133 2577 2181 est
2606 2141 2799 2180 nomen
2842 2135 2933 2181 aut
2970 2126 3192 2183 verbum
3235 2129 3553 2200 simpliciter
3597 2134 3778 2202 prole-

2199 2225 2430 2283 rentem,
2456 2232 2560 2270 non
2576 2225 2658 2272 est
2676 2216 2857 2273 dicere
2878 2218 3175 2273 enuntiare.
3196 2219 3306 2274 Non
3334 2223 3475 2276 enim
3496 2237 3779 2291 possumus

2202 2309 2379 2364 dicere
2420 2307 2560 2380 quod
2610 2308 2812 2376 aliquid
2856 2312 3097 2366 enuntiet
3128 2313 3171 2365 is
3195 2312 3286 2383 qui
3315 2315 3537 2383 simplex
3587 2332 3781 2377 nomen

2202 2410 2294 2457 aut
2319 2400 2546 2471 simplex
2578 2400 2797 2471 protulit
2820 2400 3063 2467 verbum,
3094 2404 3206 2458 sive
3246 2404 3352 2458 alio
3391 2405 3783 2479 interrogante,

2204 2493 2317 2550 sive
2344 2508 2451 2549 non
2473 2493 2867 2563 interrogante,
2900 2493 2992 2549 sed
3025 2494 3139 2564 ipso
3167 2506 3357 2565 sponte
3381 2496 3721 2567 proferente.

2282 2607 2482 2664 [larunt
2505 2616 2696 2674 autem,
2728 2607 2834 2661 hazc
2872 2608 3075 2678 quidem
3121 2610 3337 2682 simplex
3373 2620 3444 2666 est
3478 2616 3784 2685 enuntiatio,

2206 2710 2261 2756 ut
2287 2700 2481 2770 aliquid
2511 2700 2573 2753 de
2598 2699 2791 2768 aliqua,
2822 2700 2897 2753 vel
2927 2700 3121 2771 aliquid
3150 2700 3212 2754 ab
3243 2704 3439 2768 aliqua.
3468 2702 3596 2758 Haec
3624 2716 3788 2764 autem

2205 2808 2269 2847 ea:
2292 2792 2370 2846 his
2397 2791 2688 2857 coniuncta,
2721 2790 2854 2856 velut
2881 2791 3042 2844 oratio
3070 2791 3303 2861 quaedam
3318 2793 3432 2863 jam
3453 2797 3755 2863 composita.

2278 2904 2430 2961 Nunc
2456 2904 2585 2975 quid
2612 2903 2786 2958 oratio
2819 2903 2890 2958 sit
2921 2902 3147 2973 simplex
3186 2906 3587 2977 compositaque
3617 2908 3790 2965 decla-

2210 3005 2312 3052 rat.
2362 2997 2458 3052 Est
2500 2997 2645 3051 enim
2685 2994 2915 3065 simplex
2954 2995 3125 3049 oratio
3158 3008 3278 3065 quae
3315 2997 3523 3053 duobus
3554 3002 3794 3059 terminis

2207 3097 2436 3145 censtat.
2471 3086 2708 3143 Termini
2748 3094 2926 3141 autem
2971 3095 3096 3141 sunt
3140 3087 3351 3141 nomina
3379 3096 3436 3143 et
3466 3091 3656 3158 verba,
3685 3108 3794 3163 quat

2209 3182 2265 3237 in
2305 3179 2534 3251 simplici
2579 3178 2944 3248 propositione
2985 3177 3355 3247 praedicamus,
3387 3189 3443 3233 ut
3476 3180 3529 3234 in
3559 3196 3629 3237 eo
3661 3183 3796 3254 quod

521 3282 643 3326 esse
673 3264 966 3322 denuntiat.
1001 3265 1091 3320 Est
1117 3278 1344 3334 namque
1369 3278 1474 3318 una
1498 3266 1667 3319 oratio
1694 3262 1775 3319 vel
1797 3277 1918 3318 cum
1950 3277 2110 3319 unam
2137 3255 2187 3323 C
2215 3282 2319 3339 est,
2350 3272 2601 3329 Socrates
2634 3270 2889 3340 disputat,
2932 3270 3183 3326 Socrates
3224 3278 3279 3325 et
3313 3270 3546 3341 disputat
3584 3274 3797 3332 ter-mini

527 3375 643 3416 rem
666 3358 949 3429 significat,
977 3358 1059 3413 vel
1084 3373 1205 3413 cum
1238 3356 1617 3429 conjunctione
1665 3371 1770 3411 una
1802 3362 1905 3424 est,
1940 3363 1999 3410 ut
2025 3363 2111 3412 est

527 3466 589 3508 ea
612 3467 730 3523 quae
751 3451 900 3516 dicit,
926 3451 1125 3506 animal
1145 3451 1402 3506 rationale
1426 3449 1650 3505 mortale
1667 3449 1829 3504 homo
1844 3456 1951 3502 est:
1975 3446 2111 3503 hanc

525 3546 667 3600 enim
708 3543 864 3615 hujus
886 3544 1148 3599 orationis
1179 3543 1501 3599 sententiam
1544 3539 1721 3595 nuilus
1744 3540 1796 3594 in
1822 3539 2016 3595 multas
2038 3540 2113 3596 si-

526 3636 898 3708 gnificationes
929 3635 1181 3692 diducere
1231 3635 1447 3704 poterit,
1489 3633 1584 3688 sed
1634 3646 1796 3688 unum
1840 3632 2109 3702 quoddam

526 3728 811 3798 significat,
865 3737 918 3781 et
961 3737 1042 3782 est
1085 3734 1280 3795 prmter
1319 3723 1773 3791 coniunctionem.
1819 3723 1934 3777 Alia
1982 3737 2111 3778 vero

528 3821 701 3874 oratio
732 3829 815 3874 est
836 3834 962 3883 una,
986 3833 1105 3887 quae
1121 3833 1217 3886 per
1238 3816 1669 3885 conjunctionem
1694 3831 1798 3869 una
1818 3824 1919 3878 est,
1946 3823 2025 3879 ιιι,
2053 3813 2111 3870 Si

528 3910 646 3966 dies
676 3917 777 3973 est,
800 3908 890 3963 lux
921 3917 1024 3963 est.
1061 3907 1157 3962 Est
1197 3921 1327 3976 ergo
1370 3921 1474 3960 una
1504 3906 1677 3961 oratio
1700 3921 1820 3975 quae
1842 3905 1925 3959 vel
1951 3919 2110 3961 unam

530 4016 643 4058 rem
676 4000 962 4070 significat,
998 3998 1083 4053 vel
1111 3996 1490 4067 conjunctione
1514 3994 1778 4065 jungitur.
1805 3995 1996 4051 Plures
2018 4010 2111 4050 au-

532 4104 637 4148 tem
668 4099 794 4147 sunt
817 4106 935 4161 qua:
958 4090 1111 4162 plura
1132 4090 1452 4159 signiticant,
1479 4097 1536 4143 ut
1553 4097 1655 4155 est,
1678 4087 1824 4143 canis
1848 4096 2111 4143 movetur.

532 4186 682 4243 Hanc
707 4175 854 4242 cnim'
880 4195 1058 4255 potest
1099 4192 1153 4240 et
1180 4184 1245 4239 ad
1271 4182 1571 4239 latrabilcm
1605 4190 1660 4238 et
1681 4182 1746 4237 ad
1772 4183 2037 4237 marinum
2061 4187 2117 4236 et

529 4277 597 4333 ad
629 4278 904 4334 caelestem
930 4278 1140 4332 auditor
1170 4277 1471 4342 advertere,
1504 4284 1661 4346 atque
1705 4276 1824 4330 ideo
1856 4273 2111 4343 quoniam

532 4372 696 4429 multa
720 4369 1007 4443 significat,
1041 4382 1144 4424 non
1169 4382 1249 4424 est
1273 4386 1377 4425 una
1403 4371 1599 4433 oratio,
1624 4368 1718 4423 sed
1754 4368 1951 4437 plures.
1980 4370 2118 4424 Sunt

532 4479 744 4535 quoque
773 4463 1045 4517 orationes
1079 4476 1172 4531 per
1195 4476 1254 4517 se
1278 4462 1458 4529 plures
1493 4470 1548 4515 et
1585 4474 1809 4514 numero
1839 4468 1893 4513 et
1916 4460 2119 4529 signiti-

533 4554 759 4620 catioue,
784 4569 901 4624 quas
930 4553 1074 4609 nulla
1097 4551 1472 4621 conjunctione
1489 4552 1825 4621 copulantur,
1856 4559 1910 4603 ut
1931 4550 1977 4603 si
2001 4553 2119 4621 quis

2209 3373 2356 3430 sunt,
2389 3377 2443 3419 et
2474 3364 2562 3433 qui
2594 3363 2769 3417 minor
2797 3365 3059 3416 terminus
3101 3361 3153 3415 in
3194 3362 3559 3418 enuntiatione
3600 3379 3799 3431 prepo-

2210 3457 2375 3523 nitur,
2400 3462 2461 3511 ut
2484 3455 2753 3514 Socrates,
2781 3451 3053 3520 subjectus
3075 3451 3287 3517 dicitur,
3314 3462 3366 3508 et
3389 3456 3603 3522 ponitur
3623 3456 3800 3525 prior;

2209 3547 2303 3618 qui
2334 3563 2463 3603 vero
2490 3545 2677 3613 niajor,
2709 3542 3053 3614 praedicatur,
3084 3553 3137 3597 et
3178 3543 3384 3598 locatur
3424 3546 3718 3613 posterior,
3751 3557 3803 3607 ut

2210 3641 2463 3710 disputat.
2496 3639 2839 3707 Quaecunque
2879 3636 3174 3705 propositio
3213 3652 3281 3690 ex
3322 3651 3428 3691 uno
3461 3636 3713 3706 subjecto
3754 3648 3804 3698 et

2214 3748 2323 3786 uno
2354 3730 2644 3799 praedicata
2674 3729 2810 3784 facta
2837 3738 2939 3792 est,
2972 3727 3061 3782 illa
3088 3727 3313 3796 simplex
3339 3728 3640 3784 enuntiatio
3674 3747 3805 3786 nun-

2212 3833 2459 3894 cupatur,
2492 3828 2652 3891 atqiie
2690 3822 2791 3877 hoc
2824 3829 2907 3877 est
2949 3819 3090 3891 quod
3138 3822 3233 3875 ait.
3281 3820 3477 3877 Harum
3515 3833 3725 3890 autem,
3755 3824 3806 3879 id

2214 3925 2300 3969 est
2346 3915 2820 3977 enuntiativarnm,
2861 3913 3087 3983 simplex
3129 3922 3213 3968 est
3253 3913 3578 3978 enuntiatio,
3626 3922 3692 3969 ιιι
3717 3914 3809 3969 ali-

2215 4006 2339 4076 quid
2384 4006 2452 4062 de
2504 4006 2703 4075 aliquo,
2739 4015 2794 4059 ut
2841 4019 3001 4059 unum
3043 4003 3383 4073 praedicatum
3416 4004 3554 4072 quod
3586 4014 3675 4061 est
3714 4005 3809 4061 ali-

2217 4097 2340 4165 quid
2370 4097 2437 4151 de
2473 4111 2578 4151 uno
2614 4096 2854 4165 subjecto
2882 4094 3025 4166 quod
3053 4104 3136 4150 est
3163 4095 3229 4150 de
3257 4095 3434 4165 aliquo
3466 4095 3807 4163 praedicetur.

2219 4191 2331 4247 lloc
2371 4202 2548 4246 autem
2609 4191 2838 4260 pertinet
2891 4189 2957 4243 ad
2997 4187 3440 4255 aflirtnationem,
3496 4200 3555 4245 ιιι
3608 4190 3809 4261 ετὶαυίά

2217 4284 2285 4339 de
2331 4284 2509 4351 aliquo
2539 4280 2814 4352 przedices.
2869 4280 2953 4334 Ad
2984 4279 3317 4349 negationem
3349 4294 3505 4346 vero,
3539 4290 3601 4335 ut
3646 4296 3813 4336 unum

2219 4375 2419 4444 aliquid
2488 4375 2554 4427 ab
2596 4388 2702 4428 uno
2747 4372 2925 4441 aliquo
2972 4372 3309 4439 pradica‘ndo
3355 4370 3630 4441 disjungas
3668 4413 3686 4436 ,
3761 4380 3816 4430 It

2222 4467 2274 4522 in
2321 4482 2386 4521 eo
2434 4466 2572 4535 quod
2627 4472 2749 4528 est,
2786 4463 3038 4520 Socrates
3086 4479 3191 4518 non
3237 4463 3505 4531 disputat,
3536 4463 3817 4531 disputare

2224 4576 2387 4615 unum
2419 4557 2727 4622 terminum,
2758 4571 2785 4611 a
2819 4572 2925 4611 non
2959 4542 3182 4611 sacrate
3206 4555 3310 4609 alio
3341 4553 3588 4616 termino.
3615 4554 3818 4622 praedi-

531 4645 692 4715 dicat,
723 4648 800 4702 sol
822 4654 922 4711 est,
958 4662 1059 4716 pax
1081 4645 1205 4711 erit,
1243 4658 1343 4700 uox
1370 4654 1471 4709 est,
1497 4644 1691 4699 coelum
1718 4645 1968 4700 volvitur.
1994 4644 2118 4701 Haec
2145 4650 2200 4711 D
2222 4651 2394 4707 cando
2421 4649 2675 4718 disjuuxi.
2708 4647 2845 4704 Alite
2866 4660 2993 4702 vero
3013 4657 3136 4700 sunt
3156 4647 3425 4700 orationes
3442 4646 3836 4717 enuntiatime

533 4740 674 4795 enim
697 4754 818 4794 cum
845 4740 992 4808 plura
1014 4738 1337 4807 significent,
1361 4738 1507 4791 nulla
1530 4745 1707 4791 tamen
1733 4737 2119 4806 conjunctione

532 4832 844 4903 junguntur,
876 4840 1036 4901 atque
1071 4831 1190 4886 ideo
1222 4832 1399 4901 plures
1429 4831 1704 4885 orationes
1735 4836 2016 4885 vocantur.
2062 4832 2120 4887 in

533 4939 743 4979 summa
767 4924 925 4995 igitur
955 4923 1255 4977 orationum
1289 4937 1531 4988 unarutn,
1559 4922 1677 4976 alia:
1700 4931 1825 4976 sunt
1850 4924 2121 4993 signiﬁca-

532 5017 680 5071 tione
705 5030 844 5079 unm,
873 5015 989 5068 :lia:
1015 5012 1428 5083 conjunctione;
1463 5028 1569 5068 non
1598 5028 1825 5069 unarum
1850 5030 1978 5070 vero
2000 5029 2120 5069 ora-

534 5109 735 5163 tienum
761 5108 881 5161 alia:
904 5118 1026 5160 sunt
1049 5106 1442 5178 significatione
1465 5106 1665 5177 plures,
1715 5106 1833 5161 alia:
1874 5122 1939 5162 eo
1979 5122 2116 5178 quo-

534 5204 677 5257 niam
710 5202 854 5257 nulla
885 5201 1264 5270 conjunctione
1304 5201 1644 5269 copulantur.

611 5303 811 5360 Nomen
840 5319 960 5376 ergo
981 5312 1027 5359 et
1061 5300 1265 5357 rerbum
1307 5302 1461 5356 dictio
1485 5301 1549 5355 sit
1581 5300 1710 5365 sola,
1758 5299 1996 5370 quoniam
2022 5316 2124 5355 non

536 5408 608 5456 est
638 5399 823 5468 dicere,
858 5400 932 5453 sic
962 5396 1163 5464 aliquid
1189 5396 1563 5467 signi/[cantent
1594 5408 1711 5448 voce
1738 5397 2021 5459 enuntiare,
2047 5395 2124 5449 vel

537 5491 702 5561 aliqua
724 5492 1086 5561 interrogante,
1120 5487 1196 5542 vel
1226 5502 1351 5553 non,
1383 5486 1471 5540 sed
1503 5488 1613 5557 ipso
1639 5488 1943 5557 proferente.

609 5595 708 5649 Pcr
741 5593 879 5648 hanc
901 5590 1220 5647 sententiam
1254 5587 1480 5659 simplex
1514 5588 1681 5645 dictio
1703 5589 1829 5659 quid
1859 5590 1929 5643 sit
1955 5602 2121 5657 espo-

540 5689 637 5741 nit.
674 5685 978 5760 Dicit_enitn
994 5682 1212 5738 verbum
1232 5695 1535 5751 noutenque
1551 5680 1816 5737 dictiones
1842 5679 2009 5735 videri
2032 5688 2119 5735 so-

541 5778 669 5842 lum,
701 5794 806 5834 non
835 5780 995 5834 etiam
1032 5773 1438 5839 affirmationes,
1469 5784 1629 5843 atque
1657 5772 1812 5842 hujus
1843 5769 2121 5827 sententiae

542 5884 753 5931 causam
808 5868 1099 5925 subnectit.
1159 5866 1361 5924 idcirco
1402 5865 1546 5923 enim
1594 5865 1754 5921 verba
1797 5874 1850 5920 et
1905 5864 2119 5921 nomina

2228 4759 2343 4813 quae
2370 4743 2684 4812 composita:
2715 4742 3079 4805 nominantur,
3101 4755 3221 4809 qua:
3245 4748 3309 4793 ex
3337 4738 3674 4808 simplicibus
3698 4754 3822 4794 orsa

2232 4834 2467 4889 tionibus
2509 4844 2930 4904 componuntur,
2973 4844 3031 4886 ut
3069 4840 3173 4898 est,
3220 4834 3263 4886 si
3292 4832 3408 4887 dies
3442 4839 3546 4897 est,
3580 4833 3671 4886 lux
3705 4844 3821 4899 eSt;

2226 4928 2340 4981 dies
2370 4937 2451 4980 est
2493 4938 2547 4981 et
2579 4927 2665 4981 lnx
2703 4937 2805 4990 est,
2837 4924 2956 4979 dua:
2997 4933 3124 4979 sunt
3163 4924 3433 4992 simplices
3472 4926 3826 4981 enuntiativte

2229 5021 2521 5085 orationes,
2571 5018 2771 5073 idcirco
2809 5017 2949 5085 quod
2988 5016 3125 5071 binis
3159 5015 3400 5071 terminis
3436 5025 3719 5083 constant,
3760 5033 3825 5072 ex

2229 5112 2435 5166 duabus
2460 5120 2637 5166 autem
2663 5110 2998 5179 simplicibus
3020 5107 3348 5163 orationibus
3372 5116 3477 5161 tota
3505 5107 3620 5162 lucc
3647 5111 3828 5165 oratio

2228 5213 2329 5267 est,
2362 5219 2481 5272 quin
2506 5203 2656 5267 tlit'il,
2679 5202 2721 5256 si
2752 5200 2867 5255 dies
2894 5214 3000 5266 est,
3034 5202 3121 5254 lux
3141 5209 3221 5255 est
3242 5217 3256 5264 ;
3280 5200 3380 5255 hoc
3409 5209 3489 5254 est
3508 5202 3651 5255 enim
3677 5201 3826 5272 quod

2230 5296 2325 5348 ait.
2360 5293 2483 5347 Haec
2507 5302 2685 5346 autem
2716 5305 2780 5347 ex
2812 5290 2896 5344 his
2925 5288 3233 5361 conjuncta,
3267 5292 3317 5345 id
3351 5299 3434 5345 est
3462 5307 3526 5345 cx
3556 5292 3818 5362 simplici.

2234 5383 2331 5437 bna
2368 5382 2697 5437 orationibus
2742 5379 3123 5445 euuntiativis,
3164 5380 3307 5437 velut
3354 5380 3525 5445 oratio
3572 5382 3830 5451 quaedam

2220 5477 2329 5547 jam
2377 5474 2692 5544 composita,
2740 5472 2934 5543 quippe
2976 5473 3130 5543 cujus
3179 5481 3346 5529 totum
3389 5488 3585 5543 corpus
3627 5489 3697 5528 ex
3744 5474 3831 5529 bis

2221 5567 2477 5637 jungitur,
2504 5580 2635 5635 quas
2665 5564 2937 5634 simplices
2965 5579 3085 5619 esse
3109 5566 3223 5633 jam
3250 5578 3408 5634 supra
3441 5564 3618 5619 docui.

2298 5680 2389 5734 Est
2417 5688 2584 5733 autem
2610 5677 2829 5745 simplex
2854 5678 3155 5741 enuntiatio,
3183 5694 3280 5732 vos:
3308 5676 3641 5749 signiﬁcation
3670 5677 3746 5729 de
3768 5692 3831 5731 eo

2224 5771 2357 5840 quad
2396 5778 2463 5821 est
2494 5766 2709 5833 aliquid,
2739 5768 2815 5821 uel
2846 5780 2947 5821 non
2987 5776 3082 5830 est,
3113 5767 3538 5836 quemadmodum
3579 5774 3831 5835 tempora

2228 5861 2390 5916 divisa
2417 5868 2553 5912 sunt.
