4030 6336
263 346 372 405 817

1053 353 1120 408 ΙΝ
1158 353 1412 412 LIBRUM
1452 356 1536 411 DE
1580 356 2226 423 INTEBPRETATIONE
2266 368 2492 427 EDITIO
2529 373 2761 441 PRIMA.

3437 386 3538 443 518

340 466 630 535 Postquam
670 463 739 521 de
779 465 1091 536 compositis
1127 468 1455 523 orationibus
1495 470 1845 539 simplicibus-

1961 491 2014 534 et
2053 468 2425 539 aliitmationis
2460 494 2512 540 et
2554 488 2849 556 negationis
2879 489 3005 546 falsa
3044 494 3299 563 proferre,
3332 507 3536 553 constat

258 574 372 630 que
398 559 666 623 tractavit,
695 557 1068 615 diiﬁnitiouem
1096 562 1279 615 euunti
1298 562 1477 615 ttionis
1507 577 1604 631 per
1624 564 1857 619 afﬁrma-

259 655 465 711 tionem
489 664 542 709 et
570 653 903 723 negationem
932 654 1248 725 ingreditur;
1270 656 1495 712 aiteoim
1513 672 1527 712 :
1548 658 1856 715 Enuutiatio

259 758 351 806 est
372 760 475 802 Vox
508 746 811 817 significans
837 744 1244 801 afﬁrmationem
1270 749 1355 801 vel
1384 749 1744 819 negationem,
1774 751 1854 807 vel

260 844 322 901 ἰὴ
371 842 720 913 praeteritum,
750 842 833 897 vei
877 840 928 896 in
971 856 1226 912 prmsens,
1259 841 1344 897 vel
1375 843 1426 897 in
1456 842 1690 898 futurum
1724 854 1855 899 tem-

262 926 395 1006 pus.
425 932 575 1000 Quod
609 936 751 987 enim
784 930 935 997 dixit,
967 931 1032 988 de
1061 947 1125 988 eo
1152 926 1292 1004 quod
1320 942 1421 999 est,
1448 933 1512 988 ad
1543 934 1853 990 afﬁrmatio-

260 1030 392 1083 n'cm
418 1020 622 1091 retulit;
646 1022 787 1095 quod
810 1024 1030 1088 addidit,
1055 1025 1134 1079 rei
1158 1040 1260 1079 non
1284 1034 1386 1091 est,
1407 1025 1470 1080 ad
1487 1027 1849 1097 negationem;

261 1116 409 1187 quod
443 1128 573 1172 vero
622 1124 839 1171 secutus
880 1129 981 1181 εει,
1024 1115 1470 1187 quemadmodum
1508 1129 1747 1189 tempora
1772 1120 1854 1175 di-

260 1204 379 1263 visa
405 1212 549 1273 sunt,
578 1207 644 1262 ad
674 1208 1003 1279 singulorum
1034 1217 1333 1277 temporum
1363 1210 1545 1264 retulit
1565 1212 1847 1277 rationem;

259 1299 380 1355 siVe
408 1301 547 1354 enim
576 1300 770 1369 aliquis
800 1300 939 1354 dicat
966 1318 978 1352 :
1009 1303 1261 1356 Socrates
1286 1300 1433 1361 vivit.
1466 1300 1717 1357 Socrates
1744 1318 1850 1358 non

258 1388 419 1459 vivit,
448 1392 558 1447 sive
581 1391 833 1447 Socrates
856 1393 1012 1455 vixit,
1039 1394 1286 1449 Socrates
1312 1408 1418 1449 non
1444 1393 1593 1460 vixit,
1623 1395 1705 1451 vel
1735 1394 1847 1451 sic:

259 1484 515 1541 Socrates
536 1485 774 1540 vii-turus
795 1494 895 1547 est,
922 1486 1171 1543 Socrates
1200 1486 1435 1542 victurus
1466 1500 1569 1541 non
1591 1496 1694 1550 est,
1719 1502 1853 1557 quo—

260 1566 411 1632 niam
443 1576 729 1633 afﬁrtna'lo
759 1587 842 1634 est
867 1589 959 1634 aut
982 1580 1215 1650 negatio,
1248 1589 1303 1637 et
1331 1569 1579 1650 quoniam
1602 1581 1852 1650 quaelibet

260 1667 505 1737 ipsarum
537 1666 588 1721 in
626 1668 801 1736 aliquo
846 1678 1143 1739 temporum
1176 1680 1279 1740 est,
1314 1686 1431 1741 quae
1459 1670 1775 1727 dividuntur
1797 1673 1848 1727 in

261 1755 535 1823 futurum,
583 1772 815 1827 przesens
863 1772 924 1813 ac
976 1761 1337 1830 prmteritum,
1393 1760 1601 1830 plenam
1651 1756 1848 1817 retinet

257 1848 525 1917 simplicis
554 1852 946 1907 enuntiationis
977 1863 1241 1906 naturam.

337 1943 614 2011 A/iirmatio
662 1959 775 1997 vero
796 1952 868 1998 est
888 1945 1169 2011 enuntiatio
1192 1942 1413 2016 alicujus
1438 1943 1499 1997 de
1520 1944 1711 2015 aliqua.
1740 1942 1848 1998 Ne-

256 2034 396 2102 gotia
427 2049 540 2086 vero
570 2036 849 2089 enuntiatio
876 2035 1097 2107 alicujus
1121 2034 1182 2088 ab
1210 2035 1401 2106 aliquo.

300 2118 429 2180 'Ad
468 2125 835 2183 afiirntationis
888 2138 941 2183 et
995 2128 1290 2198 negationis
1348 2127 1843 2184 determinationem

258 2220 646 2275 enuntiationis
686 2237 879 2276 nomen
917 2218 1161 2289 sumpsit,
1192 2232 1249 2277 ut
1284 2224 1520 2292 generis;
1556 2233 1636 2277 est
1668 2229 1843 2277 autem

256 2308 548 2365 afﬁrmatio
577 2312 785 2381 quoties
816 2313 1012 2383 aliquid
1045 2313 1111 2367 de
1140 2313 1318 2381 aliquo
1351 2329 1470 2367 cum
1498 2328 1563 2388 eo
1592 2313 1731 2381 quod
1764 2320 1846 2368 est

257 2415 383 2459 esse
414 2402 782 2472 praedicamus,
812 2410 869 2458 ut
893 2419 1010 2458 cum
1043 2405 1289 2470 dicimus,
1313 2404 1485 2459 Ilomo
1518 2406 1709 2460 animal
1740 2415 1841 2470 est,

258 2494 455 2548 animai
487 2493 555 2549 de
599 2494 813 2549 homine
858 2496 1240 2563 przedicamus;
1284 2497 1494 2565 quoties
1536 2506 1711 2550 autem
1743 2496 1841 2551 aii—

255 2584 385 2656 quid
416 2586 482 2641 ab
508 2587 687 2657 aliquo
725 2589 1062 2657 praedicando
1097 2587 1469 2659 disiungimus,
1500 2589 1711 2658 negitio
1739 2599 1839 2657 εει,

253 2686 321 2732 ιιι
353 2680 510 2734 lomo
542 2672 675 2747 lapis
704 2695 810 2735 non
839 2688 938 2743 (ει,
964 2679 1192 2750 lapidem
1220 2681 1362 2735 enim
1387 2680 1454 2734 ab
1486 2678 1701 2736 homine
1732 2683 1843 2737 dis-

256 2768 549 2842 ]ungimus.
598 2771 775 2840 Quare
829 2784 972 2830 recta
1024 2774 1393 2832 afﬁrmationis
1439 2779 1495 2832 et
1550 2777 1844 2849 negationis

254 2854 396 2917 facta
422 2870 504 2920 est
528 2862 792 2921 dillinltio.

405 2992 471 3030 DE
501 2991 767 3034 SUBJEC'I'IS
798 2995 864 3034 ΕΤ
894 2996 1212 3037 ιιιιιευιοριτιε
1250 2996 1700 3037 ENUNTIATIONUI.

340 3068 589 3130 Quoniam
613 3081 775 3123 autem
802 3080 871 3125 est
892 3074 1179 3137 enuntiare,
1210 3082 1256 3127 et
1283 3074 1419 3143 quod
1448 3083 1540 3140 est,
1570 3092 1669 3128 non
1697 3092 1841 3130 esse:

253 3148 309 3231 et
337 3158 475 3228 quod
512 3175 614 3211 non
653 3169 744 3226 est,
776 3178 882 3216 esse
912 3178 931 3215 :
956 3172 1000 3215 et
1031 3164 1168 3231 quod
1201 3172 1293 3229 est,
1328 3181 1432 3219 esse
1464 3174 1552 3219 :et
1577 3166 1714 3235 quod
1745 3183 1843 3220 non

1959 574 2100 643 quod
2142 577 2285 631 omni
2321 580 2587 647 negationi
2615 582 2916 648 afﬁrmatio,
2950 593 3005 640 et
3029 589 3172 643 omni
3201 591 3535 649 afﬁrmationi

1958 666 2168 734 negatio
2215 670 2519 736 opponitur.
2571 671 2701 727 liine
2739 689 2866 743 ergo
2907 674 3033 745 quid
3070 680 3137 732 sit
3172 680 3310 748 quod
3344 681 3539 738 dicitur

1957 758 2327 827 contradictio,
2356 760 2675 820 declaratur.
2709 764 2803 818 Est
2831 768 2971 821 enim
3012 772 3361 827 contradictio
3388 773 3536 829 afﬁr-

1956 850 2207 907 mationis
2234 854 2291 907 et
2329 854 2623 923 negationis
2664 859 2949 926 oppositio.
2983 850 3113 915 Cum
3145 864 3284 918 enint
3313 865 3429 933 quis
3454 864 3538 921 af-

1956 942 2135 998 ﬁrmat
2167 945 2308 1014 quod
2347 944 2479 999 altus
2522 955 2699 1017 negat,
2760 953 2873 1019 ipsa
2913 960 3255 1026 utrarumque
3295 959 3538 1026 proposi-

1957 1034 2161 1089 tinuum
2191 1050 2362 1105 pugna
2388 1037 2737 1093 contradictio
2776 1042 3100 1098 nominatur.
3138 1047 3310 1115 Atque
3334 1047 3433 1103 hoc
3457 1056 3540 1107 est

1954 1126 2099 1196 quod
2130 1127 2222 1181 ait.
2259 1128 2323 1182 Et
2349 1127 2420 1183 sit
2448 1127 2549 1183 hoc
2579 1130 2951 1199 contradictio,
2982 1133 3268 1190 afﬁrmatio
3295 1146 3349 1192 et
3377 1151 3539 1205 nega-

1956 1222 2033 1301 tio
2061 1222 2326 1292 opposita.
2355 1221 2487 1277 Cum
2516 1225 2657 1278 enim
2695 1223 2981 1280 afﬁrmatio
3011 1228 3276 1297 negationi
3318 1230 3539 1300 opponi-

1956 1318 2064 1377 tur,
2095 1312 2445 1367 contradictio
2471 1322 2575 1369 est.
2607 1313 2711 1369 Sed
2738 1328 2855 1382 quae
2885 1317 2952 1370 sit
2986 1316 3269 1372 afﬁrmatio
3294 1324 3537 1388 opposita

1957 1407 2249 1477 negationi,
2277 1416 2366 1462 aut
2399 1423 2515 1476 qute
2553 1409 2619 1461 sit
2659 1408 2845 1463 harum
2877 1411 3297 1480 propositionum
3328 1414 3539 1482 opposi-

1956 1501 2052 1565 tio,
2091 1499 2143 1555 in
2175 1502 2518 1571 sequentibus
2556 1501 2752 1569 prodit.
2779 1502 2959 1571 Neque
2996 1504 3137 1557 enim
3164 1504 3416 1572 quaelibet
3445 1518 3539 1559 ne-

1954 1596 2097 1664 gatio
2144 1595 2357 1649 cuilibet
2400 1595 2738 1650 afﬁrmationi
2777 1597 3017 1666 opposita
3057 1606 3159 1662 est,
3198 1599 3290 1652 sed
3334 1607 3538 1654 tantum

1957 1685 2039 1740 ha:
2061 1701 2189 1756 quas
2213 1686 2263 1741 in
2292 1686 2633 1753 sequentibus
2657 1687 2772 1757 ipse
2797 1688 3137 1743 determinat.
3160 1687 3416 1756 Quocirca
3437 1691 3539 1746 erit

1955 1777 2323 1839 COttll‘adiCIiO,
2352 1778 2633 1834 afﬁrmatio
2662 1786 2713 1834 et
2745 1780 2955 1848 negatio
2979 1781 3237 1847 oppositte
3257 1794 3404 1849 mare
3433 1781 3540 1836 sint

1878 1870 1928 1934 Β
1954 1878 2130 1923 autem
2160 1870 2437 1939 oppositze,
2469 1883 2698 1939 sequens
2728 1871 3076 1937 expositionis
3110 1871 3242 1926 ordo
3275 1871 3536 1927 contexit.

2029 1966 2158 2022 Dico
2195 1979 2361 2023 autem
2406 1970 2593 2040 opponi
2632 1971 2859 2041 ejusdem
2898 1971 2960 2025 de
2993 1971 3188 2026 eodem.
3223 1971 3344 2026 Non
3370 1977 3538 2028 autem

1955 2059 2228 2129 a'quiroce,
2261 2070 2305 2113 et
2332 2076 2638 2128 quascunque
2680 2072 2860 2115 caetera
2891 2062 3069 2115 talium
3097 2061 3538 2118 determinavimua

1955 2158 2130 2201 contra
2158 2148 2457 2219 saphisticas
2486 2149 2914 2219 importunitates.

2026 2238 2164 2292 Fieri
2189 2248 2313 2294 tunc
2341 2240 2729 2307 oppositionem
2754 2240 2805 2295 iu
2836 2240 3277 2297 afﬁrmationibus
3304 2242 3537 2311 negatio-

1953 2332 2214 2402 nihusque
2243 2334 2595 2399 demonstrat,
2627 2349 2745 2389 cum
2777 2335 2916 2390 idem
2951 2337 3247 2407 subjectum
3290 2337 3537 2406 idemque

1952 2424 2296 2493 praedicatum
2330 2429 2383 2481 in
2410 2427 2692 2497 negatione
2732 2429 2822 2493 sit,
2853 2429 2995 2499 quod
3034 2430 3255 2500 quilibet
3298 2432 3351 2486 in
3390 2431 3537 2488 afﬁr-

1950 2517 2181 2571 matione
2195 2519 2468 2587 proposuit
2497 2537 2509 2571 :
2539 2529 2750 2589 oportet
2778 2522 2917 2576 enim
2948 2536 3183 2591 semper,
3218 2522 3263 2578 si
3290 2523 3535 2591 apposita

1949 2616 2035 2661 est
2071 2607 2359 2662 afﬁrmatio
2390 2611 2679 2679 negationi,
2712 2626 2870 2665 unam
2919 2626 3040 2667 esse
3079 2627 3281 2677 veram,
3311 2614 3534 2670 alteram

1946 2698 2161 2755 'faisam.
2198 2701 2351 2767 Quod
2377 2703 2424 2757 si
2452 2712 2690 2773 utrzeque
2718 2704 2865 2759 falsa:
2892 2713 3032 2768 sunt,
3060 2714 3151 2758 aut
3177 2714 3414 2775 utrmque
3441 2722 3534 2761 ve-

1950 2806 2046 2856 rte,
2079 2806 2184 2847 non
2214 2805 2335 2847 sunt
2361 2795 2641 2863 oppositae.
2682 2794 2865 2865 Neque
2892 2795 3033 2850 enim
3067 2810 3127 2850 se
3162 2796 3446 2863 perimunt.
3474 2795 3532 2851 Si

1950 2890 2129 2936 autem
2159 2897 2263 2936 una
2292 2883 2361 2937 sit
2387 2882 2539 2951 falsa,
2565 2884 2665 2938 alia
2706 2899 2853 2950 vera,
2877 2893 3003 2939 tunc
3043 2900 3168 2940 vera
3197 2886 3408 2955 perimit
3439 2885 3533 2941 fal-

1949 2991 2087 3032 sam.
2121 2976 2186 3030 Et
2214 2976 2260 3029 si
2293 2975 2379 3029 illa
2410 2976 2567 3031 fuerit
2592 2990 2736 3045 vera,
2764 2976 2865 3031 alia
2896 2992 3021 3031 mox
3050 2992 3079 3030 a
3107 2976 3330 3033 veritate
3354 2976 3533 3034 disce-
3572 2972 3585 2981 ’

1949 3068 2048 3124 dit.
2079 3068 2230 3135 Quod
2272 3068 2316 3122 si
2352 3068 2405 3121 in
2441 3066 2679 3137 qualibet
2705 3067 3058 3124 afﬁrmatione
3084 3078 3173 3122 aut
3211 3067 3530 3137 subjectum,

1949 3170 2041 3213 aut
2085 3160 2428 3227 praedicatum
2456 3159 2615 3214 fuerit
2646 3159 3000 3229 tequivoeum,
3032 3175 3137 3215 non
3167 3170 3293 3215 sunt
3319 3160 3532 3230 opposi-

252 3261 351 3314 est,
382 3266 478 3303 non
510 3268 648 3317 esse;
674 3262 718 3304 rt
748 3254 883 3305 circa
911 3271 969 3307 ea
999 3272 1111 3320 qua:
1146 3268 1263 3310 sunt
1298 3268 1441 3311 extra
1469 3275 1687 3329 pra'sens
1718 3268 1843 3312 tem-
1869 3254 1918 3326 ο
1950 3261 2039 3307 tae.
2070 3251 2123 3307 Si
2152 3252 2271 3320 quis
2311 3252 2452 3306 enim
2489 3250 2632 3306 dicat
2657 3268 2670 3307 :
2693 3251 2998 3307 Alexander
3034 3252 3288 3307 Helenam
3332 3253 3528 3324 rapuit,

252 3358 406 3411 pora,
447 3344 680 3398 similiter
720 3361 866 3398 omne
904 3347 1144 3418 contingit
1181 3348 1318 3417 quod
1353 3347 1464 3410 quis
1497 3347 1838 3418 aﬂirntaveril,

252 3447 462 3506 negare,
488 3444 533 3487 et
556 3438 690 3505 quod
710 3438 822 3506 quis
848 3438 1119 3506 negauerit,
1149 3438 1593 3508 aﬁirmaremuare
1622 3439 1841 3507 manife-

253 3534 391 3580 stum
432 3535 504 3579 est
547 3528 785 3595 quoniam
821 3529 957 3581 omni
1000 3528 1321 3598 aﬂirmationi
1355 3540 1427 3583 est
1456 3533 1655 3600 negatio
1681 3547 1842 3599 appo-

254 3616 373 3681 sita,
408 3627 454 3670 et
480 3620 616 3670 omni
645 3619 905 3689 negationi
959 3621 1251 3688 a/ﬂrmatio.
1280 3617 1349 3673 Et
1374 3621 1437 3674 sit
1470 3621 1564 3674 hoc
1587 3622 1843 3674 contradi-

255 3709 380 3773 ctio,
402 3709 671 3779 afﬁrmatio
693 3721 739 3764 et
765 3711 965 3781 negatio
992 3711 1256 3782 oppositae.

327 3806 477 3862 Nunc
502 3808 691 3863 dividit
718 3810 1136 3876 enuntiationes,
1165 3812 1246 3865 vel
1270 3827 1389 3882 qua:
1413 3813 1481 3867 de
1512 3813 1593 3867 his
1620 3822 1845 3883 possunt

253 3899 372 3955 ﬁeri
401 3901 581 3966 rebus,
611 3917 728 3971 qum
758 3915 902 3968 sunt,
934 3905 1017 3960 vel
1058 3919 1174 3971 qua:
1208 3905 1274 3959 de
1303 3905 1367 3958 iis
1402 3888 1519 3974 quae
1551 3920 1654 3959 non
1698 3913 1841 3971 sunt,

254 3994 372 4047 sive
415 3993 467 4047 in
508 3993 882 4063 afﬁrmatione,
922 3996 1034 4051 sive
1080 3994 1133 4051 in
1183 3998 1484 4066 negatione.
1524 3996 1663 4051 Dicit
1700 3994 1843 4051 enim

256 4084 510 4152 quoniam
537 4095 619 4139 est
646 4088 925 4143 enuntiare
954 4089 1092 4155 quod
1129 4098 1209 4142 est
1252 4103 1356 4141 non
1386 4103 1527 4154 esse,
1556 4072 1613 4143 ut
1651 4088 1695 4143 si
1727 4090 1846 4158 quis

261 4173 427 4241 dicat,
459 4175 645 4231 Nullus
685 4178 846 4233 homo
884 4180 1081 4233 animai
1121 4187 1221 4233 est.
1259 4179 1369 4234 lloc
1397 4182 1537 4233 enim
1569 4179 1709 4248 quod
1740 4187 1843 4240 est,

258 4281 369 4322 non
416 4281 536 4321 esse
574 4271 864 4337 praposuit.
898 4270 1020 4324 llaec
1056 4279 1139 4324 εει
1186 4267 1313 4322 falsa
1352 4271 1582 4339 negatio.
1613 4269 1678 4322 Et
1704 4269 1846 4336 quod

257 4370 368 4412 non
396 4367 478 4413 est
505 4372 645 4424 esse,
670 4371 725 4414 ut
749 4361 793 4414 si
819 4361 936 4430 quis
957 4360 1120 4424 dicat,
1145 4359 1333 4415 Omnis
1361 4360 1493 4428 lapis
1519 4361 1715 4413 animal
1743 4369 1846 4427 est,

257 4450 399 4520 quod
432 4451 575 4507 enim
608 4469 712 4507 non
753 4463 837 4509 est
864 4469 985 4510 esse
1015 4454 1313 4519 consuluit,
1353 4464 1407 4509 et
1445 4454 1559 4508 hzec
1601 4464 1681 4508 est
1720 4454 1846 4509 falsa

255 4542 565 4599 affirmatio.
608 4544 676 4600 Et.
712 4547 851 4613 quod
881 4555 961 4599 est
987 4560 1127 4611 esse,
1162 4553 1219 4600 ut
1249 4545 1292 4598 si
1325 4545 1443 4615 quis
1471 4544 1634 4608 dicat,
1663 4544 1848 4598 Omnis

1946 3354 2000 3398 et
2028 3343 2129 3399 hoc
2156 3343 2347 3411 aliquis
2378 3351 2532 3413 neget
2562 3344 2783 3398 dicens:
2808 3344 3113 3400 Alexander
3139 3343 3393 3400 llelenam
3424 3359 3530 3401 non

1944 3436 2142 3504 rapuit,
2176 3434 2426 3505 quoniam
2473 3431 2783 3488 Alexander
2823 3434 3152 3503 tequivoeum
3195 3449 3387 3489 nomen
3427 3444 3528 3500 est,

1945 3535 2119 3596 potest
2172 3538 2453 3594 utrumque
2506 3539 2627 3580 esse
2689 3539 2904 3591 verum,
2963 3535 3017 3580 et
3067 3525 3306 3595 negatio,
3365 3526 3410 3580 si
3463 3526 3532 3582 de

1945 3619 2254 3674 Alexandro
2275 3619 2462 3688 Magno
2495 3617 2828 3685 ioquatur,et
2846 3617 3206 3684 afllrmatio,«i
3224 3618 3289 3672 de
3301 3617 3529 3673 Alexan-

1946 3709 2046 3764 dro
2070 3709 2302 3779 Trojano
2332 3718 2615 3779 proponat.
2640 3710 2815 3775 Quare
2843 3724 2948 3765 non
2981 3719 3107 3764 sunt
3137 3708 3219 3763 ita:
3245 3708 3528 3778 oppositas.

1941 3801 2070 3856 illas
2091 3811 2267 3856 autem
2296 3815 2417 3857 esse
2449 3800 2581 3856 dicit
2618 3800 2909 3870 oppositas,
2937 3815 3265 3870 qttteeunque
3291 3799 3529 3869 ejusdem

1947 3892 2217 3963 praedicati
2250 3892 2445 3947 habent
2471 3892 2860 3961 oppositionem
2885 3892 2954 3948 de
2974 3892 3161 3947 eodem
3185 3892 3449 3958 subjecto,
3475 3901 3530 3946 ut

1947 3982 2018 4036 ibi
2051 3983 2193 4038 nulla
2222 3984 2568 4052 mquivoeatio
2589 3983 2913 4039 diversitatis
2952 3998 3111 4038 causa
3138 3982 3236 4050 sit;
3262 3982 3364 4038 hoc
3392 3982 3530 4039 enim

1947 4083 2032 4130 est
2054 4075 2196 4144 quod
2229 4076 2301 4129 ait
2328 4093 2342 4130 :
2377 4077 2503 4130 Dico
2541 4086 2717 4131 autem
2745 4076 2938 4146 apponi
2969 4076 3206 4143 ejusdem
3230 4076 3298 4132 de
3319 4075 3528 4131 eodem.

1946 4164 2065 4219 Non
2091 4176 2265 4220 autem
2298 4168 2591 4235 :cquivoce,
2624 4176 2681 4221 ut
2710 4167 2951 4235 ejusdem
2978 4160 3245 4236 praedicati
3276 4168 3347 4227 sit
3370 4182 3531 4237 Oppo~

1950 4259 2073 4312 sitio
2103 4259 2156 4312 in
2197 4259 2498 4327 negatione,
2529 4259 2618 4328 qui
2660 4259 2758 4314 fuit
2798 4260 2849 4313 in
2880 4259 3267 4325 afﬁrmatione,
3293 4270 3346 4315 et
3370 4262 3439 4316 de
3464 4274 3532 4316 eo

1949 4352 2191 4420 subjecto
2218 4352 2308 4404 ﬁat
2341 4357 2569 4420 ttegatio,
2595 4353 2659 4406 de
2686 4366 2793 4421 quo
2817 4361 2940 4407 ante
2968 4350 3103 4406 facta
3128 4361 3208 4407 est
3229 4353 3531 4409 afﬁrmatio.

1950 4441 2054 4495 Sed
2096 4441 2400 4509 diligentius
2444 4442 2559 4496 haec
2600 4442 2649 4495 in
2693 4441 2830 4497 libro
2877 4457 3033 4511 quem
3075 4446 3191 4519 Περὶ
3233 4451 3532 4517 σοφιστικῶν

1952 4532 2175 4606 ἐλέγχων
2218 4532 2459 4586 inscribit
2504 4531 2787 4598 edisserit;
2832 4534 2938 4587 illic
2964 4534 3107 4588 enim
3150 4533 3535 4603 sephistarum,

257 4636 423 4691 homo
451 4638 645 4691 anima;
683 4646 783 4691 εει,
812 4638 961 4705 Quod
998 4638 1139 4699 enim
1180 4647 1281 4703 εει,
1314 4652 1434 4693 esse
1463 4637 1764 4702 (Oufirmat,
1794 4647 1848 4692 ει
1874 4650 1930 4711 D
1952 4639 2087 4692 quos
2107 4623 2319 4677 fallaces
2341 4631 2801 4692 argumentatores
2824 4623 3008 4679 Latine
3028 4638 3309 4694 possumus
3329 4626 3530 4692 dicere,

256 4726 375 4782 hmo
399 4736 481 4782 est
511 4728 797 4783 afﬁrmatio
831 4744 977 4783 vera.
1014 4729 1079 4782 Et
1120 4728 1259 4798 quod
1299 4744 1403 4783 non
1433 4737 1535 4794 est,
1564 4743 1670 4782 non
1701 4741 1840 4805 esse,

257 4827 317 4872 ut
345 4819 389 4873 si
415 4820 535 4887 quis
560 4818 723 4883 dicat,
764 4819 947 4875 Nullus
978 4820 1112 4891 lapis
1147 4819 1343 4874 animal
1385 4828 1489 4874 est.
1520 4818 1670 4885 Quod
1700 4819 1841 4872 enim

257 4923 364 4962 non
390 4918 493 4975 est,
527 4924 633 4964 non
661 4925 779 4964 esse
809 4911 1101 4979 proposuit,
1127 4920 1181 4965 et
1207 4910 1319 4965 haec
1342 4918 1428 4965 est
1456 4924 1577 4964 vera
1608 4908 1840 4978 negatio.

257 4999 325 5056 Et
357 5018 461 5055 non
490 5003 661 5055 solum
696 5001 795 5055 hoc
825 5002 877 5056 in
911 5002 1159 5071 prmsenti
1189 5013 1449 5069 tempore,
1478 5001 1570 5056 sed
1609 5001 1749 5054 circa
1779 5014 1841 5054 ea

257 5107 470 5162 quoque
510 5110 627 5162 quze
667 5104 857 5162 praeter
894 5108 1130 5164 praesens
1159 5104 1284 5148 sunt
1321 5103 1579 5162 tempora.
1612 5091 1724 5146 iloe
1749 5106 1844 5145 an-

256 5193 367 5239 tem
401 5193 600 5237 tantutn
656 5185 797 5238 valet
838 5200 901 5239 ac
944 5168 990 5239 si
1030 5185 1251 5252 diceret,
1292 5185 1396 5245 hoc
1441 5198 1545 5237 non
1584 5178 1743 5236 modo
1790 5182 1841 5235 in

255 5275 508 5345 prmsenti
559 5286 799 5343 tempore
843 5277 913 5329 ita
953 5277 1219 5331 enuntiari
1269 5284 1464 5346 potest,
1507 5283 1563 5329 ut
1609 5274 1678 5329 sit
1716 5288 1841 5330 vera
1870 5318 1894 5353 ο

252 5370 497 5438 falsaque
527 5371 759 5438 negatio,
789 5379 843 5424 et
882 5385 1065 5425 rursus
1096 5384 1223 5424 vera
1264 5368 1503 5439 falsaque
1531 5367 1838 5434 afﬁrmatio,

250 5465 347 5519 sed
377 5464 536 5518 etiam
569 5464 619 5517 in
653 5465 974 5532 praeteritum
1006 5474 1059 5518 et
1091 5464 1345 5529 futurum,
1380 5478 1499 5532 quas
1528 5471 1677 5516 extra
1707 5477 1841 5529 prte-

247 5570 380 5610 sens
423 5564 664 5623 tempora
707 5566 850 5610 sunt.
880 5555 1139 5610 Similiter
1166 5557 1364 5611 etenim
1400 5569 1559 5609 omne
1614 5554 1837 5625 contigit

246 5649 392 5717 quod
443 5647 736 5701 afﬁrmatur
784 5662 1000 5716 negare,
1045 5656 1099 5702 et
1137 5646 1276 5715 quod
1328 5654 1550 5716 negatur
1590 5643 1678 5715 ab.
1706 5646 1828 5711 alio,

246 5739 411 5795 alium
452 5755 639 5795 rursus
676 5739 968 5794 aflirmare.
1017 5740 1168 5808 Quod
1200 5739 1245 5793 si
1273 5741 1416 5794 omni
1446 5738 1657 5793 veritati
1690 5737 1833 5792 falsi-

247 5838 330 5895 tas
351 5832 657 5907 ορροιιίιιιτ.
685 5832 830 5887 omni
858 5832 1019 5889 etiam
1050 5831 1264 5889 falsitati
1291 5831 1513 5894 veritas;
1546 5838 1629 5887 est
1654 5837 1830 5887 autem

1953 4714 2040 4783 qui
2069 4730 2162 4783 per
2189 4712 2489 4783 hujusmodi
2528 4715 2919 4783 propositiones
2947 4731 3065 4786 qua:
3096 4730 3277 4771 verum
3311 4717 3448 4771 inter
3473 4730 3532 4773 se

1951 4806 2248 4877 falsumque
2274 4822 2378 4861 non
2406 4806 2670 4872 dividunt,
2705 4808 2989 4862 mendaces
3012 4807 3267 4876 colligunt
3292 4809 3532 4879 syllogis-

1950 4916 2088 4964 mos,
2122 4909 2431 4971 argumenta
2466 4898 2727 4959 distinxit.
2759 4900 2949 4967 quibus
2977 4915 3167 4967 capere
3208 4899 3532 4968 responden-

1953 5000 2057 5045 tem
2098 5001 2257 5060 atque
2306 4990 2577 5045 innectere
2620 5001 3030 5046 consueverunt.
3080 4991 3216 5060 Ergo
3258 5006 3397 5045 nunc
3434 4992 3531 5048 hoc

1955 5082 2083 5136 dicit
2104 5082 2263 5137 etiam
2290 5081 2376 5135 illa
2398 5096 2517 5135 esse
2542 5081 2873 5136 observanda
2901 5098 3018 5150 (ιιιςε
3040 5092 3225 5136 contra
3250 5096 3531 5149 argumen-

1954 5170 2130 5231 torum
2182 5174 2631 5244 importunitatem
2680 5173 3027 5229 determinata
3070 5182 3209 5226 sunt.
3240 5172 3369 5238 Qua:
3405 5187 3530 5227 vero

1950 5269 2058 5322 sint
2088 5266 2199 5331 illa,
2228 5265 2448 5320 dicenda
2475 5280 2504 5319 a
2534 5281 2617 5319 me
2649 5264 2898 5321 secundae
2940 5263 3188 5321 editionis
3229 5270 3401 5317 textus
3432 5278 3519 5319 ex-

1946 5369 2171 5432 spectet.

2021 5461 2276 5528 Quoniam
2305 5470 2475 5515 autem
2501 5466 2617 5513 sunt
2642 5459 2750 5513 hac
2776 5460 2977 5529 quidem
3000 5471 3171 5511 rerum
3194 5455 3535 5524 universalia,

1944 5552 2034 5609 illa
2073 5567 2187 5606 vero
2227 5551 2532 5622 singularia.
2582 5551 2711 5605 Dico
2752 5559 2923 5605 autem
2965 5546 3265 5610 universale,
3297 5548 3430 5614 quod
3466 5550 3528 5602 de

1941 5646 2174 5716 pluribus
2201 5656 2373 5698 natum
2396 5655 2467 5698 est
2497 5642 2785 5713 pradicari,
2816 5638 3076 5711 singulare
3102 5652 3218 5690 vero
3237 5637 3375 5708 quod
3402 5654 3522 5703 non,

1941 5750 2016 5804 ut,
2047 5740 2197 5793 homo
2222 5738 2425 5807 quidem
2469 5736 2747 5791 universale
2763 5742 2858 5802 est,
2888 5731 3042 5787 Plato
3071 5745 3185 5786 vero
3213 5746 3385 5787 eorum
3413 5746 3526 5803 qua

1938 5833 2222 5903 singularia
2252 5840 2387 5887 sunt.
