4030 6336
249 352 360 411 321

1009 353 1069 409 ΙΝ
1111 348 1362 410 LIBRUM
1406 349 1491 406 DE
1531 344 2176 408 INTERPRETATIONE
2214 349 2443 411 EDITIO
2481 351 2713 410 PRIMA.

3429 355 3530 410 Si!

249 474 404 540 Ergo
441 484 612 539 neque
637 468 939 538 superiores
969 468 1321 533 universales,
1356 481 1529 536 neque
1569 465 1850 521 inferiores
1878 474 1930 532 Α
1955 471 2092 539 quod
2117 471 2317 526 addidit
2337 473 2539 535 omnis;
2564 472 2703 542 quod
2726 473 2768 527 si
2794 485 2974 526 rursus
2995 467 3156 537 dicat,
3174 472 3352 528 nullus
3369 473 3531 530 homo

250 561 608 630 particulares
650 558 911 627 opposita:
953 566 1096 624 sunt,
1131 557 1340 611 idcirco
1379 556 1518 626 quod
1561 555 1840 611 inferiores

247 653 474 722 quidem
521 661 758 719 utrmque
811 663 973 712 verae,
1025 651 1330 714 superiores
1376 657 1554 701 autem
1605 655 1842 714 utrmque

250 747 409 800 falsa:
431 759 552 799 esse
578 751 818 813 possunt.
847 741 984 796 Sunt
1009 750 1185 795 autem
1211 739 1466 811 opposita:
1485 741 1842 794 contradicto-

251 837 354 889 ria:
379 845 455 902 tut
476 836 588 903 ipse
613 832 707 898 ait)
740 833 783 886 si
811 831 930 900 quis
954 831 1175 900 aspiciat
1199 831 1501 900 angulares,
1530 840 1585 883 ut
1613 828 1846 883 alﬁrma-

255 929 460 981 tionem
479 925 832 979 universalem
849 922 1154 991 partiCulari
1177 929 1450 990 comparet
1474 920 1763 990 negationi,
1789 927 1848 974 ut

166 1039 174 1048 '
254 1031 346 1076 est
399 1021 584 1074 Omnis
615 1021 774 1072 homo
799 1017 976 1086 justus
1002 1012 1107 1082 est,
1140 1015 1355 1085 quidam
1382 1014 1845 1082 homojustusnon

250 1124 371 1174 est;
405 1113 486 1166 ha:
533 1113 677 1166 enim
715 1124 885 1178 neque
929 1122 1070 1163 vera:
1115 1117 1336 1176 possunt
1381 1106 1634 1168 inveniri,
1674 1120 1847 1184 neque

251 1205 431 1266 falsas,
459 1202 551 1257 sed
595 1203 648 1256 in
679 1202 928 1256 omnibus
965 1216 1066 1254 una
1102 1215 1229 1254 vera
1263 1207 1367 1263 est,
1401 1201 1566 1252 altera
1598 1196 1746 1252 falsa.
1780 1196 1849 1250 Et

253 1308 446 1349 rursus
485 1294 530 1347 si
571 1294 887 1348 universalis
917 1292 1126 1361 negatio
1166 1288 1471 1359 particulari
1501 1287 1844 1341 alﬁrmationi

247 1395 617 1455 comparetur,
643 1385 979 1453 reperiuntur
999 1383 1258 1451 opposita:
1286 1398 1298 1433 :
1325 1391 1382 1434 ut
1410 1390 1512 1444 est,
1538 1377 1723 1432 Nullus
1747 1377 1842 1431 ho-

252 1493 348 1532 rno
364 1480 537 1546 justus
559 1488 672 1542 est,
695 1475 910 1544 quidam
937 1474 1099 1528 horno
1116 1473 1293 1543 justus
1314 1483 1419 1527 est.
1449 1471 1674 1538 Semper
1696 1469 1840 1525 enim

255 1586 363 1625 una
396 1585 522 1625 vera
552 1579 652 1631 est,
682 1569 849 1622 altera
881 1566 1037 1620 falsa.
1073 1568 1136 1618 Et
1169 1565 1269 1618 hoc
1299 1565 1350 1618 in
1381 1561 1708 1632 quibuslibet
1735 1570 1842 1615 ter-

257 1661 421 1714 minis
468 1660 513 1714 si
540 1660 864 1727 despexers,
903 1657 1075 1710 oratio
1111 1666 1295 1709 nostra
1350 1671 1454 1707 non
1490 1653 1836 1720 discrepabit.

265 1753 346 1809 Sit
376 1764 549 1808 autem
575 1753 874 1823 plenissima
900 1751 1000 1804 hoc
1030 1748 1188 1802 modo
1217 1747 1538 1815 descriptio.

1133 1935 1341 1997 Negatio
1365 1931 1627 1980 universali

444 1943 704 1994 Aﬁirmatio
722 1938 1008 1990 universalis

543 2289 623 2334 mc
643 2259 810 2367 tuitus
971 2283 1046 2330 ria
1252 2279 1334 2320 m0
1357 2246 1523 2355 tuitus
1630 2242 1633 2280 1

553 2361 634 2472 ιβ
933 2388 1131 2519 v
1257 2353 1345 2416 εστ

653 2585 761 2656 se
867 2505 993 2647 gis
1025 2479 1192 2648 si?
1322 2579 1430 2684 τέ

657 2662 694 2732 ἰ
792 2562 1010 2810 δέν
1029 2673 1180 2795 οἰέᾷῥ.
1312 2641 1431 2734 ἐξ

570 3000 652 3037 mo
671 2972 840 3068 tuitus
947 3002 1107 3057 ιηηκ
1265 2999 1345 3040 mo
1371 2971 1565 3070 tua'

567 3071 650 3140 θέε
1251 3073 1633 3273 noncﬁ/

329 3443 467 3498 Sunt
497 3453 626 3509 ergo
654 3437 1126 3494 determinationes
1150 3475 1164 3498 ,
1207 3431 1586 3487 universalium
1627 3430 1839 3498 quidem

262 3537 436 3592 omnis
462 3543 516 3591 et
541 3534 720 3588 nullus
747 3573 760 3594 ,
806 3529 1206 3602 particularium
1251 3541 1380 3580 vero
1406 3567 1420 3591 ,
1453 3521 1688 3593 quidam.
1736 3522 1843 3574 like

262 3640 439 3686 Iutem
487 3627 880 3700 pr0positiones
909 3639 1028 3694 qua:
1077 3635 1251 3690 neque
1294 3617 1597 3672 universale
1648 3614 1846 3668 habent

262 3720 532 3787 additum,
563 3733 736 3787 neque
774 3715 1094 3788 particulare
1115 3755 1130 3780 ,
1163 3708 1450 3764 indeﬁnito:
1483 3715 1761 3767 vocantur,
1791 3711 1847 3757 et

265 3811 668 3882 particularibus
698 3807 902 3863 similes
927 3814 1075 3871 sunt,
1109 3812 1166 3857 ut
1197 3811 1307 3867 est,
1345 3801 1516 3856 llomo
1537 3799 1711 3868 justus
1737 3807 1841 3863 est,

265 3907 424 3962 homo
461 3905 635 3974 justus
676 3916 780 3957 non
821 3909 920 3955 est.
980 3898 1212 3953 Possunt
1251 3895 1394 3950 enim
1438 3902 1679 3962 utraeque
1724 3903 1847 3950 esse

263 4007 428 4062 verae,
456 4005 514 4049 ut
533 3995 584 4049 in
609 3995 710 4049 hoc
731 3993 846 4062 ipso
875 3987 1122 4058 exemplo
1149 3986 1289 4057 quod
1316 3985 1563 4048 dicimus,
1591 3991 1647 4038 et
1670 3989 1848 4052 potest

266 4102 374 4141 una
411 4100 530 4141 esse
570 4100 721 4153 vera,
753 4083 923 4138 altera
968 4082 1096 4135 falsa
1122 4120 1138 4145 ,
1180 4087 1274 4142 ut,
1315 4077 1489 4132 Homo
1517 4075 1714 4130 animal
1739 4083 1844 4140 est,

270 4178 434 4233 homo
461 4177 654 4231 animal
684 4190 789 4230 non
824 4182 948 4239 est;
999 4183 1239 4241 utrasque
1278 4185 1406 4225 vero
1437 4177 1496 4223 ut
1527 4168 1670 4222 falsze
1697 4175 1843 4231 sunt,

267 4283 375 4326 non
414 4277 589 4338 potest
616 4265 872 4333 inveniri,
906 4273 960 4320 et
996 4264 1078 4318 hae
1118 4263 1194 4335 (ut
1227 4262 1425 4316 dictum
1454 4260 1558 4327 est)
1590 4267 1850 4312 vocantur

267 4360 572 4417 indeﬁnite.
606 4358 808 4415 Praeter
833 4358 930 4412 has
957 4365 1132 4410 autem
1164 4367 1353 4408 omnes
1377 4352 1675 4420 singulares
1700 4359 1847 4415 sunt,

265 4453 319 4509 in
348 4453 540 4524 quibus
566 4450 922 4507 contradictio
954 4456 1129 4518 potest
1158 4445 1416 4510 inveniri,
1444 4451 1503 4497 ut
1533 4443 1585 4497 in
1614 4457 1680 4498 eo
1707 4442 1849 4512 quod

267 4554 389 4613 est,
435 4545 686 4599 Socrates
724 4541 921 4596 animal
950 4549 1066 4608 est,
1097 4539 1348 4596 Socrates
1375 4535 1572 4590 animal
1604 4549 1707 4589 non
1743 4541 1846 4600 est,

1949 562 2144 617 animal
2174 573 2278 628 est,
2312 563 2498 618 eodem
2532 564 2692 618 modo
2725 564 3075 619 universalem
3111 565 3379 619 hominem
3410 567 3530 620 unin

1946 653 2228 708 vcrsaliter
2257 655 2498 708 enuntiat
2527 671 2619 724 per
2667 655 2718 709 id
2765 655 2906 725 quod
2952 655 3045 721 ait,
3082 655 3294 726 Nullus,
3327 667 3381 710 et
3409 669 3531 714 sunt

1949 746 2254 798 contraria.
2286 745 2428 813 Quas
2451 756 2626 799 autem
2650 746 2792 800 dicat
2813 761 2934 802 esse
2954 748 3268 810 contrarias,
3291 748 3531 815 subjecto

1950 833 2188 890 declarat
2213 836 2489 906 exemplo.
2532 838 2656 892 Dico
2685 847 2862 892 autem
2895 838 2946 891 in
2976 839 3263 892 universali
3289 842 3531 894 enuntia-

1950 927 2149 980 tioueru
2169 928 2548 991 universalem,
2569 939 2646 994 ut,
2675 930 2860 982 Omnis
2882 929 3208 993 homoalbus
3230 940 3333 997 est,
3354 932 3530 986 nullus

1952 1017 2113 1070 homo
2142 1019 2294 1074 albus
2323 1031 2438 1085 est;
2474 1037 2577 1075 una
2610 1022 2872 1089 siquidem
2901 1034 2984 1077 cst
3011 1022 3295 1077 afﬁrmatio
3324 1025 3530 1080 unixer-

1949 1109 2096 1174 salis,
2122 1111 2286 1165 altera
2312 1113 2522 1180 negatio
2547 1113 2884 1177 universalis,
2909 1129 3040 1184 quas
3067 1118 3363 1170 contrarias
3410 1132 3530 1172 esse

1949 1215 2110 1271 supra
2141 1206 2191 1258 in
2223 1205 2588 1276 descriptione
2636 1207 2936 1263 docuimus.
2987 1209 3214 1275 Quando
3256 1220 3434 1265 autem
3475 1211 3529 1266 in

1950 1295 2344 1352 universalibus
2373 1313 2474 1352 non
2508 1300 2908 1362 univcrsaliter,
2941 1314 3045 1354 non
3071 1310 3193 1355 sunt
3223 1302 3526 1356 contrariae.

1949 1387 2167 1454 Quoties
2197 1399 2392 1454 autem,
2426 1392 2617 1461 inquit,
2644 1392 2931 1446 indeﬁnito:
2961 1402 3086 1446 sunt
3114 1395 3525 1462 propositiones,

1946 1492 2000 1536 et
2029 1483 2401 1538 universaliter
2432 1486 2729 1540 universale
2757 1501 2860 1541 non
2879 1476 3217 1556 'propOuitur,
3248 1489 3529 1543 contrariae

1947 1589 2051 1629 non
2083 1585 2226 1639 sunt,
2259 1592 2319 1630 ea
2354 1576 2494 1631 enim
2525 1577 2812 1633 afﬁrmatio
2839 1595 2958 1649 qua:
2985 1579 3134 1644 dicit,
3167 1579 3327 1633 homo
3351 1579 3527 1648 justus

1942 1675 2046 1728 est,
2068 1675 2119 1718 et
2145 1682 2262 1734 qum
2293 1667 2441 1731 dicit,
2469 1667 2626 1721 homo
2651 1668 2828 1735 justus
2860 1685 2964 1723 non
2998 1679 3100 1734 est,
3125 1670 3393 1724 contraria
3422 1685 3526 1726 non

1941 1767 2041 1812 est.
2078 1757 2305 1812 Possunt
2335 1761 2482 1813 enim
2510 1770 2750 1831 utraeque
2797 1762 2955 1817 simul
3005 1777 3124 1840 esse
3173 1779 3348 1828 verte,
3382 1771 3436 1819 et
3472 1764 3526 1818 in

1875 1860 1923 1920 Β
1949 1849 2169 1914 eodem,
2215 1851 2263 1903 id
2296 1863 2374 1905 est
2409 1852 2651 1924 homine,
2694 1853 2833 1923 quod
2873 1855 2924 1909 in
2967 1855 3252 1910 contrariis
3283 1855 3396 1910 ﬁeri
3428 1855 3529 1910 im-

1953 1940 2202 2006 possible
2230 1952 2331 1998 est.
2372 1943 2522 2010 Quod
2555 1961 2680 2000 vero
2707 1946 2942 2011 addidit,
2974 1963 3092 2016 qua:
3121 1956 3296 2002 autem
3325 1949 3528 2017 siguili~

1949 2045 2137 2088 cantur
2167 2045 2249 2088 cst
2278 2049 2396 2089 esse
2426 2037 2718 2102 contraria,
2746 2038 2848 2091 tale
2875 2038 3130 2108 est:ips:e
3161 2039 3374 2108 quidem
3405 2055 3528 2108 pro-

1950 2127 2244 2192 positiones
2296 2128 2581 2182 contrarire
2630 2143 2735 2182 non
2791 2139 2934 2197 sunt,
2997 2127 3298 2199 signiﬁcant
3353 2139 3528 2185 tamen

1950 2216 2233 2284 aliquando
2262 2218 2550 2272 contraria.
2593 2217 2646 2272 Si
2678 2221 2797 2288 quis
2824 2219 2967 2273 enim
2994 2218 3156 2282 dicat,
3191 2221 3350 2273 homo
3377 2220 3529 2274 albus

1950 2315 2054 2371 est,
2082 2315 2135 2360 et
2164 2307 2301 2362 alius
2330 2320 2507 2379 neget,
2533 2308 2691 2364 homo
2719 2310 2873 2364 albus
2905 2327 3008 2364 non
3038 2321 3140 2375 est,
3167 2312 3294 2382 ipsa:
3318 2313 3530 2382 quidem

1951 2398 2235 2452 contraria:
2265 2415 2372 2454 non
2402 2406 2543 2454 sunt.
2575 2400 2727 2468 Quod
2752 2411 2926 2456 autem
2957 2401 3170 2469 dicitur,
3197 2404 3354 2458 homo
3379 2404 3530 2461 albut

1949 2502 2057 2540 non
2087 2497 2190 2554 est,
2219 2499 2394 2557 potest
2421 2490 2670 2559 quiddam
2703 2491 3001 2561 signiticare
3026 2494 3370 2549 contrarium.
3401 2494 3531 2552 Nam

1950 2577 2194 2646 designat
2224 2578 2325 2634 hoc
2350 2580 2490 2648 quod
2533 2580 2758 2649 dicitur,
2792 2583 2951 2638 homo
2995 2584 3146 2638 albus
3183 2601 3285 2639 non
3333 2595 3413 2640 est
3436 2627 3449 2650 ,
3481 2595 3532 2642 et

1950 2666 2100 2721 rubri
2128 2668 2325 2723 «oloris
2354 2685 2473 2725 esse
2503 2681 2555 2725 ct
2587 2671 2797 2741 pallidi,
2830 2683 2883 2728 et
2915 2673 3068 2739 Γιιτοῐ,
3099 2675 3342 2743 designat
3369 2676 3531 2731 etiam

1951 2758 2108 2827 nigri,
2133 2760 2270 2828 quod
2299 2770 2382 2815 est
2399 2761 2521 2815 albo
2547 2764 2895 2817 contrarium.
2922 2763 3103 2818 Potest
3132 2764 3290 2832 igitur
3313 2764 3362 2818 id
3394 2764 3533 2835 quod

1949 2864 2059 2905 non
2105 2861 2188 2905 est
2234 2851 2411 2906 album
2453 2867 2573 2909 esse
2615 2853 2846 2922 nigrum.
2889 2855 3030 2925 Ergo
3059 2871 3360 2926 quanquam
3406 2856 3533 2924 ipsa:

1949 2942 2236 2997 contrariae
2274 2958 2379 2998 non
2425 2954 2589 3010 sunt,
2624 2954 2799 3001 tamen
2840 2955 3017 3016 potest
3059 2947 3345 3016 aliquando
3395 2948 3534 3017 quod

1951 3034 2089 3088 dixit
2116 3035 2442 3090 contrarium
2463 3037 2786 3106 signiﬁcare,
2818 3039 2980 3106 priori
3010 3039 3375 3107 afﬁrmationi,
3404 3049 3458 3094 ut
3485 3041 3534 3096 in

1948 3125 2168 3195 eoquod
2186 3126 2437 3181 diximus.
2462 3127 2591 3182 Nam
2608 3130 2650 3181 si
2672 3127 2723 3182 id
2745 3129 2885 3197 quod
2904 3129 3120 3196 dicitur,
3143 3146 3246 3184 non
3269 3141 3350 3186 eSt
3379 3131 3536 3186 homo

1875 3259 1920 3315 (Α
1950 3217 2124 3282 albus,
2148 3218 2355 3287 nigrum
2381 3234 2500 3274 esse
2528 3219 2792 3289 designet,
2816 3221 3066 3290 quoniam
3098 3221 3139 3274 is
3166 3223 3256 3292 qui
3285 3223 3435 3292 niger
3456 3232 3536 3279 est

1949 3309 2104 3363 albus
2132 3325 2235 3364 non
2268 3320 2350 3364 est
2377 3350 2391 3374 ,
2439 3311 2721 3365 contraria:
2751 3312 2965 3381 quidem
3004 3314 3398 3383 pr0positiones
3431 3330 3537 3371 non

1947 3410 2107 3467 sunt,
2138 3406 2386 3470 quoniam
2417 3413 2637 3470 possunt
2664 3418 2782 3458 esse
2812 3415 3051 3474 utr-.cque
3083 3421 3241 3460 verre.
3285 3408 3413 3474 Qua:
3442 3411 3545 3462 au;

1951 3506 2060 3550 tem
2092 3495 2491 3564 signiﬁcantur.
2541 3496 2810 3550 interdum
2859 3499 3124 3553 contraria
3175 3501 3536 3568 reperiuntur;

1948 3600 2070 3652 quae
2093 3597 2270 3638 autem
2293 3586 2399 3639 sint
2421 3585 2724 3654 hujusmodi
2753 3588 3150 3657 propositiones
3170 3589 3537 3660 exemplorum

1951 3676 2287 3743 subjectione
2317 3677 2654 3731 monstravit.

2024 3778 2156 3831 Dico
2191 3787 2357 3831 autem
2401 3793 2502 3831 non
2545 3779 2902 3832 universaliter
2931 3781 3195 3834 enuntiare
3232 3781 3293 3834 de
3320 3781 3399 3834 his
3427 3794 3539 3850 quat

1952 3880 2071 3924 sunt
2093 3872 2418 3940 universalia,
2443 3884 2499 3926 ut
2525 3883 2596 3928 est
2617 3874 2765 3928 albus
2785 3875 2957 3942 homo,
2983 3891 3083 3929 non
3104 3886 3176 3930 est
3203 3875 3346 3929 albus
3369 3877 3538 3929 homo.

2027 3964 2093 4018 Et
2125 3964 2265 4034 quod
2295 3965 2439 4021 dicat
2470 3982 2590 4022 esse
2630 3967 2932 4023 universale
2962 4010 2975 4032 ,
3023 3984 3126 4022 non
3172 3968 3541 4023 universaliter

1952 4056 2267 4126 praedicare,
2301 4059 2609 4128 planissime
2645 4060 3031 4115 demonstravit
3057 4060 3240 4114 dicens
3275 4079 3287 4112 :

2024 4151 2151 4204 Cum
2177 4156 2307 4205 enim
2337 4154 2620 4206 universale
2645 4154 2707 4206 sit
2737 4154 2908 4218 homo,
2938 4170 3039 4208 non
3069 4154 3419 4206 universaliter
3441 4154 3540 4207 uti-

1953 4253 2038 4296 tur
2065 4245 2440 4298 enuntiatione.
2479 4244 2656 4298 Omnis
2697 4260 2915 4314 namque
2942 4261 3041 4299 non
3075 4245 3357 4298 universale
3383 4245 3541 4316 signia

1952 4336 2094 4402 τῖσαι,
2121 4335 2207 4388 sed
2231 4337 2471 4405 quoniam
2498 4334 2872 4388 univerSaliter.

2024 4433 2154 4488 Nam
2194 4434 2244 4488 id
2277 4433 2416 4504 quod
2449 4433 2642 4488 dicitur
2681 4433 2854 4487 omnis
2876 4475 2891 4497 ,
2927 4431 3055 4486 illud
3088 4431 3151 4485 ad
3181 4432 3320 4501 quod
3353 4431 3541 4502 prmdi~

1952 4535 2106 4581 catur
2132 4527 2354 4595 colligit,
2385 4534 2546 4595 atque
2574 4525 2626 4578 in
2658 4540 2820 4578 unum
2852 4538 3047 4594 corpus
3071 4524 3306 4590 adducit,
3342 4534 3398 4577 ut
3423 4539 3543 4582 cum

265 4636 516 4693 Socrates
539 4636 716 4705 justus
739 4641 852 4700 est,
881 4633 1130 4689 Socrates
1155 4631 1333 4700 justus
1359 4644 1464 4683 non
1494 4638 1596 4682 est.
1641 4626 1772 4681 Nam
1803 4627 1848 4682 si
1879 4649 1934 4711 D
1958 4619 2176 4684 dicitur,
2208 4619 2382 4672 omnis
2414 4617 2575 4671 homo
2610 4617 2784 4683 justus
2814 4627 2923 4682 est,
2963 4617 3163 4670 nullum
3207 4616 3408 4680 excipit
3452 4616 3544 4670 ho-

267 4731 410 4786 nulla
433 4745 526 4786 eas
554 4729 904 4800 :equivocatio
933 4726 1014 4782 vel
1055 4724 1347 4795 praedic-aii,
1373 4723 1459 4778 vel
1488 4721 1736 4791 subjecti,
1767 4720 1852 4776 vel

267 4821 486 4878 ulterius
527 4821 810 4892 temporis,
845 4819 926 4874 vel
970 4817 1168 4887 aliquid
1216 4831 1402 4872 eorum
1450 4830 1570 4885 qua:
1615 4813 1854 4881 singulas

267 4914 663 4978 determinant,
697 4910 990 4982 impediat,
1019 4923 1232 4978 semper
1261 4921 1365 4962 una
1397 4922 1524 4962 vera
1553 4915 1654 4971 est,
1683 4905 1854 4961 altera

267 5008 422 5063 falsa.
450 5008 646 5075 Quare,
672 5005 925 5075 quoniam
955 5004 1024 5059 de
1055 5003 1306 5058 omnibus
1331 5002 1389 5056 in
1418 5015 1702 5056 commune
1731 5013 1856 5070 spe-

271 5099 430 5156 culati
465 5113 648 5152 sumus
675 5141 688 5165 ,
731 5105 785 5151 et
814 5095 937 5165 quid
977 5108 1201 5164 quaeque
1239 5100 1417 5158 esset,
1450 5100 1704 5162 quantum
1735 5089 1857 5145 bre-

267 5190 407 5244 vitas
434 5191 755 5259 patiebatur,
780 5187 1172 5256 expressimus;
1203 5186 1269 5238 ad
1302 5192 1507 5238 textum
1535 5198 1696 5248 nunc,
1720 5196 1857 5252 quo-

267 5284 413 5338 niam
445 5292 654 5352 tempus
685 5290 801 5346 est,
839 5288 1190 5335 revertamur.
1238 5277 1296 5333 Si
1322 5292 1480 5352 ergo,
1514 5276 1704 5345 inquit,
1735 5275 1857 5330 uni-

267 5374 552 5432 versalitcr
593 5374 835 5429 enuntiet
872 5373 924 5428 in
969 5370 1294 5432 universali,
1336 5368 1585 5440 quoniam
1615 5377 1732 5435 est,
1762 5377 1857 5424 aut

270 5483 416 5532 non,
460 5476 619 5521 erunt
661 5465 946 5521 contrariae
993 5462 1426 5526 enuntiationes,
1482 5460 1858 5515 universaliter

272 5559 416 5613 enim
447 5558 690 5612 enuntiat
716 5556 910 5626 aliquis
950 5555 1002 5608 iu
1045 5553 1368 5616 universali,
1403 5552 1613 5621 quoties
1640 5554 1858 5607 univcr-

271 5653 442 5709 salem
471 5651 884 5707 afﬁrmationem
909 5691 923 5713 ,
961 5658 1053 5705 aut
1080 5645 1437 5702 universalem
1471 5645 1656 5699 iecerit
1692 5660 1856 5713 nega-

275 5747 497 5800 tionem.
551 5744 682 5799 Cum
724 5743 868 5796 enim
911 5741 1081 5804 dicit,
1120 5736 1307 5793 Omnis
1333 5737 1494 5792 homo
1525 5737 1720 5791 animal
1752 5745 1858 5804 est,

278 5837 633 5894 universalem
666 5833 935 5892 hominem
960 5831 1325 5891 universaliter
1354 5830 1651 5890 enuntiavit
1679 5831 1854 5904 per‘id

1961 4711 2180 4764 minem.
2219 4709 2322 4764 Sed
2362 4716 2525 4762 totam
2557 4707 2759 4776 colligit
2789 4707 3196 4772 humanitatcm,
3225 4719 3277 4762 et
3310 4707 3366 4760 ﬁt
3393 4708 3459 4761 de
3488 4722 3544 4763 re

1959 4802 2273 4868 universali,
2302 4801 2541 4867 homine,
2574 4800 2878 4871 praedicatio
2906 4800 3244 4864 universalis,
3273 4816 3393 4854 cum
3415 4800 3545 4853 dici-

1963 4913 2102 4962 mus,
2143 4897 2321 4952 omnis
2356 4898 2538 4951 homo.
2582 4896 2712 4952 Nam
2752 4913 2873 4952 cum
2917 4899 2983 4950 sit
3026 4896 3322 4951 universale
3365 4896 3545 4959 homo,

1964 4991 2090 5045 huic
2116 4991 2402 5046 universali
2432 4991 2881 5047 universalitatem
2910 4992 3296 5063 consigniﬁcat;
3330 4988 3381 5043 id
3405 4988 3545 5056 quod

1964 5082 2177 5138 additur
2205 5083 2402 5152 omnis,
2434 5092 2488 5139 et
2517 5100 2600 5141 res
2632 5084 2948 5140 universalis
2969 5125 2986 5150 ,
3020 5083 3388 5140 universaliter
3415 5095 3546 5148 prae-

1961 5175 2187 5230 dicatur.

2014 5264 2103 5321 .In
2133 5283 2190 5322 eo
2219 5284 2334 5322 vero
2363 5268 2500 5338 quod
2540 5268 2822 5324 universale
2861 5269 3187 5338 praedicatur,
3227 5268 3281 5321 id
3315 5267 3447 5334 quod
3479 5278 3546 5320 est

1962 5359 2316 5414 universaliter
2346 5360 2642 5428 pradicare,
2671 5378 2772 5415 non
2803 5369 2876 5414 est
2905 5377 3101 5415 verum.

2037 5459 2147 5514 Hac
2176 5475 2272 5514 nos
2303 5462 2564 5515 sententia
2607 5477 2766 5532 quem
2808 5462 2872 5515 ad
2921 5462 3094 5516 locum
3141 5456 3549 5512 universalitatis

1965 5549 2467 5606 determinatiouem
2492 5561 2636 5608 recte
2661 5568 2939 5622 ponamus,
2960 5551 3210 5604 instituit.
3232 5549 3392 5602 Docet
3409 5547 3550 5603 enim

1967 5660 2184 5716 semper
2213 5647 2366 5700 istam
2407 5647 2855 5700 universalitatem
2891 5684 2904 5705 ,
2947 5656 3104 5709 quam
3145 5640 3550 5694 determin=tio~

1967 5753 2090 5793 nem
2119 5739 2334 5792 univers
2352 5736 2472 5792 ilern
2499 5751 2769 5802 vocamus,
2794 5734 2858 5788 ad
2888 5731 3185 5800 subjectum
3212 5730 3332 5799 poni
3353 5729 3553 5788 debere

1970 5831 2298 5897 terminum,
2345 5842 2614 5899 nunquam
2655 5825 2722 5884 ad
2761 5823 3127 5896 praedicatum.
3171 5820 3227 5878 Si
3259 5820 3378 5889 quis
3405 5819 3552 5878 enim
