4022 6332
468 255 576 310 523

1588 292 1599 305 ς
1664 255 1769 315 ΔΝ.
1809 255 2015 311 MANL.
2055 252 2206 315 εει.
2246 254 2466 314 BOETII

3619 259 3801 313 326.

466 371 546 426 sic
576 358 733 425 'dieat
757 412 771 436 ,
813 370 990 426 omnis
1037 369 1199 423 homo
1243 365 1434 422 animal
1466 376 1589 443 est,
1641 380 1783 425 recte
1832 354 2042 435 dixerit,
2072 374 2129 438 Α
2152 387 2255 426 non
2285 373 2461 429 omnis
2499 372 2658 428 homo
2687 372 2837 435 albus
2870 384 2994 444 est,
3040 385 3096 432 et
3134 374 3348 446 quidam
3378 374 3542 433 homo
3570 375 3722 431 albus

468 467 644 520 omnis
664 465 728 520 ad
753 466 1069 535 subjectum,
1090 463 1141 517 id
1168 463 1331 517 estad
1357 462 1623 520 hominem
1646 480 1870 536 ponens.
1891 467 2043 533 Quod

479 556 520 609 si
561 556 639 608 sic
676 556 854 619 dicat,
889 554 1059 607 omnis
1091 552 1249 606 homo
1278 568 1437 608 omne
1471 556 1665 609 animal
1698 568 1811 623 est,
1852 556 2041 613 falsum

466 645 681 702 dixvrit.
719 647 855 716 Ergo
883 645 983 700 hoc
1013 660 1115 699 non
1146 644 1295 712 dicit,
1330 646 1384 698 in
1415 660 1479 698 eo
1511 661 1635 700 vero
1663 649 1801 716 quod
1833 651 2046 704 univer-

469 740 577 791 sale
607 737 954 805 prtedicatur,
988 744 1045 789 ut
1071 734 1265 789 animal
1295 736 1361 789 de
1390 735 1628 791 homine.
1664 738 1873 792 Animal
1900 722 2043 794 enim

470 828 766 883 universale
788 837 889 881 est.
917 826 990 881 De
1011 827 1151 880 utnni
1175 827 1314 880 enim
1339 825 1553 881 homine
1584 828 1918 897 przetlicatur,
1940 846 2045 886 non

467 928 547 974 εει
578 933 762 973 verum
786 959 799 983 ,
836 916 934 971 hoc
965 916 1136 986 ipsum
1169 919 1467 971 universale
1490 956 1506 982 ,
1546 918 1685 987 quod
1716 929 1798 974 est
1827 921 2041 989 animal,

471 1011 841 1067 universaliter
867 1010 1173 1080 praedicare,
1201 1018 1257 1063 ιιι
1277 1009 1502 1075 dicatur,
1531 1026 1690 1065 omne
1710 1011 1903 1065 animal
1927 1028 2048 1068 esse

470 1107 736 1160 hominem
759 1147 773 1170 ,
806 1119 905 1159 nec
932 1106 1105 1159 solum
1138 1104 1189 1157 in
1230 1104 1343 1166 his,
1376 1102 1469 1157 sed
1502 1102 1552 1157 in
1581 1104 1727 1159 nulla
1760 1115 1903 1159 recte
1933 1106 2047 1162 ﬁeri

467 1197 825 1251 afﬁrmatione
853 1196 1133 1259 concedit;
1167 1194 1237 1248 ait
1263 1198 1404 1249 enim
1442 1212 1454 1247 :

543 1287 707 1342 Nulla
739 1289 870 1341 enim
911 1288 1180 1357 aﬂirmatio
1218 1304 1334 1340 veru
1374 1290 1500 1354 erit,
1544 1288 1596 1340 in
1635 1305 1734 1359 qua
1765 1291 2047 1347 universale

468 1382 802 1451 praedicatum
846 1380 1193 1434 universaliter
1238 1380 1576 1448 prwdiretur,
1616 1391 1667 1434 ut
1706 1384 1869 1436 omnis
1899 1384 2049 1438 homo

470 1484 541 1530 est
568 1491 713 1530 omne
742 1473 957 1528 animal.

537 1574 648 1628 Hoc
678 1582 853 1625 autem
881 1588 977 1625 cur
1009 1583 1218 1626 eveniat
1245 1613 1256 1633 .
1292 1576 1477 1643 paucis
1506 1574 1806 1631 absolvam.
1850 1576 2050 1633 Praedi-

470 1679 647 1724 catum
662 1684 873 1735 semper
902 1668 1072 1735 majus
1104 1677 1185 1721 est
1208 1668 1449 1741 subjecto
1472 1668 1554 1723 vel
1579 1684 1812 1732 aequum,
1841 1669 2046 1737 majus;

2148 481 2252 520 non
2285 477 2382 521 εει.

2218 566 2478 622 Contraria
2513 585 2629 627 vero
2658 570 2989 627 uniuersalem
3025 571 3409 640 aﬂirmatiouem
3436 579 3482 622 et
3524 570 3725 623 univer-

2149 662 2308 715 salem
2338 663 2673 733 negationem,
2698 672 2770 726 ut,
2803 665 2966 717 omnis
2989 663 3137 717 homo
3159 673 3335 733 Justus
3360 672 3453 718 est.
3472 662 3728 727 Quocirca

2146 754 2238 807 ltus
2266 754 2463 821 quidem
2506 755 2813 822 impossibile
2852 765 2925 809 est
2956 757 3109 809 simul
3140 772 3247 811 esse
3285 770 3444 809 ueras.
3488 752 3585 807 llis
3612 769 3727 806 em

2147 844 2428 912 oppositas,
2457 844 2701 915 contingit
2728 844 3004 913 aliquando
3028 845 3079 897 in
3100 845 3297 909 eodem,
3328 852 3405 911 ιιι,
3434 859 3535 897 non
3564 842 3729 897 omnis

2149 932 2299 988 homo
2315 932 2462 989 albus
2474 945 2567 997 est,
2595 944 2664 1001 et,
2693 934 2902 1004 quidam
2927 932 3078 991 homo
3103 933 3250 989 albus
3277 941 3372 989 est.
3430 988 3439 995 ,

2221 1042 2537 1098 Plenissime
2576 1058 2763 1098 omnes
2799 1045 3113 1115 exsequitur
3157 1044 3392 1112 dicitque
3429 1043 3734 1099 contraries

2152 1132 2505 1187 universalem
2547 1132 2955 1191 aflirmalionem
2982 1177 2996 1203 ,
3026 1144 3082 1188 et
3110 1134 3463 1189 universalem
3495 1136 3738 1203 negatio-

2152 1238 2294 1278 ncm.
2341 1224 2446 1277 Has
2477 1225 2617 1279 enim
2649 1240 2745 1278 nos
2774 1240 2987 1294 quoque
3015 1240 3175 1294 supra
3201 1225 3606 1294 descripsimus.
3637 1224 3737 1279 Hie

2152 1332 2280 1371 vero
2302 1332 2440 1370 nunc
2462 1315 2674 1371 easdem
2701 1316 2970 1371 contrarie
2993 1318 3324 1372 demonmrat
3350 1316 3565 1387 opponi.
3593 1314 3733 1370 Illud

2153 1422 2365 1475 quoque
2391 1406 2633 1471 addidit,
2677 1407 2818 1477 quod
2855 1422 2947 1462 eas
2984 1409 3315 1477 impossibile
3353 1410 3422 1463 sit
3453 1411 3503 1460 in
3540 1407 3739 1462 eodem

2154 1512 2308 1552 veras
2355 1498 2641 1568 aliquando
2677 1499 2947 1568 cognosci.
2996 1499 3125 1553 Nam
3171 1499 3307 1554 sicut
3343 1498 3739 1553 contrariorum

2155 1597 2341 1642 natura
2367 1589 2418 1643 in
2446 1590 2636 1644 eodem
2665 1604 2769 1643 non
2800 1576 2975 1655 potest
2997 1591 3244 1658 inveniri,
3270 1603 3442 1658 neque
3462 1588 3607 1643 enim
3632 1602 3742 1641 uno

2156 1680 2457 1751 eodemque
2484 1690 2725 1749 tempore
2756 1680 2954 1750 aliquid
2986 1681 3194 1750 nigrum
3228 1688 3311 1735 est
3347 1690 3506 1749 atque
3534 1679 3740 1742 album,

472 1771 530 1813 ut
556 1750 674 1813 cum
705 1758 858 1820 dico,
900 1757 1060 1810 homo
1103 1756 1299 1810 animal
1330 1766 1439 1825 est,
1484 1757 1679 1812 animal
1714 1757 2048 1827 prredicatnr,

2173 1774 2236 1828 sic
2260 1790 2469 1843 quoque
2496 1788 2595 1829 nec
2622 1774 2910 1838 Contrarie,
2939 1783 2997 1826 ut
3023 1782 3260 1839 utrmque
3287 1772 3443 1827 simul
3464 1773 3571 1825 sint
3599 1786 3742 1826 verre

475 1848 635 1902 bonto
664 1847 960 1915 subjicitur.
1014 1847 1117 1900 Sed
1151 1847 1318 1914 majus
1351 1859 1427 1901 est
1462 1849 1660 1902 animal
1695 1848 1929 1902 homine.
1974 1848 2051 1902 De
2086 1850 2099 1856 “

474 1939 714 2008 pluribus
748 1939 888 1992 enim
924 1953 1080 2005 quam
1120 1938 1231 2008 ipse
1263 1938 1423 1992 homo
1456 1938 1799 2007 praedicatur.
1848 1937 2051 1991 Rursus

475 2030 675 2100 mqttalc
696 2040 796 2092 est,
818 2045 937 2083 cum
968 2031 1044 2083 sic
1064 2030 1095 2082 d
1120 2030 1309 2097 cimus,
1338 2028 1495 2083 homo
1524 2029 1740 2083 risibilis
1762 2037 1863 2095 est,
1893 2010 2052 2084 homo

474 2121 767 2189 subjectum
799 2128 900 2187 est,
932 2120 1133 2173 risiltile
1167 2119 1529 2187 praedicatum.
1573 2118 1678 2174 Sed
1710 2118 1867 2174 homo
1895 2126 2053 2186 atque

473 2212 679 2266 risibile
706 2210 927 2276 aequalia
958 2218 1100 2275 sunt,
1135 2209 1400 2279 proprium
1436 2226 1663 2279 namque
1688 2224 1769 2263 εει
1798 2208 2050 2274 hominis,

472 2301 615 2371 quod
644 2308 726 2355 est
758 2302 987 2361 risibile,
1018 2310 1077 2354 ut
1105 2309 1281 2355 autem
1317 2299 1494 2357 minus
1525 2300 1867 2370 prtedicatum
1907 2300 2054 2353 inve-

476 2394 681 2456 niatur,
718 2408 875 2462 quam
916 2390 1213 2461 subjectum
1247 2391 1364 2445 lieri
1398 2406 1502 2446 non
1537 2401 1729 2461 potest.
1772 2391 1900 2444 Sive
1928 2405 2054 2460 ergo

475 2484 645 2552 majus
676 2484 743 2537 sit
776 2484 1138 2553 praedicatum,
1171 2483 1359 2538 falsum
1386 2492 1470 2539 est
1498 2482 1800 2537 universale
1825 2480 2055 2552 adjicere

478 2577 787 2646 praedicam,
813 2586 869 2631 ut
894 2578 944 2629 in
972 2592 1036 2631 eo
1061 2576 1199 2642 quod
1229 2576 1344 2645 ipse
1370 2577 1547 2647 posuit
1572 2576 1838 2645 exemplo,
1872 2573 2057 2628 Omnis

475 2665 637 2721 homo
664 2682 821 2721 omne
849 2666 1045 2721 animal
1076 2675 1177 2741 est,
1212 2666 1322 2721 sive
1363 2665 1568 2736 aequale
1602 2666 1691 2730 sit,
1725 2663 2053 2734 superfluum

475 2770 551 2813 est
571 2799 586 2826 ,
616 2768 673 2812 ut
702 2758 744 2813 si
771 2759 888 2829 quis
918 2758 996 2811 sic
1024 2758 1197 2823 dicat,
1236 2757 1409 2812 omnis
1441 2756 1631 2825 homo,
1664 2770 1823 2810 omne
1854 2752 2057 2809 tisibile

475 2857 586 2916 εει,
619 2864 783 2919 quare
813 2849 1114 2903 universale
1146 2848 1489 2921 praedicatum
1522 2848 1817 2919 prmdicare
1847 2848 2058 2899 univer-

477 2942 657 2995 salitcr
690 2955 791 2995 non
823 2950 1055 3009 oportet.
1794 2926 1801 2931 ’

552 3060 757 3128 Opponi
786 3061 955 3129 itaque
993 3060 1105 3111 dico
1134 3057 1519 3127 aﬂirmatiomtn
1552 3055 1810 3124 negationi
1850 3062 2058 3108 contra-

2161 1865 2273 1918 licri
2310 1873 2501 1931 potest.
2534 1864 2685 1931 Quod
2712 1874 2887 1918 autem
2918 1863 3137 1934 adjecit,
3178 1864 3260 1917 his
3287 1878 3412 1919 vero
3439 1862 3741 1931 oppositas,

2156 1957 2415 2026 contingit
2440 1956 2727 2025 aliquando
2754 1956 2805 2011 in
2837 1955 3025 2010 eodem
3050 1997 3065 2022 ,
3100 1955 3471 2025 particularem
3504 1954 3744 2007 affirma-

2156 2049 2355 2103 tionem
2391 2062 2445 2113 et
2487 2048 2860 2119 particularem
2897 2048 3229 2118 negationem
3261 2048 3523 2115 designat.
3571 2044 3744 2101 Parti-

2156 2141 2352 2195 cnlaris
2380 2154 2606 2210 namque
2637 2140 2922 2195 afﬁrmatio
2954 2140 3243 2195 universali
3271 2138 3538 2209 negationi
3568 2153 3745 2207 oppo-

2156 2234 2258 2287 sita
2314 2243 2398 2293 εει
2449 2234 2864 2288 eontradietorie
2895 2275 2909 2298 ,
2969 2232 3302 2302 particularis
3354 2248 3481 2286 vero
3532 2232 3745 2299 negatio

2159 2324 2442 2379 universali
2470 2323 2829 2378 aflirmatioiii.
2870 2322 3272 2378 Contrariarum
3303 2323 3459 2391 igitur
3481 2320 3747 2389 opposita:

2160 2428 2381 2486 possunt
2425 2416 2477 2470 in
2522 2418 2710 2471 eodem
2743 2431 2881 2471 vene
2926 2416 3209 2486 aliquoties
3257 2414 3525 2481 inveniri,
3568 2414 3623 2468 id
3663 2421 3748 2468 εει

2160 2509 2499 2578 particu'aris
2527 2509 2810 2563 afﬁrmatio
2830 2516 2886 2563 et
2909 2507 3239 2577 particularis
3268 2506 3497 2576 negatio,
3526 2519 3669 2559 vera:
3693 2513 3749 2558 ut

2159 2598 2269 2654 sint
2288 2600 2569 2669 aliquoties
2597 2600 2713 2655 lieri
2742 2608 2935 2668 potest,
2963 2609 3020 2653 ut
3038 2607 3142 2663 est,
3168 2596 3381 2668 quidam
3412 2596 3571 2652 homo
3590 2595 3748 2649 albus

2159 2699 2263 2758 est,
2292 2692 2505 2762 quidam
2535 2692 2695 2748 homo
2722 2690 2873 2745 albus
2897 2705 3001 2745 non
3032 2699 3133 2755 cst,
3158 2701 3396 2760 utrmque
3425 2696 3550 2745 sunt
3575 2701 3744 2742 verte.

2590 2864 2655 2902 DE
2685 2861 2905 2903 ιιεειιιιε
2932 2859 3312 2902 ονροειτοιιειι.

2237 2959 2562 3029 Quaecunque
2588 2959 2743 3030 igitur
2773 2956 3191 3012 contradictiones
3226 2954 3589 3023 universa'ium
3626 2962 3750 3007 sunt

2160 3054 2532 3120 universaliter,
2562 3070 2763 3117 necesse
2784 3061 2857 3107 est
2883 3052 3097 3105 alteram
3118 3067 3222 3105 esse
3248 3062 3415 3104 ueram
3439 3050 3514 3107 vel
3537 3038 3747 3118 falsam.

478 3150 709 3215 dictorie,
736 3164 851 3220 qua:
872 3149 1223 3202 universaliter
1249 3145 1499 3216 signiﬁcat
1525 3145 1570 3198 ei
1595 3160 1709 3213 qua:
1736 3159 1835 3196 non
1859 3142 2058 3197 uniuer-
2088 3139 2135 3213 ς.
2172 3146 2233 3201 Et
2262 3163 2568 3218 quiscunque
2597 3148 2649 3200 in
2688 3144 3033 3215 singularibus
3061 3151 3209 3211 sunt,
3239 3152 3296 3198 ιιι
3332 3142 3571 3198 Socrates
3600 3140 3751 3194 albus

479 3228 685 3302 saliter,
725 3246 778 3291 ιιι
824 3241 985 3293 omnis
1026 3237 1175 3290 Immo
1218 3235 1366 3289 albus
1405 3243 1518 3301 est,
1564 3250 1666 3287 non
1705 3234 1869 3288 omnis
1910 3233 2061 3287 homo

462 3332 620 3386 albus
650 3340 720 3386 est
741 3328 955 3397 ,‘nullus
987 3328 1136 3383 homo
1167 3328 1313 3383 albus
1351 3335 1453 3394 est,
1481 3326 1688 3398 quidam
1721 3324 1874 3380 hante
1914 3325 2061 3387 albus

480 3440 550 3489 eli
560 3468 578 3486 .

552 3532 686 3600 Quid
720 3532 788 3587 sit
825 3531 1036 3599 proprie
1076 3528 1427 3585 contradictio
1460 3536 1859 3598 coqsequenter
1896 3542 2063 3595 expoo

483 3624 560 3678 nit
592 3616 612 3676 ε’
637 3622 710 3676 ait
747 3622 889 3676 enim
942 3620 1137 3691 apponi
1186 3618 1601 3675 contradictorie
1652 3618 2061 3688 propositiones,

483 3714 693 3787 quoties
714 3713 1069 3768 universalem
1093 3710 1501 3769 allirtnatiottem
1529 3708 1861 3779 particularis
1879 3708 2065 3763 abnuit

484 3807 723 3875 negatio,
759 3814 814 3858 ct
841 3805 1046 3872 quoties
1079 3803 1433 3858 nniversalem
1465 3801 1802 3871 negationem
1832 3802 2065 3871 particu-

483 3882 612 3955 laris
641 3896 928 3949 afﬁrmatio
953 3894 1299 3948 destruxerit.
1324 3891 1454 3948 Cum
1479 3892 1619 3947 enim
1651 3892 1863 3959 dicitur,
1894 3891 2066 3947 omnis

486 3986 648 4040 homo
679 3985 831 4039 albus
876 3993 959 4039 est
984 4023 1000 4050 ,
1034 3982 1124 4041 illa
1155 3983 1367 4051 negatio
1394 3996 1512 4053 quae
1542 3982 1710 4049 dicit,
1742 3997 1845 4036 non
1892 3982 2066 4036 omnis

486 4078 647 4135 homo
672 4078 826 4132 albus
848 4085 947 4142 est,
970 4077 1034 4131 de
1057 4076 1244 4132 eodem
1268 4074 1488 4133 homine
1511 4075 1884 4131 universaliter
1906 4074 2062 4139 tollit,

486 4169 628 4239 quod
664 4169 1033 4223 universalitcr
1063 4167 1348 4222 aftirmatio
1384 4166 1749 4223 conatituerat.
1797 4165 1888 4221 Illa
1920 4166 2061 4227 enim

487 4275 698 4315 omnem
740 4260 1007 4313 hominem
1053 4274 1173 4315 esse
1220 4260 1395 4314 album
1441 4262 1605 4329 ponit.
1665 4259 1764 4314 Ista
1806 4259 1934 4313 dicit
1964 4272 2069 4312 non

487 4366 721 4413 omnem,
748 4358 994 4419 tanquam
1020 4351 1063 4404 si
1086 4351 1348 4405 concedat
1376 4351 1629 4420 aliquem,
1658 4350 1751 4403 St‘tl
1781 4348 1829 4403 ei
1863 4358 2071 4403 tantum

490 4440 700 4495 auferat
732 4440 1211 4494 universalitatem.
1247 4440 1357 4494 lloc
1388 4449 1468 4494 est
1501 4440 1640 4494 enim
1670 4436 1808 4505 quod
1836 4438 1929 4503 ait,
1954 4452 2072 4509 quae

2165 3251 2260 3307 est,
2290 3257 2387 3293 non
2417 3249 2489 3294 est
2522 3238 2755 3294 Socrates
2783 3237 2949 3291 albus.

2238 3354 2313 3408 De
2341 3352 2755 3407 contradictorie
2783 3349 3041 3419 oppositis
3070 3348 3336 3417 loquitur,
3365 3355 3422 3403 et
3462 3344 3532 3401 de
3560 3344 3751 3415 singu-

2166 3444 2368 3501 laribus
2396 3442 2845 3513 proposizionibus
2869 3480 2883 3506 ,
2931 3440 3073 3511 quod
3112 3455 3270 3497 unam
3297 3452 3509 3507 semper
3539 3451 3752 3507 veram.

2168 3534 2356 3590 falsam
2378 3548 2589 3601 semper
2611 3532 2830 3588 alteram
2855 3544 3075 3586 necesse
3096 3540 3179 3585 est
3199 3530 3445 3585 inveniri.
3473 3526 3586 3583 Hoc
3605 3526 3756 3600 enim

2167 3626 2297 3683 dicit
2324 3624 2773 3681 contradictiones
2797 3637 2982 3679 eorum
3010 3661 3023 3687 ,
3055 3636 3175 3691 qua:
3203 3628 3330 3687 sunt
3366 3617 3756 3687 universatim)

2169 3715 2542 3772 universahter
2592 3714 3000 3785 praedicatorum
3028 3754 3041 3775 ,
3082 3728 3184 3767 una
3234 3726 3444 3781 semper
3475 3718 3754 3783 veraest,

2169 3812 2339 3865 altera
2370 3808 2519 3867 falsa.
2572 3807 2962 3864 Universalinm
3001 3815 3179 3869 autem
3210 3804 3583 3865 universalitcr
3614 3818 3755 3873 prae.

2171 3904 2467 3961 dicaturum
2496 3912 2619 3957 sunt
2645 3902 3094 3959 contradictiones
3114 3900 3491 3963 universalium
3525 3897 3753 3967 partiens

2172 3996 2357 4059 lariter
2380 3994 2807 4063 praedicatorum.
2840 3993 2971 4048 Nam
2999 3993 3285 4048 afﬁrmatio
3306 3989 3651 4054 universalis,
3678 3988 3760 4051 ιο,

2173 4087 2387 4157 negatio
2409 4086 2742 4147 universalis,
2768 4084 3139 4149 universaliter
3163 4100 3213 4152 pr
3225 4082 3541 4145 radicantur,
3567 4083 3763 4145 barum

2172 4180 2601 4235 contradictorie:
2643 4177 2996 4249 particulares
3036 4173 3549 4239 aflirmationesvel
3598 4185 3763 4242 nega.

2179 4274 2355 4329 tiones
2384 4282 2536 4336 sunt,
2570 4275 2615 4325 si
2649 4273 2746 4326 sibi
2777 4270 3104 4340 angulariter
3128 4278 3524 4337 comparentur.
3560 4264 3764 4329 narum

2178 4365 2337 4433 igitur
2362 4364 2842 4423 contradictionum
2870 4403 2884 4428 ,
2919 4379 3038 4432 qua:
3067 4372 3191 4416 sunt
3230 4358 3614 4419 ttniversaliutn
3649 4358 3767 4411 uni.

2179 4458 2458 4512 versa'iter
2491 4456 2894 4525 praedicatorum
2915 4493 2930 4518 ,
2966 4469 3067 4513 una
3097 4466 3308 4520 semper
3336 4464 3459 4519 vera
3486 4458 3592 4512 est,
3623 4463 3768 4517 serua

491 4532 788 4587 universale
835 4533 1099 4602 signiﬁcat
1140 4532 1316 4588 eidem
1358 4534 1605 4605 quoniam
1648 4546 1755 4584 non
1797 4530 2072 4584 universa-
2101 4533 2275 4619 1),)er
2321 4548 2490 4603 altera
2530 4548 2659 4601 Msa
2709 4551 2989 4614 “perium
3043 4545 3098 4599 ιη
3142 4542 3501 4613 singularibus
3546 4554 3770 4609 qm,un

488 4626 628 4697 liter.
656 4628 784 4681 Nam
814 4628 950 4682 sicut
975 4628 1272 4682 universale
1296 4625 1562 4695 signiﬁcat
1580 4622 1866 4679 affirmatio
1889 4622 2071 4677 dicens

489 4716 758 4790 hominem
786 4760 799 4784 ,
843 4718 913 4771 ita
945 4732 1157 4788 quoque
1199 4716 1407 4785 negatio
1438 4715 1741 4773 universale
1785 4712 2071 4782 significat,

490 4810 652 4864 habet
680 4813 823 4864 enim
867 4820 919 4863 et
950 4810 1058 4878 ipsa
1093 4809 1387 4863 hominem.
1438 4808 1546 4863 Sed
1578 4808 1717 4862 idem
1744 4808 1919 4881 ipsum
1950 4806 2073 4861 urti-

490 4902 699 4957 versztle
721 4901 876 4957 docet
904 4917 1009 4957 non
1031 4917 1150 4956 esse
1177 4900 1570 4964 universaliter,
1596 4899 1647 4953 id
1676 4907 1758 4953 est
1782 4913 1887 4953 non
1915 4913 2074 4957 omne

490 5010 607 5051 esse
634 4996 834 5060 album,
862 4993 1002 5064 quod
1028 4994 1311 5049 affirmatio
1332 4991 1714 5049 universaliter
1732 5005 1852 5046 esse
1883 5004 2073 5054 posue-

490 5093 589 5147 rat,
619 5099 830 5140 omnem
858 5085 1124 5138 hominem
1154 5100 1275 5139 esse
1298 5084 1474 5138 album
1505 5097 1827 5151 proponens.
1865 5080 2067 5137 Eodem

493 5176 655 5230 modo
695 5168 856 5231 etiam
887 5176 939 5229 in
971 5176 1288 5247 negatione,
1319 5190 1451 5245 quas
1479 5190 1576 5231 nos
1604 5189 1761 5244 supra
1791 5175 2073 5243 angulares

491 5267 807 5336 posuimus,
856 5277 908 5323 et
957 5267 1399 5324 contradictorias
1448 5268 1501 5323 in
1544 5268 1924 5338 descriptione.
1976 5265 2073 5321 llic

486 5374 634 5414 nunc
660 5361 873 5415 easdem
920 5362 1192 5430 oppositas
1240 5358 1652 5415 contradictorie
1692 5366 1869 5412 vocat.
1918 5349 2070 5423 Quod

494 5461 669 5506 autem
702 5453 985 5507 universali
1018 5450 1376 5517 aflirmationi,
1417 5466 1534 5522 qua:
1566 5461 1670 5517 est,
1703 5451 1881 5503 omnis
1913 5449 2074 5503 homo

497 5543 646 5599 albus
674 5552 795 5609 est,
826 5544 1197 5614 particularem
1243 5542 1578 5611 negationem
1627 5542 1911 5611 opposuit,
1956 5556 2075 5611 quae

499 5643 601 5699 est,
630 5650 734 5690 non
761 5639 933 5690 omnis
967 5636 1125 5690 homo
1152 5636 1303 5691 albus
1332 5644 1413 5688 est
1432 5671 1449 5700 ,
1486 5630 1814 5688 tantumdem
1847 5640 1929 5687 εει
1958 5638 2076 5686 tan-

503 5735 661 5794 quam
688 5727 730 5780 si
757 5725 980 5792 diceret,
1002 5727 1212 5796 quidam
1244 5725 1403 5782 homo
1429 5722 1580 5781 albus
1606 5734 1712 5779 non
1738 5729 1841 5779 est.
1868 5718 2002 5780 Nam
2031 5720 2077 5780 sl

2179 4640 2320 4711 idem
2345 4648 2446 4693 est.
2472 4638 2604 4693 Nam
2629 4639 2671 4693 si
2700 4638 2865 4702 nulla,
2890 4646 2948 4691 ut
2976 4637 3181 4697 dictum
3204 4648 3306 4699 est,
3329 4633 3560 4701 varietas
3592 4632 3769 4703 aequis

2181 4733 2475 4793 vocationis
2503 4730 2805 4799 impediat,
2826 4729 3071 4798 idemque
3096 4728 3171 4791 sit
3196 4727 3561 4797 praedicatum,
3576 4724 3773 4791 inetur

2179 4843 2287 4898 que
2314 4827 2640 4893 subjectum,
2669 4824 2737 4879 ad
2768 4840 2930 4877 mnnn
2960 4823 3207 4892 idemque
3233 4830 3444 4889 tempus
3462 4860 3476 4885 ,
3508 4819 3575 4881 ad
3604 4834 3771 4879 unam

2184 4917 2538 4985 eamdemque
2570 4924 2798 4984 partem,
2826 4914 2892 4969 ad
2926 4930 3087 4975 unum
3117 4912 3365 4982 idemque
3392 4910 3644 4979 relatum,
3664 4924 3775 4977 uno

2182 5021 2342 5080 atque
2364 5009 2554 5071 eodem
2577 5008 2757 5073 modo,
2780 5021 2882 5069 una
2902 5020 3113 5076 semper
3138 5019 3263 5067 vera
3285 5015 3391 5069 est,
3413 5004 3578 5059 altera
3606 5000 3774 5071 falsa,

2182 5118 2240 5163 et
2267 5104 2505 5171 veritatis
2530 5106 2669 5167 inter
2694 5119 2753 5159 se
2783 5112 3026 5165 naturam
3077 5112 3132 5160 et
3153 5100 3417 5163 mendacii
3446 5101 3772 5168 partiuntur.

2257 5236 2578 5307 Quwcunque
2611 5248 2783 5292 autem
2831 5237 3195 5292 universalium
3238 5252 3340 5290 non
3387 5230 3770 5300 uniuersalirer,

2180 5342 2285 5385 non
2308 5345 2501 5396 semper
2524 5328 2631 5383 haec
2652 5330 2855 5397 quidem
2882 5342 2999 5381 vera
3021 5338 3113 5392 est,
3137 5327 3233 5382 illa
3253 5341 3368 5381 vero
3394 5323 3550 5394 falsa.
3758 5316 3767 5323 ’

2231 5443 2358 5509 Qum
2372 5456 2497 5497 vero
2514 5438 2655 5505 sunt,
2673 5439 2859 5509 inquit,
2877 5438 3211 5506 delinittnmt
3228 5453 3395 5507 neque
3408 5428 3774 5491 universaleui

2186 5536 2439 5603 habeant,
2472 5549 2642 5604 neque
2680 5533 3053 5603 particularem
3078 5531 3599 5593 dcterminationem,
3626 5524 3773 5597 quod

2187 5626 2390 5691 tacuit,
2438 5640 2540 5679 non
2578 5638 2791 5693 semper
2828 5639 2930 5678 una
2979 5624 3243 5685 vera'est,
3276 5621 3445 5699 altera
3475 5617 3603 5673 falsa
3625 5655 3640 5683 ,
3672 5613 3774 5695 sed

2188 5730 2430 5789 utrmque
2456 5715 2721 5774 interdum
2746 5712 3094 5775 invenitintur
3113 5726 3277 5773 rem.
3301 5710 3361 5770 lo
3382 5706 3776 5770 unlversslibtll
