4030 6336
184 249 292 329 325

966 258 1032 315 IN
1068 259 1321 319 LIBRUM
1364 261 1453 321 DE
1491 264 2139 331 INTERPRBTATIONE
2179 266 2406 326 EDITIO
2443 267 2677 326 PRIMA.

3349 272 3454 329 5‘26

181 375 362 422 autent
385 380 489 428 non
512 367 884 425 universaliter
907 374 1223 441 praedicatur
1236 378 1435 448 aliquid
1459 379 1558 433 hoc
1581 380 1759 448 modo,
1791 383 1846 447 Α
1869 383 2009 435 cnim
2036 386 2248 453 semper
2277 386 2430 441 simul
2454 395 2555 451 est,
2580 400 2683 439 non
2710 392 2790 445 est
2820 384 2980 459 homo
3000 384 3175 453 albus,
3197 398 3250 445 et
3273 393 3455 451 nullus

180 456 355 513 Homo
392 458 545 513 albus
586 467 708 527 est,
751 460 912 517 homo
950 463 1104 521 albus
1142 483 1248 522 non
1283 479 1394 534 est,
1430 471 1479 524 in
1518 487 1621 542 qtto
1661 486 1767 527 uno

178 552 478 623 eodemque
500 562 741 622 tempore
766 564 1020 625 utrasque
1046 574 1201 613 veras
1221 576 1342 616 esse
1364 564 1643 632 contingit.
1672 563 1767 620 llic

177 641 322 695 enim
370 656 488 696 cum
539 645 838 701 universale
882 648 947 702 sit
995 642 1343 716 homo,lnon
1395 655 1766 712 universaliter

177 729 526 797 praedicatum
557 742 639 786 est
682 749 898 790 nomen.
940 738 1011 791 At
1036 754 1164 794 vero
1205 756 1304 797 nec
1349 745 1759 811 particulariter.

175 819 362 892 Neque
386 824 528 876 enim
552 825 795 897 quidam,
824 835 916 882 aut
940 829 1140 898 nullus,
1172 844 1262 890 aut
1289 839 1463 890 omnis
1492 838 1758 909 adjectum

176 920 282 964 est.
353 911 513 967 Docet
584 925 758 970 autem
828 916 1130 988 huiusmodi
1195 927 1582 995 propositiones
1654 946 1759 986 non

175 1001 321 1057 inter
346 1018 405 1059 se
442 1004 685 1063 dividere
728 1009 1006 1067 veritatem
1051 1024 1210 1086 atque
1255 1017 1625 1087 mendacium,
1659 1021 1759 1083 ltoc

173 1094 337 1151 modo
368 1111 383 1148 :

246 1205 417 1261 Simul
432 1208 565 1262 enim
586 1224 758 1264 verum
776 1221 851 1265 est
875 1212 1040 1268 dicere
1060 1218 1297 1286 quoniam
1322 1228 1394 1274 est
1414 1219 1567 1276 homo
1585 1222 1754 1294 albus,

171 1308 221 1353 ει
245 1316 348 1355 non
376 1314 450 1357 est
479 1302 631 1361 homo
662 1305 808 1361 albus
831 1324 851 1373 ;
892 1318 940 1361 et
966 1313 1205 1378 quoniam
1234 1323 1308 1369 est
1343 1314 1493 1369 homo
1522 1316 1755 1386 pulcher,

171 1399 221 1446 ει
242 1408 343 1447 non
368 1405 438 1447 est
459 1394 610 1449 homo
628 1395 859 1465 pulcher.
884 1399 943 1453 Si
962 1402 1096 1457 enim
1108 1404 1308 1472 fartus,
1332 1416 1377 1461 et
1399 1420 1500 1463 non
1520 1408 1751 1480 pulcher,

170 1493 219 1536 ει
240 1486 285 1539 si
312 1486 370 1553 ﬁt
397 1486 595 1557 aliquid
614 1531 628 1555 ,
661 1491 889 1544 nondum
916 1504 1010 1547 est.

241 1621 629 1689 Documentum
657 1633 834 1680 autem
865 1635 945 1680 est
977 1625 1280 1697 hujusmodi
1309 1630 1533 1699 dictum,
1566 1632 1756 1689 indefi-

169 1714 340 1767 nitam
383 1713 787 1771 affirmationem
837 1720 1277 1792 negationemque
1312 1739 1466 1779 veras
1497 1736 1750 1796 utrasque

1869 482 2031 537 homo
2074 483 2225 538 albus
2267 492 2368 538 est.
2415 483 2543 539 Nam
2586 484 2864 554 aliquoties
2912 485 3067 541 simul
3099 495 3220 553 est,
3251 489 3454 552 scilicet

1869 589 1989 629 cum
2038 573 2182 643 prius
2213 575 2408 631 dicitur
2440 576 2753 635 universalis
2790 578 3017 647 negatio.
3058 576 3191 632 Cum
3220 594 3345 635 vero
3373 582 3452 636 in-

1864 667 2080 722 deﬁnita
2110 666 2305 722 dicitur
2339 668 2513 734 prius,
2546 684 2652 723 non
2687 676 2771 725 est
2802 669 2958 723 simul
2997 671 3208 739 negatio
3240 670 3451 726 univcr-

1865 762 1992 821 salis
2018 762 2301 832 conjuncta
2342 764 2611 831 negationi
2657 763 2965 821 indefinitaa.
3009 762 3140 817 Nam
3175 765 3220 818 si
3250 766 3446 833 dicant,

1866 852 2042 907 nullus
2086 854 2246 907 homo
2290 852 2439 906 albus
2468 862 2585 921 est,
2628 854 2788 909 simul
2823 854 2970 919 dixi,
3004 860 3255 924 quoniam
3291 856 3451 915 homo

1862 943 2015 1001 albus
2046 959 2150 998 non
2186 953 2289 997 εει.
2333 945 2483 1011 Quod
2512 946 2554 997 si
2586 944 2758 1001 dicam
2782 983 2797 1010 ,
2843 945 3001 999 homo
3027 946 3180 1001 albus
3208 954 3311 1001 non
3345 962 3447 1019 est,
3474 962 3485 973 ν

1862 1047 1971 1093 non
2020 1044 2102 1089 εει
2144 1034 2303 1091 simul
2350 1034 2488 1089 dicta
2538 1034 2749 1104 negatio
2797 1036 3141 1102 universalis,
3184 1052 3303 1104 quae
3342 1047 3445 1103 Bal,
3492 1073 3501 1081 -

1862 1125 2041 1179 nullus
2072 1126 2230 1179 homo
2271 1126 2423 1180 albus
2452 1135 2573 1190 est,
2602 1125 2852 1196 quoniam
2885 1136 3060 1197 potest
3084 1128 3295 1196 quidam
3325 1142 3447 1197 esse
3538 1204 3545 1211 ι

1861 1231 1969 1271 non
1993 1216 2143 1272 albus
2168 1218 2235 1271 de
2258 1233 2365 1289 quo
2392 1222 2616 1282 dicatur,
2644 1219 2802 1271 homo
2833 1219 2985 1272 albus
3011 1234 3114 1272 non
3144 1228 3246 1289 est,
3274 1234 3447 1290 neque

1863 1315 2039 1363 tamen
2069 1324 2256 1363 omnes
2285 1324 2404 1363 esse
2432 1326 2535 1363 non
2561 1310 2688 1363 albi.
2737 1308 2850 1364 Non
2885 1310 3043 1379 igitur
3069 1311 3223 1364 sintut
3256 1327 3447 1367 neces-

1860 1401 2004 1455 sario
2050 1410 2213 1471 sunt,
2265 1416 2371 1457 non
2417 1410 2502 1457 est
2548 1401 2708 1456 homo
2742 1403 2898 1457 albus
2923 1442 2937 1467 ,
2978 1414 3030 1458 et
3072 1403 3247 1458 nullus
3285 1405 3445 1465 homo

1859 1492 2014 1547 albus
2042 1504 2144 1547 est.

1934 1606 2266 1676 Manifestum
2315 1616 2389 1660 est
2431 1616 2597 1660 autem
2636 1607 2876 1678 quoniam
2913 1623 3015 1671 una
3052 1609 3251 1681 negatio
3295 1611 3443 1673 unius

1857 1700 2207 1770 elﬁrntationis
2236 1707 2330 1766 est,
2352 1700 2484 1755 idem
2510 1700 2645 1757 enim
2672 1710 2866 1768 Oportet
2896 1715 3081 1771 negare
3107 1703 3442 1771 negationem,

168 1817 332 1872 passo
378 1806 639 1871 inveniri;
691 1824 872 1863 verum
924 1813 1064 1867 enim
1106 1812 1288 1870 dicere
1325 1825 1449 1884 est,
1481 1826 1561 1872 cst
1592 1819 1745 1872 homo

1856 1790 1995 1860 quod
2034 1790 2298 1861 aﬂirmavit
2337 1790 2605 1861 afﬁrmatio
2625 1831 2640 1857 ,
2671 1802 2716 1846 et
2746 1792 2811 1845 de
2834 1793 3004 1849 cadent
3023 1834 3037 1858 ,
3073 1790 3151 1849 vel
3178 1791 3241 1846 de
3272 1793 3441 1863 aliqua

166 1897 325 1951 albus
345 1942 361 1966 ,
392 1908 445 1953 et
474 1915 577 1954 non
608 1909 691 1955 est
715 1901 876 1957 homo
904 1904 1085 1969 albus,
1120 1907 1276 1975 hujus
1306 1920 1482 1963 autem
1517 1910 1592 1981 rei
1626 1927 1748 1980 pro-

165 1986 313 2043 batio
342 1998 423 2043 est
458 2007 470 2042 :
503 2006 622 2046 nam
654 1994 696 2046 si
729 2008 911 2050 verum
940 2009 1019 2050 est
1045 1996 1246 2063 dicere,
1275 2011 1358 2056 est
1388 2001 1547 2057 homo
1578 2006 1746 2074 niger,

165 2092 218 2138 et
239 2093 316 2135 est
344 2081 502 2136 hamo
527 2084 700 2150 albus,
724 2101 830 2140 uno
850 2088 1145 2159 eodemque
1169 2099 1435 2160 tempore;
1462 2095 1548 2165 qui
1571 2106 1747 2151 autem

163 2175 316 2245 niger
335 2189 437 2245 est,
464 2179 614 2235 albus
638 2198 739 2238 nou
763 2191 865 2250 est,
890 2199 1073 2239 verum
1096 2197 1177 2240 est
1203 2187 1381 2243 dicere
1404 2205 1511 2244 uno
1531 2191 1749 2246 eodem-

164 2283 271 2338 que
307 2276 546 2340 tempore
587 2274 839 2343 quoniam
886 2286 966 2331 est
1008 2277 1169 2333 homo
1202 2279 1388 2346 albus,
1422 2290 1477 2337 et
1521 2297 1625 2338 non
1664 2292 1749 2339 est

164 2360 330 2416 homo
353 2364 524 2419 albus.
558 2366 759 2420 Rursus
788 2368 831 2422 si
861 2384 1042 2423 verum
1075 2379 1158 2425 est
1185 2373 1365 2428 dicere
1391 2376 1638 2445 quoniam
1665 2382 1748 2431 est

163 2448 329 2505 homo
372 2454 592 2522 pulcher
616 2496 631 2521 ,
672 2466 725 2511 et
767 2465 849 2513 est
888 2458 1048 2516 homo
1090 2461 1262 2516 fmdus
1302 2479 1408 2519 uno
1450 2464 1747 2535 eodemque

163 2550 431 2612 tempore,
465 2548 552 2615 qui
577 2556 755 2603 autem
786 2549 959 2605 foedus
988 2562 1103 2618 est,
1140 2553 1359 2621 pulcher
1391 2570 1495 2610 non
1525 2566 1628 2622 est,
1656 2571 1748 2610 vo-

161 2648 282 2691 rum
309 2648 391 2690 est
425 2637 604 2695 dicere
635 2640 906 2698 hominem
935 2659 1056 2700 esse
1088 2646 1366 2714 pulchrum
1395 2659 1446 2707 ει
1475 2647 1745 2705 hominem

159 2716 285 2783 esse
331 2729 568 2797 fmdum,
619 2748 725 2788 uno
767 2735 1062 2807 eodemque
1113 2750 1373 2810 tempore.
1415 2742 1549 2796 Cum
1600 2742 1745 2797 enim
1794 2782 1811 2793 .

159 2817 399 2875 Achilles
422 2831 565 2877 esset
591 2823 831 2892 pulcher,
858 2827 1080 2911 claudus
1104 2828 1380 2885 Thersites
1403 2840 1519 2885 erat
1548 2830 1740 2889 findus.

158 2906 367 2967 Rursus
396 2913 439 2967 si
468 2928 654 2969 verum
682 2906 966 2973 estdicere
995 2933 1115 2977 esse
1146 2921 1417 2982 hominem
1446 2922 1623 2979 album
1642 2962 1658 2990 ,
1689 2934 1745 2978 et

158 3013 352 3056 rursus
381 3018 486 3058 uno
515 3004 809 3078 eodemque
838 3018 1077 3078 tempore
1106 3011 1219 3066 fieri
1247 3012 1516 3071 hominem
1538 3013 1740 3085 alitum,

158 3106 267 3145 nec
293 3091 395 3148 hoc
420 3093 521 3147 ulla
548 3099 899 3155 contrarietas
926 3111 1067 3156 vetat
1116 3110 1172 3157 ut
1196 3104 1267 3158 sit
1299 3102 1461 3165 homo
1488 3104 1663 3173 albus,
1689 3116 1747 3163 et

155 3208 351 3249 rursus
398 3195 488 3251 fiat
529 3197 689 3253 homo
733 3200 921 3268 albus,
963 3201 1059 3259 sed
1091 3202 1181 3272 qui
1213 3202 1271 3258 fit
1308 3204 1462 3259 albus
1509 3206 1742 3261 nondum

155 3293 314 3349 albus
341 3304 444 3363 est,
477 3310 662 3353 verum
689 3308 774 3354 est
802 3298 962 3369 igitur
989 3299 1171 3359 dicere
1198 3302 1450 3373 quoniam
1475 3314 1558 3361 est
1583 3306 1744 3363 homo

155 3387 334 3455 albus,
356 3396 411 3444 et
437 3403 540 3445 non
565 3397 651 3445 est
680 3391 840 3449 homo
862 3392 1034 3450 albus.
1064 3394 1176 3450 Hoc
1203 3405 1287 3451 est
1311 3397 1454 3453 enim
1476 3397 1616 3467 quod
1645 3399 1739 3465 ait,

154 3488 208 3536 et
233 3480 283 3535 si
320 3482 375 3535 tit
404 3482 635 3553 aliquid,
666 3493 720 3541 et
768 3500 873 3541 non
903 3498 1017 3543 est:
1050 3504 1171 3547 cum
1208 3490 1350 3546 enim
1381 3490 1461 3556 fit.
1498 3506 1604 3547 non
1631 3503 1738 3559 εει,

157 3570 254 3627 sed
285 3580 460 3641 potest
490 3573 597 3629 dici
627 3577 878 3643 quoniam
906 3587 988 3635 est
1020 3578 1181 3634 homo
1206 3578 1380 3644 albus.
1412 3592 1467 3635 et
1493 3581 1550 3636 fit
1580 3581 1741 3639 homo

130 3662 330 3729 albus,
362 3674 419 3721 ut
456 3674 741 3737 utrumque
771 3683 894 3725 vero
935 3669 1159 3726 dicatur.
1210 3672 1391 3729 Potest
1422 3673 1583 3743 igitur
1612 3688 1740 3729 vere

156 3765 439 3827 utrumque
478 3757 607 3825 diei,
656 3757 723 3814 Et
752 3768 835 3814 est
863 3760 1023 3817 homo
1049 3762 1225 3829 albus,
1250 3772 1304 3818 et
1334 3778 1441 3819 non
1465 3773 1548 3819 est
1578 3765 1740 3821 homo

154 3845 329 3903 albus.

233 3961 504 4016 Videbitur
543 3972 715 4018 autem
761 3967 926 4021 subito
966 3968 1317 4023 inconveniens
1360 3984 1483 4023 esse.
1536 3967 1739 4023 Idcirco

153 4057 395 4126 quoniam
420 4056 614 4111 videtur
640 4058 947 4127 signiﬁcare,
978 4075 1079 4114 non
1106 4070 1179 4115 est
1208 4060 1360 4114 homo
1389 4059 1558 4124 albus,
1585 4060 1737 4115 simul

152 4148 313 4201 etiam
350 4148 589 4216 quoniam
624 4166 771 4205 nemo
810 4152 961 4206 homo
1001 4151 1165 4206 albus.
1210 4151 1326 4207 Iloc
1367 4162 1534 4207 autent
1578 4169 1738 4223 neque

153 4239 295 4295 idem
330 4241 618 4312 signiﬁcat,
656 4260 813 4312 neque
847 4246 1001 4299 simul
1030 4249 1331 4300 necessario.

220 4352 424 4407 Tacita:
447 4351 717 4409 hominum
746 4356 1064 4413 dubitationi
1086 4358 1391 4427 respondet.
1419 4357 1569 4424 Quod
1592 4359 1738 4414 enim

154 4442 420 4510 dicimus,
452 4453 536 4500 est
562 4446 711 4501 albus
757 4447 918 4503 homo
942 4488 957 4515 ,
999 4459 1055 4504 et
1096 4463 1201 4503 non
1244 4458 1327 4505 est
1364 4449 1513 4505 albus
1552 4452 1731 4518 homo,

1852 1882 2192 1953 singularium
2212 1922 2226 1946 ,
2256 1881 2333 1936 vel
2361 1883 2425 1937 de
2448 1882 2622 1952 aliqua
2659 1883 3049 1948 unlversalium,
3077 1885 3155 1945 vel
3185 1886 3442 1945 universa-

1854 1974 1991 2037 liter,
2018 1974 2096 2029 uel
2123 1990 2223 2028 non
2250 1975 2620 2029 universaliter.
3054 2020 3061 2027 .

1926 2063 2037 2118 Hoc
2080 2079 2291 2133 quoque
2335 2075 2702 2134 argumentum
2757 2075 2837 2121 est
2874 2067 3213 2138 negationem
3254 2069 3441 2131 indeft-

1852 2156 2014 2210 nitum
2047 2166 2099 2209 et
2129 2157 2480 2211 universalem
2514 2156 2652 2209 idem
2689 2171 2791 2210 non
2832 2159 3168 2227 significare,
3203 2169 3257 2221 et
3290 2175 3383 2219 eas
3412 2175 3441 2231 ῃ

1850 2262 1911 2302 se
1936 2261 2056 2301 esse
2082 2246 2341 2303 diversas.
2382 2246 2513 2305 Nam
2544 2249 2588 2302 si
2620 2248 2774 2303 unius
2805 2247 3177 2309 aformntionis
3208 2266 3308 2309 una
3342 2269 3439 2306 uc-

1849 2341 1992 2408 gatio
2022 2350 2122 2403 εει,
2153 2352 2337 2414 contra
2365 2354 2483 2395 eam
2513 2353 2633 2410 qua:
2654 2340 2804 2404 dicit,
2826 2356 2942 2401 non
2966 2351 3049 2399 est
3078 2340 3239 2403 homo
3266 2343 3437 2413 albus,

1851 2431 1942 2487 illa
2000 2440 2083 2487 est
2124 2432 2411 2487 affirmatio
2473 2447 2595 2504 qua:
2638 2433 2811 2499 dicit,
2844 2444 2925 2493 εει
2958 2433 3118 2495 homo
3147 2436 3319 2495 albus.
3376 2437 3437 2497 Et

1850 2530 2038 2581 contra
2062 2537 2179 2577 eam
2218 2538 2336 2592 qua:
2364 2522 2511 2589 dicit,
2544 2522 2719 2578 nullus
2747 2522 2908 2578 homo
2934 2526 3087 2580 albus
3109 2535 3211 2591 est,
3239 2527 3330 2587 illa
3355 2536 3437 2591 εει

1848 2611 2133 2669 affirmatio
2160 2628 2279 2683 qua:
2305 2615 2450 2678 dicit,
2484 2613 2697 2683 quidam
2728 2614 2886 2668 homo
2915 2615 3069 2675 albus
3095 2628 3201 2683 est;
3233 2618 3326 2675 sed
3352 2617 3437 2679 hat

1850 2702 2239 2761 afﬁrmationes
2268 2704 2497 2761 diversa:
2523 2715 2667 2771 sunt,
2695 2706 2744 2759 id
2772 2714 2872 2768 est,
2896 2716 2977 2761 est
3002 2708 3160 2763 homo
3186 2709 3358 2774 albus,
3383 2718 3436 2766 et

1849 2795 2067 2865 quidam
2110 2795 2272 2855 homo
2309 2796 2460 2849 albus
2487 2806 2605 2860 est;
2638 2798 2864 2857 diversa:
2903 2796 3061 2865 igitur
3092 2798 3198 2855 illa:
3228 2814 3435 2869 quoque

1849 2896 1975 2941 sunt
2016 2901 2134 2956 qua:
2184 2886 2267 2941 his
2297 2887 2768 2956 proportionaliter
2795 2896 3158 2957 Opponuutur.
3213 2889 3429 2949 Diversa

1852 2979 2017 3048 igitur
2048 2986 2133 3033 est
2160 2979 2375 3047 negatio
2413 2993 2531 3049 qua:
2575 2977 2728 3042 dicit,
2759 2980 2935 3032 nullus
2964 2978 3123 3033 homo
3155 2981 3305 3034 albus
3332 2990 3434 3046 est,

1853 3079 1909 3125 et
1934 3085 1996 3125 ea
2021 3085 2141 3141 quae
2164 3071 2312 3136 dicit,
2337 3085 2441 3125 non
2466 3079 2546 3125 est
2566 3069 2726 3124 homo
2746 3068 2920 3125 albus.
2953 3069 3113 3126 Docet
3136 3080 3311 3126 autem
3339 3087 3435 3133 nos

1772 3174 1821 3245 ρ
1856 3146 2012 3215 unius
2040 3146 2412 3216 affirmatiouis
2432 3176 2589 3215 unam
2619 3176 2741 3219 esse
2769 3161 3123 3231 negationem,
3151 3163 3309 3234 idque
3338 3162 3434 3222 hae

1850 3253 2058 3307 ratione
2086 3253 2688 3323 demonstratmportet
2713 3255 2855 3311 enim
2885 3256 2935 3309 id
2965 3255 3307 3324 pradicatunt
3339 3272 3436 3312 ne-

1846 3359 1973 3413 gare
2019 3346 2389 3414 negationem,
2433 3347 2573 3416 quod
2615 3346 2985 3415 prccdicaverit
3018 3346 3343 3416 affirmatio,
3386 3348 3445 3407 et

1844 3449 2033 3489 rursus
2064 3439 2131 3491 de
2160 3435 2348 3492 eodem
2376 3436 2618 3505 subjecto
2652 3436 2863 3492 auferre
2904 3438 3245 3508 prazdicatum
3279 3455 3433 3517 nega.
3514 3454 3517 3457 ·

1844 3523 2043 3580 tionem
2090 3536 2299 3595 oportet
2332 3527 2379 3580 id
2414 3527 2552 3598 quod
2585 3526 2870 3582 affirmatio
2908 3538 3032 3583 ante
3058 3531 3429 3598 conjunxrrat.

1843 3618 1999 3686 Quod
2026 3618 2069 3672 si
2102 3618 2187 3682 fit,
2231 3618 2448 3674 dubium
2480 3633 2585 3673 non
2610 3628 2693 3673 est
2723 3620 2880 3673 unius
2909 3634 3028 3675 esse
3064 3620 3429 3682 affirmationis

1844 3725 2004 3764 unam
2047 3712 2382 3780 negationem
2409 3751 2423 3775 ,
2458 3712 2573 3765 sive
2602 3718 2778 3765 autem
2828 3711 2881 3765 in
2914 3713 3302 3767 univcrsalibus
3334 3714 3431 3772 hoc

1844 3800 1939 3854 fiat
1968 3801 2339 3856 universalitcr
2368 3801 2668 3870 przedicatis
2693 3842 2708 3868 ,
2748 3802 2860 3856 sive
2896 3801 3171 3858 indefinite
3193 3844 3209 3869 ,
3247 3813 3301 3859 et
3326 3819 3428 3865 non

1846 3891 2263 3958 universaliter,
2306 3891 2421 3945 sive
2464 3892 2513 3945 in
2560 3891 2956 3961 singularibus,
2999 3906 3102 3946 una
3142 3896 3428 3965 eademque

1843 3986 2264 4055 pmpositionum
2309 3995 2495 4040 natura
2532 3994 2649 4050 est,
2682 3993 2739 4040 ut
2767 3986 2926 4040 unius
2954 3985 3329 4042 affirmationis
3361 3989 3429 4043 sit

1844 4088 2049 4134 tantum
2073 4079 2389 4137 naturaliter
2410 4094 2515 4133 una
2538 4081 2769 4150 negatio.
2791 4080 2903 4135 iioc
2925 4089 3099 4136 autem
3126 4082 3427 4139 inductione

1884 4173 2057 4224 rohat.

1884 4185 2057 4224 ronat.

1846 4185 1879 4240 ρ
1918 4260 2046 4314 Dico
2067 4271 2233 4315 autent
2253 4301 2267 4327 ,
2298 4272 2354 4315 ut
2391 4270 2462 4315 est
2493 4259 2730 4316 .Stcrales
2761 4261 2907 4316 albus
2929 4301 2943 4328 ,
2972 4278 3071 4315 non
3094 4271 3167 4316 est
3189 4262 3425 4345 Socrates

1842 4357 2007 4411 albus.

1916 4448 1971 4501 In
2017 4450 2116 4503 hac
2166 4449 2307 4503 enim
2360 4450 2721 4518 propositione
2780 4448 2919 4504 idem
2970 4450 3270 4520 subjectum
3317 4462 3424 4520 est,

153 4544 445 4606 utrumque
481 4551 665 4592 verum
699 4552 820 4594 esse
847 4540 1090 4607 videtur,
1120 4541 1214 4596 sed
1246 4541 1525 4610 aliquoties
1554 4543 1738 4597 ittcon-
1765 4543 1821 4609 Ι)
1845 4536 1983 4592 idem
2017 4539 2384 4605 prmdicatum,
2418 4548 2472 4594 ει
2503 4540 2756 4595 ἰιιιηιεάίυ
2780 4542 3146 4610 exemplorum
3178 4544 3402 4615 subjecit

151 4628 372 4683 veniens
404 4643 545 4685 esse.
594 4632 648 4685 Si
692 4631 832 4685 enim
868 4647 1053 4686 verum
1094 4644 1178 4687 est
1212 4633 1395 4687 dicere
1419 4673 1434 4696 ,
1478 4639 1559 4687 εει
1587 4632 1741 4687 albus

151 4718 333 4783 homo,
360 4720 805 4791 quemadmodum
831 4722 944 4777 fieri
969 4733 1143 4792 potest
1167 4732 1223 4779 ut
1244 4739 1427 4779 verum
1448 4724 1515 4778 sit
1536 4724 1735 4790 dicere,

151 4826 260 4864 non
292 4820 377 4865 est
404 4809 558 4866 albus
589 4811 768 4866 homo.
820 4811 931 4868 Hoc
961 4823 1136 4868 autem
1180 4815 1393 4869 videtur
1422 4813 1735 4883 quibusdam

149 4900 561 4967 inconveniens,
594 4902 792 4957 idcirco
821 4904 1068 4972 quoniam
1100 4914 1319 4974 apparet
1346 4906 1662 4975 quibusdam
1688 4905 1738 4958 id

149 4997 295 5066 quod
326 4996 575 5059 dicimus.
613 5011 717 5050 non
750 5006 831 5051 est
854 4997 1013 5051 homo
1055 4998 1205 5052 albus
1232 5040 1246 5064 ,
1282 4997 1380 5052 hoc
1410 4997 1732 5068 significare,

149 5097 405 5157 tanquam
434 5089 477 5144 si
505 5088 769 5153 dicamus,
804 5091 979 5144 nullus
1007 5090 1165 5146 homo
1195 5093 1348 5146 alitus
1378 5103 1481 5156 cst,
1511 5094 1604 5147 sed
1636 5092 1736 5145 hoc

148 5194 342 5235 verum
373 5196 475 5235 non
506 5190 609 5236 est.
639 5182 819 5252 Neque
850 5184 991 5238 enim
1015 5186 1152 5240 idem
1180 5193 1263 5240 est
1285 5185 1487 5250 dicere,
1518 5202 1622 5240 non
1651 5195 1734 5242 est

148 5273 303 5329 albus
335 5273 517 5341 homo,
544 5283 598 5329 et
627 5274 802 5330 nullus
836 5276 994 5330 homo
1025 5277 1177 5332 albus
1204 5287 1306 5331 est.
1336 5278 1400 5332 Et
1431 5292 1733 5349 quanquam

149 5379 269 5421 cum
299 5367 549 5432 dicimus,
580 5367 754 5422 nullus
784 5367 943 5423 homo
972 5369 1122 5423 albus
1147 5380 1249 5434 est,
1282 5369 1436 5423 simul
1468 5370 1734 5440 signiﬁca-

149 5472 270 5513 ntus
313 5460 565 5528 quoniam
608 5475 712 5514 non
752 5470 837 5514 est
880 5462 1039 5520 homo
1094 5462 1281 5523 albus,
1328 5477 1432 5516 non
1466 5473 1638 5518 tamen
1666 5479 1733 5518 ex

150 5552 473 5605 necessitate
508 5538 647 5607 idem
684 5546 908 5622 utraque
935 5552 1221 5621 signiﬁcat.
1263 5553 1397 5607 Cum
1425 5554 1567 5608 enint
1596 5554 1736 5609 dici-

150 5656 292 5710 mus,
317 5658 425 5697 non
456 5652 539 5698 est
567 5643 727 5699 homo
748 5643 920 5711 albus,
943 5645 1099 5698 simul
1131 5660 1227 5699 nos
1252 5645 1453 5707 dicere.
1480 5646 1732 5714 quoniam

152 5735 330 5793 nullus
358 5737 522 5793 homo
557 5736 708 5794 albus
736 5744 820 5794 est
844 5775 859 5802 .
901 5750 1008 5793 non
1035 5745 1244 5808 oportet
1274 5735 1536 5807 intelligi,
1563 5751 1736 5806 neque

1918 4632 1978 4686 Si
2021 4641 2188 4686 autem
2234 4633 2375 4685 aliud
2403 4632 2600 4702 aliquid
2629 4631 2692 4686 de
2729 4634 2905 4689 eodem
2932 4637 3008 4690 vel
3029 4636 3091 4690 de
3115 4636 3234 4702 alio,
3265 4637 3421 4704 idem,

1844 4743 1946 4780 non
1973 4728 2204 4798 opposita
2248 4730 2363 4793 erit,
2396 4728 2481 4781 sed
2503 4728 2566 4781 ab
2592 4746 2652 4783 ea
2686 4729 2899 4783 diversa.

1914 4819 2112 4873 Sensus
2143 4817 2446 4887 hujusmodi
2471 4826 2573 4882 est,
2606 4820 2648 4873 si
2680 4831 2854 4875 autem
2886 4819 3025 4874 aliud
3057 4819 3255 4890 aliquid
3278 4835 3419 4890 prte-

1843 4910 2099 4965 dicaverit
2141 4911 2349 4979 negatio
2383 4925 2541 4978 quam
2573 4911 2855 4965 affirmatio
2886 4911 3213 4980 pomdicavit,
3249 4911 3337 4966 vel
3367 4911 3416 4964 si

1845 5003 1911 5058 de
1950 5002 2055 5056 alio
2096 5001 2335 5072 subjecto
2367 5002 2501 5055 idem
2534 5002 2743 5072 negatio
2773 5003 3143 5072 pratdicaverit
3187 5000 3327 5072 quod
3366 5001 3418 5054 in

1847 5096 2203 5150 affirmatione
2245 5094 2403 5148 fuer.t
2436 5093 2801 5161 prmdicatum,
2836 5113 2939 5150 non
2982 5105 3107 5150 sunt
3130 5095 3230 5149 sibi
3258 5100 3443 5162 appet

1844 5185 1984 5247 sitm,
2017 5184 2109 5240 scd
2145 5198 2172 5238 a
2210 5199 2267 5239 se
2290 5192 2491 5238 tantum
2519 5184 2743 5239 diversae
2770 5196 2913 5240 sunt.
2943 5185 2996 5239 Si
3028 5186 3147 5252 quis
3174 5184 3313 5238 enim
3341 5182 3417 5236 di-

1845 5285 1949 5340 cat,
1977 5275 2225 5331 Socrates
2252 5276 2502 5344 disputat,
2536 5284 2591 5330 et
2616 5276 2752 5329 alius
2796 5274 3138 5343 rcSpondeat,
3171 5274 3418 5328 Socrates

1844 5382 1949 5422 nou
1995 5366 2252 5429 ambulat,
2285 5366 2554 5421 diversum
2588 5367 2933 5436 prtedicatum
2976 5377 3081 5434 εει,
3110 5374 3163 5420 ει
3190 5365 3420 5419 diversa:

1844 5467 1968 5512 sunt
2000 5457 2412 5525 prOpositiones,
2437 5470 2487 5509 et
2516 5472 2621 5510 non
2651 5457 2933 5526 oppositas,
2965 5466 3018 5510 et
3050 5455 3149 5509 hoc
3170 5464 3248 5507 est
3277 5452 3418 5520 quod

1842 5550 1980 5603 dixit
2021 5548 2078 5603 Si
2112 5558 2289 5603 autem
2320 5548 2460 5602 aliud
2490 5547 2711 5617 aliquid,
2742 5547 2888 5601 aliud
2919 5546 3060 5599 enim
3113 5542 3420 5613 prtedicavit

1841 5644 2055 5714 negatio
2084 5656 2240 5711 quam
2277 5640 2564 5695 affirmatio
2595 5638 2996 5708 pradicaverat.
3022 5634 3172 5702 Quod
3213 5633 3259 5688 si
3301 5635 3441 5704 quis

1839 5737 1922 5793 sic
1959 5733 2120 5800 dicat,
2161 5732 2410 5791 Socrates
2458 5728 2728 5802 disputat.
2780 5724 3024 5798 aliusque
3068 5721 3415 5797 respondeat.
