4030 6336
570 289 669 350 327

1803 289 1909 346 ΔΝ.
1951 287 2158 347 ιιΑΝι.
2197 285 2354 346 SEV.
2396 287 2620 345 BOETII

3738 280 3849 341 528

565 411 718 467 Plato
748 423 853 466 non
877 408 1132 481 disputat,
1155 405 1226 463 de
1248 403 1353 462 alio
1372 402 1615 476 subjecto
1646 404 1786 460 idem
1817 404 2142 476 prmdicavit,
2175 406 2229 467 Α
2252 415 2429 462 autem
2460 415 2512 461 et
2549 406 2602 460 in
2633 405 2880 475 subjecto
2924 402 3175 459 convenit
3205 402 3504 469 custodire,
3533 400 3753 458 scilicet
3794 416 3849 459 ut

562 514 618 558 et
648 510 771 558 sunt
794 517 824 557 a
852 517 911 558 se
939 500 1159 556 diversae
1188 496 1605 570 pmpositiones,
1637 506 1690 553 et
1723 512 1829 552 non
1861 498 2140 567 oppositae.

566 595 632 651 Et
660 596 763 651 erit
792 592 842 648 id
867 591 1007 662 quod
1037 589 1110 645 ait
1137 589 1355 659 aliquis,
1393 588 1478 645 vel
1505 587 1574 644 de
1594 588 1699 643 alio
1728 587 1887 642 idem.
1921 587 2070 655 Quod
2098 586 2144 642 si

566 697 791 754 utraque
850 685 955 739 sint
1005 683 1241 749 diversa,
1299 680 1469 737 multo
1523 680 1692 753 magis
1750 680 2145 752 propositiones

568 778 794 833 diversa:
836 776 989 838 ﬁunt,
1030 773 1224 844 quibus
1271 773 1461 844 positis
1515 772 1582 828 ad
1630 773 1902 844 proposita
1960 784 2147 827 rursus

567 867 817 938 exempla
845 866 1142 934 contendit,
1179 875 1235 921 et
1273 867 1364 920 uni
1412 865 1759 920 afﬁrmationi
1789 880 1948 921 unam
1977 880 2149 920 enun-

568 959 843 1015 tiatiunem
874 960 1172 1030 negationis
1197 958 1439 1027 opponit,
1468 957 1815 1028 angularibus
1847 957 2147 1026 angulares,

564 1048 897 1104 afﬁrmativis
926 1049 1216 1119 negativae,
1247 1047 1653 1116 particularibus
1689 1046 2041 1112 universales,
2068 1044 2150 1099 in-

566 1141 802 1197 deﬁnitis
825 1122 1126 1196 indeﬁnitas
1154 1154 1433 1210 Opponeus
1456 1148 1509 1195 et
1535 1153 1874 1209 comparans.

640 1253 777 1308 Huic
800 1263 971 1308 autem
1001 1268 1114 1323 quia
1143 1261 1237 1319 est,
1266 1252 1429 1306 omnis
1459 1249 1610 1304 homo
1638 1249 1785 1304 albus
1813 1259 1907 1315 est,
1938 1256 2146 1303 contra-

566 1346 691 1401 dicit
733 1344 826 1399 illa
867 1360 981 1414 qua:
1004 1355 1098 1411 est,
1130 1359 1231 1397 non
1260 1340 1425 1396 omnis
1454 1342 1605 1394 homo
1634 1340 1784 1394 albus
1809 1349 1901 1394 est.
1936 1338 2029 1392 Illi
2056 1355 2152 1392 au—

564 1444 663 1493 tem
682 1454 799 1508 qua
819 1446 911 1506 est,
940 1437 1126 1507 aliquis
1152 1437 1301 1489 homo
1323 1435 1468 1490 albus
1494 1444 1588 1500 est,
1612 1434 1702 1487 illa
1724 1449 1837 1502 qua:
1856 1442 1950 1497 est,
1977 1432 2151 1487 nullus

566 1527 714 1582 homo
762 1527 909 1582 albus
952 1538 1044 1582 est.
1087 1524 1175 1582 Illi
1209 1535 1378 1579 autem
1424 1541 1540 1595 qua:
1582 1534 1675 1591 est,
1699 1522 1851 1578 homo
1879 1522 2024 1578 albus
2054 1530 2148 1589 est,

564 1617 662 1673 illa
685 1634 799 1688 qua:
818 1626 916 1683 est,
938 1617 1091 1672 homo
1116 1617 1261 1671 albus
1286 1632 1386 1670 non
1412 1625 1503 1671 est.

641 1709 706 1764 Et
734 1710 987 1779 posthaec
1011 1708 1283 1764 concludit
1301 1707 1621 1763 sententiam
1644 1706 1827 1762 dicens
1852 1724 1865 1759 :

2255 496 2484 566 subjecti
2532 511 2745 567 quoque
2795 495 3021 566 simplex
3066 494 3385 565 signiﬁcatio
3432 502 3631 549 servet.
3682 494 3851 548 Docet

2254 601 2432 648 autem
2460 608 2564 646 non
2593 606 2714 647 esse
2737 607 2894 645 unam
2919 591 3371 661 propositionem,
3404 590 3449 643 si
3477 588 3842 658 praedicatum

2247 684 2331 739 vel
2358 682 2633 755 quodlibet
2663 684 2714 738 in
2749 682 3112 753 propositione
3139 681 3357 737 verbum
3382 680 3550 735 multa
3577 679 3853 750 signiﬁcet

2250 777 2353 832 hoc
2382 776 2561 831 modo.

2322 877 2419 931 Sin
2440 893 2553 931 vero
2579 876 2778 929 duobus
2810 891 2967 928 unum
2998 890 3178 929 nomen
3202 881 3275 928 est
3304 875 3527 945 positum
3556 888 3622 927 ea:
3662 872 3851 942 quibus

2250 986 2351 1023 non
2392 979 2465 1023 est
2498 985 2680 1028 unum.
2723 984 2827 1021 non
2856 977 2926 1021 est
2962 984 3066 1021 una
3096 967 3398 1037 alfirmatio,
3428 982 3592 1036 neque
3619 966 3850 1034 negatio.

2322 1060 2456 1115 Sunt
2477 1058 2722 1130 quaedam
2738 1072 2825 1113 res
2848 1074 2968 1127 qua.
2999 1060 3147 1126 plura
3170 1058 3387 1129 quidem
3417 1057 3758 1126 signiﬁcent.
3782 1071 3850 1110 ex

2250 1149 2447 1220 quibus
2477 1147 2724 1203 omnibus
2745 1147 2949 1218 junctis
2978 1164 3140 1202 unum
3163 1147 3409 1217 quiddam
3445 1148 3625 1201 valeat
3666 1145 3812 1201 efﬁci
3834 1186 3849 1209 ,

2251 1241 2483 1295 hominis
2508 1240 2722 1311 quidem
2767 1254 2961 1297 nomen
2992 1240 3249 1311 signiﬁcat
3294 1238 3527 1305 animal,
3579 1236 3852 1308 signiﬁcat

2252 1332 2515 1399 mortale,
2552 1332 2809 1387 rationale
2857 1348 3068 1403 quoque
3105 1332 3365 1397 designat,
3392 1331 3487 1386 sed
3511 1331 3633 1384 haec
3664 1331 3848 1399 juncta

2255 1439 2419 1479 unum
2448 1422 2697 1495 quiddam
2746 1423 3005 1490 efﬁciunt,
3048 1423 3189 1493 quod
3228 1432 3311 1478 est
3337 1421 3534 1477 animal
3580 1421 3852 1477 rationale

2253 1515 2500 1570 mortale.
2534 1515 2660 1571 Hatc
2689 1531 2918 1587 namque
2955 1516 3131 1570 omnia
3177 1530 3342 1569 unum
3373 1515 3656 1568 hominem
3707 1528 3853 1569 com-

2255 1603 2423 1673 plent.
2466 1603 2604 1659 Sunt
2649 1620 2860 1674 quoque
2887 1605 2992 1660 alia
3011 1620 3131 1676 qua:
3156 1604 3288 1660 duas
3311 1604 3396 1660 vel
3439 1604 3631 1674 plures
3661 1604 3850 1675 hujus.

2255 1695 2402 1751 modi
2434 1710 2521 1751 res
2558 1696 2868 1766 designant.
2895 1712 2964 1752 ex
2992 1696 3185 1767 quibus
3207 1696 3411 1768 junctis
3432 1712 3606 1753 unum
3640 1696 3850 1766 aliquid

641 1800 791 1865 Quod
818 1800 973 1871 igitur
1001 1816 1103 1854 una
1130 1799 1396 1869 animalia
1444 1799 1533 1859 uni
1578 1799 1836 1871 negationi
1879 1799 2154 1870 opponitur
2183 1787 2232 1851 Β
2257 1802 2378 1844 esse
2402 1802 2508 1843 non
2551 1789 2737 1858 ροεεῖι,
2769 1796 2827 1842 ut
2853 1788 3011 1845 liber.
3044 1788 3247 1844 Dicitur
3284 1804 3514 1859 namque
3545 1799 3605 1845 et
3650 1789 3853 1861 Diony-

567 1893 977 1960 contradictorie,
996 1902 1043 1949 et
1062 1908 1175 1964 qua:
1196 1901 1314 1947 sunt
1335 1892 1435 1958 lue,
1456 1894 1648 1948 dictum
1666 1904 1761 1949 est.
1792 1891 1860 1947 Et
1880 1893 2017 1965 quod
2035 1901 2154 1948 sunt

568 1987 685 2041 alite
711 1988 1001 2054 contraria,
1024 1997 1069 2041 et
1090 2003 1206 2057 qua:
1228 1988 1327 2042 sint
1356 1986 1457 2052 .‘ue,
1488 1987 1677 2040 dictum
1708 1995 1803 2051 est,
1825 1997 1871 2040 et
1893 1987 2031 2058 quod
2052 2001 2156 2040 non

567 2079 728 2134 omnis
751 2095 869 2133 vera
900 2081 979 2133 vel
1014 2080 1150 2149 falsa
1189 2079 1542 2143 contradictio,
1568 2087 1616 2132 et
1643 2095 1821 2149 quare,
1859 2088 1906 2133 et
1949 2078 2154 2149 quando

568 2187 704 2239 vera,
733 2173 811 2226 vel
839 2170 995 2244 falsa.

639 2266 890 2323 llevolvit
910 2258 1124 2337 quoque
1149 2264 1406 2332 breviter,
1440 2265 1693 2335 quoniam
1723 2264 1841 2319 aliae
1871 2272 1996 2320 sunt
2025 2268 2155 2321 cen-

566 2357 767 2423 trariae,
794 2356 912 2412 alizc
939 2356 1392 2421 contradictorite,
1421 2355 1656 2425 dicitqne
1684 2370 1742 2411 se
1770 2370 1891 2427 quae
1929 2356 2038 2411 sint
2071 2356 2156 2410 hae

568 2445 880 2516 diligentius
950 2446 1004 2502 in
1064 2446 1330 2517 superiori
1386 2445 1747 2516 disputatione
1797 2454 2150 2501 monstrasse.

569 2533 708 2591 Illud
738 2551 949 2608 quoque
968 2547 1114 2608 patet
1134 2548 1242 2591 mm
1268 2550 1482 2592 omnem
1507 2550 1627 2592 esse
1654 2534 1833 2591 veram
1861 2537 1944 2591 vel
1966 2535 2155 2591 falsam

568 2627 942 2685 afﬁrmationis
961 2638 1017 2685 et
1045 2629 1347 2700 negationis
1370 2627 1783 2699 oppositirvnem,
1824 2642 1984 2698 quam
2014 2640 2156 2682 nunc

568 2722 919 2781 communiter
944 2731 1001 2779 et
1028 2720 1321 2793 improprie
1364 2720 1850 2777 contradictionem
1875 2727 2052 2776 vocat.
2091 2720 2158 2776 Et

567 2815 778 2886 quando
815 2830 921 2872 non
963 2814 1073 2871 sint
1114 2829 1256 2871 verte
1292 2814 1393 2884 vel,
1425 2812 1597 2881 falsis,
1640 2812 1725 2869 vel
1758 2827 1875 2884 cur,
1906 2827 1967 2871 se
1993 2826 2158 2884 expo—

567 2906 737 2963 spuisse
756 2913 1167 2962 commemorat.
1938 2910 1939 2913 ‘

831 3034 899 3073 ΒΕ
924 3031 1315 3074 APPIBIATIONE
1345 3034 1411 3073 ΕΤ
1439 3030 1737 3074 Νεελτιοιιε
1768 3031 1892 3073 υΝΑ.

641 3115 758 3174 Una
786 3127 958 3172 autem
996 3117 1273 3188 a/jirmatio
1312 3127 1359 3172 et
1385 3116 1587 3187 negatio
1618 3127 1713 3181 est,
1753 3131 1869 3186 qua:
1909 3129 2066 3193 unum
2094 3109 2157 3167 de

571 3223 671 3263 uno
701 3208 980 3281 signiﬁcat,
1012 3207 1090 3263 vel
1118 3224 1232 3263 cum
1260 3208 1328 3263 sit
1360 3207 1648 3264 universale
1676 3203 2050 3276 universaliter,
2079 3202 2157 3259 vel

572 3314 674 3354 non
692 3299 952 3355 similiter.

640 3390 779 3459 Quid
817 3392 887 3447 sit
930 3407 1033 3448 una
1064 3390 1350 3448 afﬁrmatio
1380 3400 1436 3448 et
1460 3405 1621 3463 supra
1661 3391 1771 3461 jam
1820 3389 2074 3455 diximus,
2102 3396 2161 3445 et

575 3498 720 3541 nunc
746 3498 958 3556 quoque
990 3485 1130 3542 idem
1161 3484 1356 3543 docere
1378 3500 1483 3541 non
1514 3483 1678 3557 piget.
1708 3483 1842 3538 Cum
1870 3481 2009 3538 idem
2039 3480 2162 3539 Ari-

572 3575 793 3633 stoteles
841 3577 1151 3645 revolverit,
1202 3593 1307 3633 una
1356 3576 1500 3632 enim
1546 3575 1831 3631 afﬁrmatio
1885 3583 1991 3643 est,
2040 3588 2161 3645 quae

571 3678 730 3724 ttnam
758 3682 871 3724 rem
894 3669 962 3725 de
991 3685 1098 3725 uno
1118 3668 1401 3741 signiﬁcat,
1452 3667 1505 3724 id
1550 3675 1637 3723 est
1686 3683 1807 3738 qua:
1848 3658 2157 3736 hujusmodi

573 3759 737 3816 habet
760 3763 1127 3829 praedicatum,
1149 3771 1202 3817 et
1217 3759 1522 3830 huiusmodi
1542 3760 1861 3829 subjectum,
1878 3769 1935 3813 ut
1955 3768 2163 3813 utrum-

574 3864 675 3921 que
695 3850 904 3919 singula
926 3850 1213 3921 signiﬁcet.
1240 3850 1373 3905 Nam
1402 3851 1446 3905 si
1476 3866 1641 3905 unum
1669 3849 1867 3920 aliquid
1899 3848 2164 3921 signiﬁcet

574 3937 946 4009 praedicatum,
969 3940 1199 4010 simplex
1228 3949 1388 4009 atque
1408 3955 1573 3993 unum
1605 3949 1708 3995 est.
1732 3938 1885 4005 Quod
1910 3942 1953 3993 si
1977 3954 2163 3995 rursus

582 4046 749 4087 unum
804 4031 1003 4102 aliquid
1059 4031 1323 4102 signiticet
1370 4030 1689 4098 subjectum,
1733 4038 1789 4084 et
1833 4044 1938 4085 non
1987 4029 2160 4098 plura,

574 4121 806 4192 simplex
838 4136 1026 4179 rursus
1054 4131 1139 4177 est
1180 4131 1337 4192 atque
1383 4137 1571 4177 unum.
1619 4122 1878 4191 Quocirca
1913 4123 1960 4177 si
1997 4137 2162 4179 unum

574 4212 920 4282 prmdicatum
967 4213 1035 4269 de
1078 4228 1187 4269 uno
1230 4214 1335 4269 erit
1385 4212 1651 4284 subjecto,
1685 4222 1910 4285 utraque
1948 4214 2159 4284 singula

546 4303 953 4383 .signiﬁcabunt
981 4316 1033 4360 et
1065 4319 1172 4360 non
1198 4305 1368 4375 plura.
1404 4306 1585 4377 quue
1611 4307 1686 4373 ﬁt,
1720 4316 1777 4363 ut
1803 4322 1908 4362 non
1943 4308 2015 4362 sit
2035 4308 2165 4363 sim-

574 4395 700 4465 plex
756 4396 1137 4466 propositionis
1182 4397 1524 4466 signiﬁcatio,
1560 4406 1616 4453 et
1641 4414 1761 4469 qute
1790 4414 1952 4454 unum
1994 4398 2163 4469 signi-

579 4485 725 4552 ﬁcct,
766 4503 868 4542 una
918 4488 1007 4543 sit.
1049 4487 1194 4544 idem
1245 4500 1423 4544 autem
1454 4500 1692 4563 loportet
1729 4505 1851 4547 esse
1893 4493 2055 4547 etiam
2109 4494 2163 4548 in

579 4578 977 4635 uuiversalibus
1013 4580 1385 4636 nnivcrsaliter
1417 4581 1739 4652 praedicatis,
1768 4582 1899 4637 etin
1930 4584 2165 4653 particu-

575 4668 800 4738 laribus,
835 4685 969 4741 quas
1002 4672 1396 4729 universalibus
1427 4674 1621 4746 opponi
1653 4688 1878 4731 necesse
1906 4686 2164 4748 est,quo-

578 4776 696 4818 rum
727 4762 886 4819 etiam
917 4764 1096 4819 subdit
1117 4766 1389 4837 exempla.
1425 4761 1449 4785 ‘
1689 4776 1698 4784 '

648 4860 716 4918 Ut
744 4864 907 4918 omnis
934 4864 1083 4919 homo
1115 4866 1261 4920 albus
1297 4875 1369 4920 est
1390 4905 1406 4932 ,
1444 4884 1545 4922 non
1602 4869 1769 4922 omnis
1824 4868 1974 4923 homo
2005 4869 2154 4925 albus

577 4963 670 5021 est,
700 4964 771 5011 est
804 4957 951 5019 homo
991 4957 1159 5026 albus,
1191 4974 1293 5012 non
1334 4966 1405 5012 est
1425 4959 1574 5013 homo
1606 4959 1774 5027 albus,
1808 4960 1981 5016 nullus
2010 4960 2164 5017 homo

576 5050 723 5104 albus
750 5060 859 5117 est,
883 5052 1091 5122 quidam
1117 5053 1269 5107 homo
1291 5052 1436 5107 albus
1456 5063 1550 5107 est.
1818 5104 1821 5113 .

648 5142 789 5198 Dicit
812 5143 956 5200 enim
984 5159 1144 5199 unam
1165 5160 1285 5201 esse
1311 5146 1755 5215 propositionem.
1789 5146 1977 5202 Omnis
2006 5147 2168 5204 homo

578 5230 732 5287 albus
758 5242 859 5297 est.
883 5243 938 5288 et
956 5247 1142 5288 rursus
1170 5233 1219 5290 ei
1245 5234 1541 5305 oppositam
1570 5252 1735 5292 unam
1766 5250 1913 5305 esse,
1948 5252 2053 5293 non
2084 5248 2170 5295 est

577 5323 755 5380 omnis
777 5324 939 5381 homo
959 5326 1138 5383 albus.

648 5413 711 5471 Si
739 5417 908 5471 album
944 5432 1100 5471 unum
1139 5417 1414 5490 signiﬁcat.
1451 5418 1549 5475 Sin
1577 5430 1751 5475 autem
1782 5422 1979 5477 duobus
2007 5438 2168 5477 unum

578 5520 761 5560 nomen
802 5508 1022 5579 positum
1048 5517 1145 5575 est,
1189 5524 1252 5563 ex
1285 5508 1467 5579 quibus
1506 5526 1608 5566 non
1648 5520 1720 5565 est
1756 5528 1936 5581 unum,
1962 5530 2065 5569 non
2094 5521 2169 5570 est

578 5615 683 5654 una
707 5604 994 5672 aﬂirmatio,
1021 5622 1183 5676 neque
1205 5622 1307 5659 una
1338 5608 1562 5677 negatio.

653 5692 711 5747 Si
734 5695 1145 5767 album,inquit.
1170 5712 1331 5752 unum
1361 5698 1644 5770 signiﬁcat,
1663 5699 1804 5771 quod
1834 5700 1878 5754 si
1902 5698 2053 5770 plura
2074 5698 2171 5756 dc-

580 5780 754 5853 signut
790 5802 894 5840 n-vn
920 5800 997 5843 cst
1020 5804 1122 5845 una
1145 5787 1466 5863 afﬁrmatio,
1506 5807 1603 5849 nec
1642 5807 1747 5850 una
1788 5791 2020 5863 negatio.
2057 5791 2168 5849 lloc

2256 1880 2370 1936 sius
2398 1878 2533 1935 liber
2555 1922 2571 1947 ,
2604 1890 2659 1935 et
2701 1878 2998 1949 ingenuus,
3031 1879 3127 1937 sed
3176 1880 3438 1950 ingenuus
3463 1891 3520 1936 et
3552 1882 3853 1953 Dionysius

2252 1969 2422 2041 juncti
2440 1962 2467 2036 ,’
2482 1970 2615 2027 nihil
2642 1969 2903 2027 efﬁciunt.
2936 1971 3113 2040 Quare
3139 1972 3184 2027 si
3214 1971 3340 2042 quid
3372 1973 3477 2027 tale
3512 1973 3613 2038 sit,
3644 1973 3851 2042 inquit,

2256 2072 2349 2118 aut
2374 2062 2672 2132 subjectum
2702 2073 2794 2118 aut
2822 2064 3165 2134 praedicatum
3195 2064 3336 2134 quod
3368 2063 3523 2135 plura
3554 2066 3854 2134 s'gniﬁcet,

2255 2167 2324 2209 ex
2354 2153 2547 2226 quibus
2575 2169 2740 2210 unum
2764 2154 2969 2223 aliquid
3000 2169 3122 2211 esse
3151 2170 3256 2210 nou
3288 2155 3479 2225 possit,
3511 2170 3626 2210 non
3656 2168 3747 2211 est
3767 2156 3852 2210 illa

2257 2265 2360 2305 una
2404 2250 2732 2320 afﬁrmatio,
2786 2265 2963 2321 neque
3010 2265 3115 2306 una
3145 2251 3379 2321 negatio.
3420 2250 3487 2306 Et
3538 2250 3648 2306 hoc
3683 2249 3853 2307 ﬁctitii

2256 2339 2494 2410 exempli
2515 2340 2726 2395 ratione
2754 2338 3058 2395 conﬁrmat.

2333 2449 2402 2506 Ut
2426 2450 2473 2505 si
2495 2451 2610 2519 quis
2636 2460 2791 2522 ponat
2825 2450 2922 2504 hoc
2952 2466 3134 2504 nomen
3163 2450 3355 2516 tunica,
3388 2449 3589 2504 homini
3617 2460 3670 2504 et
3702 2466 3848 2516 equo,

2259 2548 2308 2595 ει
2351 2541 2490 2595 dicat
2533 2542 2708 2595 tunica
2739 2551 2814 2596 est
2841 2542 2989 2609 alba,
3019 2541 3129 2597 Ιιιεε
3165 2558 3269 2596 non
3309 2550 3384 2596 est
3421 2557 3527 2596 una
3558 2543 3848 2612 omnia,

2259 2647 2352 2686 nec
2379 2647 2484 2685 una
2506 2634 2727 2703 negatio.
2772 2631 2924 2688 Nihil
2951 2634 3086 2687 enim
3117 2632 3293 2701 ili/fert
3322 2634 3417 2687 hoc
3443 2649 3602 2701 quam
3642 2636 3848 2715 dicere,

2212 2770 2223 2779 .
2259 2733 2334 2779 est
2360 2720 2511 2777 homo
2536 2739 2694 2793 equus
2733 2723 2907 2779 albus.
2959 2722 3075 2779 Hoc
3103 2733 3276 2779 autem
3314 2723 3441 2778 nihil
3482 2723 3662 2790 diﬁert
3704 2741 3851 2794 quas

2260 2816 2453 2884 dicere,
2479 2825 2551 2870 est
2579 2814 2732 2869 homo
2757 2816 2920 2881 albus,
2952 2825 2999 2871 et
3016 2826 3089 2872 est
3118 2832 3278 2887 equus
3305 2814 3479 2869 albus.
3560 2823 3565 2828 ‘

2333 2928 2554 2984 Dicatur
2574 2928 2750 2995 enim,
2806 2928 3012 2998 inquit,
3058 2937 3228 2996 equus
3256 2933 3313 2982 et
3341 2926 3503 2982 homo
3548 2926 3761 2982 tunica.
3790 2927 3849 2982 Et

2260 3023 2529 3088 habeant,
2558 3022 2704 3078 verbi
2731 3021 2898 3091 gratia
2926 3061 2942 3087 ,
2972 3021 3074 3075 hoc
3103 3033 3323 3083 nomen,
3351 3018 3399 3074 si
3439 3019 3560 3091 quis
3592 3020 3744 3075 enim
3773 3020 3850 3075 di-

2261 3124 2380 3181 cat,
2410 3124 2466 3169 et
2487 3113 2665 3169 tunica
2683 3112 2802 3167 alba
2834 3111 3084 3182 quoniam
3109 3113 3285 3166 tunica
3323 3125 3520 3180 equum
3566 3121 3737 3181 atque
3764 3112 3853 3166 ho-

2266 3210 2463 3265 minem
2494 3206 2759 3279 designat,
2791 3206 3000 3262 videtur
3022 3204 3202 3262 dicere
3223 3204 3475 3276 quoniam
3495 3213 3585 3261 est
3604 3221 3779 3277 equus
3804 3216 3853 3263 et

2265 3302 2430 3357 homo
2466 3300 2656 3368 albus,
2699 3299 2795 3355 sed
2849 3298 2950 3353 hoc
2992 3298 3098 3353 taie
3139 3306 3248 3363 est,
3284 3307 3531 3367 tanquam
3564 3297 3744 3365 dicat,
3777 3307 3855 3356 est

2263 3407 2437 3464 equus
2464 3392 2641 3457 albus,
2674 3400 2730 3447 et
2760 3398 2844 3445 est
2872 3388 3032 3445 homo
3056 3388 3228 3444 albus.
3257 3383 3364 3444 Sed
3394 3388 3476 3443 ba:
3502 3389 3628 3443 dua:
3655 3403 3855 3458 propo-

2263 3485 2490 3543 sitiones
2517 3493 2665 3549 sunt,
2693 3491 2749 3539 et
2779 3494 2884 3536 non
2926 3495 3061 3547 una;
3102 3479 3299 3549 duplex
3332 3479 3491 3549 igitur
3519 3478 3616 3533 illa
3642 3493 3855 3550 quoque

2264 3573 2565 3645 propositio
2593 3579 2707 3635 est.
2735 3578 2819 3625 est
2844 3572 3005 3624 homo
3036 3577 3092 3624 et
3116 3584 3286 3639 equus
3318 3568 3509 3633 albus;
3556 3583 3736 3638 quare
3765 3569 3857 3623 du-

2264 3664 2387 3734 plex
2419 3664 2503 3717 illa
2533 3675 2744 3733 quoque
2771 3675 2889 3731 qua:
2916 3658 3069 3726 dicit,
3098 3667 3183 3715 cst
3237 3661 3411 3713 tunica
3447 3658 3591 3723 allia.
3637 3658 3849 3715 Etenim

2268 3752 2494 3821 subjecti
2519 3751 2693 3820 hujus,
2719 3750 2768 3804 id
2798 3759 2881 3805 est
2910 3750 3123 3815 tunicae,
3151 3749 3346 3817 duplex
3370 3748 3694 3819 signiﬁcatio
3738 3766 3855 3820 pro-

2268 3842 2562 3912 positiones
2593 3840 2718 3896 fecit
2767 3855 2888 3896 esse
2932 3840 3197 3909 duplices.
3247 3839 3398 3907 Quod
3445 3840 3488 3893 si
3536 3839 3661 3909 quis
3714 3840 3854 3895 dicat

2268 3948 2431 3987 unum
2463 3931 2716 4003 quiddam
2746 3929 3068 4002 signiﬁcare,
3095 3939 3179 3985 est
3218 3930 3397 3984 tunica
3427 3929 3574 3995 alba,
3625 3931 3755 3998 quia
3776 3932 3851 3986 si-

2266 4024 2512 4093 gniﬁcat,
2562 4033 2644 4078 e5t
2671 4022 2830 4077 homo
2856 4029 2911 4077 et
2938 4037 3107 4093 equus
3145 4021 3343 4087 albus;
3385 4021 3727 4091 impossibile
3755 4031 3852 4077 est.

2267 4115 2449 4187 Neque
2476 4116 2617 4173 enim
2652 4132 2719 4170 ex
2748 4114 2963 4169 homine
3006 4124 3059 4168 et
3097 4129 3237 4183 equo
3265 4114 3517 4184 quiddam
3545 4130 3715 4169 unum
3758 4118 3848 4178 ﬁt,

2267 4218 2327 4265 ut
2350 4209 2462 4264 haec
2495 4208 2790 4278 pr0positio
2814 4225 2974 4263 unum
3006 4208 3207 4277 aliquid
3252 4208 3520 4278 designet;
3550 4225 3727 4280 quare
3771 4219 3857 4268 aut

2268 4304 2381 4358 lure
2420 4302 2714 4374 propositio
2762 4302 2921 4355 multa
2953 4300 3248 4373 signiﬁcat,
3300 4310 3393 4356 aut
3443 4301 3491 4356 si
3523 4317 3631 4356 non
3666 4303 3852 4367 multa,

2268 4394 2401 4449 nihil
2425 4392 2646 4449 omnino
2672 4392 2934 4464 designat.
2986 4392 3127 4448 Nihil
3171 4395 3314 4449 enim
3343 4405 3425 4449 est
3455 4393 3622 4450 homo
3649 4411 3855 4465 equus,

2270 4495 2329 4541 ut
2368 4486 2529 4541 simul
2559 4486 2765 4541 dicatur
2804 4496 2966 4556 atque
3017 4484 3386 4556 intelligatur,
3440 4485 3543 4543 hoc
3584 4497 3671 4543 est
3715 4488 3857 4545 enim

2192 4542 2247 4605 Β
2269 4577 2409 4649 quod
2439 4578 2543 4633 ait:

2343 4678 2401 4733 Si
2420 4693 2539 4751 ergo
2566 4676 2646 4733 Ine
2677 4676 2839 4732 multa
2862 4678 3173 4748 signiﬁcant,
3208 4688 3387 4733 etsunt
3409 4680 3599 4750 plures,
3640 4682 3856 4751 manife-

2270 4779 2404 4824 stum
2440 4779 2512 4823 est
2538 4770 2778 4838 quoniam
2818 4778 2863 4824 ει
2890 4770 3055 4839 prima
3084 4770 3244 4824 multa
3271 4772 3347 4825 vel
3393 4770 3523 4828 nihil
3561 4773 3849 4844 signiﬁcat,

2271 4877 2431 4925 neque
2455 4861 2589 4915 enim
2616 4870 2689 4915 est
2716 4860 2902 4931 aliquis
2924 4859 3076 4914 homo
3106 4877 3283 4931 equus.

2346 4962 2402 5018 Si
2424 4975 2553 5031 ergo
2584 4961 2666 5015 hae
2695 4961 2859 5015 multa
2887 4961 3191 5032 signﬁcant
3214 4973 3268 5018 et
3290 4971 3415 5019 sunt
3443 4964 3648 5035 plures,
3682 4967 3855 5023 mani-

2275 5052 2466 5108 fesmm
2491 5052 2733 5122 estquod
2754 5064 2809 5108 et
2836 5053 3028 5122 prima,
3054 5054 3106 5109 id
3136 5064 3218 5109 est
3238 5071 3300 5111 ea
3334 5058 3641 5126 quaedicit,
3672 5072 3764 5115 est
3790 5072 3860 5115 tu-

2274 5142 2390 5197 nica
2414 5143 2558 5209 alba,
2589 5144 2755 5199 multa
2787 5144 2869 5201 vel
2899 5145 3030 5200 nihil
3071 5147 3359 5216 signiﬁcat.
3392 5149 3533 5204 Nihil
3558 5161 3747 5207 autem
3785 5155 3833 5207 id

2272 5236 2417 5291 circo
2436 5236 2687 5307 quoniam
2714 5238 2881 5293 sinon
2910 5239 3076 5294 multa
3097 5240 3342 5310 designet
3371 5244 3680 5312 propositio
3705 5247 3860 5316 cujus

2276 5326 2500 5396 quilibet
2530 5328 2790 5385 terminus
2819 5329 3128 5399 :equivocus
3175 5342 3281 5397 est,
3330 5348 3453 5388 cum
3487 5334 3577 5389 illa
3608 5352 3733 5406 quae
3764 5355 3859 5392 uo-

2278 5419 2422 5475 mine
2442 5420 2716 5490 mquivoco
2747 5421 3115 5492 signiﬁcantur
3136 5423 3321 5493 juncta
3349 5424 3568 5493 fuerint,
3608 5444 3788 5497 neque
3812 5431 3859 5483 in

2278 5524 2435 5565 unam
2469 5512 2823 5568 substantiam
2854 5498 3235 5582 convenerint,
3276 5517 3402 5573 talis
3425 5518 3698 5588 junctum
3739 5537 3859 5593 qua

2205 5607 2209 5610 ’
2276 5617 2365 5658 res
2394 5604 2608 5660 sibimet
2651 5606 2985 5662 incontextas
3013 5608 3286 5678 copulant,
3330 5625 3440 5665 non
3471 5613 3574 5673 crit
3598 5613 3745 5668 ullus
3775 5616 3854 5667 in-

2278 5699 2561 5754 tellectus:
2597 5708 2654 5754 ut
2677 5699 2731 5754 in
2754 5716 2816 5756 ea
2837 5717 2953 5772 qua:
2974 5711 3076 5769 est,
3111 5703 3289 5758 tunica
3310 5703 3429 5758 alba
3452 5715 3557 5771 est,
3573 5706 3726 5760 aliter
3744 5717 3863 5757 esse

2281 5807 2383 5848 una
2413 5808 2517 5851 non
2569 5802 2776 5865 potest,
2820 5796 2868 5851 si
2918 5796 3095 5854 tunica
3133 5810 3328 5869 equum
3376 5780 3857 5868 hominemque‘sio
