  <div class='ocr_page' id='page_1' title='image "/cluster/home/n/w/nwhite01/storage/ocr_20150623/64/hvd.32044024222309/172.png"; bbox 0 0 4030 6336; ppageno 0'>
   <div class='ocr_carea' id='block_1_1' title="bbox 180 322 279 383">
    <p class='ocr_par' dir='ltr' id='par_1_1' title="bbox 180 322 279 383">
     <span class='ocr_line' id='line_1_1' title="bbox 180 322 279 383; baseline -0.04 0"><span class='ocrx_word' id='word_1_1' title='bbox 180 322 279 383; x_wconf 75' lang='lat'><strong>5‘29</strong></span> 
     </span>
    </p>
   </div>
   <div class='ocr_carea' id='block_1_2' title="bbox 952 299 2680 372">
    <p class='ocr_par' dir='ltr' id='par_1_2' title="bbox 952 299 2680 372">
     <span class='ocr_line' id='line_1_2' title="bbox 952 299 2680 372; baseline -0.009 -2"><span class='ocrx_word' id='word_1_2' title='bbox 952 314 1017 370; x_wconf 82' lang='lat' dir='ltr'><strong>IN</strong></span> <span class='ocrx_word' id='word_1_3' title='bbox 1056 314 1318 372; x_wconf 68' lang='lat' dir='ltr'><strong>LIBRUM</strong></span> <span class='ocrx_word' id='word_1_4' title='bbox 1360 311 1446 370; x_wconf 86' lang='lat' dir='ltr'><strong>DE</strong></span> <span class='ocrx_word' id='word_1_5' title='bbox 1487 301 2146 367; x_wconf 74' lang='lat' dir='ltr'><strong>INTERPRETATIONE</strong></span> <span class='ocrx_word' id='word_1_6' title='bbox 2186 301 2413 359; x_wconf 84' lang='lat' dir='ltr'><strong>EDITIO</strong></span> <span class='ocrx_word' id='word_1_7' title='bbox 2449 299 2680 359; x_wconf 73' lang='lat' dir='ltr'><strong>PRIMA.</strong></span> 
     </span>
    </p>
   </div>
   <div class='ocr_carea' id='block_1_3' title="bbox 3359 300 3464 348">
    <p class='ocr_par' dir='ltr' id='par_1_3' title="bbox 3359 300 3464 348">
     <span class='ocr_line' id='line_1_3' title="bbox 3359 300 3464 348; baseline 0 0"><span class='ocrx_word' id='word_1_8' title='bbox 3359 300 3464 348; x_wconf 72' lang='grc'><strong>580</strong></span> 
     </span>
    </p>
   </div>
   <div class='ocr_carea' id='block_1_4' title="bbox 178 412 3465 516">
    <p class='ocr_par' dir='ltr' id='par_1_4' title="bbox 178 412 3465 516">
     <span class='ocr_line' id='line_1_4' title="bbox 178 412 3465 516; baseline -0.009 -19"><span class='ocrx_word' id='word_1_9' title='bbox 178 444 418 516; x_wconf 79' lang='lat' dir='ltr'><strong>gniﬁcet,</strong></span> <span class='ocrx_word' id='word_1_10' title='bbox 451 437 554 494; x_wconf 83' lang='lat' dir='ltr'><strong>nisi</strong></span> <span class='ocrx_word' id='word_1_11' title='bbox 585 449 753 506; x_wconf 87' lang='lat' dir='ltr'><strong>equus</strong></span> <span class='ocrx_word' id='word_1_12' title='bbox 777 441 937 506; x_wconf 86' lang='lat' dir='ltr'><strong>atque</strong></span> <span class='ocrx_word' id='word_1_13' title='bbox 969 434 1135 491; x_wconf 88' lang='lat' dir='ltr'><strong>homo</strong></span> <span class='ocrx_word' id='word_1_14' title='bbox 1166 434 1337 508; x_wconf 79' lang='lat' dir='ltr'><strong>juncti</strong></span> <span class='ocrx_word' id='word_1_15' title='bbox 1367 449 1530 490; x_wconf 90' lang='lat' dir='ltr'><strong>unum</strong></span> <span class='ocrx_word' id='word_1_16' title='bbox 1562 431 1765 504; x_wconf 87' lang='lat' dir='ltr'><strong>aliquid</strong></span> <span class='ocrx_word' id='word_1_17' title='bbox 1794 432 1847 492; x_wconf 82' lang='grc' dir='ltr'><strong>Α</strong></span> <span class='ocrx_word' id='word_1_18' title='bbox 1870 425 2093 483; x_wconf 88' lang='lat' dir='ltr'><strong>deﬁnite</strong></span> <span class='ocrx_word' id='word_1_19' title='bbox 2120 438 2254 516; x_wconf 86' lang='lat' dir='ltr'><strong>vera</strong></span> <span class='ocrx_word' id='word_1_20' title='bbox 2275 432 2357 479; x_wconf 90' lang='lat' dir='ltr'><strong>est</strong></span> <span class='ocrx_word' id='word_1_21' title='bbox 2381 463 2397 490; x_wconf 95' lang='lat'><strong>,</strong></span> <span class='ocrx_word' id='word_1_22' title='bbox 2449 436 2665 489; x_wconf 84' lang='lat' dir='ltr'><strong>semper</strong></span> <span class='ocrx_word' id='word_1_23' title='bbox 2691 416 3010 516; x_wconf 75' lang='lat' dir='ltr'><strong>alterafalsa</strong></span> <span class='ocrx_word' id='word_1_24' title='bbox 3035 414 3254 516; x_wconf 63' lang='lat' dir='ltr'><strong>deﬁnite</strong></span> <span class='ocrx_word' id='word_1_25' title='bbox 3279 453 3295 480; x_wconf 92' lang='lat'><strong>,</strong></span> <span class='ocrx_word' id='word_1_26' title='bbox 3346 412 3465 516; x_wconf 70' lang='lat' dir='ltr'><strong>sive</strong></span> 
     </span>
    </p>
   </div>
   <div class='ocr_carea' id='block_1_5' title="bbox 183 527 1765 597">
    <p class='ocr_par' dir='ltr' id='par_1_5' title="bbox 183 527 1765 597">
     <span class='ocr_line' id='line_1_5' title="bbox 183 527 1765 597; baseline -0.006 -6"><span class='ocrx_word' id='word_1_27' title='bbox 183 531 553 597; x_wconf 83' lang='lat' dir='ltr'><strong>efﬁciant;sed</strong></span> <span class='ocrx_word' id='word_1_28' title='bbox 572 531 622 585; x_wconf 89' lang='lat' dir='ltr'><strong>bi</strong></span> <span class='ocrx_word' id='word_1_29' title='bbox 645 529 855 585; x_wconf 79' lang='lat' dir='ltr'><strong>termini</strong></span> <span class='ocrx_word' id='word_1_30' title='bbox 878 530 1012 584; x_wconf 82' lang='lat' dir='ltr'><strong>tales</strong></span> <span class='ocrx_word' id='word_1_31' title='bbox 1037 538 1184 594; x_wconf 88' lang='lat' dir='ltr'><strong>sunt,</strong></span> <span class='ocrx_word' id='word_1_32' title='bbox 1214 538 1271 584; x_wconf 94' lang='lat' dir='ltr'><strong>ut</strong></span> <span class='ocrx_word' id='word_1_33' title='bbox 1291 542 1514 583; x_wconf 88' lang='lat' dir='ltr'><strong>necesse</strong></span> <span class='ocrx_word' id='word_1_34' title='bbox 1535 529 1606 583; x_wconf 92' lang='lat' dir='ltr'><strong>sit</strong></span> <span class='ocrx_word' id='word_1_35' title='bbox 1628 527 1765 582; x_wconf 88' lang='lat' dir='ltr'><strong>hanc</strong></span> 
     </span>
    </p>
   </div>
   <div class='ocr_carea' id='block_1_6' title="bbox 179 622 1767 699">
    <p class='ocr_par' dir='ltr' id='par_1_6' title="bbox 179 622 1767 699">
     <span class='ocr_line' id='line_1_6' title="bbox 179 622 1767 699; baseline -0.002 -19"><span class='ocrx_word' id='word_1_36' title='bbox 179 624 593 699; x_wconf 73' lang='lat' dir='ltr'><strong>propositionem</strong></span> <span class='ocrx_word' id='word_1_37' title='bbox 637 622 724 678; x_wconf 91' lang='lat' dir='ltr'><strong>vel</strong></span> <span class='ocrx_word' id='word_1_38' title='bbox 762 622 1112 699; x_wconf 84' lang='lat' dir='ltr'><strong>multiplicem</strong></span> <span class='ocrx_word' id='word_1_39' title='bbox 1140 636 1293 688; x_wconf 89' lang='lat' dir='ltr'><strong>esse,</strong></span> <span class='ocrx_word' id='word_1_40' title='bbox 1324 622 1409 678; x_wconf 86' lang='lat' dir='ltr'><strong>vel</strong></span> <span class='ocrx_word' id='word_1_41' title='bbox 1443 622 1569 676; x_wconf 86' lang='lat' dir='ltr'><strong>nihil</strong></span> <span class='ocrx_word' id='word_1_42' title='bbox 1602 622 1767 691; x_wconf 79' lang='lat' dir='ltr'><strong>Signi-</strong></span> 
     </span>
    </p>
   </div>
   <div class='ocr_carea' id='block_1_7' title="bbox 183 696 1758 786">
    <p class='ocr_par' dir='ltr' id='par_1_7' title="bbox 183 696 1758 786">
     <span class='ocr_line' id='line_1_7' title="bbox 183 696 1758 786; baseline -0.004 -10"><span class='ocrx_word' id='word_1_43' title='bbox 183 696 370 776; x_wconf 85' lang='lat' dir='ltr'><strong>ﬁcare:</strong></span> <span class='ocrx_word' id='word_1_44' title='bbox 422 732 545 771; x_wconf 90' lang='lat' dir='ltr'><strong>nam</strong></span> <span class='ocrx_word' id='word_1_45' title='bbox 595 718 639 769; x_wconf 91' lang='lat' dir='ltr'><strong>si</strong></span> <span class='ocrx_word' id='word_1_46' title='bbox 688 714 981 786; x_wconf 75' lang='lat' dir='ltr'><strong>iungantur</strong></span> <span class='ocrx_word' id='word_1_47' title='bbox 1010 696 1170 771; x_wconf 80' lang='grc' dir='ltr'>Ιιόιιιο</span> <span class='ocrx_word' id='word_1_48' title='bbox 1199 725 1252 770; x_wconf 88' lang='grc' dir='ltr'><strong>ει</strong></span> <span class='ocrx_word' id='word_1_49' title='bbox 1281 730 1479 785; x_wconf 91' lang='lat' dir='ltr'><strong>equus,</strong></span> <span class='ocrx_word' id='word_1_50' title='bbox 1521 714 1576 767; x_wconf 87' lang='lat' dir='ltr'><strong>ﬁt</strong></span> <span class='ocrx_word' id='word_1_51' title='bbox 1605 714 1758 770; x_wconf 86' lang='lat' dir='ltr'><strong>nihil.</strong></span> 
     </span>
    </p>
   </div>
   <div class='ocr_carea' id='block_1_8' title="bbox 178 807 1760 879">
    <p class='ocr_par' dir='ltr' id='par_1_8' title="bbox 178 807 1760 879">
     <span class='ocr_line' id='line_1_8' title="bbox 178 807 1760 879; baseline -0.004 -13"><span class='ocrx_word' id='word_1_52' title='bbox 178 810 311 867; x_wconf 80' lang='lat' dir='ltr'><strong>Nihil</strong></span> <span class='ocrx_word' id='word_1_53' title='bbox 334 807 475 864; x_wconf 91' lang='lat' dir='ltr'><strong>enim</strong></span> <span class='ocrx_word' id='word_1_54' title='bbox 516 816 599 863; x_wconf 90' lang='lat' dir='ltr'><strong>est</strong></span> <span class='ocrx_word' id='word_1_55' title='bbox 620 807 778 862; x_wconf 92' lang='lat' dir='ltr'><strong>homo</strong></span> <span class='ocrx_word' id='word_1_56' title='bbox 804 822 1007 879; x_wconf 85' lang='lat' dir='ltr'><strong>equus,</strong></span> <span class='ocrx_word' id='word_1_57' title='bbox 1035 807 1176 878; x_wconf 89' lang='lat' dir='ltr'><strong>quod</strong></span> <span class='ocrx_word' id='word_1_58' title='bbox 1209 821 1303 876; x_wconf 86' lang='lat' dir='ltr'><strong>per</strong></span> <span class='ocrx_word' id='word_1_59' title='bbox 1345 808 1446 860; x_wconf 93' lang='lat' dir='ltr'><strong>hoc</strong></span> <span class='ocrx_word' id='word_1_60' title='bbox 1489 816 1760 861; x_wconf 90' lang='lat' dir='ltr'><strong>monstra-</strong></span> 
     </span>
    </p>
   </div>
   <div class='ocr_carea' id='block_1_9' title="bbox 179 899 1759 973">
    <p class='ocr_par' dir='ltr' id='par_1_9' title="bbox 179 899 1759 973">
     <span class='ocr_line' id='line_1_9' title="bbox 179 899 1759 973; baseline -0.003 -14"><span class='ocrx_word' id='word_1_61' title='bbox 179 905 271 971; x_wconf 92' lang='lat' dir='ltr'><strong>vit,</strong></span> <span class='ocrx_word' id='word_1_62' title='bbox 303 902 442 973; x_wconf 91' lang='lat' dir='ltr'><strong>quod</strong></span> <span class='ocrx_word' id='word_1_63' title='bbox 468 901 585 955; x_wconf 87' lang='lat' dir='ltr'><strong>ait:</strong></span> <span class='ocrx_word' id='word_1_64' title='bbox 610 899 795 969; x_wconf 88' lang='lat' dir='ltr'><strong>Neque</strong></span> <span class='ocrx_word' id='word_1_65' title='bbox 836 901 979 954; x_wconf 90' lang='lat' dir='ltr'><strong>enim</strong></span> <span class='ocrx_word' id='word_1_66' title='bbox 1011 908 1095 954; x_wconf 89' lang='lat' dir='ltr'><strong>est</strong></span> <span class='ocrx_word' id='word_1_67' title='bbox 1134 899 1519 969; x_wconf 66' lang='lat' dir='ltr'><strong>aliquid;homo</strong></span> <span class='ocrx_word' id='word_1_68' title='bbox 1546 913 1717 969; x_wconf 89' lang='lat' dir='ltr'><strong>equus</strong></span> <span class='ocrx_word' id='word_1_69' title='bbox 1740 937 1759 966; x_wconf 88' lang='lat'><strong>,</strong></span> 
     </span>
    </p>
   </div>
   <div class='ocr_carea' id='block_1_10' title="bbox 180 991 1757 1063">
    <p class='ocr_par' dir='ltr' id='par_1_10' title="bbox 180 991 1757 1063">
     <span class='ocr_line' id='line_1_10' title="bbox 180 991 1757 1063; baseline -0.004 -11"><span class='ocrx_word' id='word_1_70' title='bbox 180 999 280 1053; x_wconf 90' lang='lat' dir='ltr'><strong>hoc</strong></span> <span class='ocrx_word' id='word_1_71' title='bbox 298 1003 481 1051; x_wconf 90' lang='lat' dir='ltr'><strong>autem</strong></span> <span class='ocrx_word' id='word_1_72' title='bbox 519 1008 618 1049; x_wconf 92' lang='lat' dir='ltr'><strong>cur</strong></span> <span class='ocrx_word' id='word_1_73' title='bbox 638 1008 780 1048; x_wconf 92' lang='lat' dir='ltr'><strong>nunc</strong></span> <span class='ocrx_word' id='word_1_74' title='bbox 818 992 886 1047; x_wconf 88' lang='lat' dir='ltr'><strong>ab</strong></span> <span class='ocrx_word' id='word_1_75' title='bbox 910 993 1023 1062; x_wconf 91' lang='lat' dir='ltr'><strong>ipso</strong></span> <span class='ocrx_word' id='word_1_76' title='bbox 1047 994 1384 1063; x_wconf 78' lang='lat' dir='ltr'><strong>prapositum</strong></span> <span class='ocrx_word' id='word_1_77' title='bbox 1413 992 1504 1060; x_wconf 86' lang='lat' dir='ltr'><strong>sit,</strong></span> <span class='ocrx_word' id='word_1_78' title='bbox 1537 991 1757 1046; x_wconf 92' lang='lat' dir='ltr'><strong>lucidis-</strong></span> 
     </span>
    </p>
   </div>
   <div class='ocr_carea' id='block_1_11' title="bbox 175 1084 1762 1157">
    <p class='ocr_par' dir='ltr' id='par_1_11' title="bbox 175 1084 1762 1157">
     <span class='ocr_line' id='line_1_11' title="bbox 175 1084 1762 1157; baseline -0.004 -11"><span class='ocrx_word' id='word_1_79' title='bbox 175 1091 307 1147; x_wconf 89' lang='lat' dir='ltr'><strong>sime</strong></span> <span class='ocrx_word' id='word_1_80' title='bbox 333 1089 747 1153; x_wconf 83' lang='lat' dir='ltr'><strong>demonstravit;</strong></span> <span class='ocrx_word' id='word_1_81' title='bbox 772 1103 894 1143; x_wconf 85' lang='lat' dir='ltr'><strong>cum</strong></span> <span class='ocrx_word' id='word_1_82' title='bbox 919 1088 1059 1142; x_wconf 90' lang='lat' dir='ltr'><strong>cnim</strong></span> <span class='ocrx_word' id='word_1_83' title='bbox 1091 1086 1160 1141; x_wconf 85' lang='lat' dir='ltr'><strong>de</strong></span> <span class='ocrx_word' id='word_1_84' title='bbox 1190 1086 1275 1141; x_wconf 87' lang='lat' dir='ltr'><strong>his</strong></span> <span class='ocrx_word' id='word_1_85' title='bbox 1309 1084 1762 1157; x_wconf 83' lang='lat' dir='ltr'><strong>propositionibus</strong></span> 
     </span>
    </p>
   </div>
   <div class='ocr_carea' id='block_1_12' title="bbox 176 1178 1757 1255">
    <p class='ocr_par' dir='ltr' id='par_1_12' title="bbox 176 1178 1757 1255">
     <span class='ocr_line' id='line_1_12' title="bbox 176 1178 1757 1255; baseline -0.004 -15"><span class='ocrx_word' id='word_1_86' title='bbox 176 1187 478 1255; x_wconf 81' lang='lat' dir='ltr'><strong>loqueretur</strong></span> <span class='ocrx_word' id='word_1_87' title='bbox 509 1196 629 1251; x_wconf 67' lang='lat' dir='ltr'><strong>quae</strong></span> <span class='ocrx_word' id='word_1_88' title='bbox 647 1196 836 1235; x_wconf 90' lang='lat' dir='ltr'><strong>verum</strong></span> <span class='ocrx_word' id='word_1_89' title='bbox 868 1180 1006 1235; x_wconf 90' lang='lat' dir='ltr'><strong>inter</strong></span> <span class='ocrx_word' id='word_1_90' title='bbox 1027 1195 1085 1235; x_wconf 90' lang='lat' dir='ltr'><strong>se</strong></span> <span class='ocrx_word' id='word_1_91' title='bbox 1110 1178 1410 1250; x_wconf 86' lang='lat' dir='ltr'><strong>falsumque</strong></span> <span class='ocrx_word' id='word_1_92' title='bbox 1431 1179 1757 1245; x_wconf 85' lang='lat' dir='ltr'><strong>dividerent,</strong></span> 
     </span>
    </p>
   </div>
   <div class='ocr_carea' id='block_1_13' title="bbox 175 1270 1829 1343">
    <p class='ocr_par' dir='ltr' id='par_1_13' title="bbox 175 1270 1829 1343">
     <span class='ocr_line' id='line_1_13' title="bbox 175 1270 1829 1343; baseline -0.004 -13"><span class='ocrx_word' id='word_1_93' title='bbox 175 1280 271 1332; x_wconf 90' lang='lat' dir='ltr'><strong>hoc</strong></span> <span class='ocrx_word' id='word_1_94' title='bbox 292 1274 491 1330; x_wconf 84' lang='lat' dir='ltr'><strong>addidit</strong></span> <span class='ocrx_word' id='word_1_95' title='bbox 516 1315 531 1340; x_wconf 90' lang='lat'><strong>,</strong></span> <span class='ocrx_word' id='word_1_96' title='bbox 566 1272 706 1343; x_wconf 90' lang='lat' dir='ltr'><strong>quod</strong></span> <span class='ocrx_word' id='word_1_97' title='bbox 732 1273 893 1327; x_wconf 90' lang='lat' dir='ltr'><strong>etiam</strong></span> <span class='ocrx_word' id='word_1_98' title='bbox 921 1271 1006 1326; x_wconf 82' lang='lat' dir='ltr'><strong>hae</strong></span> <span class='ocrx_word' id='word_1_99' title='bbox 1030 1286 1149 1341; x_wconf 64' lang='lat' dir='ltr'><strong>quae</strong></span> <span class='ocrx_word' id='word_1_100' title='bbox 1171 1270 1371 1326; x_wconf 83' lang='lat' dir='ltr'><strong>habent</strong></span> <span class='ocrx_word' id='word_1_101' title='bbox 1393 1270 1477 1327; x_wconf 85' lang='lat' dir='ltr'><strong>vel</strong></span> <span class='ocrx_word' id='word_1_102' title='bbox 1501 1271 1761 1341; x_wconf 69' lang='lat' dir='ltr'><strong>praedica-</strong></span> <span class='ocrx_word' id='word_1_103' title='bbox 1819 1334 1829 1343; x_wconf 32' lang='grc' dir='ltr'><strong>ε</strong></span> 
     </span>
    </p>
   </div>
   <div class='ocr_carea' id='block_1_14' title="bbox 170 1363 1760 1441">
    <p class='ocr_par' dir='ltr' id='par_1_14' title="bbox 170 1363 1760 1441">
     <span class='ocr_line' id='line_1_14' title="bbox 170 1363 1760 1441; baseline -0.005 -15"><span class='ocrx_word' id='word_1_104' title='bbox 170 1381 278 1427; x_wconf 86' lang='lat' dir='ltr'><strong>tum</strong></span> <span class='ocrx_word' id='word_1_105' title='bbox 332 1370 687 1441; x_wconf 66' lang='lat' dir='ltr'><strong>arquivocom.</strong></span> <span class='ocrx_word' id='word_1_106' title='bbox 721 1365 805 1420; x_wconf 85' lang='lat' dir='ltr'><strong>vel</strong></span> <span class='ocrx_word' id='word_1_107' title='bbox 851 1363 1174 1433; x_wconf 86' lang='lat' dir='ltr'><strong>subjectum,</strong></span> <span class='ocrx_word' id='word_1_108' title='bbox 1222 1380 1410 1419; x_wconf 89' lang='lat' dir='ltr'><strong>verum</strong></span> <span class='ocrx_word' id='word_1_109' title='bbox 1461 1364 1760 1433; x_wconf 87' lang='lat' dir='ltr'><strong>falsumque</strong></span> 
     </span>
    </p>
   </div>
   <div class='ocr_carea' id='block_1_15' title="bbox 171 1456 1759 1527">
    <p class='ocr_par' dir='ltr' id='par_1_15' title="bbox 171 1456 1759 1527">
     <span class='ocr_line' id='line_1_15' title="bbox 171 1456 1759 1527; baseline -0.004 -8"><span class='ocrx_word' id='word_1_110' title='bbox 171 1479 272 1519; x_wconf 90' lang='lat' dir='ltr'><strong>non</strong></span> <span class='ocrx_word' id='word_1_111' title='bbox 302 1461 581 1523; x_wconf 88' lang='lat' dir='ltr'><strong>dividunt,</strong></span> <span class='ocrx_word' id='word_1_112' title='bbox 611 1468 853 1527; x_wconf 63' lang='lat' dir='ltr'><strong>utraque</strong></span> <span class='ocrx_word' id='word_1_113' title='bbox 896 1456 1039 1512; x_wconf 90' lang='lat' dir='ltr'><strong>enim</strong></span> <span class='ocrx_word' id='word_1_114' title='bbox 1072 1471 1195 1511; x_wconf 90' lang='lat' dir='ltr'><strong>esse</strong></span> <span class='ocrx_word' id='word_1_115' title='bbox 1236 1472 1378 1511; x_wconf 84' lang='lat' dir='ltr'><strong>verae</strong></span> <span class='ocrx_word' id='word_1_116' title='bbox 1401 1466 1626 1525; x_wconf 88' lang='lat' dir='ltr'><strong>possunt</strong></span> <span class='ocrx_word' id='word_1_117' title='bbox 1655 1498 1671 1522; x_wconf 90' lang='lat'><strong>,</strong></span> <span class='ocrx_word' id='word_1_118' title='bbox 1703 1466 1759 1512; x_wconf 93' lang='lat' dir='ltr'><strong>ut</strong></span> 
     </span>
    </p>
   </div>
   <div class='ocr_carea' id='block_1_16' title="bbox 170 1547 1757 1625">
    <p class='ocr_par' dir='ltr' id='par_1_16' title="bbox 170 1547 1757 1625">
     <span class='ocr_line' id='line_1_16' title="bbox 170 1547 1757 1625; baseline -0.003 -15"><span class='ocrx_word' id='word_1_119' title='bbox 170 1556 283 1610; x_wconf 77' lang='lat' dir='ltr'><strong>haec</strong></span> <span class='ocrx_word' id='word_1_120' title='bbox 309 1568 429 1625; x_wconf 86' lang='lat' dir='ltr'><strong>quae</strong></span> <span class='ocrx_word' id='word_1_121' title='bbox 472 1553 656 1606; x_wconf 90' lang='lat' dir='ltr'><strong>dicunt</strong></span> <span class='ocrx_word' id='word_1_122' title='bbox 682 1591 697 1612; x_wconf 92' lang='lat'><strong>,</strong></span> <span class='ocrx_word' id='word_1_123' title='bbox 735 1558 819 1604; x_wconf 90' lang='lat' dir='ltr'><strong>est</strong></span> <span class='ocrx_word' id='word_1_124' title='bbox 860 1548 996 1603; x_wconf 88' lang='lat' dir='ltr'><strong>liber</strong></span> <span class='ocrx_word' id='word_1_125' title='bbox 1026 1548 1185 1602; x_wconf 88' lang='lat' dir='ltr'><strong>homo</strong></span> <span class='ocrx_word' id='word_1_126' title='bbox 1206 1547 1252 1603; x_wconf 91' lang='lat' dir='ltr'><strong>si</strong></span> <span class='ocrx_word' id='word_1_127' title='bbox 1280 1547 1345 1602; x_wconf 83' lang='lat' dir='ltr'><strong>ad</strong></span> <span class='ocrx_word' id='word_1_128' title='bbox 1371 1549 1757 1617; x_wconf 84' lang='lat' dir='ltr'><strong>ingenuitatem</strong></span> 
     </span>
    </p>
   </div>
   <div class='ocr_carea' id='block_1_17' title="bbox 169 1639 1756 1711">
    <p class='ocr_par' dir='ltr' id='par_1_17' title="bbox 169 1639 1756 1711">
     <span class='ocr_line' id='line_1_17' title="bbox 169 1639 1756 1711; baseline -0.005 -9"><span class='ocrx_word' id='word_1_129' title='bbox 169 1649 409 1711; x_wconf 84' lang='lat' dir='ltr'><strong>referas,</strong></span> <span class='ocrx_word' id='word_1_130' title='bbox 452 1654 504 1699; x_wconf 94' lang='lat' dir='ltr'><strong>et</strong></span> <span class='ocrx_word' id='word_1_131' title='bbox 551 1659 656 1698; x_wconf 91' lang='lat' dir='ltr'><strong>non</strong></span> <span class='ocrx_word' id='word_1_132' title='bbox 686 1648 774 1696; x_wconf 88' lang='lat' dir='ltr'><strong>est</strong></span> <span class='ocrx_word' id='word_1_133' title='bbox 818 1639 953 1695; x_wconf 89' lang='lat' dir='ltr'><strong>liber</strong></span> <span class='ocrx_word' id='word_1_134' title='bbox 1002 1639 1195 1705; x_wconf 80' lang='lat' dir='ltr'><strong>homo,</strong></span> <span class='ocrx_word' id='word_1_135' title='bbox 1236 1639 1284 1694; x_wconf 88' lang='lat' dir='ltr'><strong>si</strong></span> <span class='ocrx_word' id='word_1_136' title='bbox 1320 1639 1386 1694; x_wconf 88' lang='lat' dir='ltr'><strong>ad</strong></span> <span class='ocrx_word' id='word_1_137' title='bbox 1420 1640 1756 1711; x_wconf 82' lang='lat' dir='ltr'><strong>Dionysium.</strong></span> 
     </span>
    </p>
   </div>
   <div class='ocr_carea' id='block_1_18' title="bbox 170 1732 885 1806">
    <p class='ocr_par' dir='ltr' id='par_1_18' title="bbox 170 1732 885 1806">
     <span class='ocr_line' id='line_1_18' title="bbox 170 1732 885 1806; baseline -0.007 -13"><span class='ocrx_word' id='word_1_138' title='bbox 170 1740 335 1793; x_wconf 79' lang='lat' dir='ltr'><strong>Recte</strong></span> <span class='ocrx_word' id='word_1_139' title='bbox 351 1732 505 1806; x_wconf 74' lang='lat' dir='ltr'><strong>igitur</strong></span> <span class='ocrx_word' id='word_1_140' title='bbox 532 1737 730 1791; x_wconf 89' lang='lat' dir='ltr'><strong>dictum</strong></span> <span class='ocrx_word' id='word_1_141' title='bbox 757 1742 841 1790; x_wconf 88' lang='lat' dir='ltr'><strong>est</strong></span> <span class='ocrx_word' id='word_1_142' title='bbox 871 1752 885 1788; x_wconf 90' lang='lat'><strong>:</strong></span> 
     </span>
    </p>
   </div>
   <div class='ocr_carea' id='block_1_19' title="bbox 243 1824 1837 1897">
    <p class='ocr_par' dir='ltr' id='par_1_19' title="bbox 243 1824 1837 1897">
     <span class='ocr_line' id='line_1_19' title="bbox 243 1824 1837 1897; baseline 0.001 -15"><span class='ocrx_word' id='word_1_143' title='bbox 243 1828 416 1894; x_wconf 81' lang='lat' dir='ltr'><strong>Quare</strong></span> <span class='ocrx_word' id='word_1_144' title='bbox 434 1845 525 1883; x_wconf 85' lang='lat' dir='ltr'><strong>nec</strong></span> <span class='ocrx_word' id='word_1_145' title='bbox 551 1829 603 1882; x_wconf 86' lang='lat' dir='ltr'><strong>in</strong></span> <span class='ocrx_word' id='word_1_146' title='bbox 638 1830 719 1883; x_wconf 83' lang='lat' dir='ltr'><strong>his</strong></span> <span class='ocrx_word' id='word_1_147' title='bbox 761 1845 960 1884; x_wconf 84' lang='lat' dir='ltr'><strong>necesse</strong></span> <span class='ocrx_word' id='word_1_148' title='bbox 986 1838 1060 1883; x_wconf 89' lang='lat' dir='ltr'><strong>est</strong></span> <span class='ocrx_word' id='word_1_149' title='bbox 1087 1829 1219 1881; x_wconf 81' lang='lat' dir='ltr'><strong>hanc</strong></span> <span class='ocrx_word' id='word_1_150' title='bbox 1248 1829 1454 1897; x_wconf 80' lang='lat' dir='ltr'><strong>quidem</strong></span> <span class='ocrx_word' id='word_1_151' title='bbox 1497 1829 1759 1884; x_wconf 81' lang='lat' dir='ltr'><strong>eantradi-</strong></span> <span class='ocrx_word' id='word_1_152' title='bbox 1786 1824 1837 1884; x_wconf 89' lang='lat' dir='ltr'><strong>B</strong></span> 
     </span>
    </p>
   </div>
   <div class='ocr_carea' id='block_1_20' title="bbox 167 1920 1300 1993">
    <p class='ocr_par' dir='ltr' id='par_1_20' title="bbox 167 1920 1300 1993">
     <span class='ocr_line' id='line_1_20' title="bbox 167 1920 1300 1993; baseline -0.002 -16"><span class='ocrx_word' id='word_1_153' title='bbox 167 1924 386 1977; x_wconf 70' lang='lat' dir='ltr'><strong>stionem</strong></span> <span class='ocrx_word' id='word_1_154' title='bbox 409 1938 578 1976; x_wconf 85' lang='lat' dir='ltr'><strong>veram</strong></span> <span class='ocrx_word' id='word_1_155' title='bbox 606 1938 733 1990; x_wconf 82' lang='lat' dir='ltr'><strong>esse,</strong></span> <span class='ocrx_word' id='word_1_156' title='bbox 762 1922 910 1976; x_wconf 87' lang='lat' dir='ltr'><strong>illam</strong></span> <span class='ocrx_word' id='word_1_157' title='bbox 940 1938 1058 1976; x_wconf 81' lang='lat' dir='ltr'><strong>vero</strong></span> <span class='ocrx_word' id='word_1_158' title='bbox 1089 1920 1300 1993; x_wconf 81' lang='lat' dir='ltr'><strong>falsam.</strong></span> 
     </span>
    </p>
   </div>
   <div class='ocr_carea' id='block_1_21' title="bbox 234 2015 1766 2088">
    <p class='ocr_par' dir='ltr' id='par_1_21' title="bbox 234 2015 1766 2088">
     <span class='ocr_line' id='line_1_21' title="bbox 234 2015 1766 2088; baseline 0.001 -17"><span class='ocrx_word' id='word_1_159' title='bbox 234 2015 367 2071; x_wconf 90' lang='lat' dir='ltr'><strong>Cum</strong></span> <span class='ocrx_word' id='word_1_160' title='bbox 405 2015 548 2071; x_wconf 90' lang='lat' dir='ltr'><strong>enim</strong></span> <span class='ocrx_word' id='word_1_161' title='bbox 577 2016 743 2071; x_wconf 91' lang='lat' dir='ltr'><strong>multa</strong></span> <span class='ocrx_word' id='word_1_162' title='bbox 774 2016 1074 2087; x_wconf 90' lang='lat' dir='ltr'><strong>signiﬁcat,</strong></span> <span class='ocrx_word' id='word_1_163' title='bbox 1129 2015 1406 2087; x_wconf 79' lang='lat' dir='ltr'><strong>multiplex</strong></span> <span class='ocrx_word' id='word_1_164' title='bbox 1445 2016 1766 2088; x_wconf 91' lang='lat' dir='ltr'><strong>signiﬁcatio</strong></span> 
     </span>
    </p>
   </div>
   <div class='ocr_carea' id='block_1_22' title="bbox 167 2109 1767 2182">
    <p class='ocr_par' dir='ltr' id='par_1_22' title="bbox 167 2109 1767 2182">
     <span class='ocr_line' id='line_1_22' title="bbox 167 2109 1767 2182; baseline -0.003 -15"><span class='ocrx_word' id='word_1_165' title='bbox 167 2111 218 2167; x_wconf 93' lang='lat' dir='ltr'><strong>in</strong></span> <span class='ocrx_word' id='word_1_166' title='bbox 246 2110 532 2182; x_wconf 72' lang='lat' dir='ltr'><strong>negatione</strong></span> <span class='ocrx_word' id='word_1_167' title='bbox 560 2119 721 2179; x_wconf 83' lang='lat' dir='ltr'><strong>atque</strong></span> <span class='ocrx_word' id='word_1_168' title='bbox 750 2109 1114 2166; x_wconf 89' lang='lat' dir='ltr'><strong>afﬁrmatione</strong></span> <span class='ocrx_word' id='word_1_169' title='bbox 1136 2125 1196 2166; x_wconf 92' lang='lat' dir='ltr'><strong>se</strong></span> <span class='ocrx_word' id='word_1_170' title='bbox 1224 2109 1454 2165; x_wconf 87' lang='lat' dir='ltr'><strong>invicem</strong></span> <span class='ocrx_word' id='word_1_171' title='bbox 1486 2125 1591 2165; x_wconf 92' lang='lat' dir='ltr'><strong>non</strong></span> <span class='ocrx_word' id='word_1_172' title='bbox 1621 2110 1767 2179; x_wconf 87' lang='lat' dir='ltr'><strong>peri-</strong></span> 
     </span>
    </p>
   </div>
   <div class='ocr_carea' id='block_1_23' title="bbox 167 2200 1760 2273">
    <p class='ocr_par' dir='ltr' id='par_1_23' title="bbox 167 2200 1760 2273">
     <span class='ocr_line' id='line_1_23' title="bbox 167 2200 1760 2273; baseline 0.001 -18"><span class='ocrx_word' id='word_1_173' title='bbox 167 2201 282 2269; x_wconf 86' lang='lat' dir='ltr'><strong>mit,</strong></span> <span class='ocrx_word' id='word_1_174' title='bbox 323 2200 465 2271; x_wconf 90' lang='lat' dir='ltr'><strong>quod</strong></span> <span class='ocrx_word' id='word_1_175' title='bbox 492 2201 535 2256; x_wconf 91' lang='lat' dir='ltr'><strong>si</strong></span> <span class='ocrx_word' id='word_1_176' title='bbox 562 2216 667 2255; x_wconf 89' lang='lat' dir='ltr'><strong>una</strong></span> <span class='ocrx_word' id='word_1_177' title='bbox 721 2202 791 2256; x_wconf 86' lang='lat' dir='ltr'><strong>sit</strong></span> <span class='ocrx_word' id='word_1_178' title='bbox 827 2201 1112 2257; x_wconf 88' lang='lat' dir='ltr'><strong>aflirmatio</strong></span> <span class='ocrx_word' id='word_1_179' title='bbox 1137 2212 1191 2257; x_wconf 93' lang='lat' dir='ltr'><strong>et</strong></span> <span class='ocrx_word' id='word_1_180' title='bbox 1218 2217 1323 2257; x_wconf 92' lang='lat' dir='ltr'><strong>una</strong></span> <span class='ocrx_word' id='word_1_181' title='bbox 1353 2204 1565 2273; x_wconf 85' lang='lat' dir='ltr'><strong>negatio</strong></span> <span class='ocrx_word' id='word_1_182' title='bbox 1586 2242 1601 2265; x_wconf 93' lang='lat'><strong>,</strong></span> <span class='ocrx_word' id='word_1_183' title='bbox 1636 2215 1760 2271; x_wconf 78' lang='lat' dir='ltr'><strong>quo-</strong></span> 
     </span>
    </p>
   </div>
   <div class='ocr_carea' id='block_1_24' title="bbox 168 2291 1769 2363">
    <p class='ocr_par' dir='ltr' id='par_1_24' title="bbox 168 2291 1769 2363">
     <span class='ocr_line' id='line_1_24' title="bbox 168 2291 1769 2363; baseline 0.002 -15"><span class='ocrx_word' id='word_1_184' title='bbox 168 2293 305 2349; x_wconf 74' lang='lat' dir='ltr'><strong>niam</strong></span> <span class='ocrx_word' id='word_1_185' title='bbox 334 2302 570 2361; x_wconf 74' lang='lat' dir='ltr'><strong>utrmque</strong></span> <span class='ocrx_word' id='word_1_186' title='bbox 608 2293 661 2347; x_wconf 93' lang='lat' dir='ltr'><strong>in</strong></span> <span class='ocrx_word' id='word_1_187' title='bbox 701 2291 890 2349; x_wconf 89' lang='lat' dir='ltr'><strong>eodem</strong></span> <span class='ocrx_word' id='word_1_188' title='bbox 920 2309 1038 2349; x_wconf 89' lang='lat' dir='ltr'><strong>esse</strong></span> <span class='ocrx_word' id='word_1_189' title='bbox 1060 2309 1168 2350; x_wconf 89' lang='lat' dir='ltr'><strong>non</strong></span> <span class='ocrx_word' id='word_1_190' title='bbox 1200 2303 1442 2363; x_wconf 91' lang='lat' dir='ltr'><strong>possunt,</strong></span> <span class='ocrx_word' id='word_1_191' title='bbox 1474 2310 1635 2353; x_wconf 87' lang='lat' dir='ltr'><strong>unam</strong></span> <span class='ocrx_word' id='word_1_192' title='bbox 1675 2310 1769 2351; x_wconf 87' lang='lat' dir='ltr'><strong>ve-</strong></span> 
     </span>
    </p>
   </div>
   <div class='ocr_carea' id='block_1_25' title="bbox 169 2384 1551 2455">
    <p class='ocr_par' dir='ltr' id='par_1_25' title="bbox 169 2384 1551 2455">
     <span class='ocr_line' id='line_1_25' title="bbox 169 2384 1551 2455; baseline 0.001 -14"><span class='ocrx_word' id='word_1_193' title='bbox 169 2397 276 2441; x_wconf 75' lang='lat' dir='ltr'><strong>ram</strong></span> <span class='ocrx_word' id='word_1_194' title='bbox 297 2400 533 2455; x_wconf 85' lang='lat' dir='ltr'><strong>semper,</strong></span> <span class='ocrx_word' id='word_1_195' title='bbox 569 2384 756 2440; x_wconf 78' lang='lat' dir='ltr'><strong>falsam</strong></span> <span class='ocrx_word' id='word_1_196' title='bbox 786 2386 1007 2441; x_wconf 86' lang='lat' dir='ltr'><strong>alteram</strong></span> <span class='ocrx_word' id='word_1_197' title='bbox 1044 2401 1167 2443; x_wconf 89' lang='lat' dir='ltr'><strong>esse</strong></span> <span class='ocrx_word' id='word_1_198' title='bbox 1194 2402 1414 2443; x_wconf 90' lang='lat' dir='ltr'><strong>necesse</strong></span> <span class='ocrx_word' id='word_1_199' title='bbox 1444 2395 1551 2442; x_wconf 91' lang='lat' dir='ltr'><strong>est.</strong></span> 
     </span>
    </p>
   </div>
   <div class='ocr_carea' id='block_1_26' title="bbox 417 2498 1510 2558">
    <p class='ocr_par' dir='ltr' id='par_1_26' title="bbox 417 2498 1510 2558">
     <span class='ocr_line' id='line_1_26' title="bbox 417 2498 1510 2558; baseline 0 -3"><span class='ocrx_word' id='word_1_200' title='bbox 417 2500 507 2555; x_wconf 82' lang='lat' dir='ltr'><strong>DE</strong></span> <span class='ocrx_word' id='word_1_201' title='bbox 546 2498 847 2557; x_wconf 80' lang='lat' dir='ltr'><strong>FUTURIS</strong></span> <span class='ocrx_word' id='word_1_202' title='bbox 890 2499 1510 2558; x_wconf 76' lang='lat' dir='ltr'><strong>CONTINGENTIBUS.</strong></span> 
     </span>
    </p>
   </div>
   <div class='ocr_carea' id='block_1_27' title="bbox 237 2614 1769 2688">
    <p class='ocr_par' dir='ltr' id='par_1_27' title="bbox 237 2614 1769 2688">
     <span class='ocr_line' id='line_1_27' title="bbox 237 2614 1769 2688; baseline -0.002 -19"><span class='ocrx_word' id='word_1_203' title='bbox 237 2614 302 2670; x_wconf 77' lang='grc' dir='ltr'><strong>ιιι</strong></span> <span class='ocrx_word' id='word_1_204' title='bbox 324 2617 405 2670; x_wconf 81' lang='lat' dir='ltr'><strong>his</strong></span> <span class='ocrx_word' id='word_1_205' title='bbox 438 2631 556 2687; x_wconf 85' lang='lat' dir='ltr'><strong>ergo</strong></span> <span class='ocrx_word' id='word_1_206' title='bbox 588 2629 705 2686; x_wconf 72' lang='lat' dir='ltr'><strong>qua!</strong></span> <span class='ocrx_word' id='word_1_207' title='bbox 722 2624 860 2681; x_wconf 84' lang='lat' dir='ltr'><strong>sunt,</strong></span> <span class='ocrx_word' id='word_1_208' title='bbox 883 2623 931 2671; x_wconf 88' lang='lat' dir='ltr'><strong>et</strong></span> <span class='ocrx_word' id='word_1_209' title='bbox 958 2619 1095 2688; x_wconf 83' lang='lat' dir='ltr'><strong>{acta</strong></span> <span class='ocrx_word' id='word_1_210' title='bbox 1115 2624 1264 2677; x_wconf 85' lang='lat' dir='ltr'><strong>sunt,</strong></span> <span class='ocrx_word' id='word_1_211' title='bbox 1308 2631 1508 2671; x_wconf 80' lang='lat' dir='ltr'><strong>necesse</strong></span> <span class='ocrx_word' id='word_1_212' title='bbox 1534 2623 1605 2669; x_wconf 83' lang='lat' dir='ltr'><strong>est</strong></span> <span class='ocrx_word' id='word_1_213' title='bbox 1628 2615 1769 2683; x_wconf 67' lang='grc' dir='ltr'><strong>σηεν-</strong></span> 
     </span>
    </p>
   </div>
   <div class='ocr_carea' id='block_1_28' title="bbox 164 2692 1773 2778">
    <p class='ocr_par' dir='ltr' id='par_1_28' title="bbox 164 2692 1773 2778">
     <span class='ocr_line' id='line_1_28' title="bbox 164 2692 1773 2778; baseline -0.002 -17"><span class='ocrx_word' id='word_1_214' title='bbox 164 2708 437 2762; x_wconf 70' lang='lat' dir='ltr'><strong>stutionem</strong></span> <span class='ocrx_word' id='word_1_215' title='bbox 469 2707 548 2762; x_wconf 79' lang='lat' dir='ltr'><strong>uel</strong></span> <span class='ocrx_word' id='word_1_216' title='bbox 570 2709 912 2778; x_wconf 74' lang='lat' dir='ltr'><strong>negationem,</strong></span> <span class='ocrx_word' id='word_1_217' title='bbox 937 2722 1107 2761; x_wconf 78' lang='lat' dir='ltr'><strong>veram</strong></span> <span class='ocrx_word' id='word_1_218' title='bbox 1139 2723 1244 2762; x_wconf 80' lang='lat' dir='ltr'><strong>esse</strong></span> <span class='ocrx_word' id='word_1_219' title='bbox 1272 2692 1351 2761; x_wconf 74' lang='lat' dir='ltr'><strong>vel</strong></span> <span class='ocrx_word' id='word_1_220' title='bbox 1379 2706 1585 2776; x_wconf 79' lang='lat' dir='ltr'><strong>falsam.</strong></span> <span class='ocrx_word' id='word_1_221' title='bbox 1623 2706 1773 2759; x_wconf 81' lang='lat' dir='ltr'><strong>Acin</strong></span> 
     </span>
    </p>
   </div>
   <div class='ocr_carea' id='block_1_29' title="bbox 166 2800 1769 2872">
    <p class='ocr_par' dir='ltr' id='par_1_29' title="bbox 166 2800 1769 2872">
     <span class='ocr_line' id='line_1_29' title="bbox 166 2800 1769 2872; baseline -0.004 -17"><span class='ocrx_word' id='word_1_222' title='bbox 166 2800 532 2856; x_wconf 67' lang='lat' dir='ltr'><strong>mirer-salibus</strong></span> <span class='ocrx_word' id='word_1_223' title='bbox 553 2800 759 2872; x_wconf 83' lang='lat' dir='ltr'><strong>quidem</strong></span> <span class='ocrx_word' id='word_1_224' title='bbox 790 2800 1147 2855; x_wconf 83' lang='lat' dir='ltr'><strong>universaliter</strong></span> <span class='ocrx_word' id='word_1_225' title='bbox 1174 2817 1371 2867; x_wconf 81' lang='lat' dir='ltr'><strong>semper</strong></span> <span class='ocrx_word' id='word_1_226' title='bbox 1409 2800 1541 2853; x_wconf 82' lang='lat' dir='ltr'><strong>hanc</strong></span> <span class='ocrx_word' id='word_1_227' title='bbox 1563 2815 1731 2854; x_wconf 73' lang='lat' dir='ltr'><strong>veram</strong></span> <span class='ocrx_word' id='word_1_228' title='bbox 1752 2821 1769 2848; x_wconf 67' lang='grc' dir='ltr'><strong>ι</strong></span> 
     </span>
    </p>
   </div>
   <div class='ocr_carea' id='block_1_30' title="bbox 162 2889 1768 2962">
    <p class='ocr_par' dir='ltr' id='par_1_30' title="bbox 162 2889 1768 2962">
     <span class='ocr_line' id='line_1_30' title="bbox 162 2889 1768 2962; baseline 0 -17"><span class='ocrx_word' id='word_1_229' title='bbox 162 2892 311 2946; x_wconf 80' lang='lat' dir='ltr'><strong>illaut</strong></span> <span class='ocrx_word' id='word_1_230' title='bbox 341 2908 459 2947; x_wconf 77' lang='lat' dir='ltr'><strong>vero</strong></span> <span class='ocrx_word' id='word_1_231' title='bbox 488 2892 673 2962; x_wconf 81' lang='lat' dir='ltr'><strong>falsam</strong></span> <span class='ocrx_word' id='word_1_232' title='bbox 715 2909 841 2959; x_wconf 86' lang='lat' dir='ltr'><strong>esse,</strong></span> <span class='ocrx_word' id='word_1_233' title='bbox 875 2901 922 2946; x_wconf 85' lang='lat' dir='ltr'><strong>et</strong></span> <span class='ocrx_word' id='word_1_234' title='bbox 954 2893 1007 2946; x_wconf 81' lang='lat' dir='ltr'><strong>in</strong></span> <span class='ocrx_word' id='word_1_235' title='bbox 1036 2893 1115 2946; x_wconf 82' lang='lat' dir='ltr'><strong>Itis</strong></span> <span class='ocrx_word' id='word_1_236' title='bbox 1160 2907 1277 2959; x_wconf 63' lang='lat' dir='ltr'><strong>qua</strong></span> <span class='ocrx_word' id='word_1_237' title='bbox 1317 2900 1433 2945; x_wconf 84' lang='lat' dir='ltr'><strong>sunt</strong></span> <span class='ocrx_word' id='word_1_238' title='bbox 1460 2889 1768 2961; x_wconf 73' lang='lat' dir='ltr'><strong>singularia&#39;</strong></span> 
     </span>
    </p>
   </div>
   <div class='ocr_carea' id='block_1_31' title="bbox 166 2982 1769 3054">
    <p class='ocr_par' dir='ltr' id='par_1_31' title="bbox 166 2982 1769 3054">
     <span class='ocr_line' id='line_1_31' title="bbox 166 2982 1769 3054; baseline 0.001 -18"><span class='ocrx_word' id='word_1_239' title='bbox 166 2983 604 3054; x_wconf 84' lang='lat' dir='ltr'><strong>quemadmodum</strong></span> <span class='ocrx_word' id='word_1_240' title='bbox 634 2984 825 3038; x_wconf 83' lang='lat' dir='ltr'><strong>dictum</strong></span> <span class='ocrx_word' id='word_1_241' title='bbox 857 2992 947 3039; x_wconf 75' lang='lat' dir='ltr'><strong>est:</strong></span> <span class='ocrx_word' id='word_1_242' title='bbox 980 2982 1045 3037; x_wconf 87' lang='lat' dir='ltr'><strong>In</strong></span> <span class='ocrx_word' id='word_1_243' title='bbox 1077 2984 1155 3037; x_wconf 80' lang='lat' dir='ltr'><strong>Itis</strong></span> <span class='ocrx_word' id='word_1_244' title='bbox 1185 3000 1301 3037; x_wconf 88' lang='lat' dir='ltr'><strong>vero</strong></span> <span class='ocrx_word' id='word_1_245' title='bbox 1335 3000 1452 3054; x_wconf 71' lang='lat' dir='ltr'><strong>qua:</strong></span> <span class='ocrx_word' id='word_1_246' title='bbox 1492 2984 1545 3036; x_wconf 85' lang='lat' dir='ltr'><strong>in</strong></span> <span class='ocrx_word' id='word_1_247' title='bbox 1573 2984 1769 3037; x_wconf 86' lang='lat' dir='ltr'><strong>univer-</strong></span> 
     </span>
    </p>
   </div>
   <div class='ocr_carea' id='block_1_32' title="bbox 163 3074 1770 3143">
    <p class='ocr_par' dir='ltr' id='par_1_32' title="bbox 163 3074 1770 3143">
     <span class='ocr_line' id='line_1_32' title="bbox 163 3074 1770 3143; baseline -0.001 -14"><span class='ocrx_word' id='word_1_248' title='bbox 163 3076 364 3130; x_wconf 81' lang='lat' dir='ltr'><strong>salilms</strong></span> <span class='ocrx_word' id='word_1_249' title='bbox 394 3091 495 3128; x_wconf 83' lang='lat' dir='ltr'><strong>non</strong></span> <span class='ocrx_word' id='word_1_250' title='bbox 517 3076 870 3129; x_wconf 76' lang='lat' dir='ltr'><strong>universaliter</strong></span> <span class='ocrx_word' id='word_1_251' title='bbox 896 3074 1163 3143; x_wconf 85' lang='lat' dir='ltr'><strong>dicuntur,</strong></span> <span class='ocrx_word' id='word_1_252' title='bbox 1195 3092 1298 3128; x_wconf 88' lang='lat' dir='ltr'><strong>non</strong></span> <span class='ocrx_word' id='word_1_253' title='bbox 1322 3083 1397 3128; x_wconf 85' lang='lat' dir='ltr'><strong>est</strong></span> <span class='ocrx_word' id='word_1_254' title='bbox 1427 3091 1631 3129; x_wconf 85' lang='lat' dir='ltr'><strong>necesse</strong></span> <span class='ocrx_word' id='word_1_255' title='bbox 1653 3116 1667 3141; x_wconf 93' lang='lat'><strong>,</strong></span> <span class='ocrx_word' id='word_1_256' title='bbox 1691 3076 1770 3128; x_wconf 88' lang='lat' dir='ltr'><strong>di-</strong></span> 
     </span>
    </p>
   </div>
   <div class='ocr_carea' id='block_1_33' title="bbox 163 3166 918 3222">
    <p class='ocr_par' dir='ltr' id='par_1_33' title="bbox 163 3166 918 3222">
     <span class='ocr_line' id='line_1_33' title="bbox 163 3166 918 3222; baseline 0.004 -3"><span class='ocrx_word' id='word_1_257' title='bbox 163 3174 304 3220; x_wconf 82' lang='lat' dir='ltr'><strong>ctum</strong></span> <span class='ocrx_word' id='word_1_258' title='bbox 337 3175 411 3219; x_wconf 83' lang='lat' dir='ltr'><strong>est</strong></span> <span class='ocrx_word' id='word_1_259' title='bbox 439 3173 608 3219; x_wconf 84' lang='lat' dir='ltr'><strong>autem</strong></span> <span class='ocrx_word' id='word_1_260' title='bbox 639 3175 686 3219; x_wconf 79' lang='lat' dir='ltr'><strong>et</strong></span> <span class='ocrx_word' id='word_1_261' title='bbox 726 3167 789 3220; x_wconf 90' lang='lat' dir='ltr'><strong>de</strong></span> <span class='ocrx_word' id='word_1_262' title='bbox 814 3166 918 3222; x_wconf 81' lang='lat' dir='ltr'><strong>his.</strong></span> 
     </span>
    </p>
   </div>
   <div class='ocr_carea' id='block_1_34' title="bbox 234 3256 1776 3328">
    <p class='ocr_par' dir='ltr' id='par_1_34' title="bbox 234 3256 1776 3328">
     <span class='ocr_line' id='line_1_34' title="bbox 234 3256 1776 3328; baseline 0.002 -16"><span class='ocrx_word' id='word_1_263' title='bbox 234 3256 293 3312; x_wconf 86' lang='lat' dir='ltr'><strong>In</strong></span> <span class='ocrx_word' id='word_1_264' title='bbox 328 3259 679 3327; x_wconf 71' lang='lat' dir='ltr'><strong>praesentibus</strong></span> <span class='ocrx_word' id='word_1_265' title='bbox 704 3261 863 3314; x_wconf 86' lang='lat' dir='ltr'><strong>rebus</strong></span> <span class='ocrx_word' id='word_1_266' title='bbox 883 3268 936 3315; x_wconf 89' lang='lat' dir='ltr'><strong>et</strong></span> <span class='ocrx_word' id='word_1_267' title='bbox 966 3259 1017 3312; x_wconf 91' lang='lat' dir='ltr'><strong>in</strong></span> <span class='ocrx_word' id='word_1_268' title='bbox 1050 3259 1338 3328; x_wconf 72' lang='lat' dir='ltr'><strong>praeteritis</strong></span> <span class='ocrx_word' id='word_1_269' title='bbox 1369 3259 1538 3315; x_wconf 90' lang='lat' dir='ltr'><strong>factas</strong></span> <span class='ocrx_word' id='word_1_270' title='bbox 1560 3270 1776 3316; x_wconf 75' lang='lat' dir='ltr'><strong>contra~&#39;</strong></span> 
     </span>
    </p>
   </div>
   <div class='ocr_carea' id='block_1_35' title="bbox 164 3347 1773 3425">
    <p class='ocr_par' dir='ltr' id='par_1_35' title="bbox 164 3347 1773 3425">
     <span class='ocr_line' id='line_1_35' title="bbox 164 3347 1773 3425; baseline 0.006 -23"><span class='ocrx_word' id='word_1_271' title='bbox 164 3347 419 3403; x_wconf 88' lang='lat' dir='ltr'><strong>dictorias</strong></span> <span class='ocrx_word' id='word_1_272' title='bbox 472 3350 867 3406; x_wconf 87' lang='lat' dir='ltr'><strong>enuntiationes</strong></span> <span class='ocrx_word' id='word_1_273' title='bbox 912 3351 1044 3406; x_wconf 84' lang='lat' dir='ltr'><strong>dicit</strong></span> <span class='ocrx_word' id='word_1_274' title='bbox 1090 3352 1331 3425; x_wconf 80' lang='lat' dir='ltr'><strong>deﬁnite,</strong></span> <span class='ocrx_word' id='word_1_275' title='bbox 1360 3368 1519 3409; x_wconf 90' lang='lat' dir='ltr'><strong>unam</strong></span> <span class='ocrx_word' id='word_1_276' title='bbox 1558 3370 1773 3425; x_wconf 89' lang='lat' dir='ltr'><strong>semper</strong></span> 
     </span>
    </p>
   </div>
   <div class='ocr_carea' id='block_1_36' title="bbox 165 3441 1773 3518">
    <p class='ocr_par' dir='ltr' id='par_1_36' title="bbox 165 3441 1773 3518">
     <span class='ocr_line' id='line_1_36' title="bbox 165 3441 1773 3518; baseline 0.007 -25"><span class='ocrx_word' id='word_1_277' title='bbox 165 3453 379 3504; x_wconf 86' lang='lat' dir='ltr'><strong>veram,</strong></span> <span class='ocrx_word' id='word_1_278' title='bbox 422 3441 643 3496; x_wconf 89' lang='lat' dir='ltr'><strong>alteram</strong></span> <span class='ocrx_word' id='word_1_279' title='bbox 673 3442 889 3497; x_wconf 89' lang='lat' dir='ltr'><strong>deﬁnite</strong></span> <span class='ocrx_word' id='word_1_280' title='bbox 918 3460 1133 3515; x_wconf 90' lang='lat' dir='ltr'><strong>semper</strong></span> <span class='ocrx_word' id='word_1_281' title='bbox 1170 3460 1292 3502; x_wconf 91' lang='lat' dir='ltr'><strong>esse</strong></span> <span class='ocrx_word' id='word_1_282' title='bbox 1329 3447 1672 3518; x_wconf 86' lang='lat' dir='ltr'><strong>mendacem,</strong></span> <span class='ocrx_word' id='word_1_283' title='bbox 1715 3458 1773 3504; x_wconf 92' lang='lat' dir='ltr'><strong>ut</strong></span> 
     </span>
    </p>
   </div>
   <div class='ocr_carea' id='block_1_37' title="bbox 165 3530 1770 3611">
    <p class='ocr_par' dir='ltr' id='par_1_37' title="bbox 165 3530 1770 3611">
     <span class='ocr_line' id='line_1_37' title="bbox 165 3530 1770 3611; baseline 0.007 -27"><span class='ocrx_word' id='word_1_284' title='bbox 165 3530 208 3584; x_wconf 93' lang='lat' dir='ltr'><strong>si</strong></span> <span class='ocrx_word' id='word_1_285' title='bbox 241 3533 369 3600; x_wconf 88' lang='lat' dir='ltr'><strong>quis</strong></span> <span class='ocrx_word' id='word_1_286' title='bbox 396 3532 565 3587; x_wconf 87' lang='lat' dir='ltr'><strong>dicat:</strong></span> <span class='ocrx_word' id='word_1_287' title='bbox 592 3532 793 3589; x_wconf 86' lang='lat' dir='ltr'><strong>Omnes</strong></span> <span class='ocrx_word' id='word_1_288' title='bbox 823 3534 971 3590; x_wconf 86' lang='lat' dir='ltr'><strong>Fabii</strong></span> <span class='ocrx_word' id='word_1_289' title='bbox 1000 3539 1304 3606; x_wconf 90' lang='lat' dir='ltr'><strong>perierunt,</strong></span> <span class='ocrx_word' id='word_1_290' title='bbox 1336 3541 1424 3608; x_wconf 91' lang='lat' dir='ltr'><strong>qui</strong></span> <span class='ocrx_word' id='word_1_291' title='bbox 1446 3540 1513 3593; x_wconf 89' lang='lat' dir='ltr'><strong>ad</strong></span> <span class='ocrx_word' id='word_1_292' title='bbox 1540 3556 1770 3611; x_wconf 84' lang='lat' dir='ltr'><strong>pugnam</strong></span> 
     </span>
    </p>
   </div>
   <div class='ocr_carea' id='block_1_38' title="bbox 163 3624 1768 3705">
    <p class='ocr_par' dir='ltr' id='par_1_38' title="bbox 163 3624 1768 3705">
     <span class='ocr_line' id='line_1_38' title="bbox 163 3624 1768 3705; baseline 0.007 -30"><span class='ocrx_word' id='word_1_293' title='bbox 163 3634 359 3678; x_wconf 77' lang='lat' dir='ltr'><strong>contra</strong></span> <span class='ocrx_word' id='word_1_294' title='bbox 381 3624 630 3680; x_wconf 89' lang='lat' dir='ltr'><strong>Veientes</strong></span> <span class='ocrx_word' id='word_1_295' title='bbox 664 3627 868 3694; x_wconf 80' lang='lat' dir='ltr'><strong>privata</strong></span> <span class='ocrx_word' id='word_1_296' title='bbox 897 3632 1298 3698; x_wconf 80' lang='lat' dir='ltr'><strong>conSpiratione</strong></span> <span class='ocrx_word' id='word_1_297' title='bbox 1326 3637 1593 3705; x_wconf 80' lang='lat' dir='ltr'><strong>progressi</strong></span> <span class='ocrx_word' id='word_1_298' title='bbox 1624 3643 1768 3689; x_wconf 90' lang='lat' dir='ltr'><strong>sunt.</strong></span> 
     </span>
    </p>
   </div>
   <div class='ocr_carea' id='block_1_39' title="bbox 164 3717 1769 3799">
    <p class='ocr_par' dir='ltr' id='par_1_39' title="bbox 164 3717 1769 3799">
     <span class='ocr_line' id='line_1_39' title="bbox 164 3717 1769 3799; baseline 0.008 -28"><span class='ocrx_word' id='word_1_299' title='bbox 164 3717 281 3772; x_wconf 82' lang='lat' dir='ltr'><strong>Hoc</strong></span> <span class='ocrx_word' id='word_1_300' title='bbox 311 3719 359 3773; x_wconf 88' lang='lat' dir='ltr'><strong>si</strong></span> <span class='ocrx_word' id='word_1_301' title='bbox 389 3729 612 3792; x_wconf 77' lang='lat' dir='ltr'><strong>negetur</strong></span> <span class='ocrx_word' id='word_1_302' title='bbox 640 3720 740 3786; x_wconf 89' lang='lat' dir='ltr'><strong>sic,</strong></span> <span class='ocrx_word' id='word_1_303' title='bbox 775 3738 879 3776; x_wconf 90' lang='lat' dir='ltr'><strong>non</strong></span> <span class='ocrx_word' id='word_1_304' title='bbox 928 3738 1115 3779; x_wconf 89' lang='lat' dir='ltr'><strong>omnes</strong></span> <span class='ocrx_word' id='word_1_305' title='bbox 1147 3726 1291 3780; x_wconf 84' lang='lat' dir='ltr'><strong>Fabii</strong></span> <span class='ocrx_word' id='word_1_306' title='bbox 1338 3729 1646 3796; x_wconf 89' lang='lat' dir='ltr'><strong>perierunt,</strong></span> <span class='ocrx_word' id='word_1_307' title='bbox 1678 3730 1769 3799; x_wconf 91' lang='lat' dir='ltr'><strong>qui</strong></span> 
     </span>
    </p>
   </div>
   <div class='ocr_carea' id='block_1_40' title="bbox 163 3808 1771 3887">
    <p class='ocr_par' dir='ltr' id='par_1_40' title="bbox 163 3808 1771 3887">
     <span class='ocr_line' id='line_1_40' title="bbox 163 3808 1771 3887; baseline 0.007 -24"><span class='ocrx_word' id='word_1_308' title='bbox 163 3808 229 3864; x_wconf 86' lang='lat' dir='ltr'><strong>ad</strong></span> <span class='ocrx_word' id='word_1_309' title='bbox 258 3826 494 3881; x_wconf 85' lang='lat' dir='ltr'><strong>pugnam</strong></span> <span class='ocrx_word' id='word_1_310' title='bbox 525 3824 712 3868; x_wconf 89' lang='lat' dir='ltr'><strong>contra</strong></span> <span class='ocrx_word' id='word_1_311' title='bbox 730 3812 978 3870; x_wconf 86' lang='lat' dir='ltr'><strong>Veientes</strong></span> <span class='ocrx_word' id='word_1_312' title='bbox 1001 3818 1207 3886; x_wconf 89' lang='lat' dir='ltr'><strong>privata</strong></span> <span class='ocrx_word' id='word_1_313' title='bbox 1228 3818 1623 3887; x_wconf 90' lang='lat' dir='ltr'><strong>conspiratione</strong></span> <span class='ocrx_word' id='word_1_314' title='bbox 1652 3835 1771 3887; x_wconf 74' lang='lat' dir='ltr'><strong>pro-</strong></span> 
     </span>
    </p>
   </div>
   <div class='ocr_carea' id='block_1_41' title="bbox 164 3907 1767 3981">
    <p class='ocr_par' dir='ltr' id='par_1_41' title="bbox 164 3907 1767 3981">
     <span class='ocr_line' id='line_1_41' title="bbox 164 3907 1767 3981; baseline 0.006 -21"><span class='ocrx_word' id='word_1_315' title='bbox 164 3907 340 3976; x_wconf 84' lang='lat' dir='ltr'><strong>gressi</strong></span> <span class='ocrx_word' id='word_1_316' title='bbox 356 3918 479 3960; x_wconf 91' lang='lat' dir='ltr'><strong>sunt</strong></span> <span class='ocrx_word' id='word_1_317' title='bbox 499 3946 514 3970; x_wconf 92' lang='lat'><strong>,</strong></span> <span class='ocrx_word' id='word_1_318' title='bbox 542 3923 763 3963; x_wconf 90' lang='lat' dir='ltr'><strong>necesse</strong></span> <span class='ocrx_word' id='word_1_319' title='bbox 784 3912 1098 3981; x_wconf 87' lang='lat' dir='ltr'><strong>estquidem</strong></span> <span class='ocrx_word' id='word_1_320' title='bbox 1134 3928 1289 3967; x_wconf 89' lang='lat' dir='ltr'><strong>unam</strong></span> <span class='ocrx_word' id='word_1_321' title='bbox 1315 3928 1519 3980; x_wconf 85' lang='lat' dir='ltr'><strong>veram,</strong></span> <span class='ocrx_word' id='word_1_322' title='bbox 1546 3914 1767 3970; x_wconf 87' lang='lat' dir='ltr'><strong>alteram</strong></span> 
     </span>
    </p>
   </div>
   <div class='ocr_carea' id='block_1_42' title="bbox 162 3999 1770 4074">
    <p class='ocr_par' dir='ltr' id='par_1_42' title="bbox 162 3999 1770 4074">
     <span class='ocr_line' id='line_1_42' title="bbox 162 3999 1770 4074; baseline 0.008 -23"><span class='ocrx_word' id='word_1_323' title='bbox 162 4011 290 4053; x_wconf 86' lang='lat' dir='ltr'><strong>esse</strong></span> <span class='ocrx_word' id='word_1_324' title='bbox 320 3999 528 4065; x_wconf 84' lang='lat' dir='ltr'><strong>falsam,</strong></span> <span class='ocrx_word' id='word_1_325' title='bbox 563 4002 655 4057; x_wconf 88' lang='lat' dir='ltr'><strong>sed</strong></span> <span class='ocrx_word' id='word_1_326' title='bbox 679 4003 899 4058; x_wconf 87' lang='lat' dir='ltr'><strong>deﬁnite</strong></span> <span class='ocrx_word' id='word_1_327' title='bbox 922 4020 1044 4059; x_wconf 86' lang='lat' dir='ltr'><strong>vera</strong></span> <span class='ocrx_word' id='word_1_328' title='bbox 1069 4005 1356 4060; x_wconf 72' lang='lat' dir='ltr'><strong>affirmatio</strong></span> <span class='ocrx_word' id='word_1_329' title='bbox 1384 4015 1490 4074; x_wconf 85' lang='lat' dir='ltr'><strong>est,</strong></span> <span class='ocrx_word' id='word_1_330' title='bbox 1551 4008 1770 4065; x_wconf 86' lang='lat' dir='ltr'><strong>deﬁnite</strong></span> 
     </span>
    </p>
   </div>
   <div class='ocr_carea' id='block_1_43' title="bbox 162 4084 1770 4167">
    <p class='ocr_par' dir='ltr' id='par_1_43' title="bbox 162 4084 1770 4167">
     <span class='ocr_line' id='line_1_43' title="bbox 162 4084 1770 4167; baseline 0.009 -24"><span class='ocrx_word' id='word_1_331' title='bbox 162 4089 337 4155; x_wconf 86' lang='lat' dir='ltr'><strong>falsa,</strong></span> <span class='ocrx_word' id='word_1_332' title='bbox 368 4084 601 4162; x_wconf 83' lang='lat' dir='ltr'><strong>negatio.</strong></span> <span class='ocrx_word' id='word_1_333' title='bbox 627 4095 760 4149; x_wconf 89' lang='lat' dir='ltr'><strong>Cum</strong></span> <span class='ocrx_word' id='word_1_334' title='bbox 785 4098 926 4151; x_wconf 89' lang='lat' dir='ltr'><strong>enim</strong></span> <span class='ocrx_word' id='word_1_335' title='bbox 959 4098 1011 4151; x_wconf 87' lang='lat' dir='ltr'><strong>id</strong></span> <span class='ocrx_word' id='word_1_336' title='bbox 1043 4098 1183 4167; x_wconf 90' lang='lat' dir='ltr'><strong>quod</strong></span> <span class='ocrx_word' id='word_1_337' title='bbox 1216 4100 1411 4153; x_wconf 87' lang='lat' dir='ltr'><strong>factum</strong></span> <span class='ocrx_word' id='word_1_338' title='bbox 1445 4111 1526 4155; x_wconf 81' lang='lat' dir='ltr'><strong>est</strong></span> <span class='ocrx_word' id='word_1_339' title='bbox 1575 4104 1770 4157; x_wconf 89' lang='lat' dir='ltr'><strong>dicitur</strong></span> 
     </span>
    </p>
   </div>
   <div class='ocr_carea' id='block_1_44' title="bbox 162 4180 1770 4261">
    <p class='ocr_par' dir='ltr' id='par_1_44' title="bbox 162 4180 1770 4261">
     <span class='ocr_line' id='line_1_44' title="bbox 162 4180 1770 4261; baseline 0.009 -27"><span class='ocrx_word' id='word_1_340' title='bbox 162 4180 399 4245; x_wconf 89' lang='lat' dir='ltr'><strong>factum,</strong></span> <span class='ocrx_word' id='word_1_341' title='bbox 430 4184 647 4240; x_wconf 87' lang='lat' dir='ltr'><strong>deﬁnite</strong></span> <span class='ocrx_word' id='word_1_342' title='bbox 673 4201 852 4242; x_wconf 90' lang='lat' dir='ltr'><strong>verum</strong></span> <span class='ocrx_word' id='word_1_343' title='bbox 904 4199 1014 4259; x_wconf 89' lang='lat' dir='ltr'><strong>est,</strong></span> <span class='ocrx_word' id='word_1_344' title='bbox 1063 4191 1205 4261; x_wconf 92' lang='lat' dir='ltr'><strong>quod</strong></span> <span class='ocrx_word' id='word_1_345' title='bbox 1246 4191 1290 4245; x_wconf 90' lang='lat' dir='ltr'><strong>si</strong></span> <span class='ocrx_word' id='word_1_346' title='bbox 1325 4192 1375 4245; x_wconf 89' lang='lat' dir='ltr'><strong>id</strong></span> <span class='ocrx_word' id='word_1_347' title='bbox 1424 4192 1619 4247; x_wconf 89' lang='lat' dir='ltr'><strong>factum</strong></span> <span class='ocrx_word' id='word_1_348' title='bbox 1650 4207 1770 4249; x_wconf 90' lang='lat' dir='ltr'><strong>esse</strong></span> 
     </span>
    </p>
   </div>
   <div class='ocr_carea' id='block_1_45' title="bbox 160 4275 1769 4353">
    <p class='ocr_par' dir='ltr' id='par_1_45' title="bbox 160 4275 1769 4353">
     <span class='ocr_line' id='line_1_45' title="bbox 160 4275 1769 4353; baseline 0.006 -23"><span class='ocrx_word' id='word_1_349' title='bbox 160 4275 491 4347; x_wconf 88' lang='lat' dir='ltr'><strong>denegetur,</strong></span> <span class='ocrx_word' id='word_1_350' title='bbox 527 4276 712 4333; x_wconf 86' lang='lat' dir='ltr'><strong>falsum</strong></span> <span class='ocrx_word' id='word_1_351' title='bbox 738 4288 821 4335; x_wconf 91' lang='lat' dir='ltr'><strong>est</strong></span> <span class='ocrx_word' id='word_1_352' title='bbox 843 4280 1083 4347; x_wconf 89' lang='lat' dir='ltr'><strong>deﬁnite;</strong></span> <span class='ocrx_word' id='word_1_353' title='bbox 1115 4282 1226 4337; x_wconf 85' lang='lat' dir='ltr'><strong>sive</strong></span> <span class='ocrx_word' id='word_1_354' title='bbox 1253 4298 1380 4353; x_wconf 84' lang='lat' dir='ltr'><strong>ergo</strong></span> <span class='ocrx_word' id='word_1_355' title='bbox 1412 4285 1462 4338; x_wconf 92' lang='lat' dir='ltr'><strong>in</strong></span> <span class='ocrx_word' id='word_1_356' title='bbox 1490 4284 1769 4339; x_wconf 90' lang='lat' dir='ltr'><strong>universa-</strong></span> 
     </span>
    </p>
   </div>
   <div class='ocr_carea' id='block_1_46' title="bbox 162 4366 1770 4447">
    <p class='ocr_par' dir='ltr' id='par_1_46' title="bbox 162 4366 1770 4447">
     <span class='ocr_line' id='line_1_46' title="bbox 162 4366 1770 4447; baseline 0.007 -26"><span class='ocrx_word' id='word_1_357' title='bbox 162 4366 313 4424; x_wconf 90' lang='lat' dir='ltr'><strong>libus</strong></span> <span class='ocrx_word' id='word_1_358' title='bbox 361 4371 738 4428; x_wconf 87' lang='lat' dir='ltr'><strong>universalitcr</strong></span> <span class='ocrx_word' id='word_1_359' title='bbox 769 4374 1071 4442; x_wconf 63' lang='lat' dir='ltr'><strong>praedicatis</strong></span> <span class='ocrx_word' id='word_1_360' title='bbox 1101 4376 1453 4431; x_wconf 80' lang='lat' dir='ltr'><strong>contradictio</strong></span> <span class='ocrx_word' id='word_1_361' title='bbox 1484 4393 1576 4447; x_wconf 93' lang='lat' dir='ltr'><strong>per</strong></span> <span class='ocrx_word' id='word_1_362' title='bbox 1602 4391 1770 4447; x_wconf 87' lang='lat' dir='ltr'><strong>oppo-</strong></span> 
     </span>
    </p>
   </div>
   <div class='ocr_carea' id='block_1_47' title="bbox 162 4462 1771 4540">
    <p class='ocr_par' dir='ltr' id='par_1_47' title="bbox 162 4462 1771 4540">
     <span class='ocr_line' id='line_1_47' title="bbox 162 4462 1771 4540; baseline 0.007 -26"><span class='ocrx_word' id='word_1_363' title='bbox 162 4462 427 4516; x_wconf 86' lang='lat' dir='ltr'><strong>sitionem</strong></span> <span class='ocrx_word' id='word_1_364' title='bbox 455 4465 888 4533; x_wconf 88' lang='lat' dir='ltr'><strong>particularitatis</strong></span> <span class='ocrx_word' id='word_1_365' title='bbox 919 4468 1040 4533; x_wconf 88' lang='lat' dir='ltr'><strong>ﬁat,</strong></span> <span class='ocrx_word' id='word_1_366' title='bbox 1083 4470 1196 4522; x_wconf 82' lang='lat' dir='ltr'><strong>sive</strong></span> <span class='ocrx_word' id='word_1_367' title='bbox 1222 4467 1275 4522; x_wconf 90' lang='lat' dir='ltr'><strong>in</strong></span> <span class='ocrx_word' id='word_1_368' title='bbox 1307 4469 1686 4540; x_wconf 85' lang='lat' dir='ltr'><strong>singularibus,</strong></span> <span class='ocrx_word' id='word_1_369' title='bbox 1712 4478 1771 4525; x_wconf 91' lang='lat' dir='ltr'><strong>ut</strong></span> 
     </span>
    </p>
   </div>
   <div class='ocr_carea' id='block_1_48' title="bbox 162 4552 1850 4654">
    <p class='ocr_par' dir='ltr' id='par_1_48' title="bbox 162 4552 1850 4654">
     <span class='ocr_line' id='line_1_48' title="bbox 162 4552 1850 4654; baseline 0.009 -47"><span class='ocrx_word' id='word_1_370' title='bbox 162 4552 218 4607; x_wconf 91' lang='lat' dir='ltr'><strong>in</strong></span> <span class='ocrx_word' id='word_1_371' title='bbox 268 4556 494 4611; x_wconf 88' lang='lat' dir='ltr'><strong>Socrate</strong></span> <span class='ocrx_word' id='word_1_372' title='bbox 515 4566 569 4612; x_wconf 91' lang='lat' dir='ltr'><strong>et</strong></span> <span class='ocrx_word' id='word_1_373' title='bbox 597 4558 649 4612; x_wconf 90' lang='lat' dir='ltr'><strong>in</strong></span> <span class='ocrx_word' id='word_1_374' title='bbox 675 4561 884 4615; x_wconf 70' lang='lat' dir='ltr'><strong>caeteris</strong></span> <span class='ocrx_word' id='word_1_375' title='bbox 907 4560 1213 4629; x_wconf 84' lang='lat' dir='ltr'><strong>individuis,</strong></span> <span class='ocrx_word' id='word_1_376' title='bbox 1239 4563 1290 4616; x_wconf 87' lang='lat' dir='ltr'><strong>in</strong></span> <span class='ocrx_word' id='word_1_377' title='bbox 1316 4565 1396 4618; x_wconf 90' lang='lat' dir='ltr'><strong>his</strong></span> <span class='ocrx_word' id='word_1_378' title='bbox 1416 4580 1626 4635; x_wconf 88' lang='lat' dir='ltr'><strong>quoque</strong></span> <span class='ocrx_word' id='word_1_379' title='bbox 1648 4581 1768 4635; x_wconf 67' lang='lat' dir='ltr'><strong>quae</strong></span> <span class='ocrx_word' id='word_1_380' title='bbox 1794 4593 1850 4654; x_wconf 77' lang='lat' dir='ltr'><strong><em>D</em></strong></span> 
     </span>
    </p>
   </div>
   <div class='ocr_carea' id='block_1_49' title="bbox 161 4653 1761 4725">
    <p class='ocr_par' dir='ltr' id='par_1_49' title="bbox 161 4653 1761 4725">
     <span class='ocr_line' id='line_1_49' title="bbox 161 4653 1761 4725; baseline 0.007 -24"><span class='ocrx_word' id='word_1_381' title='bbox 161 4656 295 4701; x_wconf 86' lang='lat' dir='ltr'><strong>sunt</strong></span> <span class='ocrx_word' id='word_1_382' title='bbox 350 4653 617 4718; x_wconf 73' lang='lat' dir='ltr'><strong>przeterita</strong></span> <span class='ocrx_word' id='word_1_383' title='bbox 645 4695 658 4717; x_wconf 92' lang='lat'><strong>,</strong></span> <span class='ocrx_word' id='word_1_384' title='bbox 711 4667 924 4719; x_wconf 89' lang='lat' dir='ltr'><strong>semper</strong></span> <span class='ocrx_word' id='word_1_385' title='bbox 956 4668 1057 4709; x_wconf 88' lang='lat' dir='ltr'><strong>una</strong></span> <span class='ocrx_word' id='word_1_386' title='bbox 1089 4670 1217 4710; x_wconf 87' lang='lat' dir='ltr'><strong>vera</strong></span> <span class='ocrx_word' id='word_1_387' title='bbox 1248 4667 1365 4724; x_wconf 89' lang='lat' dir='ltr'><strong>est,</strong></span> <span class='ocrx_word' id='word_1_388' title='bbox 1397 4658 1563 4712; x_wconf 90' lang='lat' dir='ltr'><strong>altera</strong></span> <span class='ocrx_word' id='word_1_389' title='bbox 1597 4658 1723 4712; x_wconf 88' lang='lat' dir='ltr'><strong>falsa</strong></span> <span class='ocrx_word' id='word_1_390' title='bbox 1747 4703 1761 4725; x_wconf 98' lang='lat'><strong>,</strong></span> 
     </span>
    </p>
   </div>
   <div class='ocr_carea' id='block_1_50' title="bbox 163 4740 1762 4821">
    <p class='ocr_par' dir='ltr' id='par_1_50' title="bbox 163 4740 1762 4821">
     <span class='ocr_line' id='line_1_50' title="bbox 163 4740 1762 4821; baseline 0.011 -32"><span class='ocrx_word' id='word_1_391' title='bbox 163 4748 225 4791; x_wconf 90' lang='lat' dir='ltr'><strong>nt</strong></span> <span class='ocrx_word' id='word_1_392' title='bbox 266 4740 324 4792; x_wconf 89' lang='lat' dir='ltr'><strong>in</strong></span> <span class='ocrx_word' id='word_1_393' title='bbox 358 4754 424 4792; x_wconf 90' lang='lat' dir='ltr'><strong>eo</strong></span> <span class='ocrx_word' id='word_1_394' title='bbox 464 4742 604 4809; x_wconf 90' lang='lat' dir='ltr'><strong>quod</strong></span> <span class='ocrx_word' id='word_1_395' title='bbox 653 4752 765 4809; x_wconf 88' lang='lat' dir='ltr'><strong>est,</strong></span> <span class='ocrx_word' id='word_1_396' title='bbox 800 4745 1047 4801; x_wconf 89' lang='lat' dir='ltr'><strong>Socrates</strong></span> <span class='ocrx_word' id='word_1_397' title='bbox 1082 4763 1290 4803; x_wconf 87' lang='lat' dir='ltr'><strong>veneno</strong></span> <span class='ocrx_word' id='word_1_398' title='bbox 1322 4761 1629 4821; x_wconf 82' lang='lat' dir='ltr'><strong>peremptus</strong></span> <span class='ocrx_word' id='word_1_399' title='bbox 1660 4761 1762 4807; x_wconf 92' lang='lat' dir='ltr'><strong>est.</strong></span> 
     </span>
    </p>
   </div>
   <div class='ocr_carea' id='block_1_51' title="bbox 158 4830 1767 4907">
    <p class='ocr_par' dir='ltr' id='par_1_51' title="bbox 158 4830 1767 4907">
     <span class='ocr_line' id='line_1_51' title="bbox 158 4830 1767 4907; baseline 0.007 -21"><span class='ocrx_word' id='word_1_400' title='bbox 158 4830 428 4886; x_wconf 79' lang='lat' dir='ltr'><strong>Socrates</strong></span> <span class='ocrx_word' id='word_1_401' title='bbox 454 4848 658 4888; x_wconf 89' lang='lat' dir='ltr'><strong>veneno</strong></span> <span class='ocrx_word' id='word_1_402' title='bbox 712 4848 1017 4907; x_wconf 87' lang='lat' dir='ltr'><strong>peremptus</strong></span> <span class='ocrx_word' id='word_1_403' title='bbox 1047 4856 1153 4893; x_wconf 87' lang='lat' dir='ltr'><strong>non</strong></span> <span class='ocrx_word' id='word_1_404' title='bbox 1181 4849 1291 4905; x_wconf 90' lang='lat' dir='ltr'><strong>est,</strong></span> <span class='ocrx_word' id='word_1_405' title='bbox 1325 4857 1449 4896; x_wconf 89' lang='lat' dir='ltr'><strong>vera</strong></span> <span class='ocrx_word' id='word_1_406' title='bbox 1493 4852 1573 4897; x_wconf 88' lang='lat' dir='ltr'><strong>est</strong></span> <span class='ocrx_word' id='word_1_407' title='bbox 1622 4842 1767 4898; x_wconf 86' lang='lat' dir='ltr'><strong>afﬁr-</strong></span> 
     </span>
    </p>
   </div>
   <div class='ocr_carea' id='block_1_52' title="bbox 157 4918 1763 5006">
    <p class='ocr_par' dir='ltr' id='par_1_52' title="bbox 157 4918 1763 5006">
     <span class='ocr_line' id='line_1_52' title="bbox 157 4918 1763 5006; baseline 0.009 -30"><span class='ocrx_word' id='word_1_408' title='bbox 157 4923 339 4976; x_wconf 84' lang='lat' dir='ltr'><strong>matio</strong></span> <span class='ocrx_word' id='word_1_409' title='bbox 362 4923 602 4991; x_wconf 88' lang='lat' dir='ltr'><strong>deﬁnite,</strong></span> <span class='ocrx_word' id='word_1_410' title='bbox 633 4938 688 4984; x_wconf 91' lang='lat' dir='ltr'><strong>et</strong></span> <span class='ocrx_word' id='word_1_411' title='bbox 718 4928 786 4981; x_wconf 90' lang='lat' dir='ltr'><strong>ita</strong></span> <span class='ocrx_word' id='word_1_412' title='bbox 817 4945 1000 4985; x_wconf 89' lang='lat' dir='ltr'><strong>rursus</strong></span> <span class='ocrx_word' id='word_1_413' title='bbox 1029 4931 1158 4986; x_wconf 83' lang='lat' dir='ltr'><strong>falsa</strong></span> <span class='ocrx_word' id='word_1_414' title='bbox 1192 4935 1397 5004; x_wconf 88' lang='lat' dir='ltr'><strong>negatio</strong></span> <span class='ocrx_word' id='word_1_415' title='bbox 1427 4944 1507 4990; x_wconf 80' lang='lat' dir='ltr'><strong>cst</strong></span> <span class='ocrx_word' id='word_1_416' title='bbox 1538 4918 1591 4990; x_wconf 77' lang='lat' dir='ltr'><strong>in</strong></span> <span class='ocrx_word' id='word_1_417' title='bbox 1626 4951 1763 5006; x_wconf 65' lang='lat' dir='ltr'><strong>prm-</strong></span> 
     </span>
    </p>
   </div>
   <div class='ocr_carea' id='block_1_53' title="bbox 156 5018 1762 5098">
    <p class='ocr_par' dir='ltr' id='par_1_53' title="bbox 156 5018 1762 5098">
     <span class='ocr_line' id='line_1_53' title="bbox 156 5018 1762 5098; baseline 0.011 -27"><span class='ocrx_word' id='word_1_418' title='bbox 156 5018 417 5071; x_wconf 82' lang='lat' dir='ltr'><strong>sentihus</strong></span> <span class='ocrx_word' id='word_1_419' title='bbox 444 5034 655 5090; x_wconf 85' lang='lat' dir='ltr'><strong>quoque</strong></span> <span class='ocrx_word' id='word_1_420' title='bbox 686 5021 825 5079; x_wconf 90' lang='lat' dir='ltr'><strong>idem</strong></span> <span class='ocrx_word' id='word_1_421' title='bbox 857 5040 977 5081; x_wconf 89' lang='lat' dir='ltr'><strong>esse</strong></span> <span class='ocrx_word' id='word_1_422' title='bbox 1008 5042 1229 5083; x_wconf 89' lang='lat' dir='ltr'><strong>necesse</strong></span> <span class='ocrx_word' id='word_1_423' title='bbox 1261 5038 1360 5083; x_wconf 89' lang='grc' dir='ltr'>εει.</span> <span class='ocrx_word' id='word_1_424' title='bbox 1395 5029 1762 5098; x_wconf 77' lang='grc' dir='ltr'>8ἰεηίιιι,όίε-</span> 
     </span>
    </p>
   </div>
   <div class='ocr_carea' id='block_1_54' title="bbox 156 5109 1767 5191">
    <p class='ocr_par' dir='ltr' id='par_1_54' title="bbox 156 5109 1767 5191">
     <span class='ocr_line' id='line_1_54' title="bbox 156 5109 1767 5191; baseline 0.015 -33"><span class='ocrx_word' id='word_1_425' title='bbox 156 5116 403 5177; x_wconf 85' lang='lat' dir='ltr'><strong>putante</strong></span> <span class='ocrx_word' id='word_1_426' title='bbox 430 5109 670 5179; x_wconf 89' lang='lat' dir='ltr'><strong>Socrate,</strong></span> <span class='ocrx_word' id='word_1_427' title='bbox 694 5114 836 5170; x_wconf 89' lang='lat' dir='ltr'><strong>dicat</strong></span> <span class='ocrx_word' id='word_1_428' title='bbox 860 5116 1087 5188; x_wconf 88' lang='lat' dir='ltr'><strong>aliquis:</strong></span> <span class='ocrx_word' id='word_1_429' title='bbox 1119 5119 1371 5178; x_wconf 85' lang='lat' dir='ltr'><strong>Socrates</strong></span> <span class='ocrx_word' id='word_1_430' title='bbox 1408 5124 1675 5191; x_wconf 86' lang='lat' dir='ltr'><strong>disputat,</strong></span> <span class='ocrx_word' id='word_1_431' title='bbox 1712 5136 1767 5182; x_wconf 94' lang='lat' dir='ltr'><strong>et</strong></span> 
     </span>
    </p>
   </div>
   <div class='ocr_carea' id='block_1_55' title="bbox 156 5201 1767 5286">
    <p class='ocr_par' dir='ltr' id='par_1_55' title="bbox 156 5201 1767 5286">
     <span class='ocr_line' id='line_1_55' title="bbox 156 5201 1767 5286; baseline 0.012 -31"><span class='ocrx_word' id='word_1_432' title='bbox 156 5210 273 5255; x_wconf 77' lang='lat' dir='ltr'><strong>hoc</strong></span> <span class='ocrx_word' id='word_1_433' title='bbox 303 5201 442 5256; x_wconf 84' lang='lat' dir='ltr'><strong>alius</strong></span> <span class='ocrx_word' id='word_1_434' title='bbox 484 5215 664 5277; x_wconf 88' lang='lat' dir='ltr'><strong>neget,</strong></span> <span class='ocrx_word' id='word_1_435' title='bbox 697 5209 833 5264; x_wconf 89' lang='lat' dir='ltr'><strong>sicut</strong></span> <span class='ocrx_word' id='word_1_436' title='bbox 862 5210 1133 5277; x_wconf 86' lang='lat' dir='ltr'><strong>disputare</strong></span> <span class='ocrx_word' id='word_1_437' title='bbox 1179 5214 1455 5270; x_wconf 87' lang='lat' dir='ltr'><strong>Socratem</strong></span> <span class='ocrx_word' id='word_1_438' title='bbox 1488 5218 1767 5286; x_wconf 74' lang='lat' dir='ltr'><strong>prmseutls</strong></span> 
     </span>
    </p>
   </div>
   <div class='ocr_carea' id='block_1_56' title="bbox 158 5293 1767 5376">
    <p class='ocr_par' dir='ltr' id='par_1_56' title="bbox 158 5293 1767 5376">
     <span class='ocr_line' id='line_1_56' title="bbox 158 5293 1767 5376; baseline 0.012 -33"><span class='ocrx_word' id='word_1_439' title='bbox 158 5293 434 5362; x_wconf 81' lang='lat' dir='ltr'><strong>temporis</strong></span> <span class='ocrx_word' id='word_1_440' title='bbox 466 5296 676 5352; x_wconf 89' lang='lat' dir='ltr'><strong>ratione</strong></span> <span class='ocrx_word' id='word_1_441' title='bbox 716 5294 993 5356; x_wconf 84' lang='lat' dir='ltr'><strong>deﬁnitum</strong></span> <span class='ocrx_word' id='word_1_442' title='bbox 1024 5310 1144 5369; x_wconf 90' lang='lat' dir='ltr'><strong>est,</strong></span> <span class='ocrx_word' id='word_1_443' title='bbox 1193 5303 1264 5359; x_wconf 92' lang='lat' dir='ltr'><strong>ita</strong></span> <span class='ocrx_word' id='word_1_444' title='bbox 1310 5320 1522 5376; x_wconf 90' lang='lat' dir='ltr'><strong>quoque</strong></span> <span class='ocrx_word' id='word_1_445' title='bbox 1548 5306 1767 5364; x_wconf 83' lang='lat' dir='ltr'><strong>definite</strong></span> 
     </span>
    </p>
   </div>
   <div class='ocr_carea' id='block_1_57' title="bbox 156 5379 1765 5465">
    <p class='ocr_par' dir='ltr' id='par_1_57' title="bbox 156 5379 1765 5465">
     <span class='ocr_line' id='line_1_57' title="bbox 156 5379 1765 5465; baseline 0.013 -31"><span class='ocrx_word' id='word_1_446' title='bbox 156 5379 466 5437; x_wconf 88' lang='lat' dir='ltr'><strong>afﬁrmatio</strong></span> <span class='ocrx_word' id='word_1_447' title='bbox 497 5385 689 5442; x_wconf 90' lang='lat' dir='ltr'><strong>retinet</strong></span> <span class='ocrx_word' id='word_1_448' title='bbox 718 5396 773 5443; x_wconf 93' lang='lat' dir='ltr'><strong>et</strong></span> <span class='ocrx_word' id='word_1_449' title='bbox 798 5392 1095 5458; x_wconf 90' lang='lat' dir='ltr'><strong>veritatem,</strong></span> <span class='ocrx_word' id='word_1_450' title='bbox 1129 5396 1338 5465; x_wconf 84' lang='lat' dir='ltr'><strong>negatio</strong></span> <span class='ocrx_word' id='word_1_451' title='bbox 1368 5396 1584 5453; x_wconf 86' lang='lat' dir='ltr'><strong>deﬁnite</strong></span> <span class='ocrx_word' id='word_1_452' title='bbox 1612 5414 1765 5454; x_wconf 93' lang='lat' dir='ltr'><strong>men-</strong></span> 
     </span>
    </p>
   </div>
   <div class='ocr_carea' id='block_1_58' title="bbox 157 5474 1765 5557">
    <p class='ocr_par' dir='ltr' id='par_1_58' title="bbox 157 5474 1765 5557">
     <span class='ocr_line' id='line_1_58' title="bbox 157 5474 1765 5557; baseline 0.012 -29"><span class='ocrx_word' id='word_1_453' title='bbox 157 5474 411 5532; x_wconf 85' lang='lat' dir='ltr'><strong>dacium.</strong></span> <span class='ocrx_word' id='word_1_454' title='bbox 446 5478 509 5533; x_wconf 88' lang='lat' dir='ltr'><strong>Et</strong></span> <span class='ocrx_word' id='word_1_455' title='bbox 532 5479 584 5534; x_wconf 89' lang='lat' dir='ltr'><strong>in</strong></span> <span class='ocrx_word' id='word_1_456' title='bbox 611 5481 999 5539; x_wconf 87' lang='lat' dir='ltr'><strong>universalibus</strong></span> <span class='ocrx_word' id='word_1_457' title='bbox 1045 5487 1260 5557; x_wconf 87' lang='lat' dir='ltr'><strong>quidem</strong></span> <span class='ocrx_word' id='word_1_458' title='bbox 1307 5490 1390 5544; x_wconf 85' lang='lat' dir='ltr'><strong>vel</strong></span> <span class='ocrx_word' id='word_1_459' title='bbox 1434 5490 1765 5549; x_wconf 86' lang='lat' dir='ltr'><strong>afﬁrmativis</strong></span> 
     </span>
    </p>
   </div>
   <div class='ocr_carea' id='block_1_59' title="bbox 157 5568 1763 5652">
    <p class='ocr_par' dir='ltr' id='par_1_59' title="bbox 157 5568 1763 5652">
     <span class='ocr_line' id='line_1_59' title="bbox 157 5568 1763 5652; baseline 0.012 -31"><span class='ocrx_word' id='word_1_460' title='bbox 157 5568 249 5624; x_wconf 86' lang='lat' dir='ltr'><strong>vel</strong></span> <span class='ocrx_word' id='word_1_461' title='bbox 287 5571 581 5638; x_wconf 86' lang='lat' dir='ltr'><strong>negativis,</strong></span> <span class='ocrx_word' id='word_1_462' title='bbox 613 5571 666 5626; x_wconf 91' lang='lat' dir='ltr'><strong>in</strong></span> <span class='ocrx_word' id='word_1_463' title='bbox 694 5574 887 5643; x_wconf 89' lang='lat' dir='ltr'><strong>quibus</strong></span> <span class='ocrx_word' id='word_1_464' title='bbox 930 5577 1015 5631; x_wconf 89' lang='lat' dir='ltr'><strong>vel</strong></span> <span class='ocrx_word' id='word_1_465' title='bbox 1064 5578 1349 5635; x_wconf 85' lang='lat' dir='ltr'><strong>afﬁrmatio</strong></span> <span class='ocrx_word' id='word_1_466' title='bbox 1392 5583 1763 5652; x_wconf 87' lang='lat' dir='ltr'><strong>particularis,</strong></span> 
     </span>
    </p>
   </div>
   <div class='ocr_carea' id='block_1_60' title="bbox 156 5660 1766 5739">
    <p class='ocr_par' dir='ltr' id='par_1_60' title="bbox 156 5660 1766 5739">
     <span class='ocr_line' id='line_1_60' title="bbox 156 5660 1766 5739; baseline 0.014 -27"><span class='ocrx_word' id='word_1_467' title='bbox 156 5660 250 5714; x_wconf 82' lang='lat' dir='ltr'><strong>vel</strong></span> <span class='ocrx_word' id='word_1_468' title='bbox 286 5662 505 5730; x_wconf 88' lang='lat' dir='ltr'><strong>negatio</strong></span> <span class='ocrx_word' id='word_1_469' title='bbox 550 5665 886 5732; x_wconf 89' lang='lat' dir='ltr'><strong>particularis</strong></span> <span class='ocrx_word' id='word_1_470' title='bbox 911 5671 1200 5739; x_wconf 90' lang='lat' dir='ltr'><strong>opponitur</strong></span> <span class='ocrx_word' id='word_1_471' title='bbox 1237 5672 1378 5729; x_wconf 91' lang='lat' dir='ltr'><strong>idem</strong></span> <span class='ocrx_word' id='word_1_472' title='bbox 1409 5683 1510 5731; x_wconf 91' lang='lat' dir='ltr'><strong>est.</strong></span> <span class='ocrx_word' id='word_1_473' title='bbox 1545 5677 1654 5732; x_wconf 80' lang='lat' dir='ltr'><strong>Hoc</strong></span> <span class='ocrx_word' id='word_1_474' title='bbox 1684 5688 1766 5735; x_wconf 89' lang='lat' dir='ltr'><strong>est</strong></span> 
     </span>
    </p>
   </div>
   <div class='ocr_carea' id='block_1_61' title="bbox 156 5753 1764 5841">
    <p class='ocr_par' dir='ltr' id='par_1_61' title="bbox 156 5753 1764 5841">
     <span class='ocr_line' id='line_1_61' title="bbox 156 5753 1764 5841; baseline 0.014 -34"><span class='ocrx_word' id='word_1_475' title='bbox 156 5753 316 5808; x_wconf 86' lang='lat' dir='ltr'><strong>enim</strong></span> <span class='ocrx_word' id='word_1_476' title='bbox 352 5756 488 5823; x_wconf 90' lang='lat' dir='ltr'><strong>quod</strong></span> <span class='ocrx_word' id='word_1_477' title='bbox 508 5756 616 5810; x_wconf 88' lang='lat' dir='ltr'><strong>ait:</strong></span> <span class='ocrx_word' id='word_1_478' title='bbox 650 5757 704 5811; x_wconf 83' lang='lat' dir='ltr'><strong>In</strong></span> <span class='ocrx_word' id='word_1_479' title='bbox 731 5759 812 5813; x_wconf 91' lang='lat' dir='ltr'><strong>his</strong></span> <span class='ocrx_word' id='word_1_480' title='bbox 833 5777 950 5832; x_wconf 78' lang='lat' dir='ltr'><strong>qua:</strong></span> <span class='ocrx_word' id='word_1_481' title='bbox 979 5774 1133 5832; x_wconf 90' lang='lat' dir='ltr'><strong>sunt,</strong></span> <span class='ocrx_word' id='word_1_482' title='bbox 1164 5775 1216 5821; x_wconf 90' lang='lat' dir='ltr'><strong>et</strong></span> <span class='ocrx_word' id='word_1_483' title='bbox 1239 5782 1357 5838; x_wconf 64' lang='lat' dir='ltr'><strong>quae</strong></span> <span class='ocrx_word' id='word_1_484' title='bbox 1371 5768 1505 5825; x_wconf 83' lang='lat' dir='ltr'><strong>facta</strong></span> <span class='ocrx_word' id='word_1_485' title='bbox 1536 5780 1680 5841; x_wconf 86' lang='lat' dir='ltr'><strong>sunt,</strong></span> <span class='ocrx_word' id='word_1_486' title='bbox 1712 5772 1764 5830; x_wconf 89' lang='lat' dir='ltr'><strong>id</strong></span> 
     </span>
    </p>
   </div>
   <div class='ocr_carea' id='block_1_62' title="bbox 157 5846 1767 5941">
    <p class='ocr_par' dir='ltr' id='par_1_62' title="bbox 157 5846 1767 5941">
     <span class='ocr_line' id='line_1_62' title="bbox 157 5846 1767 5941; baseline 0.019 -44"><span class='ocrx_word' id='word_1_487' title='bbox 157 5854 249 5899; x_wconf 85' lang='lat' dir='ltr'><strong>est</strong></span> <span class='ocrx_word' id='word_1_488' title='bbox 284 5846 344 5899; x_wconf 85' lang='lat' dir='ltr'><strong>in</strong></span> <span class='ocrx_word' id='word_1_489' title='bbox 394 5850 742 5941; x_wconf 64' lang='lat' dir='ltr'><strong>praesentibus</strong></span> <span class='ocrx_word' id='word_1_490' title='bbox 771 5862 931 5923; x_wconf 90' lang='lat' dir='ltr'><strong>atque</strong></span> <span class='ocrx_word' id='word_1_491' title='bbox 961 5857 1011 5914; x_wconf 92' lang='lat' dir='ltr'><strong>iu</strong></span> <span class='ocrx_word' id='word_1_492' title='bbox 1058 5862 1372 5931; x_wconf 69' lang='lat' dir='ltr'><strong>praeteritis,</strong></span> <span class='ocrx_word' id='word_1_493' title='bbox 1406 5878 1511 5924; x_wconf 86' lang='lat' dir='ltr'><strong>una</strong></span> <span class='ocrx_word' id='word_1_494' title='bbox 1554 5882 1767 5941; x_wconf 82' lang='lat' dir='ltr'><strong>semper</strong></span> 
     </span>
    </p>
   </div>
   <div class='ocr_carea' id='block_1_63' title="bbox 424 5937 959 6007">
    <p class='ocr_par' dir='ltr' id='par_1_63' title="bbox 424 5937 959 6007">
     <span class='ocr_line' id='line_1_63' title="bbox 424 5937 959 6007; baseline 0.021 -11"><span class='ocrx_word' id='word_1_495' title='bbox 424 5937 695 6004; x_wconf 65' lang='lat' dir='ltr'><strong>Panos.</strong></span> <span class='ocrx_word' id='word_1_496' title='bbox 742 5943 959 6007; x_wconf 77' lang='lat' dir='ltr'><strong>LXIV.</strong></span> 
     </span>
    </p>
   </div>
   <div class='ocr_carea' id='block_1_64' title="bbox 1871 505 3464 584">
    <p class='ocr_par' dir='ltr' id='par_1_64' title="bbox 1871 505 3464 584">
     <span class='ocr_line' id='line_1_64' title="bbox 1871 505 3464 584; baseline -0.007 -10"><span class='ocrx_word' id='word_1_497' title='bbox 1871 516 2191 574; x_wconf 88' lang='lat' dir='ltr'><strong>universalis</strong></span> <span class='ocrx_word' id='word_1_498' title='bbox 2217 515 2286 571; x_wconf 86' lang='lat' dir='ltr'><strong>sit</strong></span> <span class='ocrx_word' id='word_1_499' title='bbox 2308 530 2433 581; x_wconf 86' lang='lat' dir='ltr'><strong>una,</strong></span> <span class='ocrx_word' id='word_1_500' title='bbox 2463 515 2634 571; x_wconf 91' lang='lat' dir='ltr'><strong>altera</strong></span> <span class='ocrx_word' id='word_1_501' title='bbox 2657 510 3013 584; x_wconf 88' lang='lat' dir='ltr'><strong>particularis.</strong></span> <span class='ocrx_word' id='word_1_502' title='bbox 3051 506 3203 576; x_wconf 89' lang='lat' dir='ltr'><strong>Quod</strong></span> <span class='ocrx_word' id='word_1_503' title='bbox 3231 522 3328 577; x_wconf 93' lang='lat' dir='ltr'><strong>per</strong></span> <span class='ocrx_word' id='word_1_504' title='bbox 3357 505 3464 563; x_wconf 86' lang='lat' dir='ltr'><strong>hoc</strong></span> 
     </span>
    </p>
   </div>
   <div class='ocr_carea' id='block_1_65' title="bbox 1872 601 3462 681">
    <p class='ocr_par' dir='ltr' id='par_1_65' title="bbox 1872 601 3462 681">
     <span class='ocr_line' id='line_1_65' title="bbox 1872 601 3462 681; baseline -0.008 -13"><span class='ocrx_word' id='word_1_505' title='bbox 1872 620 2220 678; x_wconf 88' lang='lat' dir='ltr'><strong>monstratur,</strong></span> <span class='ocrx_word' id='word_1_506' title='bbox 2253 610 2393 681; x_wconf 90' lang='lat' dir='ltr'><strong>quod</strong></span> <span class='ocrx_word' id='word_1_507' title='bbox 2421 609 2527 665; x_wconf 82' lang='lat' dir='ltr'><strong>ait:</strong></span> <span class='ocrx_word' id='word_1_508' title='bbox 2570 608 2627 663; x_wconf 84' lang='lat' dir='ltr'><strong>In</strong></span> <span class='ocrx_word' id='word_1_509' title='bbox 2660 606 3053 662; x_wconf 89' lang='lat' dir='ltr'><strong>universalibus</strong></span> <span class='ocrx_word' id='word_1_510' title='bbox 3084 602 3298 674; x_wconf 88' lang='lat' dir='ltr'><strong>quidem</strong></span> <span class='ocrx_word' id='word_1_511' title='bbox 3341 601 3462 656; x_wconf 82' lang='lat' dir='ltr'><strong>uni-</strong></span> 
     </span>
    </p>
   </div>
   <div class='ocr_carea' id='block_1_66' title="bbox 1871 694 3463 774">
    <p class='ocr_par' dir='ltr' id='par_1_66' title="bbox 1871 694 3463 774">
     <span class='ocr_line' id='line_1_66' title="bbox 1871 694 3463 774; baseline -0.008 -12"><span class='ocrx_word' id='word_1_512' title='bbox 1871 706 2175 770; x_wconf 88' lang='lat' dir='ltr'><strong>versaliter,</strong></span> <span class='ocrx_word' id='word_1_513' title='bbox 2199 718 2414 774; x_wconf 89' lang='lat' dir='ltr'><strong>semper</strong></span> <span class='ocrx_word' id='word_1_514' title='bbox 2455 703 2594 757; x_wconf 90' lang='lat' dir='ltr'><strong>hanc</strong></span> <span class='ocrx_word' id='word_1_515' title='bbox 2615 716 2737 758; x_wconf 88' lang='lat' dir='ltr'><strong>esse</strong></span> <span class='ocrx_word' id='word_1_516' title='bbox 2763 716 2971 764; x_wconf 89' lang='lat' dir='ltr'><strong>veram,</strong></span> <span class='ocrx_word' id='word_1_517' title='bbox 3012 698 3158 753; x_wconf 89' lang='lat' dir='ltr'><strong>illam</strong></span> <span class='ocrx_word' id='word_1_518' title='bbox 3206 710 3335 750; x_wconf 88' lang='lat' dir='ltr'><strong>vero</strong></span> <span class='ocrx_word' id='word_1_519' title='bbox 3364 694 3463 749; x_wconf 87' lang='lat' dir='ltr'><strong>fal-</strong></span> 
     </span>
    </p>
   </div>
   <div class='ocr_carea' id='block_1_67' title="bbox 1868 789 3463 867">
    <p class='ocr_par' dir='ltr' id='par_1_67' title="bbox 1868 789 3463 867">
     <span class='ocr_line' id='line_1_67' title="bbox 1868 789 3463 867; baseline -0.007 -13"><span class='ocrx_word' id='word_1_520' title='bbox 1868 814 2007 866; x_wconf 86' lang='lat' dir='ltr'><strong>sam,</strong></span> <span class='ocrx_word' id='word_1_521' title='bbox 2051 798 2164 853; x_wconf 78' lang='lat' dir='ltr'><strong>sive</strong></span> <span class='ocrx_word' id='word_1_522' title='bbox 2190 797 2244 852; x_wconf 90' lang='lat' dir='ltr'><strong>in</strong></span> <span class='ocrx_word' id='word_1_523' title='bbox 2284 794 2652 867; x_wconf 82' lang='lat' dir='ltr'><strong>singularibus</strong></span> <span class='ocrx_word' id='word_1_524' title='bbox 2680 803 2842 866; x_wconf 88' lang='lat' dir='ltr'><strong>atque</strong></span> <span class='ocrx_word' id='word_1_525' title='bbox 2873 792 3163 847; x_wconf 88' lang='lat' dir='ltr'><strong>individuis</strong></span> <span class='ocrx_word' id='word_1_526' title='bbox 3203 789 3463 857; x_wconf 53' lang='lat' dir='ltr'><strong>praedica-</strong></span> 
     </span>
    </p>
   </div>
   <div class='ocr_carea' id='block_1_68' title="bbox 1868 881 3460 960">
    <p class='ocr_par' dir='ltr' id='par_1_68' title="bbox 1868 881 3460 960">
     <span class='ocr_line' id='line_1_68' title="bbox 1868 881 3460 960; baseline -0.009 -11"><span class='ocrx_word' id='word_1_527' title='bbox 1868 892 2083 949; x_wconf 87' lang='lat' dir='ltr'><strong>mentis.</strong></span> <span class='ocrx_word' id='word_1_528' title='bbox 2132 890 2283 959; x_wconf 85' lang='lat' dir='ltr'><strong>Quod</strong></span> <span class='ocrx_word' id='word_1_529' title='bbox 2311 896 2407 960; x_wconf 86' lang='lat' dir='ltr'><strong>per</strong></span> <span class='ocrx_word' id='word_1_530' title='bbox 2434 889 2537 944; x_wconf 91' lang='lat' dir='ltr'><strong>hoc</strong></span> <span class='ocrx_word' id='word_1_531' title='bbox 2564 887 2810 958; x_wconf 86' lang='lat' dir='ltr'><strong>designat</strong></span> <span class='ocrx_word' id='word_1_532' title='bbox 2838 885 2981 957; x_wconf 90' lang='lat' dir='ltr'><strong>quod</strong></span> <span class='ocrx_word' id='word_1_533' title='bbox 3013 882 3218 940; x_wconf 88' lang='lat' dir='ltr'><strong>addidit</strong></span> <span class='ocrx_word' id='word_1_534' title='bbox 3250 898 3263 935; x_wconf 92' lang='lat'><strong>:</strong></span> <span class='ocrx_word' id='word_1_535' title='bbox 3298 881 3365 936; x_wconf 85' lang='lat' dir='ltr'><strong>Et</strong></span> <span class='ocrx_word' id='word_1_536' title='bbox 3405 881 3460 935; x_wconf 89' lang='lat' dir='ltr'><strong>in</strong></span> 
     </span>
    </p>
   </div>
   <div class='ocr_carea' id='block_1_69' title="bbox 1870 968 3460 1059">
    <p class='ocr_par' dir='ltr' id='par_1_69' title="bbox 1870 968 3460 1059">
     <span class='ocr_line' id='line_1_69' title="bbox 1870 968 3460 1059; baseline -0.005 -18"><span class='ocrx_word' id='word_1_537' title='bbox 1870 988 1954 1043; x_wconf 90' lang='lat' dir='ltr'><strong>his</strong></span> <span class='ocrx_word' id='word_1_538' title='bbox 1982 1001 2102 1057; x_wconf 70' lang='lat' dir='ltr'><strong>qua:</strong></span> <span class='ocrx_word' id='word_1_539' title='bbox 2126 994 2251 1041; x_wconf 86' lang='lat' dir='ltr'><strong>sunt</strong></span> <span class='ocrx_word' id='word_1_540' title='bbox 2280 984 2570 1059; x_wconf 85' lang='lat' dir='ltr'><strong>singularia</strong></span> <span class='ocrx_word' id='word_1_541' title='bbox 2593 1024 2609 1051; x_wconf 93' lang='lat'><strong>,</strong></span> <span class='ocrx_word' id='word_1_542' title='bbox 2638 998 2741 1038; x_wconf 89' lang='lat' dir='ltr'><strong>una</strong></span> <span class='ocrx_word' id='word_1_543' title='bbox 2772 999 2897 1039; x_wconf 87' lang='lat' dir='ltr'><strong>vera</strong></span> <span class='ocrx_word' id='word_1_544' title='bbox 2941 991 3042 1049; x_wconf 88' lang='lat' dir='ltr'><strong>est,</strong></span> <span class='ocrx_word' id='word_1_545' title='bbox 3086 983 3253 1037; x_wconf 84' lang='lat' dir='ltr'><strong>altera</strong></span> <span class='ocrx_word' id='word_1_546' title='bbox 3285 968 3415 1036; x_wconf 86' lang='lat' dir='ltr'><strong>falsa</strong></span> <span class='ocrx_word' id='word_1_547' title='bbox 3443 996 3460 1044; x_wconf 90' lang='lat'><strong>;</strong></span> 
     </span>
    </p>
   </div>
   <div class='ocr_carea' id='block_1_70' title="bbox 1868 1080 3461 1158">
    <p class='ocr_par' dir='ltr' id='par_1_70' title="bbox 1868 1080 3461 1158">
     <span class='ocr_line' id='line_1_70' title="bbox 1868 1080 3461 1158; baseline -0.007 -14"><span class='ocrx_word' id='word_1_548' title='bbox 1868 1087 1961 1144; x_wconf 88' lang='lat' dir='ltr'><strong>sed</strong></span> <span class='ocrx_word' id='word_1_549' title='bbox 1993 1095 2271 1158; x_wconf 90' lang='lat' dir='ltr'><strong>postquam</strong></span> <span class='ocrx_word' id='word_1_550' title='bbox 2302 1086 2439 1141; x_wconf 80' lang='lat' dir='ltr'><strong>dixit</strong></span> <span class='ocrx_word' id='word_1_551' title='bbox 2465 1085 2535 1142; x_wconf 91' lang='lat' dir='ltr'><strong>de</strong></span> <span class='ocrx_word' id='word_1_552' title='bbox 2561 1082 3014 1148; x_wconf 90' lang='lat' dir='ltr'><strong>contradictoriis,</strong></span> <span class='ocrx_word' id='word_1_553' title='bbox 3046 1081 3267 1152; x_wconf 88' lang='lat' dir='ltr'><strong>adjecit,</strong></span> <span class='ocrx_word' id='word_1_554' title='bbox 3299 1080 3353 1135; x_wconf 92' lang='lat' dir='ltr'><strong>in</strong></span> <span class='ocrx_word' id='word_1_555' title='bbox 3378 1080 3461 1134; x_wconf 89' lang='lat' dir='ltr'><strong>his</strong></span> 
     </span>
    </p>
   </div>
   <div class='ocr_carea' id='block_1_71' title="bbox 1868 1178 3457 1250">
    <p class='ocr_par' dir='ltr' id='par_1_71' title="bbox 1868 1178 3457 1250">
     <span class='ocr_line' id='line_1_71' title="bbox 1868 1178 3457 1250; baseline -0.004 -17"><span class='ocrx_word' id='word_1_556' title='bbox 1868 1188 2045 1233; x_wconf 90' lang='lat' dir='ltr'><strong>autem</strong></span> <span class='ocrx_word' id='word_1_557' title='bbox 2093 1194 2214 1250; x_wconf 62' lang='lat' dir='ltr'><strong>quae</strong></span> <span class='ocrx_word' id='word_1_558' title='bbox 2253 1178 2544 1234; x_wconf 78' lang='lat' dir='ltr'><strong>indeﬁnitae</strong></span> <span class='ocrx_word' id='word_1_559' title='bbox 2570 1186 2716 1243; x_wconf 92' lang='lat' dir='ltr'><strong>sunt,</strong></span> <span class='ocrx_word' id='word_1_560' title='bbox 2751 1190 2856 1230; x_wconf 93' lang='lat' dir='ltr'><strong>non</strong></span> <span class='ocrx_word' id='word_1_561' title='bbox 2885 1190 3105 1231; x_wconf 89' lang='lat' dir='ltr'><strong>necesse</strong></span> <span class='ocrx_word' id='word_1_562' title='bbox 3130 1184 3215 1229; x_wconf 90' lang='lat' dir='ltr'><strong>est</strong></span> <span class='ocrx_word' id='word_1_563' title='bbox 3238 1188 3457 1242; x_wconf 90' lang='lat' dir='ltr'><strong>semper</strong></span> 
     </span>
    </p>
   </div>
   <div class='ocr_carea' id='block_1_72' title="bbox 1867 1264 3459 1341">
    <p class='ocr_par' dir='ltr' id='par_1_72' title="bbox 1867 1264 3459 1341">
     <span class='ocr_line' id='line_1_72' title="bbox 1867 1264 3459 1341; baseline -0.004 -17"><span class='ocrx_word' id='word_1_564' title='bbox 1867 1269 2007 1325; x_wconf 88' lang='lat' dir='ltr'><strong>hanc</strong></span> <span class='ocrx_word' id='word_1_565' title='bbox 2027 1270 2243 1341; x_wconf 89' lang='lat' dir='ltr'><strong>quidem</strong></span> <span class='ocrx_word' id='word_1_566' title='bbox 2274 1284 2484 1335; x_wconf 89' lang='lat' dir='ltr'><strong>veram,</strong></span> <span class='ocrx_word' id='word_1_567' title='bbox 2513 1268 2656 1323; x_wconf 89' lang='lat' dir='ltr'><strong>illam</strong></span> <span class='ocrx_word' id='word_1_568' title='bbox 2687 1281 2818 1322; x_wconf 88' lang='lat' dir='ltr'><strong>vero</strong></span> <span class='ocrx_word' id='word_1_569' title='bbox 2840 1280 2964 1323; x_wconf 90' lang='lat' dir='ltr'><strong>esse</strong></span> <span class='ocrx_word' id='word_1_570' title='bbox 2984 1266 3318 1321; x_wconf 90' lang='lat' dir='ltr'><strong>mendacem.</strong></span> <span class='ocrx_word' id='word_1_571' title='bbox 3344 1264 3459 1318; x_wconf 85' lang='lat' dir='ltr'><strong>Hoc</strong></span> 
     </span>
    </p>
   </div>
   <div class='ocr_carea' id='block_1_73' title="bbox 1866 1355 3462 1431">
    <p class='ocr_par' dir='ltr' id='par_1_73' title="bbox 1866 1355 3462 1431">
     <span class='ocr_line' id='line_1_73' title="bbox 1866 1355 3462 1431; baseline -0.004 -16"><span class='ocrx_word' id='word_1_572' title='bbox 1866 1361 2075 1418; x_wconf 87' lang='lat' dir='ltr'><strong>scilicet</strong></span> <span class='ocrx_word' id='word_1_573' title='bbox 2102 1361 2391 1431; x_wconf 60' lang='lat' dir='ltr'><strong>designans</strong></span> <span class='ocrx_word' id='word_1_574' title='bbox 2420 1358 2562 1430; x_wconf 90' lang='lat' dir='ltr'><strong>quod</strong></span> <span class='ocrx_word' id='word_1_575' title='bbox 2592 1360 2696 1414; x_wconf 89' lang='lat' dir='ltr'><strong>ait:</strong></span> <span class='ocrx_word' id='word_1_576' title='bbox 2731 1357 2787 1412; x_wconf 91' lang='lat' dir='ltr'><strong>In</strong></span> <span class='ocrx_word' id='word_1_577' title='bbox 2820 1358 2905 1411; x_wconf 86' lang='lat' dir='ltr'><strong>his</strong></span> <span class='ocrx_word' id='word_1_578' title='bbox 2933 1371 3062 1411; x_wconf 89' lang='lat' dir='ltr'><strong>vero</strong></span> <span class='ocrx_word' id='word_1_579' title='bbox 3107 1371 3225 1426; x_wconf 72' lang='lat' dir='ltr'><strong>qua:</strong></span> <span class='ocrx_word' id='word_1_580' title='bbox 3256 1356 3307 1409; x_wconf 90' lang='lat' dir='ltr'><strong>in</strong></span> <span class='ocrx_word' id='word_1_581' title='bbox 3339 1355 3462 1409; x_wconf 81' lang='lat' dir='ltr'><strong>uni-</strong></span> 
     </span>
    </p>
   </div>
   <div class='ocr_carea' id='block_1_74' title="bbox 1866 1452 3462 1516">
    <p class='ocr_par' dir='ltr' id='par_1_74' title="bbox 1866 1452 3462 1516">
     <span class='ocr_line' id='line_1_74' title="bbox 1866 1452 3462 1516; baseline -0.001 -8"><span class='ocrx_word' id='word_1_582' title='bbox 1866 1456 2164 1510; x_wconf 88' lang='lat' dir='ltr'><strong>versalibus</strong></span> <span class='ocrx_word' id='word_1_583' title='bbox 2206 1470 2311 1509; x_wconf 92' lang='lat' dir='ltr'><strong>non</strong></span> <span class='ocrx_word' id='word_1_584' title='bbox 2342 1452 2722 1509; x_wconf 85' lang='lat' dir='ltr'><strong>universaliter</strong></span> <span class='ocrx_word' id='word_1_585' title='bbox 2750 1452 3042 1516; x_wconf 90' lang='lat' dir='ltr'><strong>dicuntur,</strong></span> <span class='ocrx_word' id='word_1_586' title='bbox 3086 1466 3190 1505; x_wconf 90' lang='lat' dir='ltr'><strong>non</strong></span> <span class='ocrx_word' id='word_1_587' title='bbox 3237 1459 3321 1506; x_wconf 91' lang='lat' dir='ltr'><strong>est</strong></span> <span class='ocrx_word' id='word_1_588' title='bbox 3365 1466 3462 1506; x_wconf 89' lang='lat' dir='ltr'><strong>ne-</strong></span> 
     </span>
    </p>
   </div>
   <div class='ocr_carea' id='block_1_75' title="bbox 1866 1542 3459 1612">
    <p class='ocr_par' dir='ltr' id='par_1_75' title="bbox 1866 1542 3459 1612">
     <span class='ocr_line' id='line_1_75' title="bbox 1866 1542 3459 1612; baseline -0.004 -11"><span class='ocrx_word' id='word_1_589' title='bbox 1866 1560 2018 1602; x_wconf 85' lang='lat' dir='ltr'><strong>cesse</strong></span> <span class='ocrx_word' id='word_1_590' title='bbox 2042 1550 2094 1601; x_wconf 94' lang='lat' dir='ltr'><strong>in</strong></span> <span class='ocrx_word' id='word_1_591' title='bbox 2142 1546 2225 1601; x_wconf 90' lang='lat' dir='ltr'><strong>his</strong></span> <span class='ocrx_word' id='word_1_592' title='bbox 2274 1561 2434 1601; x_wconf 89' lang='lat' dir='ltr'><strong>unam</strong></span> <span class='ocrx_word' id='word_1_593' title='bbox 2460 1560 2668 1612; x_wconf 88' lang='lat' dir='ltr'><strong>veram,</strong></span> <span class='ocrx_word' id='word_1_594' title='bbox 2698 1545 2925 1599; x_wconf 90' lang='lat' dir='ltr'><strong>alteram</strong></span> <span class='ocrx_word' id='word_1_595' title='bbox 2976 1542 3163 1597; x_wconf 91' lang='lat' dir='ltr'><strong>falsam</strong></span> <span class='ocrx_word' id='word_1_596' title='bbox 3213 1542 3459 1612; x_wconf 88' lang='lat' dir='ltr'><strong>proponi,</strong></span> 
     </span>
    </p>
   </div>
   <div class='ocr_carea' id='block_1_76' title="bbox 1866 1634 3462 1709">
    <p class='ocr_par' dir='ltr' id='par_1_76' title="bbox 1866 1634 3462 1709">
     <span class='ocr_line' id='line_1_76' title="bbox 1866 1634 3462 1709; baseline -0.003 -15"><span class='ocrx_word' id='word_1_597' title='bbox 1866 1649 2044 1709; x_wconf 88' lang='lat' dir='ltr'><strong>potest</strong></span> <span class='ocrx_word' id='word_1_598' title='bbox 2079 1640 2223 1695; x_wconf 89' lang='lat' dir='ltr'><strong>enim</strong></span> <span class='ocrx_word' id='word_1_599' title='bbox 2254 1640 2365 1694; x_wconf 88' lang='lat' dir='ltr'><strong>ﬁeri</strong></span> <span class='ocrx_word' id='word_1_600' title='bbox 2412 1646 2470 1694; x_wconf 91' lang='lat' dir='ltr'><strong>ut</strong></span> <span class='ocrx_word' id='word_1_601' title='bbox 2512 1647 2755 1708; x_wconf 63' lang='lat' dir='ltr'><strong>utraeque</strong></span> <span class='ocrx_word' id='word_1_602' title='bbox 2781 1637 2890 1692; x_wconf 91' lang='lat' dir='ltr'><strong>sint</strong></span> <span class='ocrx_word' id='word_1_603' title='bbox 2931 1650 3074 1692; x_wconf 71' lang='lat' dir='ltr'><strong>verte</strong></span> <span class='ocrx_word' id='word_1_604' title='bbox 3118 1650 3236 1706; x_wconf 69' lang='lat' dir='ltr'><strong>qua:</strong></span> <span class='ocrx_word' id='word_1_605' title='bbox 3263 1634 3462 1691; x_wconf 85' lang='lat' dir='ltr'><strong>fuerint</strong></span> 
     </span>
    </p>
   </div>
   <div class='ocr_carea' id='block_1_77' title="bbox 1864 1730 2175 1787">
    <p class='ocr_par' dir='ltr' id='par_1_77' title="bbox 1864 1730 2175 1787">
     <span class='ocr_line' id='line_1_77' title="bbox 1864 1730 2175 1787; baseline -0.003 -2"><span class='ocrx_word' id='word_1_606' title='bbox 1864 1730 2175 1787; x_wconf 69' lang='lat' dir='ltr'><strong>indeﬁnitaz.</strong></span> 
     </span>
    </p>
   </div>
   <div class='ocr_carea' id='block_1_78' title="bbox 1939 1820 3278 1895">
    <p class='ocr_par' dir='ltr' id='par_1_78' title="bbox 1939 1820 3278 1895">
     <span class='ocr_line' id='line_1_78' title="bbox 1939 1820 3278 1895; baseline -0.001 -19"><span class='ocrx_word' id='word_1_607' title='bbox 1939 1821 2006 1876; x_wconf 85' lang='lat' dir='ltr'><strong>In</strong></span> <span class='ocrx_word' id='word_1_608' title='bbox 2028 1822 2376 1895; x_wconf 76' lang='lat' dir='ltr'><strong>singularibus</strong></span> <span class='ocrx_word' id='word_1_609' title='bbox 2401 1837 2521 1895; x_wconf 80' lang='lat' dir='ltr'><strong>vero</strong></span> <span class='ocrx_word' id='word_1_610' title='bbox 2545 1861 2560 1887; x_wconf 90' lang='lat'><strong>,</strong></span> <span class='ocrx_word' id='word_1_611' title='bbox 2597 1828 2645 1875; x_wconf 81' lang='lat' dir='ltr'><strong>et</strong></span> <span class='ocrx_word' id='word_1_612' title='bbox 2670 1820 2861 1890; x_wconf 76' lang='lat' dir='ltr'><strong>futuris</strong></span> <span class='ocrx_word' id='word_1_613' title='bbox 2893 1836 2995 1895; x_wconf 82' lang='lat' dir='ltr'><strong>non</strong></span> <span class='ocrx_word' id='word_1_614' title='bbox 3026 1820 3278 1895; x_wconf 75' lang='lat' dir='ltr'><strong>similiter.</strong></span> 
     </span>
    </p>
   </div>
   <div class='ocr_carea' id='block_1_79' title="bbox 1944 1893 3459 1962">
    <p class='ocr_par' dir='ltr' id='par_1_79' title="bbox 1944 1893 3459 1962">
     <span class='ocr_line' id='line_1_79' title="bbox 1944 1893 3459 1962; baseline -0.003 -14"><span class='ocrx_word' id='word_1_615' title='bbox 1944 1893 2377 1962; x_wconf 33' lang='lat' dir='ltr'><strong>Propo‘sitionum</strong></span> <span class='ocrx_word' id='word_1_616' title='bbox 2410 1894 2529 1947; x_wconf 75' lang='lat' dir='ltr'><strong>alia:</strong></span> <span class='ocrx_word' id='word_1_617' title='bbox 2549 1901 2676 1948; x_wconf 89' lang='lat' dir='ltr'><strong>sunt</strong></span> <span class='ocrx_word' id='word_1_618' title='bbox 2706 1902 2911 1946; x_wconf 88' lang='lat' dir='ltr'><strong>tantum</strong></span> <span class='ocrx_word' id='word_1_619' title='bbox 2947 1893 3126 1948; x_wconf 87' lang='lat' dir='ltr'><strong>inesse</strong></span> <span class='ocrx_word' id='word_1_620' title='bbox 3152 1893 3459 1961; x_wconf 62' lang='lat' dir='ltr'><strong>signiﬁcari.</strong></span> 
     </span>
    </p>
   </div>
   <div class='ocr_carea' id='block_1_80' title="bbox 1869 1984 3461 2055">
    <p class='ocr_par' dir='ltr' id='par_1_80' title="bbox 1869 1984 3461 2055">
     <span class='ocr_line' id='line_1_80' title="bbox 1869 1984 3461 2055; baseline -0.001 -16"><span class='ocrx_word' id='word_1_621' title='bbox 1869 1994 1974 2049; x_wconf 91' lang='lat' dir='ltr'><strong>tes,</strong></span> <span class='ocrx_word' id='word_1_622' title='bbox 2005 1994 2063 2039; x_wconf 90' lang='lat' dir='ltr'><strong>ut</strong></span> <span class='ocrx_word' id='word_1_623' title='bbox 2091 1984 2138 2039; x_wconf 89' lang='lat' dir='ltr'><strong>si</strong></span> <span class='ocrx_word' id='word_1_624' title='bbox 2166 1986 2284 2055; x_wconf 89' lang='lat' dir='ltr'><strong>quis</strong></span> <span class='ocrx_word' id='word_1_625' title='bbox 2312 1984 2540 2041; x_wconf 87' lang='lat' dir='ltr'><strong>Socrate</strong></span> <span class='ocrx_word' id='word_1_626' title='bbox 2561 1986 2683 2040; x_wconf 89' lang='lat' dir='ltr'><strong>vivo</strong></span> <span class='ocrx_word' id='word_1_627' title='bbox 2710 1984 2969 2040; x_wconf 89' lang='lat' dir='ltr'><strong>dixisset:</strong></span> <span class='ocrx_word' id='word_1_628' title='bbox 3001 1985 3251 2040; x_wconf 88' lang='lat' dir='ltr'><strong>Socrates</strong></span> <span class='ocrx_word' id='word_1_629' title='bbox 3278 1987 3461 2040; x_wconf 86' lang='lat' dir='ltr'><strong>calvus</strong></span> 
     </span>
    </p>
   </div>
   <div class='ocr_carea' id='block_1_81' title="bbox 1870 2074 3460 2148">
    <p class='ocr_par' dir='ltr' id='par_1_81' title="bbox 1870 2074 3460 2148">
     <span class='ocr_line' id='line_1_81' title="bbox 1870 2074 3460 2148; baseline -0.001 -16"><span class='ocrx_word' id='word_1_630' title='bbox 1870 2085 1976 2143; x_wconf 90' lang='lat' dir='ltr'><strong>est,</strong></span> <span class='ocrx_word' id='word_1_631' title='bbox 2008 2076 2142 2131; x_wconf 89' lang='lat' dir='ltr'><strong>alius</strong></span> <span class='ocrx_word' id='word_1_632' title='bbox 2176 2083 2420 2148; x_wconf 88' lang='lat' dir='ltr'><strong>negaret,</strong></span> <span class='ocrx_word' id='word_1_633' title='bbox 2443 2075 2695 2131; x_wconf 66' lang='lat' dir='ltr'><strong>SoOrates</strong></span> <span class='ocrx_word' id='word_1_634' title='bbox 2715 2075 2897 2131; x_wconf 89' lang='lat' dir='ltr'><strong>calvus</strong></span> <span class='ocrx_word' id='word_1_635' title='bbox 2925 2091 3030 2131; x_wconf 91' lang='lat' dir='ltr'><strong>non</strong></span> <span class='ocrx_word' id='word_1_636' title='bbox 3061 2085 3167 2131; x_wconf 90' lang='lat' dir='ltr'><strong>est.</strong></span> <span class='ocrx_word' id='word_1_637' title='bbox 3202 2074 3293 2129; x_wconf 87' lang='lat' dir='ltr'><strong>llla</strong></span> <span class='ocrx_word' id='word_1_638' title='bbox 3317 2077 3460 2130; x_wconf 91' lang='lat' dir='ltr'><strong>enim</strong></span> 
     </span>
    </p>
   </div>
   <div class='ocr_carea' id='block_1_82' title="bbox 1874 2165 3464 2236">
    <p class='ocr_par' dir='ltr' id='par_1_82' title="bbox 1874 2165 3464 2236">
     <span class='ocr_line' id='line_1_82' title="bbox 1874 2165 3464 2236; baseline 0 -16"><span class='ocrx_word' id='word_1_639' title='bbox 1874 2166 2052 2222; x_wconf 88' lang='lat' dir='ltr'><strong>inesse</strong></span> <span class='ocrx_word' id='word_1_640' title='bbox 2092 2168 2271 2236; x_wconf 90' lang='lat' dir='ltr'><strong>posuit</strong></span> <span class='ocrx_word' id='word_1_641' title='bbox 2298 2165 2507 2221; x_wconf 91' lang='lat' dir='ltr'><strong>Socrati</strong></span> <span class='ocrx_word' id='word_1_642' title='bbox 2533 2166 2839 2234; x_wconf 67' lang='lat' dir='ltr'><strong>calvitiem,</strong></span> <span class='ocrx_word' id='word_1_643' title='bbox 2872 2167 2957 2222; x_wconf 73' lang='lat' dir='ltr'><strong>illa</strong></span> <span class='ocrx_word' id='word_1_644' title='bbox 2998 2167 3264 2222; x_wconf 88' lang='lat' dir='ltr'><strong>calvitiem</strong></span> <span class='ocrx_word' id='word_1_645' title='bbox 3301 2183 3327 2219; x_wconf 88' lang='lat' dir='ltr'><strong>a</strong></span> <span class='ocrx_word' id='word_1_646' title='bbox 3361 2169 3464 2223; x_wconf 88' lang='lat' dir='ltr'><strong>So-</strong></span> 
     </span>
    </p>
   </div>
   <div class='ocr_carea' id='block_1_83' title="bbox 1873 2255 3467 2327">
    <p class='ocr_par' dir='ltr' id='par_1_83' title="bbox 1873 2255 3467 2327">
     <span class='ocr_line' id='line_1_83' title="bbox 1873 2255 3467 2327; baseline 0 -16"><span class='ocrx_word' id='word_1_647' title='bbox 1873 2265 2019 2311; x_wconf 89' lang='lat' dir='ltr'><strong>crate</strong></span> <span class='ocrx_word' id='word_1_648' title='bbox 2040 2255 2317 2326; x_wconf 86' lang='lat' dir='ltr'><strong>disjunxit.</strong></span> <span class='ocrx_word' id='word_1_649' title='bbox 2346 2256 2481 2313; x_wconf 79' lang='lat' dir='ltr'><strong>Aliae</strong></span> <span class='ocrx_word' id='word_1_650' title='bbox 2509 2271 2637 2312; x_wconf 87' lang='lat' dir='ltr'><strong>vero</strong></span> <span class='ocrx_word' id='word_1_651' title='bbox 2662 2267 2788 2312; x_wconf 89' lang='lat' dir='ltr'><strong>sunt</strong></span> <span class='ocrx_word' id='word_1_652' title='bbox 2815 2260 3156 2324; x_wconf 79' lang='lat' dir='ltr'><strong>necessariae,</strong></span> <span class='ocrx_word' id='word_1_653' title='bbox 3193 2266 3252 2313; x_wconf 91' lang='lat' dir='ltr'><strong>ut</strong></span> <span class='ocrx_word' id='word_1_654' title='bbox 3277 2258 3324 2313; x_wconf 92' lang='lat' dir='ltr'><strong>si</strong></span> <span class='ocrx_word' id='word_1_655' title='bbox 3347 2260 3467 2327; x_wconf 88' lang='lat' dir='ltr'><strong>quis</strong></span> 
     </span>
    </p>
   </div>
   <div class='ocr_carea' id='block_1_84' title="bbox 1872 2346 3464 2411">
    <p class='ocr_par' dir='ltr' id='par_1_84' title="bbox 1872 2346 3464 2411">
     <span class='ocr_line' id='line_1_84' title="bbox 1872 2346 3464 2411; baseline 0.002 -10"><span class='ocrx_word' id='word_1_656' title='bbox 1872 2346 2034 2411; x_wconf 88' lang='lat' dir='ltr'><strong>dicat,</strong></span> <span class='ocrx_word' id='word_1_657' title='bbox 2059 2346 2290 2402; x_wconf 86' lang='lat' dir='ltr'><strong>Necesse</strong></span> <span class='ocrx_word' id='word_1_658' title='bbox 2321 2356 2405 2402; x_wconf 87' lang='lat' dir='ltr'><strong>est</strong></span> <span class='ocrx_word' id='word_1_659' title='bbox 2448 2347 2618 2404; x_wconf 90' lang='lat' dir='ltr'><strong>solem</strong></span> <span class='ocrx_word' id='word_1_660' title='bbox 2652 2349 2808 2405; x_wconf 90' lang='lat' dir='ltr'><strong>anuis</strong></span> <span class='ocrx_word' id='word_1_661' title='bbox 2840 2349 3091 2404; x_wconf 91' lang='lat' dir='ltr'><strong>omnibus</strong></span> <span class='ocrx_word' id='word_1_662' title='bbox 3120 2350 3173 2403; x_wconf 94' lang='lat' dir='ltr'><strong>in</strong></span> <span class='ocrx_word' id='word_1_663' title='bbox 3224 2349 3464 2404; x_wconf 87' lang='lat' dir='ltr'><strong>Arietem</strong></span> 
     </span>
    </p>
   </div>
   <div class='ocr_carea' id='block_1_85' title="bbox 1874 2439 3465 2509">
    <p class='ocr_par' dir='ltr' id='par_1_85' title="bbox 1874 2439 3465 2509">
     <span class='ocr_line' id='line_1_85' title="bbox 1874 2439 3465 2509; baseline 0.002 -16"><span class='ocrx_word' id='word_1_664' title='bbox 1874 2454 2059 2494; x_wconf 87' lang='lat' dir='ltr'><strong>rursus</strong></span> <span class='ocrx_word' id='word_1_665' title='bbox 2092 2439 2291 2495; x_wconf 88' lang='lat' dir='ltr'><strong>redire.</strong></span> <span class='ocrx_word' id='word_1_666' title='bbox 2333 2439 2466 2494; x_wconf 80' lang='lat' dir='ltr'><strong>Rem</strong></span> <span class='ocrx_word' id='word_1_667' title='bbox 2502 2455 2732 2509; x_wconf 83' lang='lat' dir='ltr'><strong>namque</strong></span> <span class='ocrx_word' id='word_1_668' title='bbox 2778 2442 3139 2496; x_wconf 87' lang='lat' dir='ltr'><strong>necessariam</strong></span> <span class='ocrx_word' id='word_1_669' title='bbox 3180 2451 3235 2496; x_wconf 89' lang='lat' dir='ltr'><strong>et</strong></span> <span class='ocrx_word' id='word_1_670' title='bbox 3269 2456 3332 2496; x_wconf 92' lang='lat' dir='ltr'><strong>ex</strong></span> <span class='ocrx_word' id='word_1_671' title='bbox 3367 2458 3465 2496; x_wconf 87' lang='lat' dir='ltr'><strong>ne-</strong></span> 
     </span>
    </p>
   </div>
   <div class='ocr_carea' id='block_1_86' title="bbox 1874 2531 3467 2601">
    <p class='ocr_par' dir='ltr' id='par_1_86' title="bbox 1874 2531 3467 2601">
     <span class='ocr_line' id='line_1_86' title="bbox 1874 2531 3467 2601; baseline -0.001 -13"><span class='ocrx_word' id='word_1_672' title='bbox 1874 2533 2127 2588; x_wconf 81' lang='lat' dir='ltr'><strong>cessitate</strong></span> <span class='ocrx_word' id='word_1_673' title='bbox 2170 2531 2505 2588; x_wconf 78' lang='lat' dir='ltr'><strong>evenientem</strong></span> <span class='ocrx_word' id='word_1_674' title='bbox 2567 2533 2899 2601; x_wconf 72' lang='lat' dir='ltr'><strong>praedicans,</strong></span> <span class='ocrx_word' id='word_1_675' title='bbox 2962 2541 3147 2587; x_wconf 89' lang='lat' dir='ltr'><strong>totam</strong></span> <span class='ocrx_word' id='word_1_676' title='bbox 3201 2532 3325 2588; x_wconf 89' lang='lat' dir='ltr'><strong>fecit</strong></span> <span class='ocrx_word' id='word_1_677' title='bbox 3367 2547 3467 2587; x_wconf 83' lang='lat' dir='ltr'><strong>ne-</strong></span> 
     </span>
    </p>
   </div>
   <div class='ocr_carea' id='block_1_87' title="bbox 1874 2623 3466 2695">
    <p class='ocr_par' dir='ltr' id='par_1_87' title="bbox 1874 2623 3466 2695">
     <span class='ocr_line' id='line_1_87' title="bbox 1874 2623 3466 2695; baseline 0 -16"><span class='ocrx_word' id='word_1_678' title='bbox 1874 2625 2163 2680; x_wconf 89' lang='lat' dir='ltr'><strong>cessariam</strong></span> <span class='ocrx_word' id='word_1_679' title='bbox 2219 2623 2660 2695; x_wconf 86' lang='lat' dir='ltr'><strong>propositionem.</strong></span> <span class='ocrx_word' id='word_1_680' title='bbox 2716 2624 2846 2678; x_wconf 73' lang='lat' dir='ltr'><strong>Aliae</strong></span> <span class='ocrx_word' id='word_1_681' title='bbox 2902 2632 3078 2678; x_wconf 86' lang='lat' dir='ltr'><strong>autem</strong></span> <span class='ocrx_word' id='word_1_682' title='bbox 3151 2635 3274 2678; x_wconf 92' lang='lat' dir='ltr'><strong>sunt</strong></span> <span class='ocrx_word' id='word_1_683' title='bbox 3340 2640 3466 2679; x_wconf 65' lang='lat' dir='ltr'><strong>conc</strong></span> 
     </span>
    </p>
   </div>
   <div class='ocr_carea' id='block_1_88' title="bbox 1877 2715 3466 2787">
    <p class='ocr_par' dir='ltr' id='par_1_88' title="bbox 1877 2715 3466 2787">
     <span class='ocr_line' id='line_1_88' title="bbox 1877 2715 3466 2787; baseline 0 -17"><span class='ocrx_word' id='word_1_684' title='bbox 1877 2717 2187 2787; x_wconf 85' lang='lat' dir='ltr'><strong>tingentes,</strong></span> <span class='ocrx_word' id='word_1_685' title='bbox 2239 2732 2358 2786; x_wconf 74' lang='lat' dir='ltr'><strong>qua:</strong></span> <span class='ocrx_word' id='word_1_686' title='bbox 2389 2732 2509 2770; x_wconf 92' lang='lat' dir='ltr'><strong>cum</strong></span> <span class='ocrx_word' id='word_1_687' title='bbox 2565 2730 2672 2769; x_wconf 88' lang='lat' dir='ltr'><strong>non</strong></span> <span class='ocrx_word' id='word_1_688' title='bbox 2721 2715 2851 2784; x_wconf 90' lang='lat' dir='ltr'><strong>sint,</strong></span> <span class='ocrx_word' id='word_1_689' title='bbox 2902 2728 2994 2770; x_wconf 88' lang='lat' dir='ltr'><strong>cas</strong></span> <span class='ocrx_word' id='word_1_690' title='bbox 3054 2722 3230 2769; x_wconf 89' lang='lat' dir='ltr'><strong>tamen</strong></span> <span class='ocrx_word' id='word_1_691' title='bbox 3283 2716 3335 2769; x_wconf 91' lang='lat' dir='ltr'><strong>in</strong></span> <span class='ocrx_word' id='word_1_692' title='bbox 3390 2715 3466 2770; x_wconf 83' lang='lat' dir='ltr'><strong>lit-</strong></span> 
     </span>
    </p>
   </div>
   <div class='ocr_carea' id='block_1_89' title="bbox 1878 2808 3466 2880">
    <p class='ocr_par' dir='ltr' id='par_1_89' title="bbox 1878 2808 3466 2880">
     <span class='ocr_line' id='line_1_89' title="bbox 1878 2808 3466 2880; baseline -0.001 -14"><span class='ocrx_word' id='word_1_693' title='bbox 1878 2821 2053 2866; x_wconf 87' lang='lat' dir='ltr'><strong>turum</strong></span> <span class='ocrx_word' id='word_1_694' title='bbox 2106 2811 2327 2867; x_wconf 87' lang='lat' dir='ltr'><strong>evenire</strong></span> <span class='ocrx_word' id='word_1_695' title='bbox 2358 2810 2612 2880; x_wconf 87' lang='lat' dir='ltr'><strong>possibile</strong></span> <span class='ocrx_word' id='word_1_696' title='bbox 2640 2817 2739 2874; x_wconf 90' lang='lat' dir='ltr'><strong>est,</strong></span> <span class='ocrx_word' id='word_1_697' title='bbox 2766 2820 2821 2863; x_wconf 93' lang='lat' dir='ltr'><strong>ut</strong></span> <span class='ocrx_word' id='word_1_698' title='bbox 2851 2809 2893 2863; x_wconf 91' lang='lat' dir='ltr'><strong>si</strong></span> <span class='ocrx_word' id='word_1_699' title='bbox 2924 2809 3043 2880; x_wconf 92' lang='lat' dir='ltr'><strong>quis</strong></span> <span class='ocrx_word' id='word_1_700' title='bbox 3071 2808 3245 2863; x_wconf 89' lang='lat' dir='ltr'><strong>dicat:</strong></span> <span class='ocrx_word' id='word_1_701' title='bbox 3299 2809 3466 2864; x_wconf 80' lang='lat' dir='ltr'><strong>Hodie</strong></span> 
     </span>
    </p>
   </div>
   <div class='ocr_carea' id='block_1_90' title="bbox 1878 2903 3465 2977">
    <p class='ocr_par' dir='ltr' id='par_1_90' title="bbox 1878 2903 3465 2977">
     <span class='ocr_line' id='line_1_90' title="bbox 1878 2903 3465 2977; baseline -0.003 -13"><span class='ocrx_word' id='word_1_702' title='bbox 1878 2907 2183 2964; x_wconf 80' lang='lat' dir='ltr'><strong>Alexander</strong></span> <span class='ocrx_word' id='word_1_703' title='bbox 2224 2921 2520 2977; x_wconf 88' lang='lat' dir='ltr'><strong>pransurus</strong></span> <span class='ocrx_word' id='word_1_704' title='bbox 2550 2914 2673 2971; x_wconf 90' lang='lat' dir='ltr'><strong>est,</strong></span> <span class='ocrx_word' id='word_1_705' title='bbox 2730 2905 2888 2961; x_wconf 89' lang='lat' dir='ltr'><strong>hodie</strong></span> <span class='ocrx_word' id='word_1_706' title='bbox 2951 2903 3256 2960; x_wconf 80' lang='lat' dir='ltr'><strong>Alexander</strong></span> <span class='ocrx_word' id='word_1_707' title='bbox 3308 2919 3465 2975; x_wconf 86' lang='lat' dir='ltr'><strong>pran-</strong></span> 
     </span>
    </p>
   </div>
   <div class='ocr_carea' id='block_1_91' title="bbox 1874 2998 3467 3068">
    <p class='ocr_par' dir='ltr' id='par_1_91' title="bbox 1874 2998 3467 3068">
     <span class='ocr_line' id='line_1_91' title="bbox 1874 2998 3467 3068; baseline -0.002 -13"><span class='ocrx_word' id='word_1_708' title='bbox 1874 3014 2034 3055; x_wconf 90' lang='lat' dir='ltr'><strong>surus</strong></span> <span class='ocrx_word' id='word_1_709' title='bbox 2074 3014 2181 3053; x_wconf 87' lang='lat' dir='ltr'><strong>nou</strong></span> <span class='ocrx_word' id='word_1_710' title='bbox 2230 3005 2333 3054; x_wconf 88' lang='lat' dir='ltr'><strong>est.</strong></span> <span class='ocrx_word' id='word_1_711' title='bbox 2397 2998 2609 3053; x_wconf 86' lang='lat' dir='ltr'><strong>Etenim</strong></span> <span class='ocrx_word' id='word_1_712' title='bbox 2663 3012 2783 3052; x_wconf 91' lang='lat' dir='ltr'><strong>cum</strong></span> <span class='ocrx_word' id='word_1_713' title='bbox 2832 3000 2934 3053; x_wconf 90' lang='lat' dir='ltr'><strong>ista</strong></span> <span class='ocrx_word' id='word_1_714' title='bbox 2983 2998 3270 3065; x_wconf 87' lang='lat' dir='ltr'><strong>dicantur,</strong></span> <span class='ocrx_word' id='word_1_715' title='bbox 3331 3014 3467 3068; x_wconf 87' lang='lat' dir='ltr'><strong>quo-</strong></span> 
     </span>
    </p>
   </div>
   <div class='ocr_carea' id='block_1_92' title="bbox 1878 3089 3467 3158">
    <p class='ocr_par' dir='ltr' id='par_1_92' title="bbox 1878 3089 3467 3158">
     <span class='ocr_line' id='line_1_92' title="bbox 1878 3089 3467 3158; baseline 0 -13"><span class='ocrx_word' id='word_1_716' title='bbox 1878 3092 2020 3145; x_wconf 90' lang='lat' dir='ltr'><strong>niam</strong></span> <span class='ocrx_word' id='word_1_717' title='bbox 2075 3090 2151 3145; x_wconf 90' lang='lat' dir='ltr'><strong>illi</strong></span> <span class='ocrx_word' id='word_1_718' title='bbox 2207 3091 2382 3145; x_wconf 89' lang='lat' dir='ltr'><strong>adhuc</strong></span> <span class='ocrx_word' id='word_1_719' title='bbox 2435 3090 2697 3158; x_wconf 87' lang='lat' dir='ltr'><strong>prandere</strong></span> <span class='ocrx_word' id='word_1_720' title='bbox 2722 3104 2828 3144; x_wconf 90' lang='lat' dir='ltr'><strong>non</strong></span> <span class='ocrx_word' id='word_1_721' title='bbox 2874 3089 3035 3155; x_wconf 88' lang='lat' dir='ltr'><strong>inest,</strong></span> <span class='ocrx_word' id='word_1_722' title='bbox 3063 3091 3238 3144; x_wconf 89' lang='lat' dir='ltr'><strong>inesse</strong></span> <span class='ocrx_word' id='word_1_723' title='bbox 3288 3099 3467 3145; x_wconf 88' lang='lat' dir='ltr'><strong>tamen</strong></span> 
     </span>
    </p>
   </div>
   <div class='ocr_carea' id='block_1_93' title="bbox 1798 3183 3468 3268">
    <p class='ocr_par' dir='ltr' id='par_1_93' title="bbox 1798 3183 3468 3268">
     <span class='ocr_line' id='line_1_93' title="bbox 1798 3183 3468 3268; baseline -0.001 -28"><span class='ocrx_word' id='word_1_724' title='bbox 1798 3204 1845 3268; x_wconf 70' lang='grc' dir='ltr'><strong>ρ</strong></span> <span class='ocrx_word' id='word_1_725' title='bbox 1877 3185 2165 3254; x_wconf 86' lang='lat' dir='ltr'><strong>contingit,</strong></span> <span class='ocrx_word' id='word_1_726' title='bbox 2212 3194 2267 3238; x_wconf 91' lang='lat' dir='ltr'><strong>et</strong></span> <span class='ocrx_word' id='word_1_727' title='bbox 2308 3193 2485 3255; x_wconf 89' lang='lat' dir='ltr'><strong>potest</strong></span> <span class='ocrx_word' id='word_1_728' title='bbox 2514 3183 2630 3239; x_wconf 87' lang='lat' dir='ltr'><strong>ﬁeri</strong></span> <span class='ocrx_word' id='word_1_729' title='bbox 2669 3192 2727 3238; x_wconf 92' lang='lat' dir='ltr'><strong>ut</strong></span> <span class='ocrx_word' id='word_1_730' title='bbox 2766 3184 2924 3239; x_wconf 87' lang='lat' dir='ltr'><strong>hodie</strong></span> <span class='ocrx_word' id='word_1_731' title='bbox 2952 3184 3233 3254; x_wconf 88' lang='lat' dir='ltr'><strong>prandeat,</strong></span> <span class='ocrx_word' id='word_1_732' title='bbox 3266 3184 3468 3240; x_wconf 84' lang='lat' dir='ltr'><strong>idcirco</strong></span> 
     </span>
    </p>
   </div>
   <div class='ocr_carea' id='block_1_94' title="bbox 1876 3276 3468 3348">
    <p class='ocr_par' dir='ltr' id='par_1_94' title="bbox 1876 3276 3468 3348">
     <span class='ocr_line' id='line_1_94' title="bbox 1876 3276 3468 3348; baseline 0.002 -16"><span class='ocrx_word' id='word_1_733' title='bbox 1876 3277 2104 3332; x_wconf 74' lang='lat' dir='ltr'><strong>dicimts</strong></span> <span class='ocrx_word' id='word_1_734' title='bbox 2130 3292 2220 3332; x_wconf 88' lang='lat' dir='ltr'><strong>eas</strong></span> <span class='ocrx_word' id='word_1_735' title='bbox 2272 3276 2665 3346; x_wconf 81' lang='lat' dir='ltr'><strong>contingentes,</strong></span> <span class='ocrx_word' id='word_1_736' title='bbox 2690 3277 2949 3347; x_wconf 89' lang='lat' dir='ltr'><strong>contingit</strong></span> <span class='ocrx_word' id='word_1_737' title='bbox 2976 3277 3118 3331; x_wconf 92' lang='lat' dir='ltr'><strong>enim</strong></span> <span class='ocrx_word' id='word_1_738' title='bbox 3151 3276 3288 3340; x_wconf 74' lang='lat' dir='ltr'><strong>ﬁeri,</strong></span> <span class='ocrx_word' id='word_1_739' title='bbox 3328 3293 3468 3348; x_wconf 87' lang='lat' dir='ltr'><strong>quo-</strong></span> 
     </span>
    </p>
   </div>
   <div class='ocr_carea' id='block_1_95' title="bbox 1875 3366 3469 3439">
    <p class='ocr_par' dir='ltr' id='par_1_95' title="bbox 1875 3366 3469 3439">
     <span class='ocr_line' id='line_1_95' title="bbox 1875 3366 3469 3439; baseline 0.001 -16"><span class='ocrx_word' id='word_1_740' title='bbox 1875 3368 2020 3423; x_wconf 88' lang='lat' dir='ltr'><strong>niam</strong></span> <span class='ocrx_word' id='word_1_741' title='bbox 2044 3368 2215 3423; x_wconf 84' lang='lat' dir='ltr'><strong>adhuc</strong></span> <span class='ocrx_word' id='word_1_742' title='bbox 2240 3368 2475 3422; x_wconf 91' lang='lat' dir='ltr'><strong>nondum</strong></span> <span class='ocrx_word' id='word_1_743' title='bbox 2502 3366 2753 3422; x_wconf 85' lang='lat' dir='ltr'><strong>factaest.</strong></span> <span class='ocrx_word' id='word_1_744' title='bbox 2777 3368 2882 3423; x_wconf 89' lang='lat' dir='ltr'><strong>Sed</strong></span> <span class='ocrx_word' id='word_1_745' title='bbox 2916 3369 2997 3422; x_wconf 72' lang='lat' dir='ltr'><strong>ha:</strong></span> <span class='ocrx_word' id='word_1_746' title='bbox 3010 3383 3115 3424; x_wconf 91' lang='lat' dir='ltr'><strong>non</strong></span> <span class='ocrx_word' id='word_1_747' title='bbox 3146 3369 3324 3424; x_wconf 89' lang='lat' dir='ltr'><strong>insunt</strong></span> <span class='ocrx_word' id='word_1_748' title='bbox 3344 3369 3469 3439; x_wconf 88' lang='lat' dir='ltr'><strong>qui-</strong></span> 
     </span>
    </p>
   </div>
   <div class='ocr_carea' id='block_1_96' title="bbox 1874 3457 3467 3527">
    <p class='ocr_par' dir='ltr' id='par_1_96' title="bbox 1874 3457 3467 3527">
     <span class='ocr_line' id='line_1_96' title="bbox 1874 3457 3467 3527; baseline 0.001 -14"><span class='ocrx_word' id='word_1_749' title='bbox 1874 3459 2019 3526; x_wconf 89' lang='lat' dir='ltr'><strong>dem,</strong></span> <span class='ocrx_word' id='word_1_750' title='bbox 2046 3468 2104 3513; x_wconf 91' lang='lat' dir='ltr'><strong>ut</strong></span> <span class='ocrx_word' id='word_1_751' title='bbox 2127 3458 2326 3514; x_wconf 93' lang='lat' dir='ltr'><strong>dictum</strong></span> <span class='ocrx_word' id='word_1_752' title='bbox 2355 3469 2460 3513; x_wconf 91' lang='lat' dir='ltr'><strong>est.</strong></span> <span class='ocrx_word' id='word_1_753' title='bbox 2490 3458 2627 3513; x_wconf 91' lang='lat' dir='ltr'><strong>Sunt</strong></span> <span class='ocrx_word' id='word_1_754' title='bbox 2649 3458 2790 3512; x_wconf 92' lang='lat' dir='ltr'><strong>enim</strong></span> <span class='ocrx_word' id='word_1_755' title='bbox 2824 3457 2983 3513; x_wconf 90' lang='lat' dir='ltr'><strong>futuri</strong></span> <span class='ocrx_word' id='word_1_756' title='bbox 3013 3464 3288 3527; x_wconf 82' lang='lat' dir='ltr'><strong>temporis.</strong></span> <span class='ocrx_word' id='word_1_757' title='bbox 3334 3461 3467 3526; x_wconf 63' lang='lat' dir='ltr'><strong>Quae</strong></span> 
     </span>
    </p>
   </div>
   <div class='ocr_carea' id='block_1_97' title="bbox 1876 3548 3462 3620">
    <p class='ocr_par' dir='ltr' id='par_1_97' title="bbox 1876 3548 3462 3620">
     <span class='ocr_line' id='line_1_97' title="bbox 1876 3548 3462 3620; baseline 0.003 -17"><span class='ocrx_word' id='word_1_758' title='bbox 1876 3560 2053 3605; x_wconf 91' lang='lat' dir='ltr'><strong>autem</strong></span> <span class='ocrx_word' id='word_1_759' title='bbox 2089 3564 2195 3604; x_wconf 89' lang='lat' dir='ltr'><strong>non</strong></span> <span class='ocrx_word' id='word_1_760' title='bbox 2226 3550 2431 3618; x_wconf 90' lang='lat' dir='ltr'><strong>insunt,</strong></span> <span class='ocrx_word' id='word_1_761' title='bbox 2482 3548 2578 3604; x_wconf 91' lang='lat' dir='ltr'><strong>sed</strong></span> <span class='ocrx_word' id='word_1_762' title='bbox 2636 3551 2810 3605; x_wconf 81' lang='lat' dir='ltr'><strong>inesse</strong></span> <span class='ocrx_word' id='word_1_763' title='bbox 2864 3559 3108 3620; x_wconf 89' lang='lat' dir='ltr'><strong>possunt,</strong></span> <span class='ocrx_word' id='word_1_764' title='bbox 3144 3554 3462 3608; x_wconf 74' lang='lat' dir='ltr'><strong>necessaria:</strong></span> 
     </span>
    </p>
   </div>
   <div class='ocr_carea' id='block_1_98' title="bbox 1875 3639 3466 3710">
    <p class='ocr_par' dir='ltr' id='par_1_98' title="bbox 1875 3639 3466 3710">
     <span class='ocr_line' id='line_1_98' title="bbox 1875 3639 3466 3710; baseline -0.001 -13"><span class='ocrx_word' id='word_1_765' title='bbox 1875 3658 1982 3697; x_wconf 89' lang='lat' dir='ltr'><strong>non</strong></span> <span class='ocrx_word' id='word_1_766' title='bbox 2010 3652 2152 3707; x_wconf 88' lang='lat' dir='ltr'><strong>sunt,</strong></span> <span class='ocrx_word' id='word_1_767' title='bbox 2189 3641 2440 3710; x_wconf 87' lang='lat' dir='ltr'><strong>quoniam</strong></span> <span class='ocrx_word' id='word_1_768' title='bbox 2475 3639 2784 3708; x_wconf 87' lang='lat' dir='ltr'><strong>hujusmodi</strong></span> <span class='ocrx_word' id='word_1_769' title='bbox 2812 3640 3043 3696; x_wconf 88' lang='lat' dir='ltr'><strong>retinent</strong></span> <span class='ocrx_word' id='word_1_770' title='bbox 3092 3651 3333 3695; x_wconf 87' lang='lat' dir='ltr'><strong>naturam</strong></span> <span class='ocrx_word' id='word_1_771' title='bbox 3362 3682 3376 3706; x_wconf 91' lang='lat'><strong>,</strong></span> <span class='ocrx_word' id='word_1_772' title='bbox 3407 3652 3466 3696; x_wconf 92' lang='lat' dir='ltr'><strong>ut</strong></span> 
     </span>
    </p>
   </div>
   <div class='ocr_carea' id='block_1_99' title="bbox 1874 3734 3459 3803">
    <p class='ocr_par' dir='ltr' id='par_1_99' title="bbox 1874 3734 3459 3803">
     <span class='ocr_line' id='line_1_99' title="bbox 1874 3734 3459 3803; baseline -0.001 -12"><span class='ocrx_word' id='word_1_773' title='bbox 1874 3752 1965 3791; x_wconf 77' lang='lat' dir='ltr'><strong>eas</strong></span> <span class='ocrx_word' id='word_1_774' title='bbox 1996 3744 2211 3800; x_wconf 89' lang='lat' dir='ltr'><strong>etesse,</strong></span> <span class='ocrx_word' id='word_1_775' title='bbox 2242 3744 2294 3787; x_wconf 90' lang='lat' dir='ltr'><strong>et</strong></span> <span class='ocrx_word' id='word_1_776' title='bbox 2341 3747 2444 3787; x_wconf 92' lang='lat' dir='ltr'><strong>non</strong></span> <span class='ocrx_word' id='word_1_777' title='bbox 2474 3748 2595 3790; x_wconf 86' lang='lat' dir='ltr'><strong>esse</strong></span> <span class='ocrx_word' id='word_1_778' title='bbox 2650 3734 2904 3803; x_wconf 89' lang='lat' dir='ltr'><strong>possibile</strong></span> <span class='ocrx_word' id='word_1_779' title='bbox 2934 3734 3041 3801; x_wconf 88' lang='lat' dir='ltr'><strong>sit,</strong></span> <span class='ocrx_word' id='word_1_780' title='bbox 3095 3743 3270 3803; x_wconf 80' lang='lat' dir='ltr'><strong>potest</strong></span> <span class='ocrx_word' id='word_1_781' title='bbox 3317 3736 3459 3790; x_wconf 88' lang='lat' dir='ltr'><strong>enim</strong></span> 
     </span>
    </p>
   </div>
   <div class='ocr_carea' id='block_1_100' title="bbox 1874 3825 3498 3895">
    <p class='ocr_par' dir='ltr' id='par_1_100' title="bbox 1874 3825 3498 3895">
     <span class='ocr_line' id='line_1_100' title="bbox 1874 3825 3498 3895; baseline 0 -13"><span class='ocrx_word' id='word_1_782' title='bbox 1874 3827 1992 3882; x_wconf 79' lang='lat' dir='ltr'><strong>ﬁeri</strong></span> <span class='ocrx_word' id='word_1_783' title='bbox 2041 3836 2098 3880; x_wconf 92' lang='lat' dir='ltr'><strong>ut</strong></span> <span class='ocrx_word' id='word_1_784' title='bbox 2127 3825 2287 3882; x_wconf 90' lang='lat' dir='ltr'><strong>hodie</strong></span> <span class='ocrx_word' id='word_1_785' title='bbox 2312 3825 2616 3880; x_wconf 75' lang='lat' dir='ltr'><strong>Alexander</strong></span> <span class='ocrx_word' id='word_1_786' title='bbox 2647 3826 2927 3895; x_wconf 88' lang='lat' dir='ltr'><strong>prandeat,</strong></span> <span class='ocrx_word' id='word_1_787' title='bbox 2959 3834 3014 3879; x_wconf 88' lang='lat' dir='ltr'><strong>et</strong></span> <span class='ocrx_word' id='word_1_788' title='bbox 3043 3841 3228 3881; x_wconf 91' lang='lat' dir='ltr'><strong>rursus</strong></span> <span class='ocrx_word' id='word_1_789' title='bbox 3260 3826 3375 3881; x_wconf 84' lang='lat' dir='ltr'><strong>fieri</strong></span> <span class='ocrx_word' id='word_1_790' title='bbox 3409 3834 3498 3882; x_wconf 55' lang='lat' dir='ltr'><strong>ut.</strong></span> 
     </span>
    </p>
   </div>
   <div class='ocr_carea' id='block_1_101' title="bbox 1875 3916 3467 3988">
    <p class='ocr_par' dir='ltr' id='par_1_101' title="bbox 1875 3916 3467 3988">
     <span class='ocr_line' id='line_1_101' title="bbox 1875 3916 3467 3988; baseline 0 -14"><span class='ocrx_word' id='word_1_791' title='bbox 1875 3919 2032 3974; x_wconf 88' lang='lat' dir='ltr'><strong>hodie</strong></span> <span class='ocrx_word' id='word_1_792' title='bbox 2057 3933 2161 3974; x_wconf 88' lang='lat' dir='ltr'><strong>non</strong></span> <span class='ocrx_word' id='word_1_793' title='bbox 2195 3917 2478 3988; x_wconf 88' lang='lat' dir='ltr'><strong>prandeat.</strong></span> <span class='ocrx_word' id='word_1_794' title='bbox 2515 3918 2581 3971; x_wconf 73' lang='lat' dir='ltr'><strong>Et</strong></span> <span class='ocrx_word' id='word_1_795' title='bbox 2610 3916 2748 3972; x_wconf 91' lang='lat' dir='ltr'><strong>hanc</strong></span> <span class='ocrx_word' id='word_1_796' title='bbox 2777 3918 3058 3973; x_wconf 89' lang='lat' dir='ltr'><strong>evenieudi</strong></span> <span class='ocrx_word' id='word_1_797' title='bbox 3086 3919 3169 3973; x_wconf 87' lang='lat' dir='ltr'><strong>vel</strong></span> <span class='ocrx_word' id='word_1_798' title='bbox 3198 3934 3301 3972; x_wconf 90' lang='lat' dir='ltr'><strong>non</strong></span> <span class='ocrx_word' id='word_1_799' title='bbox 3339 3934 3467 3974; x_wconf 78' lang='lat' dir='ltr'><strong>eve-</strong></span> 
     </span>
    </p>
   </div>
   <div class='ocr_carea' id='block_1_102' title="bbox 1874 4010 3463 4081">
    <p class='ocr_par' dir='ltr' id='par_1_102' title="bbox 1874 4010 3463 4081">
     <span class='ocr_line' id='line_1_102' title="bbox 1874 4010 3463 4081; baseline 0.001 -15"><span class='ocrx_word' id='word_1_800' title='bbox 1874 4011 2055 4068; x_wconf 89' lang='lat' dir='ltr'><strong>niendi</strong></span> <span class='ocrx_word' id='word_1_801' title='bbox 2083 4010 2511 4081; x_wconf 89' lang='lat' dir='ltr'><strong>possibilitatem,</strong></span> <span class='ocrx_word' id='word_1_802' title='bbox 2546 4010 2860 4065; x_wconf 84' lang='lat' dir='ltr'><strong>utrumlibet</strong></span> <span class='ocrx_word' id='word_1_803' title='bbox 2891 4025 3166 4065; x_wconf 90' lang='lat' dir='ltr'><strong>vocamus.</strong></span> <span class='ocrx_word' id='word_1_804' title='bbox 3195 4012 3248 4065; x_wconf 92' lang='lat' dir='ltr'><strong>In</strong></span> <span class='ocrx_word' id='word_1_805' title='bbox 3274 4012 3463 4079; x_wconf 75' lang='lat' dir='ltr'><strong>hujus-</strong></span> 
     </span>
    </p>
   </div>
   <div class='ocr_carea' id='block_1_103' title="bbox 1872 4103 3461 4173">
    <p class='ocr_par' dir='ltr' id='par_1_103' title="bbox 1872 4103 3461 4173">
     <span class='ocr_line' id='line_1_103' title="bbox 1872 4103 3461 4173; baseline -0.003 -12"><span class='ocrx_word' id='word_1_806' title='bbox 1872 4106 2014 4161; x_wconf 87' lang='lat' dir='ltr'><strong>tnodi</strong></span> <span class='ocrx_word' id='word_1_807' title='bbox 2048 4106 2191 4160; x_wconf 87' lang='lat' dir='ltr'><strong>enim</strong></span> <span class='ocrx_word' id='word_1_808' title='bbox 2236 4104 2399 4161; x_wconf 83' lang='lat' dir='ltr'><strong>rebus</strong></span> <span class='ocrx_word' id='word_1_809' title='bbox 2439 4103 2752 4159; x_wconf 86' lang='lat' dir='ltr'><strong>utrumlibet</strong></span> <span class='ocrx_word' id='word_1_810' title='bbox 2792 4104 3068 4173; x_wconf 87' lang='lat' dir='ltr'><strong>contingit,</strong></span> <span class='ocrx_word' id='word_1_811' title='bbox 3106 4113 3197 4157; x_wconf 90' lang='lat' dir='ltr'><strong>aut</strong></span> <span class='ocrx_word' id='word_1_812' title='bbox 3227 4105 3461 4158; x_wconf 86' lang='lat' dir='ltr'><strong>afﬁrma-</strong></span> 
     </span>
    </p>
   </div>
   <div class='ocr_carea' id='block_1_104' title="bbox 1874 4194 3462 4265">
    <p class='ocr_par' dir='ltr' id='par_1_104' title="bbox 1874 4194 3462 4265">
     <span class='ocr_line' id='line_1_104' title="bbox 1874 4194 3462 4265; baseline 0 -16"><span class='ocrx_word' id='word_1_813' title='bbox 1874 4196 1972 4261; x_wconf 91' lang='lat' dir='ltr'><strong>tio,</strong></span> <span class='ocrx_word' id='word_1_814' title='bbox 2004 4204 2095 4249; x_wconf 91' lang='lat' dir='ltr'><strong>aut</strong></span> <span class='ocrx_word' id='word_1_815' title='bbox 2125 4194 2362 4265; x_wconf 87' lang='lat' dir='ltr'><strong>negatio,</strong></span> <span class='ocrx_word' id='word_1_816' title='bbox 2395 4203 2451 4248; x_wconf 92' lang='lat' dir='ltr'><strong>et</strong></span> <span class='ocrx_word' id='word_1_817' title='bbox 2481 4209 2586 4248; x_wconf 91' lang='lat' dir='ltr'><strong>non</strong></span> <span class='ocrx_word' id='word_1_818' title='bbox 2635 4200 2722 4248; x_wconf 88' lang='lat' dir='ltr'><strong>est</strong></span> <span class='ocrx_word' id='word_1_819' title='bbox 2753 4209 2977 4249; x_wconf 88' lang='lat' dir='ltr'><strong>necesse</strong></span> <span class='ocrx_word' id='word_1_820' title='bbox 3018 4204 3109 4247; x_wconf 91' lang='lat' dir='ltr'><strong>aut</strong></span> <span class='ocrx_word' id='word_1_821' title='bbox 3140 4194 3462 4249; x_wconf 84' lang='lat' dir='ltr'><strong>afﬁrmatio-</strong></span> 
     </span>
    </p>
   </div>
   <div class='ocr_carea' id='block_1_105' title="bbox 1874 4287 3450 4356">
    <p class='ocr_par' dir='ltr' id='par_1_105' title="bbox 1874 4287 3450 4356">
     <span class='ocr_line' id='line_1_105' title="bbox 1874 4287 3450 4356; baseline -0.001 -12"><span class='ocrx_word' id='word_1_822' title='bbox 1874 4304 1996 4344; x_wconf 75' lang='lat' dir='ltr'><strong>lcm</strong></span> <span class='ocrx_word' id='word_1_823' title='bbox 2032 4288 2167 4351; x_wconf 89' lang='lat' dir='ltr'><strong>ﬁeri,</strong></span> <span class='ocrx_word' id='word_1_824' title='bbox 2210 4297 2304 4341; x_wconf 91' lang='lat' dir='ltr'><strong>aut</strong></span> <span class='ocrx_word' id='word_1_825' title='bbox 2347 4287 2709 4356; x_wconf 88' lang='lat' dir='ltr'><strong>negationem.</strong></span> <span class='ocrx_word' id='word_1_826' title='bbox 2744 4287 2875 4341; x_wconf 71' lang='lat' dir='ltr'><strong>Nam</strong></span> <span class='ocrx_word' id='word_1_827' title='bbox 2902 4302 3022 4342; x_wconf 90' lang='lat' dir='ltr'><strong>cum</strong></span> <span class='ocrx_word' id='word_1_828' title='bbox 3063 4304 3165 4342; x_wconf 91' lang='lat' dir='ltr'><strong>non</strong></span> <span class='ocrx_word' id='word_1_829' title='bbox 3207 4290 3275 4343; x_wconf 89' lang='lat' dir='ltr'><strong>sit</strong></span> <span class='ocrx_word' id='word_1_830' title='bbox 3305 4289 3450 4343; x_wconf 87' lang='lat' dir='ltr'><strong>afﬁr-</strong></span> 
     </span>
    </p>
   </div>
   <div class='ocr_carea' id='block_1_106' title="bbox 1873 4377 3457 4451">
    <p class='ocr_par' dir='ltr' id='par_1_106' title="bbox 1873 4377 3457 4451">
     <span class='ocr_line' id='line_1_106' title="bbox 1873 4377 3457 4451; baseline -0.002 -16"><span class='ocrx_word' id='word_1_831' title='bbox 1873 4380 2036 4435; x_wconf 77' lang='lat' dir='ltr'><strong>matio</strong></span> <span class='ocrx_word' id='word_1_832' title='bbox 2077 4379 2411 4444; x_wconf 79' lang='lat' dir='ltr'><strong>necessaria,</strong></span> <span class='ocrx_word' id='word_1_833' title='bbox 2448 4393 2577 4432; x_wconf 20' lang='lat' dir='ltr'><strong>non,</strong></span> <span class='ocrx_word' id='word_1_834' title='bbox 2610 4377 2958 4433; x_wconf 86' lang='lat' dir='ltr'><strong>interclusum</strong></span> <span class='ocrx_word' id='word_1_835' title='bbox 3010 4388 3091 4434; x_wconf 88' lang='lat' dir='ltr'><strong>cst</strong></span> <span class='ocrx_word' id='word_1_836' title='bbox 3143 4382 3457 4451; x_wconf 82' lang='lat' dir='ltr'><strong>contingere</strong></span> 
     </span>
    </p>
   </div>
   <div class='ocr_carea' id='block_1_107' title="bbox 1873 4469 3458 4544">
    <p class='ocr_par' dir='ltr' id='par_1_107' title="bbox 1873 4469 3458 4544">
     <span class='ocr_line' id='line_1_107' title="bbox 1873 4469 3458 4544; baseline 0.002 -19"><span class='ocrx_word' id='word_1_837' title='bbox 1873 4471 2234 4540; x_wconf 87' lang='lat' dir='ltr'><strong>negationem.</strong></span> <span class='ocrx_word' id='word_1_838' title='bbox 2269 4469 2473 4524; x_wconf 82' lang='lat' dir='ltr'><strong>Rursus</strong></span> <span class='ocrx_word' id='word_1_839' title='bbox 2503 4484 2624 4524; x_wconf 93' lang='lat' dir='ltr'><strong>cum</strong></span> <span class='ocrx_word' id='word_1_840' title='bbox 2655 4471 2869 4541; x_wconf 90' lang='lat' dir='ltr'><strong>negatio</strong></span> <span class='ocrx_word' id='word_1_841' title='bbox 2898 4473 3199 4525; x_wconf 81' lang='lat' dir='ltr'><strong>necessaria</strong></span> <span class='ocrx_word' id='word_1_842' title='bbox 3234 4488 3336 4527; x_wconf 92' lang='lat' dir='ltr'><strong>nou</strong></span> <span class='ocrx_word' id='word_1_843' title='bbox 3365 4475 3458 4544; x_wconf 90' lang='lat' dir='ltr'><strong>sit,</strong></span> 
     </span>
    </p>
   </div>
   <div class='ocr_carea' id='block_1_108' title="bbox 1874 4561 3463 4634">
    <p class='ocr_par' dir='ltr' id='par_1_108' title="bbox 1874 4561 3463 4634">
     <span class='ocr_line' id='line_1_108' title="bbox 1874 4561 3463 4634; baseline 0.003 -17"><span class='ocrx_word' id='word_1_844' title='bbox 1874 4562 2141 4618; x_wconf 90' lang='lat' dir='ltr'><strong>interdum</strong></span> <span class='ocrx_word' id='word_1_845' title='bbox 2166 4561 2379 4627; x_wconf 90' lang='lat' dir='ltr'><strong>accidit,</strong></span> <span class='ocrx_word' id='word_1_846' title='bbox 2406 4570 2464 4617; x_wconf 92' lang='lat' dir='ltr'><strong>ut</strong></span> <span class='ocrx_word' id='word_1_847' title='bbox 2492 4561 2780 4616; x_wconf 68' lang='lat' dir='ltr'><strong>afﬁrmatio</strong></span> <span class='ocrx_word' id='word_1_848' title='bbox 2811 4564 3106 4634; x_wconf 88' lang='lat' dir='ltr'><strong>contingat.</strong></span> <span class='ocrx_word' id='word_1_849' title='bbox 3130 4564 3308 4631; x_wconf 90' lang='lat' dir='ltr'><strong>Quare</strong></span> <span class='ocrx_word' id='word_1_850' title='bbox 3345 4567 3463 4621; x_wconf 73' lang='lat' dir='ltr'><strong>hanc</strong></span> 
     </span>
    </p>
   </div>
   <div class='ocr_carea' id='block_1_109' title="bbox 1873 4654 3455 4725">
    <p class='ocr_par' dir='ltr' id='par_1_109' title="bbox 1873 4654 3455 4725">
     <span class='ocr_line' id='line_1_109' title="bbox 1873 4654 3455 4725; baseline 0.003 -16"><span class='ocrx_word' id='word_1_851' title='bbox 1873 4654 2178 4725; x_wconf 86' lang='lat' dir='ltr'><strong>hujusmodi</strong></span> <span class='ocrx_word' id='word_1_852' title='bbox 2246 4654 2526 4709; x_wconf 89' lang='lat' dir='ltr'><strong>cvenieudi</strong></span> <span class='ocrx_word' id='word_1_853' title='bbox 2571 4663 2625 4707; x_wconf 86' lang='lat' dir='ltr'><strong>et</strong></span> <span class='ocrx_word' id='word_1_854' title='bbox 2680 4669 2787 4708; x_wconf 91' lang='lat' dir='ltr'><strong>non</strong></span> <span class='ocrx_word' id='word_1_855' title='bbox 2843 4655 3127 4710; x_wconf 84' lang='lat' dir='ltr'><strong>eveuicndi</strong></span> <span class='ocrx_word' id='word_1_856' title='bbox 3178 4658 3455 4725; x_wconf 81' lang='lat' dir='ltr'><strong>potentia,</strong></span> 
     </span>
    </p>
   </div>
   <div class='ocr_carea' id='block_1_110' title="bbox 1873 4743 3460 4813">
    <p class='ocr_par' dir='ltr' id='par_1_110' title="bbox 1873 4743 3460 4813">
     <span class='ocr_line' id='line_1_110' title="bbox 1873 4743 3460 4813; baseline 0.004 -14"><span class='ocrx_word' id='word_1_857' title='bbox 1873 4746 2187 4799; x_wconf 73' lang='lat' dir='ltr'><strong>utrumlibet</strong></span> <span class='ocrx_word' id='word_1_858' title='bbox 2237 4753 2479 4799; x_wconf 87' lang='lat' dir='ltr'><strong>vocatur.</strong></span> <span class='ocrx_word' id='word_1_859' title='bbox 2512 4743 2663 4811; x_wconf 86' lang='lat' dir='ltr'><strong>Quod</strong></span> <span class='ocrx_word' id='word_1_860' title='bbox 2700 4745 2752 4799; x_wconf 91' lang='lat' dir='ltr'><strong>in</strong></span> <span class='ocrx_word' id='word_1_861' title='bbox 2785 4744 2868 4800; x_wconf 84' lang='lat' dir='ltr'><strong>itis</strong></span> <span class='ocrx_word' id='word_1_862' title='bbox 2920 4748 3250 4813; x_wconf 88' lang='lat' dir='ltr'><strong>utrumlibet,</strong></span> <span class='ocrx_word' id='word_1_863' title='bbox 3296 4750 3345 4803; x_wconf 90' lang='lat' dir='ltr'><strong>id</strong></span> <span class='ocrx_word' id='word_1_864' title='bbox 3376 4759 3460 4805; x_wconf 87' lang='lat' dir='ltr'><strong>est</strong></span> 
     </span>
    </p>
   </div>
   <div class='ocr_carea' id='block_1_111' title="bbox 1870 4837 3457 4907">
    <p class='ocr_par' dir='ltr' id='par_1_111' title="bbox 1870 4837 3457 4907">
     <span class='ocr_line' id='line_1_111' title="bbox 1870 4837 3457 4907; baseline 0.004 -18"><span class='ocrx_word' id='word_1_865' title='bbox 1870 4838 1958 4893; x_wconf 92' lang='lat' dir='ltr'><strong>vel</strong></span> <span class='ocrx_word' id='word_1_866' title='bbox 1982 4837 2369 4892; x_wconf 85' lang='lat' dir='ltr'><strong>aflirmationes</strong></span> <span class='ocrx_word' id='word_1_867' title='bbox 2398 4837 2481 4891; x_wconf 85' lang='lat' dir='ltr'><strong>vel</strong></span> <span class='ocrx_word' id='word_1_868' title='bbox 2509 4840 3093 4907; x_wconf 46' lang='lat' dir='ltr'><strong>negationesgcvenim</strong></span> <span class='ocrx_word' id='word_1_869' title='bbox 3123 4843 3457 4897; x_wconf 86' lang='lat' dir='ltr'><strong>conceditur.</strong></span> 
     </span>
    </p>
   </div>
   <div class='ocr_carea' id='block_1_112' title="bbox 1868 4927 3462 5002">
    <p class='ocr_par' dir='ltr' id='par_1_112' title="bbox 1868 4927 3462 5002">
     <span class='ocr_line' id='line_1_112' title="bbox 1868 4927 3462 5002; baseline 0.001 -18"><span class='ocrx_word' id='word_1_870' title='bbox 1868 4929 2021 4984; x_wconf 87' lang='lat' dir='ltr'><strong>Nunc</strong></span> <span class='ocrx_word' id='word_1_871' title='bbox 2069 4944 2197 5000; x_wconf 87' lang='lat' dir='ltr'><strong>ergo</strong></span> <span class='ocrx_word' id='word_1_872' title='bbox 2246 4927 2558 4984; x_wconf 81' lang='lat' dir='ltr'><strong>Aristoteles</strong></span> <span class='ocrx_word' id='word_1_873' title='bbox 2600 4930 2699 4983; x_wconf 90' lang='lat' dir='ltr'><strong>hoc</strong></span> <span class='ocrx_word' id='word_1_874' title='bbox 2743 4930 3066 4985; x_wconf 87' lang='lat' dir='ltr'><strong>validissima</strong></span> <span class='ocrx_word' id='word_1_875' title='bbox 3120 4943 3462 5002; x_wconf 87' lang='lat' dir='ltr'><strong>argumenta-</strong></span> 
     </span>
    </p>
   </div>
   <div class='ocr_carea' id='block_1_113' title="bbox 1869 5021 3463 5095">
    <p class='ocr_par' dir='ltr' id='par_1_113' title="bbox 1869 5021 3463 5095">
     <span class='ocr_line' id='line_1_113' title="bbox 1869 5021 3463 5095; baseline 0.003 -18"><span class='ocrx_word' id='word_1_876' title='bbox 1869 5024 2013 5077; x_wconf 88' lang='lat' dir='ltr'><strong>tione</strong></span> <span class='ocrx_word' id='word_1_877' title='bbox 2033 5021 2586 5087; x_wconf 85' lang='lat' dir='ltr'><strong>contenditastruere,</strong></span> <span class='ocrx_word' id='word_1_878' title='bbox 2618 5021 2758 5092; x_wconf 91' lang='lat' dir='ltr'><strong>quod</strong></span> <span class='ocrx_word' id='word_1_879' title='bbox 2783 5024 3229 5091; x_wconf 85' lang='lat' dir='ltr'><strong>quemadmodum</strong></span> <span class='ocrx_word' id='word_1_880' title='bbox 3248 5027 3300 5078; x_wconf 92' lang='lat' dir='ltr'><strong>in</strong></span> <span class='ocrx_word' id='word_1_881' title='bbox 3325 5041 3463 5095; x_wconf 67' lang='lat' dir='ltr'><strong>pra:-</strong></span> 
     </span>
    </p>
   </div>
   <div class='ocr_carea' id='block_1_114' title="bbox 1870 5112 3463 5183">
    <p class='ocr_par' dir='ltr' id='par_1_114' title="bbox 1870 5112 3463 5183">
     <span class='ocr_line' id='line_1_114' title="bbox 1870 5112 3463 5183; baseline 0.003 -16"><span class='ocrx_word' id='word_1_882' title='bbox 1870 5114 2067 5179; x_wconf 86' lang='lat' dir='ltr'><strong>teritis,</strong></span> <span class='ocrx_word' id='word_1_883' title='bbox 2095 5120 2150 5167; x_wconf 91' lang='lat' dir='ltr'><strong>et</strong></span> <span class='ocrx_word' id='word_1_884' title='bbox 2176 5112 2229 5167; x_wconf 91' lang='lat' dir='ltr'><strong>in</strong></span> <span class='ocrx_word' id='word_1_885' title='bbox 2282 5112 2367 5165; x_wconf 90' lang='lat' dir='ltr'><strong>his</strong></span> <span class='ocrx_word' id='word_1_886' title='bbox 2412 5128 2531 5183; x_wconf 81' lang='lat' dir='ltr'><strong>quae</strong></span> <span class='ocrx_word' id='word_1_887' title='bbox 2560 5123 2687 5167; x_wconf 83' lang='lat' dir='ltr'><strong>sunt</strong></span> <span class='ocrx_word' id='word_1_888' title='bbox 2721 5114 3027 5183; x_wconf 69' lang='lat' dir='ltr'><strong>prmsentia,</strong></span> <span class='ocrx_word' id='word_1_889' title='bbox 3065 5130 3169 5170; x_wconf 83' lang='lat' dir='ltr'><strong>non</strong></span> <span class='ocrx_word' id='word_1_890' title='bbox 3200 5118 3358 5170; x_wconf 89' lang='lat' dir='ltr'><strong>modo</strong></span> <span class='ocrx_word' id='word_1_891' title='bbox 3405 5117 3463 5171; x_wconf 91' lang='lat' dir='ltr'><strong>in</strong></span> 
     </span>
    </p>
   </div>
   <div class='ocr_carea' id='block_1_115' title="bbox 1870 5212 3455 5282">
    <p class='ocr_par' dir='ltr' id='par_1_115' title="bbox 1870 5212 3455 5282">
     <span class='ocr_line' id='line_1_115' title="bbox 1870 5212 3455 5282; baseline 0.003 -15"><span class='ocrx_word' id='word_1_892' title='bbox 1870 5213 2229 5268; x_wconf 83' lang='lat' dir='ltr'><strong>affirmatione</strong></span> <span class='ocrx_word' id='word_1_893' title='bbox 2258 5222 2312 5266; x_wconf 94' lang='lat' dir='ltr'><strong>et</strong></span> <span class='ocrx_word' id='word_1_894' title='bbox 2338 5212 2642 5282; x_wconf 86' lang='lat' dir='ltr'><strong>negatione,</strong></span> <span class='ocrx_word' id='word_1_895' title='bbox 2679 5228 2838 5268; x_wconf 90' lang='lat' dir='ltr'><strong>unam</strong></span> <span class='ocrx_word' id='word_1_896' title='bbox 2866 5229 3071 5278; x_wconf 90' lang='lat' dir='ltr'><strong>veram,</strong></span> <span class='ocrx_word' id='word_1_897' title='bbox 3100 5215 3324 5271; x_wconf 90' lang='lat' dir='ltr'><strong>alteram</strong></span> <span class='ocrx_word' id='word_1_898' title='bbox 3353 5215 3455 5271; x_wconf 82' lang='lat' dir='ltr'><strong>fal-</strong></span> 
     </span>
    </p>
   </div>
   <div class='ocr_carea' id='block_1_116' title="bbox 1870 5308 3463 5379">
    <p class='ocr_par' dir='ltr' id='par_1_116' title="bbox 1870 5308 3463 5379">
     <span class='ocr_line' id='line_1_116' title="bbox 1870 5308 3463 5379; baseline 0.003 -15"><span class='ocrx_word' id='word_1_899' title='bbox 1870 5323 1983 5364; x_wconf 89' lang='lat' dir='ltr'><strong>sam</strong></span> <span class='ocrx_word' id='word_1_900' title='bbox 2010 5323 2131 5364; x_wconf 92' lang='lat' dir='ltr'><strong>esse</strong></span> <span class='ocrx_word' id='word_1_901' title='bbox 2159 5322 2378 5364; x_wconf 88' lang='lat' dir='ltr'><strong>necesse</strong></span> <span class='ocrx_word' id='word_1_902' title='bbox 2436 5317 2541 5377; x_wconf 89' lang='lat' dir='ltr'><strong>est,</strong></span> <span class='ocrx_word' id='word_1_903' title='bbox 2569 5308 2662 5363; x_wconf 84' lang='lat' dir='ltr'><strong>sed</strong></span> <span class='ocrx_word' id='word_1_904' title='bbox 2696 5309 2912 5365; x_wconf 86' lang='lat' dir='ltr'><strong>definite</strong></span> <span class='ocrx_word' id='word_1_905' title='bbox 2943 5325 3044 5364; x_wconf 90' lang='lat' dir='ltr'><strong>una</strong></span> <span class='ocrx_word' id='word_1_906' title='bbox 3078 5325 3203 5365; x_wconf 90' lang='lat' dir='ltr'><strong>vera</strong></span> <span class='ocrx_word' id='word_1_907' title='bbox 3234 5326 3338 5379; x_wconf 81' lang='grc' dir='ltr'>εει,</span> <span class='ocrx_word' id='word_1_908' title='bbox 3372 5312 3463 5370; x_wconf 84' lang='lat' dir='ltr'><strong>de-</strong></span> 
     </span>
    </p>
   </div>
   <div class='ocr_carea' id='block_1_117' title="bbox 1869 5399 3461 5473">
    <p class='ocr_par' dir='ltr' id='par_1_117' title="bbox 1869 5399 3461 5473">
     <span class='ocr_line' id='line_1_117' title="bbox 1869 5399 3461 5473; baseline 0.002 -17"><span class='ocrx_word' id='word_1_909' title='bbox 1869 5400 2021 5457; x_wconf 84' lang='lat' dir='ltr'><strong>finite</strong></span> <span class='ocrx_word' id='word_1_910' title='bbox 2069 5402 2236 5455; x_wconf 89' lang='lat' dir='ltr'><strong>altera</strong></span> <span class='ocrx_word' id='word_1_911' title='bbox 2283 5399 2507 5471; x_wconf 87' lang='lat' dir='ltr'><strong>suscipit</strong></span> <span class='ocrx_word' id='word_1_912' title='bbox 2550 5399 2862 5467; x_wconf 86' lang='lat' dir='ltr'><strong>falsitatem,</strong></span> <span class='ocrx_word' id='word_1_913' title='bbox 2894 5417 3000 5456; x_wconf 91' lang='lat' dir='ltr'><strong>non</strong></span> <span class='ocrx_word' id='word_1_914' title='bbox 3042 5400 3113 5456; x_wconf 90' lang='lat' dir='ltr'><strong>ita</strong></span> <span class='ocrx_word' id='word_1_915' title='bbox 3144 5403 3195 5455; x_wconf 91' lang='lat' dir='ltr'><strong>in</strong></span> <span class='ocrx_word' id='word_1_916' title='bbox 3228 5400 3310 5456; x_wconf 87' lang='lat' dir='ltr'><strong>his</strong></span> <span class='ocrx_word' id='word_1_917' title='bbox 3340 5419 3461 5473; x_wconf 63' lang='lat' dir='ltr'><strong>qua!</strong></span> 
     </span>
    </p>
   </div>
   <div class='ocr_carea' id='block_1_118' title="bbox 1873 5494 3461 5567">
    <p class='ocr_par' dir='ltr' id='par_1_118' title="bbox 1873 5494 3461 5567">
     <span class='ocr_line' id='line_1_118' title="bbox 1873 5494 3461 5567; baseline 0.003 -15"><span class='ocrx_word' id='word_1_918' title='bbox 1873 5494 2245 5567; x_wconf 87' lang='lat' dir='ltr'><strong>contingentes</strong></span> <span class='ocrx_word' id='word_1_919' title='bbox 2268 5506 2542 5552; x_wconf 87' lang='lat' dir='ltr'><strong>vocantur.</strong></span> <span class='ocrx_word' id='word_1_920' title='bbox 2576 5497 2809 5553; x_wconf 73' lang='lat' dir='ltr'><strong>Necesse</strong></span> <span class='ocrx_word' id='word_1_921' title='bbox 2838 5500 2980 5554; x_wconf 90' lang='lat' dir='ltr'><strong>enim</strong></span> <span class='ocrx_word' id='word_1_922' title='bbox 3011 5508 3094 5554; x_wconf 61' lang='grc' dir='ltr'><strong>εει</strong></span> <span class='ocrx_word' id='word_1_923' title='bbox 3123 5511 3177 5553; x_wconf 87' lang='grc' dir='ltr'><strong>ιιι</strong></span> <span class='ocrx_word' id='word_1_924' title='bbox 3206 5510 3298 5555; x_wconf 91' lang='lat' dir='ltr'><strong>aut</strong></span> <span class='ocrx_word' id='word_1_925' title='bbox 3317 5503 3461 5557; x_wconf 86' lang='lat' dir='ltr'><strong>afﬁr-</strong></span> 
     </span>
    </p>
   </div>
   <div class='ocr_carea' id='block_1_119' title="bbox 1872 5588 3461 5667">
    <p class='ocr_par' dir='ltr' id='par_1_119' title="bbox 1872 5588 3461 5667">
     <span class='ocr_line' id='line_1_119' title="bbox 1872 5588 3461 5667; baseline 0.006 -24"><span class='ocrx_word' id='word_1_926' title='bbox 1872 5590 2041 5644; x_wconf 79' lang='lat' dir='ltr'><strong>matio</strong></span> <span class='ocrx_word' id='word_1_927' title='bbox 2058 5604 2182 5645; x_wconf 89' lang='lat' dir='ltr'><strong>vera</strong></span> <span class='ocrx_word' id='word_1_928' title='bbox 2208 5588 2296 5656; x_wconf 92' lang='lat' dir='ltr'><strong>sit,</strong></span> <span class='ocrx_word' id='word_1_929' title='bbox 2330 5602 2418 5645; x_wconf 91' lang='lat' dir='ltr'><strong>aut</strong></span> <span class='ocrx_word' id='word_1_930' title='bbox 2445 5592 2684 5662; x_wconf 76' lang='lat' dir='ltr'><strong>negatio,</strong></span> <span class='ocrx_word' id='word_1_931' title='bbox 2715 5592 2811 5647; x_wconf 88' lang='lat' dir='ltr'><strong>sed</strong></span> <span class='ocrx_word' id='word_1_932' title='bbox 2843 5607 2948 5647; x_wconf 90' lang='lat' dir='ltr'><strong>non</strong></span> <span class='ocrx_word' id='word_1_933' title='bbox 2978 5603 3034 5647; x_wconf 93' lang='lat' dir='ltr'><strong>nt</strong></span> <span class='ocrx_word' id='word_1_934' title='bbox 3054 5592 3276 5650; x_wconf 88' lang='lat' dir='ltr'><strong>deﬁnite</strong></span> <span class='ocrx_word' id='word_1_935' title='bbox 3312 5611 3461 5667; x_wconf 77' lang='lat' dir='ltr'><strong>qua:-</strong></span> 
     </span>
    </p>
   </div>
   <div class='ocr_carea' id='block_1_120' title="bbox 1872 5686 3459 5762">
    <p class='ocr_par' dir='ltr' id='par_1_120' title="bbox 1872 5686 3459 5762">
     <span class='ocr_line' id='line_1_120' title="bbox 1872 5686 3459 5762; baseline 0.004 -19"><span class='ocrx_word' id='word_1_936' title='bbox 1872 5686 2005 5743; x_wconf 89' lang='lat' dir='ltr'><strong>libet</strong></span> <span class='ocrx_word' id='word_1_937' title='bbox 2042 5702 2225 5744; x_wconf 91' lang='lat' dir='ltr'><strong>earum</strong></span> <span class='ocrx_word' id='word_1_938' title='bbox 2249 5702 2372 5742; x_wconf 90' lang='lat' dir='ltr'><strong>vera</strong></span> <span class='ocrx_word' id='word_1_939' title='bbox 2404 5688 2506 5753; x_wconf 89' lang='lat' dir='ltr'><strong>sit,</strong></span> <span class='ocrx_word' id='word_1_940' title='bbox 2538 5686 2704 5745; x_wconf 83' lang='lat' dir='ltr'><strong>altera</strong></span> <span class='ocrx_word' id='word_1_941' title='bbox 2725 5687 2854 5742; x_wconf 81' lang='lat' dir='ltr'><strong>falsa</strong></span> <span class='ocrx_word' id='word_1_942' title='bbox 2887 5686 3126 5744; x_wconf 89' lang='lat' dir='ltr'><strong>deﬁnite.</strong></span> <span class='ocrx_word' id='word_1_943' title='bbox 3161 5689 3293 5745; x_wconf 84' lang='lat' dir='ltr'><strong>Nam</strong></span> <span class='ocrx_word' id='word_1_944' title='bbox 3315 5692 3459 5762; x_wconf 88' lang='lat' dir='ltr'><strong>quod</strong></span> 
     </span>
    </p>
   </div>
   <div class='ocr_carea' id='block_1_121' title="bbox 1873 5777 3456 5855">
    <p class='ocr_par' dir='ltr' id='par_1_121' title="bbox 1873 5777 3456 5855">
     <span class='ocr_line' id='line_1_121' title="bbox 1873 5777 3456 5855; baseline 0.004 -21"><span class='ocrx_word' id='word_1_945' title='bbox 1873 5777 2102 5835; x_wconf 89' lang='lat' dir='ltr'><strong>dicimus</strong></span> <span class='ocrx_word' id='word_1_946' title='bbox 2150 5779 2458 5835; x_wconf 83' lang='lat' dir='ltr'><strong>Alexander</strong></span> <span class='ocrx_word' id='word_1_947' title='bbox 2496 5777 2754 5835; x_wconf 86' lang='lat' dir='ltr'><strong>lavandos</strong></span> <span class='ocrx_word' id='word_1_948' title='bbox 2792 5787 2911 5848; x_wconf 90' lang='lat' dir='ltr'><strong>est,</strong></span> <span class='ocrx_word' id='word_1_949' title='bbox 2946 5779 2996 5835; x_wconf 91' lang='lat' dir='ltr'><strong>id</strong></span> <span class='ocrx_word' id='word_1_950' title='bbox 3026 5782 3070 5836; x_wconf 90' lang='lat' dir='ltr'><strong>si</strong></span> <span class='ocrx_word' id='word_1_951' title='bbox 3102 5781 3237 5838; x_wconf 85' lang='lat' dir='ltr'><strong>alios</strong></span> <span class='ocrx_word' id='word_1_952' title='bbox 3266 5793 3456 5855; x_wconf 80' lang='lat' dir='ltr'><strong>neget,</strong></span> 
     </span>
    </p>
   </div>
   <div class='ocr_carea' id='block_1_122' title="bbox 1836 5858 3455 5950">
    <p class='ocr_par' dir='ltr' id='par_1_122' title="bbox 1836 5858 3455 5950">
     <span class='ocr_line' id='line_1_122' title="bbox 1836 5858 3455 5950; baseline 0.003 -21"><span class='ocrx_word' id='word_1_953' title='bbox 1836 5858 1856 5879; x_wconf 82' lang='grc'><em>’</em></span> <span class='ocrx_word' id='word_1_954' title='bbox 1873 5872 2145 5941; x_wconf 85' lang='lat' dir='ltr'><strong>dicatque:</strong></span> <span class='ocrx_word' id='word_1_955' title='bbox 2180 5871 2483 5928; x_wconf 87' lang='lat' dir='ltr'><strong>Alexander</strong></span> <span class='ocrx_word' id='word_1_956' title='bbox 2501 5870 2757 5928; x_wconf 65' lang='lat' dir='ltr'><strong>lavandos</strong></span> <span class='ocrx_word' id='word_1_957' title='bbox 2786 5887 2891 5929; x_wconf 89' lang='lat' dir='ltr'><strong>nou</strong></span> <span class='ocrx_word' id='word_1_958' title='bbox 2921 5883 3025 5938; x_wconf 84' lang='lat' dir='ltr'><strong>cst.</strong></span> <span class='ocrx_word' id='word_1_959' title='bbox 3052 5882 3217 5933; x_wconf 91' lang='lat' dir='ltr'><strong>totum</strong></span> <span class='ocrx_word' id='word_1_960' title='bbox 3241 5876 3455 5950; x_wconf 87' lang='lat' dir='ltr'><strong>quidem</strong></span> 
     </span>
    </p>
   </div>
   <div class='ocr_carea' id='block_1_123' title="bbox 2955 5964 3023 6031">
    <p class='ocr_par' dir='ltr' id='par_1_123' title="bbox 2955 5964 3023 6031">
     <span class='ocr_line' id='line_1_123' title="bbox 2955 5964 3023 6031; baseline 0 -2"><span class='ocrx_word' id='word_1_961' title='bbox 2955 5964 3023 6031; x_wconf 78' lang='grc' dir='ltr'><strong>ιι</strong></span> 
     </span>
    </p>
   </div>
  </div>
