  <div class='ocr_page' id='page_1' title='image "/cluster/home/n/w/nwhite01/storage/ocr_20150623/64/hvd.32044024222309/173.png"; bbox 0 0 4022 6332; ppageno 0'>
   <div class='ocr_carea' id='block_1_1' title="bbox 572 322 669 383">
    <p class='ocr_par' dir='ltr' id='par_1_1' title="bbox 572 322 669 383">
     <span class='ocr_line' id='line_1_1' title="bbox 572 322 669 383; baseline 0.021 -2"><span class='ocrx_word' id='word_1_1' title='bbox 572 322 669 383; x_wconf 71' lang='grc'><strong>551</strong></span> 
     </span>
    </p>
   </div>
   <div class='ocr_carea' id='block_1_2' title="bbox 1807 316 2172 379">
    <p class='ocr_par' dir='ltr' id='par_1_2' title="bbox 1807 318 2166 379">
     <span class='ocr_line' id='line_1_2' title="bbox 1807 318 2166 379; baseline -0.017 0"><span class='ocrx_word' id='word_1_2' title='bbox 1807 322 1918 379; x_wconf 80' lang='lat' dir='ltr'><strong>AN.</strong></span> <span class='ocrx_word' id='word_1_3' title='bbox 1959 318 2166 377; x_wconf 67' lang='grc' dir='ltr'><em>ΜΑΜ..</em></span> 
     </span>
    </p>
   </div>
   <div class='ocr_carea' id='block_1_3' title="bbox 2281 316 3830 379">
    <p class='ocr_par' dir='ltr' id='par_1_3' title="bbox 2281 318 3830 376">
     <span class='ocr_line' id='line_1_3' title="bbox 2281 318 3830 376; baseline 0.002 -3"><span class='ocrx_word' id='word_1_4' title='bbox 2281 318 2361 374; x_wconf 71' lang='lat' dir='ltr'><strong>1V.</strong></span> <span class='ocrx_word' id='word_1_5' title='bbox 2402 319 2623 376; x_wconf 83' lang='lat' dir='ltr'><strong>BOETII</strong></span> <span class='ocrx_word' id='word_1_6' title='bbox 3742 319 3830 376; x_wconf 70' lang='lat'><strong>552</strong></span> 
     </span>
    </p>
   </div>
   <div class='ocr_carea' id='block_1_4' title="bbox 574 435 3832 510">
    <p class='ocr_par' dir='ltr' id='par_1_4' title="bbox 574 435 3832 510">
     <span class='ocr_line' id='line_1_4' title="bbox 574 435 3832 510; baseline -0.002 -9"><span class='ocrx_word' id='word_1_7' title='bbox 574 444 679 501; x_wconf 86' lang='lat' dir='ltr'><strong>hoc</strong></span> <span class='ocrx_word' id='word_1_8' title='bbox 708 455 934 500; x_wconf 80' lang='lat' dir='ltr'><strong>necesse</strong></span> <span class='ocrx_word' id='word_1_9' title='bbox 973 449 1057 501; x_wconf 84' lang='lat' dir='ltr'><strong>est</strong></span> <span class='ocrx_word' id='word_1_10' title='bbox 1097 455 1340 510; x_wconf 80' lang='lat' dir='ltr'><strong>evenire,</strong></span> <span class='ocrx_word' id='word_1_11' title='bbox 1372 449 1425 495; x_wconf 90' lang='lat' dir='ltr'><strong>ut</strong></span> <span class='ocrx_word' id='word_1_12' title='bbox 1458 452 1545 496; x_wconf 87' lang='lat' dir='ltr'><strong>aut</strong></span> <span class='ocrx_word' id='word_1_13' title='bbox 1584 441 1811 508; x_wconf 87' lang='lat' dir='ltr'><strong>lavetur,</strong></span> <span class='ocrx_word' id='word_1_14' title='bbox 1830 450 1922 495; x_wconf 90' lang='lat' dir='ltr'><strong>aut</strong></span> <span class='ocrx_word' id='word_1_15' title='bbox 1945 456 2048 495; x_wconf 90' lang='lat' dir='ltr'><strong>non</strong></span> <span class='ocrx_word' id='word_1_16' title='bbox 2078 441 2156 494; x_wconf 87' lang='lat' dir='ltr'><strong>la-</strong></span> <span class='ocrx_word' id='word_1_17' title='bbox 2184 436 2241 500; x_wconf 82' lang='grc' dir='ltr'><strong>Α</strong></span> <span class='ocrx_word' id='word_1_18' title='bbox 2263 454 2367 492; x_wconf 93' lang='lat' dir='ltr'><strong>non</strong></span> <span class='ocrx_word' id='word_1_19' title='bbox 2396 450 2503 502; x_wconf 89' lang='lat' dir='ltr'><strong>est,</strong></span> <span class='ocrx_word' id='word_1_20' title='bbox 2522 449 2773 508; x_wconf 85' lang='lat' dir='ltr'><strong>utrasque</strong></span> <span class='ocrx_word' id='word_1_21' title='bbox 2796 450 2951 493; x_wconf 84' lang='lat' dir='ltr'><strong>veras</strong></span> <span class='ocrx_word' id='word_1_22' title='bbox 2978 436 3031 490; x_wconf 91' lang='lat' dir='ltr'><strong>in</strong></span> <span class='ocrx_word' id='word_1_23' title='bbox 3058 435 3476 505; x_wconf 88' lang='lat' dir='ltr'><strong>unoeodemque</strong></span> <span class='ocrx_word' id='word_1_24' title='bbox 3504 436 3832 508; x_wconf 80' lang='lat' dir='ltr'><strong>contingere?</strong></span> 
     </span>
    </p>
   </div>
   <div class='ocr_carea' id='block_1_5' title="bbox 579 533 2163 604">
    <p class='ocr_par' dir='ltr' id='par_1_5' title="bbox 579 533 2163 604">
     <span class='ocr_line' id='line_1_5' title="bbox 579 533 2163 604; baseline -0.003 -13"><span class='ocrx_word' id='word_1_25' title='bbox 579 543 751 604; x_wconf 72' lang='lat' dir='ltr'><strong>vetor,</strong></span> <span class='ocrx_word' id='word_1_26' title='bbox 769 544 825 592; x_wconf 89' lang='lat' dir='ltr'><strong>et</strong></span> <span class='ocrx_word' id='word_1_27' title='bbox 848 550 1070 592; x_wconf 85' lang='lat' dir='ltr'><strong>necesse</strong></span> <span class='ocrx_word' id='word_1_28' title='bbox 1112 544 1198 590; x_wconf 90' lang='lat' dir='ltr'><strong>est</strong></span> <span class='ocrx_word' id='word_1_29' title='bbox 1240 549 1403 589; x_wconf 89' lang='lat' dir='ltr'><strong>unam</strong></span> <span class='ocrx_word' id='word_1_30' title='bbox 1432 548 1553 590; x_wconf 89' lang='lat' dir='ltr'><strong>esse</strong></span> <span class='ocrx_word' id='word_1_31' title='bbox 1583 549 1785 600; x_wconf 89' lang='lat' dir='ltr'><strong>veram,</strong></span> <span class='ocrx_word' id='word_1_32' title='bbox 1817 534 2039 589; x_wconf 85' lang='lat' dir='ltr'><strong>alteram</strong></span> <span class='ocrx_word' id='word_1_33' title='bbox 2061 533 2163 588; x_wconf 86' lang='lat' dir='ltr'><strong>fal-</strong></span> 
     </span>
    </p>
   </div>
   <div class='ocr_carea' id='block_1_6' title="bbox 577 625 2162 695">
    <p class='ocr_par' dir='ltr' id='par_1_6' title="bbox 577 625 2162 695">
     <span class='ocr_line' id='line_1_6' title="bbox 577 625 2162 695; baseline -0.003 -12"><span class='ocrx_word' id='word_1_34' title='bbox 577 642 725 695; x_wconf 88' lang='lat' dir='ltr'><strong>sam,</strong></span> <span class='ocrx_word' id='word_1_35' title='bbox 756 636 849 682; x_wconf 81' lang='lat' dir='ltr'><strong>aut</strong></span> <span class='ocrx_word' id='word_1_36' title='bbox 874 627 1285 681; x_wconf 88' lang='lat' dir='ltr'><strong>afﬁrmationem</strong></span> <span class='ocrx_word' id='word_1_37' title='bbox 1311 666 1326 691; x_wconf 92' lang='lat'><strong>,</strong></span> <span class='ocrx_word' id='word_1_38' title='bbox 1358 626 1403 681; x_wconf 90' lang='lat' dir='ltr'><strong>si</strong></span> <span class='ocrx_word' id='word_1_39' title='bbox 1435 626 1575 681; x_wconf 88' lang='lat' dir='ltr'><strong>lotus</strong></span> <span class='ocrx_word' id='word_1_40' title='bbox 1607 625 1802 691; x_wconf 89' lang='lat' dir='ltr'><strong>fuerit,</strong></span> <span class='ocrx_word' id='word_1_41' title='bbox 1832 635 1925 679; x_wconf 87' lang='lat' dir='ltr'><strong>aut</strong></span> <span class='ocrx_word' id='word_1_42' title='bbox 1948 626 1991 679; x_wconf 94' lang='lat' dir='ltr'><strong>si</strong></span> <span class='ocrx_word' id='word_1_43' title='bbox 2022 626 2162 679; x_wconf 91' lang='lat' dir='ltr'><strong>lotus</strong></span> 
     </span>
    </p>
   </div>
   <div class='ocr_carea' id='block_1_7' title="bbox 578 719 2164 790">
    <p class='ocr_par' dir='ltr' id='par_1_7' title="bbox 578 719 2164 790">
     <span class='ocr_line' id='line_1_7' title="bbox 578 719 2164 790; baseline -0.003 -13"><span class='ocrx_word' id='word_1_44' title='bbox 578 736 685 777; x_wconf 89' lang='lat' dir='ltr'><strong>non</strong></span> <span class='ocrx_word' id='word_1_45' title='bbox 717 719 915 786; x_wconf 90' lang='lat' dir='ltr'><strong>fuerit,</strong></span> <span class='ocrx_word' id='word_1_46' title='bbox 947 719 1308 790; x_wconf 72' lang='lat' dir='ltr'><strong>negationem.</strong></span> <span class='ocrx_word' id='word_1_47' title='bbox 1342 720 1447 775; x_wconf 90' lang='lat' dir='ltr'><strong>Sed</strong></span> <span class='ocrx_word' id='word_1_48' title='bbox 1488 735 1593 774; x_wconf 92' lang='lat' dir='ltr'><strong>non</strong></span> <span class='ocrx_word' id='word_1_49' title='bbox 1624 730 1705 774; x_wconf 90' lang='lat' dir='ltr'><strong>est</strong></span> <span class='ocrx_word' id='word_1_50' title='bbox 1732 734 1954 775; x_wconf 87' lang='lat' dir='ltr'><strong>necesse</strong></span> <span class='ocrx_word' id='word_1_51' title='bbox 1988 731 2045 774; x_wconf 92' lang='lat' dir='ltr'><strong>ut</strong></span> <span class='ocrx_word' id='word_1_52' title='bbox 2070 720 2164 773; x_wconf 81' lang='lat' dir='ltr'><strong>de-</strong></span> 
     </span>
    </p>
   </div>
   <div class='ocr_carea' id='block_1_8' title="bbox 577 811 2161 882">
    <p class='ocr_par' dir='ltr' id='par_1_8' title="bbox 577 811 2161 882">
     <span class='ocr_line' id='line_1_8' title="bbox 577 811 2161 882; baseline -0.001 -14"><span class='ocrx_word' id='word_1_53' title='bbox 577 813 725 869; x_wconf 90' lang='lat' dir='ltr'><strong>ﬁnite</strong></span> <span class='ocrx_word' id='word_1_54' title='bbox 748 811 1037 869; x_wconf 84' lang='lat' dir='ltr'><strong>afﬁrmatio</strong></span> <span class='ocrx_word' id='word_1_55' title='bbox 1064 828 1190 868; x_wconf 88' lang='lat' dir='ltr'><strong>vera</strong></span> <span class='ocrx_word' id='word_1_56' title='bbox 1220 812 1319 879; x_wconf 88' lang='lat' dir='ltr'><strong>sit,</strong></span> <span class='ocrx_word' id='word_1_57' title='bbox 1364 811 1565 869; x_wconf 87' lang='lat' dir='ltr'><strong>idcirco</strong></span> <span class='ocrx_word' id='word_1_58' title='bbox 1597 811 1740 880; x_wconf 90' lang='lat' dir='ltr'><strong>quod</strong></span> <span class='ocrx_word' id='word_1_59' title='bbox 1774 812 1824 867; x_wconf 94' lang='lat' dir='ltr'><strong>in</strong></span> <span class='ocrx_word' id='word_1_60' title='bbox 1857 813 2161 882; x_wconf 73' lang='lat' dir='ltr'><strong>huiusmodi</strong></span> 
     </span>
    </p>
   </div>
   <div class='ocr_carea' id='block_1_9' title="bbox 575 905 2160 977">
    <p class='ocr_par' dir='ltr' id='par_1_9' title="bbox 575 905 2160 977">
     <span class='ocr_line' id='line_1_9' title="bbox 575 905 2160 977; baseline 0 -18"><span class='ocrx_word' id='word_1_61' title='bbox 575 906 735 961; x_wconf 87' lang='lat' dir='ltr'><strong>rebus</strong></span> <span class='ocrx_word' id='word_1_62' title='bbox 778 905 977 975; x_wconf 88' lang='lat' dir='ltr'><strong>poterit</strong></span> <span class='ocrx_word' id='word_1_63' title='bbox 1022 906 1241 961; x_wconf 80' lang='lat' dir='ltr'><strong>evenire</strong></span> <span class='ocrx_word' id='word_1_64' title='bbox 1297 905 1529 974; x_wconf 82' lang='lat' dir='ltr'><strong>negatio.</strong></span> <span class='ocrx_word' id='word_1_65' title='bbox 1600 905 1705 960; x_wconf 88' lang='lat' dir='ltr'><strong>Sed</strong></span> <span class='ocrx_word' id='word_1_66' title='bbox 1774 919 1873 961; x_wconf 87' lang='lat' dir='ltr'><strong>nec</strong></span> <span class='ocrx_word' id='word_1_67' title='bbox 1925 921 2160 977; x_wconf 81' lang='lat' dir='ltr'><strong>unquam</strong></span> 
     </span>
    </p>
   </div>
   <div class='ocr_carea' id='block_1_10' title="bbox 573 997 2156 1067">
    <p class='ocr_par' dir='ltr' id='par_1_10' title="bbox 573 997 2156 1067">
     <span class='ocr_line' id='line_1_10' title="bbox 573 997 2156 1067; baseline 0.001 -15"><span class='ocrx_word' id='word_1_68' title='bbox 573 997 850 1054; x_wconf 88' lang='lat' dir='ltr'><strong>deﬁnitum</strong></span> <span class='ocrx_word' id='word_1_69' title='bbox 882 1005 994 1061; x_wconf 88' lang='lat' dir='ltr'><strong>est,</strong></span> <span class='ocrx_word' id='word_1_70' title='bbox 1040 1001 1106 1052; x_wconf 80' lang='grc' dir='ltr'><em>ιιι·</em></span> <span class='ocrx_word' id='word_1_71' title='bbox 1144 997 1357 1067; x_wconf 89' lang='lat' dir='ltr'><strong>negatio</strong></span> <span class='ocrx_word' id='word_1_72' title='bbox 1387 1012 1516 1053; x_wconf 80' lang='lat' dir='ltr'><strong>vera</strong></span> <span class='ocrx_word' id='word_1_73' title='bbox 1543 998 1638 1065; x_wconf 87' lang='lat' dir='ltr'><strong>sit,</strong></span> <span class='ocrx_word' id='word_1_74' title='bbox 1667 998 1800 1053; x_wconf 79' lang='lat' dir='ltr'><strong>falsa</strong></span> <span class='ocrx_word' id='word_1_75' title='bbox 1832 998 2156 1062; x_wconf 81' lang='lat' dir='ltr'><strong>afﬁrmatio,</strong></span> 
     </span>
    </p>
   </div>
   <div class='ocr_carea' id='block_1_11' title="bbox 575 1088 2164 1160">
    <p class='ocr_par' dir='ltr' id='par_1_11' title="bbox 575 1088 2164 1160">
     <span class='ocr_line' id='line_1_11' title="bbox 575 1088 2164 1160; baseline 0.001 -16"><span class='ocrx_word' id='word_1_76' title='bbox 575 1089 774 1144; x_wconf 85' lang='lat' dir='ltr'><strong>idcirco</strong></span> <span class='ocrx_word' id='word_1_77' title='bbox 797 1089 1047 1159; x_wconf 90' lang='lat' dir='ltr'><strong>quoniam</strong></span> <span class='ocrx_word' id='word_1_78' title='bbox 1083 1096 1259 1158; x_wconf 89' lang='lat' dir='ltr'><strong>potest</strong></span> <span class='ocrx_word' id='word_1_79' title='bbox 1285 1103 1393 1144; x_wconf 87' lang='lat' dir='ltr'><strong>non</strong></span> <span class='ocrx_word' id='word_1_80' title='bbox 1425 1088 1653 1145; x_wconf 84' lang='lat' dir='ltr'><strong>evenire</strong></span> <span class='ocrx_word' id='word_1_81' title='bbox 1704 1089 1935 1160; x_wconf 85' lang='lat' dir='ltr'><strong>negatio.</strong></span> <span class='ocrx_word' id='word_1_82' title='bbox 1987 1092 2164 1159; x_wconf 80' lang='lat' dir='ltr'><strong>Quare</strong></span> 
     </span>
    </p>
   </div>
   <div class='ocr_carea' id='block_1_12' title="bbox 576 1182 2163 1254">
    <p class='ocr_par' dir='ltr' id='par_1_12' title="bbox 576 1182 2163 1254">
     <span class='ocr_line' id='line_1_12' title="bbox 576 1182 2163 1254; baseline 0.002 -18"><span class='ocrx_word' id='word_1_83' title='bbox 576 1186 627 1236; x_wconf 90' lang='lat' dir='ltr'><strong>in</strong></span> <span class='ocrx_word' id='word_1_84' title='bbox 666 1193 774 1238; x_wconf 89' lang='lat' dir='ltr'><strong>tota</strong></span> <span class='ocrx_word' id='word_1_85' title='bbox 807 1182 1263 1250; x_wconf 71' lang='lat' dir='ltr'><strong>contradictione,</strong></span> <span class='ocrx_word' id='word_1_86' title='bbox 1302 1198 1461 1239; x_wconf 80' lang='lat' dir='ltr'><strong>unam</strong></span> <span class='ocrx_word' id='word_1_87' title='bbox 1485 1182 1703 1254; x_wconf 84' lang='lat' dir='ltr'><strong>quidem</strong></span> <span class='ocrx_word' id='word_1_88' title='bbox 1735 1198 1937 1244; x_wconf 88' lang='lat' dir='ltr'><strong>veram.</strong></span> <span class='ocrx_word' id='word_1_89' title='bbox 1975 1183 2163 1239; x_wconf 78' lang='lat' dir='ltr'><strong>falsam</strong></span> 
     </span>
    </p>
   </div>
   <div class='ocr_carea' id='block_1_13' title="bbox 573 1274 2164 1332">
    <p class='ocr_par' dir='ltr' id='par_1_13' title="bbox 573 1274 2164 1332">
     <span class='ocr_line' id='line_1_13' title="bbox 573 1274 2164 1332; baseline 0.001 -3"><span class='ocrx_word' id='word_1_90' title='bbox 573 1277 796 1330; x_wconf 73' lang='lat' dir='ltr'><strong>altetam</strong></span> <span class='ocrx_word' id='word_1_91' title='bbox 822 1290 941 1331; x_wconf 89' lang='lat' dir='ltr'><strong>esse</strong></span> <span class='ocrx_word' id='word_1_92' title='bbox 970 1289 1194 1331; x_wconf 70' lang='lat' dir='ltr'><strong>necesse</strong></span> <span class='ocrx_word' id='word_1_93' title='bbox 1215 1283 1316 1332; x_wconf 90' lang='lat' dir='ltr'><strong>est.</strong></span> <span class='ocrx_word' id='word_1_94' title='bbox 1350 1274 1421 1332; x_wconf 86' lang='lat' dir='ltr'><strong>Ut</strong></span> <span class='ocrx_word' id='word_1_95' title='bbox 1451 1284 1629 1332; x_wconf 87' lang='lat' dir='ltr'><strong>autem</strong></span> <span class='ocrx_word' id='word_1_96' title='bbox 1660 1275 1880 1332; x_wconf 88' lang='lat' dir='ltr'><strong>deﬁnite</strong></span> <span class='ocrx_word' id='word_1_97' title='bbox 1912 1291 2013 1331; x_wconf 90' lang='lat' dir='ltr'><strong>una</strong></span> <span class='ocrx_word' id='word_1_98' title='bbox 2038 1292 2164 1331; x_wconf 89' lang='lat' dir='ltr'><strong>vera</strong></span> 
     </span>
    </p>
   </div>
   <div class='ocr_carea' id='block_1_14' title="bbox 572 1366 2165 1439">
    <p class='ocr_par' dir='ltr' id='par_1_14' title="bbox 572 1366 2165 1439">
     <span class='ocr_line' id='line_1_14' title="bbox 572 1366 2165 1439; baseline 0.002 -18"><span class='ocrx_word' id='word_1_99' title='bbox 572 1369 675 1430; x_wconf 89' lang='lat' dir='ltr'><strong>sit,</strong></span> <span class='ocrx_word' id='word_1_100' title='bbox 706 1370 872 1422; x_wconf 88' lang='lat' dir='ltr'><strong>altera</strong></span> <span class='ocrx_word' id='word_1_101' title='bbox 907 1366 1041 1423; x_wconf 81' lang='lat' dir='ltr'><strong>falsa</strong></span> <span class='ocrx_word' id='word_1_102' title='bbox 1071 1366 1309 1434; x_wconf 88' lang='lat' dir='ltr'><strong>deﬁnite,</strong></span> <span class='ocrx_word' id='word_1_103' title='bbox 1356 1367 1493 1425; x_wconf 83' lang='lat' dir='ltr'><strong>sicut</strong></span> <span class='ocrx_word' id='word_1_104' title='bbox 1523 1369 1576 1424; x_wconf 93' lang='lat' dir='ltr'><strong>in</strong></span> <span class='ocrx_word' id='word_1_105' title='bbox 1607 1368 1690 1426; x_wconf 92' lang='lat' dir='ltr'><strong>his</strong></span> <span class='ocrx_word' id='word_1_106' title='bbox 1721 1383 1843 1439; x_wconf 67' lang='lat' dir='ltr'><strong>quas</strong></span> <span class='ocrx_word' id='word_1_107' title='bbox 1873 1378 1991 1425; x_wconf 90' lang='lat' dir='ltr'><strong>sunt</strong></span> <span class='ocrx_word' id='word_1_108' title='bbox 2025 1384 2165 1437; x_wconf 69' lang='lat' dir='ltr'><strong>prat-</strong></span> 
     </span>
    </p>
   </div>
   <div class='ocr_carea' id='block_1_15' title="bbox 576 1461 2165 1535">
    <p class='ocr_par' dir='ltr' id='par_1_15' title="bbox 576 1461 2165 1535">
     <span class='ocr_line' id='line_1_15' title="bbox 576 1461 2165 1535; baseline 0.003 -20"><span class='ocrx_word' id='word_1_109' title='bbox 576 1462 731 1517; x_wconf 90' lang='lat' dir='ltr'><strong>terita</strong></span> <span class='ocrx_word' id='word_1_110' title='bbox 761 1476 987 1532; x_wconf 60' lang='lat' dir='ltr'><strong>quaeque</strong></span> <span class='ocrx_word' id='word_1_111' title='bbox 1017 1461 1328 1532; x_wconf 72' lang='lat' dir='ltr'><strong>praesentia,</strong></span> <span class='ocrx_word' id='word_1_112' title='bbox 1372 1463 1511 1517; x_wconf 89' lang='lat' dir='ltr'><strong>nulla</strong></span> <span class='ocrx_word' id='word_1_113' title='bbox 1544 1463 1751 1519; x_wconf 84' lang='lat' dir='ltr'><strong>ratione</strong></span> <span class='ocrx_word' id='word_1_114' title='bbox 1779 1479 1960 1519; x_wconf 88' lang='lat' dir='ltr'><strong>rerum</strong></span> <span class='ocrx_word' id='word_1_115' title='bbox 1995 1464 2165 1535; x_wconf 83' lang='lat' dir='ltr'><strong>possi-</strong></span> 
     </span>
    </p>
   </div>
   <div class='ocr_carea' id='block_1_16' title="bbox 581 1553 2163 1625">
    <p class='ocr_par' dir='ltr' id='par_1_16' title="bbox 581 1553 2163 1625">
     <span class='ocr_line' id='line_1_16' title="bbox 581 1553 2163 1625; baseline -0.001 -14"><span class='ocrx_word' id='word_1_116' title='bbox 581 1555 692 1611; x_wconf 85' lang='lat' dir='ltr'><strong>bile</strong></span> <span class='ocrx_word' id='word_1_117' title='bbox 722 1563 824 1610; x_wconf 69' lang='grc' dir='ltr'><em>εει.</em></span> <span class='ocrx_word' id='word_1_118' title='bbox 859 1553 965 1609; x_wconf 88' lang='lat' dir='ltr'><strong>Sed</strong></span> <span class='ocrx_word' id='word_1_119' title='bbox 1016 1554 1116 1608; x_wconf 90' lang='lat' dir='ltr'><strong>hoc</strong></span> <span class='ocrx_word' id='word_1_120' title='bbox 1160 1555 1308 1624; x_wconf 89' lang='lat' dir='ltr'><strong>prius</strong></span> <span class='ocrx_word' id='word_1_121' title='bbox 1354 1555 1668 1610; x_wconf 80' lang='lat' dir='ltr'><strong>Aristoteles</strong></span> <span class='ocrx_word' id='word_1_122' title='bbox 1717 1556 1769 1609; x_wconf 91' lang='lat' dir='ltr'><strong>in</strong></span> <span class='ocrx_word' id='word_1_123' title='bbox 1817 1554 2163 1625; x_wconf 76' lang='lat' dir='ltr'><strong>Singularium</strong></span> 
     </span>
    </p>
   </div>
   <div class='ocr_carea' id='block_1_17' title="bbox 574 1646 2163 1718">
    <p class='ocr_par' dir='ltr' id='par_1_17' title="bbox 574 1646 2163 1718">
     <span class='ocr_line' id='line_1_17' title="bbox 574 1646 2163 1718; baseline -0.002 -14"><span class='ocrx_word' id='word_1_124' title='bbox 574 1648 1111 1718; x_wconf 63' lang='lat' dir='ltr'><strong>medicamentorum</strong></span> <span class='ocrx_word' id='word_1_125' title='bbox 1129 1646 1591 1717; x_wconf 80' lang='lat' dir='ltr'><strong>propositionibus</strong></span> <span class='ocrx_word' id='word_1_126' title='bbox 1608 1647 1817 1717; x_wconf 62' lang='lat' dir='ltr'><strong>probat.</strong></span> <span class='ocrx_word' id='word_1_127' title='bbox 1841 1647 1966 1701; x_wconf 87' lang='lat' dir='ltr'><strong>Post</strong></span> <span class='ocrx_word' id='word_1_128' title='bbox 1982 1658 2163 1701; x_wconf 78' lang='lat' dir='ltr'><strong>autem</strong></span> 
     </span>
    </p>
   </div>
   <div class='ocr_carea' id='block_1_18' title="bbox 574 1739 2165 1810">
    <p class='ocr_par' dir='ltr' id='par_1_18' title="bbox 574 1739 2165 1810">
     <span class='ocr_line' id='line_1_18' title="bbox 574 1739 2165 1810; baseline -0.003 -11"><span class='ocrx_word' id='word_1_129' title='bbox 574 1744 715 1800; x_wconf 89' lang='lat' dir='ltr'><strong>idem</strong></span> <span class='ocrx_word' id='word_1_130' title='bbox 738 1742 938 1800; x_wconf 87' lang='lat' dir='ltr'><strong>debere</strong></span> <span class='ocrx_word' id='word_1_131' title='bbox 972 1742 1025 1798; x_wconf 91' lang='lat' dir='ltr'><strong>in</strong></span> <span class='ocrx_word' id='word_1_132' title='bbox 1053 1741 1447 1797; x_wconf 88' lang='lat' dir='ltr'><strong>universalihus</strong></span> <span class='ocrx_word' id='word_1_133' title='bbox 1482 1742 1640 1796; x_wconf 89' lang='lat' dir='ltr'><strong>docet</strong></span> <span class='ocrx_word' id='word_1_134' title='bbox 1682 1740 1926 1810; x_wconf 77' lang='lat' dir='ltr'><strong>intelligi.</strong></span> <span class='ocrx_word' id='word_1_135' title='bbox 1960 1739 2165 1796; x_wconf 89' lang='lat' dir='ltr'><strong>idcirco</strong></span> 
     </span>
    </p>
   </div>
   <div class='ocr_carea' id='block_1_19' title="bbox 2269 532 3831 602">
    <p class='ocr_par' dir='ltr' id='par_1_19' title="bbox 2269 532 3831 602">
     <span class='ocr_line' id='line_1_19' title="bbox 2269 532 3831 602; baseline 0.003 -17"><span class='ocrx_word' id='word_1_136' title='bbox 2269 532 2379 586; x_wconf 83' lang='lat' dir='ltr'><strong>iloc</strong></span> <span class='ocrx_word' id='word_1_137' title='bbox 2411 532 2571 602; x_wconf 88' lang='lat' dir='ltr'><strong>igitur</strong></span> <span class='ocrx_word' id='word_1_138' title='bbox 2604 532 2718 587; x_wconf 89' lang='lat' dir='ltr'><strong>ﬁeri</strong></span> <span class='ocrx_word' id='word_1_139' title='bbox 2748 546 2852 585; x_wconf 92' lang='lat' dir='ltr'><strong>non</strong></span> <span class='ocrx_word' id='word_1_140' title='bbox 2878 537 3055 600; x_wconf 86' lang='lat' dir='ltr'><strong>potest</strong></span> <span class='ocrx_word' id='word_1_141' title='bbox 3080 546 3093 595; x_wconf 91' lang='lat'>;</span> <span class='ocrx_word' id='word_1_142' title='bbox 3129 543 3264 584; x_wconf 90' lang='lat' dir='ltr'><strong>unus</strong></span> <span class='ocrx_word' id='word_1_143' title='bbox 3306 544 3434 600; x_wconf 88' lang='lat' dir='ltr'><strong>ergo</strong></span> <span class='ocrx_word' id='word_1_144' title='bbox 3455 544 3639 585; x_wconf 91' lang='lat' dir='ltr'><strong>eorum</strong></span> <span class='ocrx_word' id='word_1_145' title='bbox 3670 548 3831 591; x_wconf 88' lang='lat' dir='ltr'><strong>verum</strong></span> 
     </span>
    </p>
   </div>
   <div class='ocr_carea' id='block_1_20' title="bbox 2267 622 3833 693">
    <p class='ocr_par' dir='ltr' id='par_1_20' title="bbox 2267 622 3833 693">
     <span class='ocr_line' id='line_1_20' title="bbox 2267 622 3833 693; baseline 0.005 -19"><span class='ocrx_word' id='word_1_146' title='bbox 2267 626 2535 688; x_wconf 80' lang='lat' dir='ltr'><strong>dicturus,</strong></span> <span class='ocrx_word' id='word_1_147' title='bbox 2564 637 2646 679; x_wconf 86' lang='lat' dir='ltr'><strong>est</strong></span> <span class='ocrx_word' id='word_1_148' title='bbox 2674 624 2813 679; x_wconf 87' lang='lat' dir='ltr'><strong>alius</strong></span> <span class='ocrx_word' id='word_1_149' title='bbox 2840 622 3131 679; x_wconf 84' lang='lat' dir='ltr'><strong>mentietur</strong></span> <span class='ocrx_word' id='word_1_150' title='bbox 3157 638 3172 678; x_wconf 71' lang='grc' dir='ltr'><strong>ι</strong></span> <span class='ocrx_word' id='word_1_151' title='bbox 3198 631 3429 693; x_wconf 87' lang='lat' dir='ltr'><strong>ponatur</strong></span> <span class='ocrx_word' id='word_1_152' title='bbox 3457 624 3600 678; x_wconf 89' lang='lat' dir='ltr'><strong>enim</strong></span> <span class='ocrx_word' id='word_1_153' title='bbox 3633 641 3730 679; x_wconf 88' lang='lat' dir='ltr'><strong>una</strong></span> <span class='ocrx_word' id='word_1_154' title='bbox 3756 642 3833 682; x_wconf 59' lang='lat' dir='ltr'><strong>eo.</strong></span> 
     </span>
    </p>
   </div>
   <div class='ocr_carea' id='block_1_21' title="bbox 2272 715 3833 785">
    <p class='ocr_par' dir='ltr' id='par_1_21' title="bbox 2272 715 3833 785">
     <span class='ocr_line' id='line_1_21' title="bbox 2272 715 3833 785; baseline 0.004 -17"><span class='ocrx_word' id='word_1_155' title='bbox 2272 732 2385 769; x_wconf 83' lang='lat' dir='ltr'><strong>rum</strong></span> <span class='ocrx_word' id='word_1_156' title='bbox 2412 718 2631 770; x_wconf 75' lang='lat' dir='ltr'><strong>deﬁnite</strong></span> <span class='ocrx_word' id='word_1_157' title='bbox 2663 731 2785 771; x_wconf 89' lang='lat' dir='ltr'><strong>vera</strong></span> <span class='ocrx_word' id='word_1_158' title='bbox 2815 730 2955 781; x_wconf 87' lang='lat' dir='ltr'><strong>esse,</strong></span> <span class='ocrx_word' id='word_1_159' title='bbox 2982 716 3065 769; x_wconf 85' lang='lat' dir='ltr'><strong>vel</strong></span> <span class='ocrx_word' id='word_1_160' title='bbox 3098 715 3248 780; x_wconf 83' lang='lat' dir='ltr'><strong>falsa,</strong></span> <span class='ocrx_word' id='word_1_161' title='bbox 3279 716 3323 770; x_wconf 88' lang='lat' dir='ltr'><strong>si</strong></span> <span class='ocrx_word' id='word_1_162' title='bbox 3350 729 3479 785; x_wconf 90' lang='lat' dir='ltr'><strong>ergo</strong></span> <span class='ocrx_word' id='word_1_163' title='bbox 3504 720 3680 771; x_wconf 89' lang='lat' dir='ltr'><strong>omnis</strong></span> <span class='ocrx_word' id='word_1_164' title='bbox 3707 719 3833 775; x_wconf 85' lang='lat' dir='ltr'><strong>afﬁr-</strong></span> 
     </span>
    </p>
   </div>
   <div class='ocr_carea' id='block_1_22' title="bbox 2271 810 3836 887">
    <p class='ocr_par' dir='ltr' id='par_1_22' title="bbox 2271 810 3836 887">
     <span class='ocr_line' id='line_1_22' title="bbox 2271 810 3836 887; baseline 0.004 -23"><span class='ocrx_word' id='word_1_165' title='bbox 2271 812 2433 865; x_wconf 84' lang='lat' dir='ltr'><strong>matio</strong></span> <span class='ocrx_word' id='word_1_166' title='bbox 2460 818 2515 865; x_wconf 89' lang='lat' dir='ltr'><strong>et</strong></span> <span class='ocrx_word' id='word_1_167' title='bbox 2547 811 2761 887; x_wconf 88' lang='lat' dir='ltr'><strong>negatio</strong></span> <span class='ocrx_word' id='word_1_168' title='bbox 2794 825 2914 864; x_wconf 77' lang='lat' dir='ltr'><strong>vera</strong></span> <span class='ocrx_word' id='word_1_169' title='bbox 2959 811 3040 865; x_wconf 90' lang='lat' dir='ltr'><strong>vel</strong></span> <span class='ocrx_word' id='word_1_170' title='bbox 3083 811 3212 863; x_wconf 83' lang='lat' dir='ltr'><strong>falsa</strong></span> <span class='ocrx_word' id='word_1_171' title='bbox 3241 818 3323 865; x_wconf 88' lang='lat' dir='ltr'><strong>est</strong></span> <span class='ocrx_word' id='word_1_172' title='bbox 3350 810 3591 875; x_wconf 89' lang='lat' dir='ltr'><strong>deﬁnite,</strong></span> <span class='ocrx_word' id='word_1_173' title='bbox 3626 822 3681 868; x_wconf 90' lang='lat' dir='ltr'><strong>et</strong></span> <span class='ocrx_word' id='word_1_174' title='bbox 3714 825 3836 871; x_wconf 86' lang='lat' dir='ltr'><strong>uter-</strong></span> 
     </span>
    </p>
   </div>
   <div class='ocr_carea' id='block_1_23' title="bbox 2269 904 3834 974">
    <p class='ocr_par' dir='ltr' id='par_1_23' title="bbox 2269 904 3834 974">
     <span class='ocr_line' id='line_1_23' title="bbox 2269 904 3834 974; baseline 0.004 -17"><span class='ocrx_word' id='word_1_175' title='bbox 2269 920 2374 974; x_wconf 89' lang='lat' dir='ltr'><strong>que</strong></span> <span class='ocrx_word' id='word_1_176' title='bbox 2421 919 2621 972; x_wconf 81' lang='lat' dir='ltr'><strong>negans</strong></span> <span class='ocrx_word' id='word_1_177' title='bbox 2673 904 3055 969; x_wconf 68' lang='lat' dir='ltr'><strong>afﬁrmausque</strong></span> <span class='ocrx_word' id='word_1_178' title='bbox 3078 906 3188 958; x_wconf 91' lang='lat' dir='ltr'><strong>veri</strong></span> <span class='ocrx_word' id='word_1_179' title='bbox 3240 905 3293 958; x_wconf 88' lang='lat' dir='ltr'><strong>in</strong></span> <span class='ocrx_word' id='word_1_180' title='bbox 3344 904 3834 963; x_wconf 61' lang='lat' dir='ltr'><strong>contradictionibus</strong></span> 
     </span>
    </p>
   </div>
   <div class='ocr_carea' id='block_1_24' title="bbox 2270 998 3831 1067">
    <p class='ocr_par' dir='ltr' id='par_1_24' title="bbox 2270 998 3831 1067">
     <span class='ocr_line' id='line_1_24' title="bbox 2270 998 3831 1067; baseline 0.001 -14"><span class='ocrx_word' id='word_1_181' title='bbox 2270 1012 2517 1053; x_wconf 85' lang='lat' dir='ltr'><strong>essenon</strong></span> <span class='ocrx_word' id='word_1_182' title='bbox 2548 1004 2805 1067; x_wconf 86' lang='lat' dir='ltr'><strong>possunt,</strong></span> <span class='ocrx_word' id='word_1_183' title='bbox 2837 1011 3061 1051; x_wconf 85' lang='lat' dir='ltr'><strong>necesse</strong></span> <span class='ocrx_word' id='word_1_184' title='bbox 3107 1007 3189 1051; x_wconf 89' lang='lat' dir='ltr'><strong>est</strong></span> <span class='ocrx_word' id='word_1_185' title='bbox 3220 1012 3380 1050; x_wconf 91' lang='lat' dir='ltr'><strong>unum</strong></span> <span class='ocrx_word' id='word_1_186' title='bbox 3418 1012 3604 1052; x_wconf 89' lang='lat' dir='ltr'><strong>verum</strong></span> <span class='ocrx_word' id='word_1_187' title='bbox 3637 998 3831 1067; x_wconf 82' lang='lat' dir='ltr'><strong>dicere,</strong></span> 
     </span>
    </p>
   </div>
   <div class='ocr_carea' id='block_1_25' title="bbox 2272 1090 3837 1155">
    <p class='ocr_par' dir='ltr' id='par_1_25' title="bbox 2272 1090 3837 1155">
     <span class='ocr_line' id='line_1_25' title="bbox 2272 1090 3837 1155; baseline 0.002 -10"><span class='ocrx_word' id='word_1_188' title='bbox 2272 1091 2498 1147; x_wconf 88' lang='lat' dir='ltr'><strong>alterum</strong></span> <span class='ocrx_word' id='word_1_189' title='bbox 2527 1090 2737 1150; x_wconf 86' lang='lat' dir='ltr'><strong>falsum,</strong></span> <span class='ocrx_word' id='word_1_190' title='bbox 2760 1097 2815 1143; x_wconf 88' lang='lat' dir='ltr'><strong>et</strong></span> <span class='ocrx_word' id='word_1_191' title='bbox 2843 1104 3004 1144; x_wconf 88' lang='lat' dir='ltr'><strong>unum</strong></span> <span class='ocrx_word' id='word_1_192' title='bbox 3038 1091 3257 1143; x_wconf 85' lang='lat' dir='ltr'><strong>deﬁnite</strong></span> <span class='ocrx_word' id='word_1_193' title='bbox 3279 1104 3487 1155; x_wconf 86' lang='lat' dir='ltr'><strong>verum,</strong></span> <span class='ocrx_word' id='word_1_194' title='bbox 3513 1092 3735 1145; x_wconf 85' lang='lat' dir='ltr'><strong>alterum</strong></span> <span class='ocrx_word' id='word_1_195' title='bbox 3762 1093 3837 1148; x_wconf 74' lang='lat' dir='ltr'><strong>de~</strong></span> 
     </span>
    </p>
   </div>
   <div class='ocr_carea' id='block_1_26' title="bbox 2274 1183 3838 1241">
    <p class='ocr_par' dir='ltr' id='par_1_26' title="bbox 2274 1183 3838 1241">
     <span class='ocr_line' id='line_1_26' title="bbox 2274 1183 3838 1241; baseline 0.003 -4"><span class='ocrx_word' id='word_1_196' title='bbox 2274 1184 2421 1239; x_wconf 89' lang='lat' dir='ltr'><strong>ﬁnite</strong></span> <span class='ocrx_word' id='word_1_197' title='bbox 2450 1183 2665 1239; x_wconf 85' lang='lat' dir='ltr'><strong>falsum.</strong></span> <span class='ocrx_word' id='word_1_198' title='bbox 2704 1183 2813 1237; x_wconf 86' lang='lat' dir='ltr'><strong>Hoc</strong></span> <span class='ocrx_word' id='word_1_199' title='bbox 2844 1183 2888 1237; x_wconf 86' lang='lat' dir='ltr'><strong>si</strong></span> <span class='ocrx_word' id='word_1_200' title='bbox 2924 1192 3011 1237; x_wconf 81' lang='lat' dir='ltr'><strong>est</strong></span> <span class='ocrx_word' id='word_1_201' title='bbox 3042 1185 3091 1235; x_wconf 91' lang='lat' dir='ltr'><strong>in</strong></span> <span class='ocrx_word' id='word_1_202' title='bbox 3139 1185 3388 1237; x_wconf 84' lang='lat' dir='ltr'><strong>omnibus</strong></span> <span class='ocrx_word' id='word_1_203' title='bbox 3420 1184 3838 1241; x_wconf 84' lang='lat' dir='ltr'><strong>afﬁrmationibus</strong></span> 
     </span>
    </p>
   </div>
   <div class='ocr_carea' id='block_1_27' title="bbox 2272 1276 3835 1347">
    <p class='ocr_par' dir='ltr' id='par_1_27' title="bbox 2272 1276 3835 1347">
     <span class='ocr_line' id='line_1_27' title="bbox 2272 1276 3835 1347; baseline 0.004 -17"><span class='ocrx_word' id='word_1_204' title='bbox 2272 1287 2431 1347; x_wconf 83' lang='lat' dir='ltr'><strong>atque</strong></span> <span class='ocrx_word' id='word_1_205' title='bbox 2461 1276 2855 1346; x_wconf 87' lang='lat' dir='ltr'><strong>negationibus,</strong></span> <span class='ocrx_word' id='word_1_206' title='bbox 2890 1286 2949 1330; x_wconf 89' lang='lat' dir='ltr'><strong>ut</strong></span> <span class='ocrx_word' id='word_1_207' title='bbox 2979 1292 3082 1329; x_wconf 87' lang='lat' dir='ltr'><strong>una</strong></span> <span class='ocrx_word' id='word_1_208' title='bbox 3126 1276 3346 1331; x_wconf 86' lang='lat' dir='ltr'><strong>deﬁnite</strong></span> <span class='ocrx_word' id='word_1_209' title='bbox 3394 1277 3523 1331; x_wconf 87' lang='lat' dir='ltr'><strong>falsa</strong></span> <span class='ocrx_word' id='word_1_210' title='bbox 3556 1278 3647 1342; x_wconf 84' lang='lat' dir='ltr'><strong>sit,</strong></span> <span class='ocrx_word' id='word_1_211' title='bbox 3696 1282 3835 1336; x_wconf 82' lang='lat' dir='ltr'><strong>altera</strong></span> 
     </span>
    </p>
   </div>
   <div class='ocr_carea' id='block_1_28' title="bbox 2278 1370 3837 1439">
    <p class='ocr_par' dir='ltr' id='par_1_28' title="bbox 2278 1370 3837 1439">
     <span class='ocr_line' id='line_1_28' title="bbox 2278 1370 3837 1439; baseline 0.003 -16"><span class='ocrx_word' id='word_1_212' title='bbox 2278 1388 2398 1428; x_wconf 80' lang='lat' dir='ltr'><strong>rera</strong></span> <span class='ocrx_word' id='word_1_213' title='bbox 2425 1371 2665 1436; x_wconf 83' lang='lat' dir='ltr'><strong>deﬁnite,</strong></span> <span class='ocrx_word' id='word_1_214' title='bbox 2736 1370 2993 1439; x_wconf 85' lang='lat' dir='ltr'><strong>quidquid</strong></span> <span class='ocrx_word' id='word_1_215' title='bbox 3040 1384 3163 1423; x_wconf 84' lang='lat' dir='ltr'><strong>vera</strong></span> <span class='ocrx_word' id='word_1_216' title='bbox 3208 1370 3338 1424; x_wconf 85' lang='lat' dir='ltr'><strong>dicit</strong></span> <span class='ocrx_word' id='word_1_217' title='bbox 3370 1380 3687 1426; x_wconf 84' lang='lat' dir='ltr'><strong>eventurum</strong></span> <span class='ocrx_word' id='word_1_218' title='bbox 3734 1389 3837 1427; x_wconf 87' lang='lat' dir='ltr'><strong>cve-</strong></span> 
     </span>
    </p>
   </div>
   <div class='ocr_carea' id='block_1_29' title="bbox 2274 1466 3837 1536">
    <p class='ocr_par' dir='ltr' id='par_1_29' title="bbox 2274 1466 3837 1536">
     <span class='ocr_line' id='line_1_29' title="bbox 2274 1466 3837 1536; baseline 0.003 -16"><span class='ocrx_word' id='word_1_219' title='bbox 2274 1468 2392 1522; x_wconf 87' lang='lat' dir='ltr'><strong>nire</strong></span> <span class='ocrx_word' id='word_1_220' title='bbox 2465 1481 2686 1521; x_wconf 82' lang='lat' dir='ltr'><strong>necesse</strong></span> <span class='ocrx_word' id='word_1_221' title='bbox 2733 1476 2845 1528; x_wconf 90' lang='lat' dir='ltr'><strong>est,</strong></span> <span class='ocrx_word' id='word_1_222' title='bbox 2897 1466 3151 1536; x_wconf 90' lang='lat' dir='ltr'><strong>quidquid</strong></span> <span class='ocrx_word' id='word_1_223' title='bbox 3212 1480 3314 1521; x_wconf 88' lang='lat' dir='ltr'><strong>non</strong></span> <span class='ocrx_word' id='word_1_224' title='bbox 3361 1477 3680 1523; x_wconf 88' lang='lat' dir='ltr'><strong>eventurum</strong></span> <span class='ocrx_word' id='word_1_225' title='bbox 3752 1487 3837 1526; x_wconf 90' lang='lat' dir='ltr'><strong>non</strong></span> 
     </span>
    </p>
   </div>
   <div class='ocr_carea' id='block_1_30' title="bbox 2272 1558 3840 1628">
    <p class='ocr_par' dir='ltr' id='par_1_30' title="bbox 2272 1558 3840 1628">
     <span class='ocr_line' id='line_1_30' title="bbox 2272 1558 3840 1628; baseline 0.001 -15"><span class='ocrx_word' id='word_1_226' title='bbox 2272 1559 2489 1614; x_wconf 83' lang='lat' dir='ltr'><strong>evenire</strong></span> <span class='ocrx_word' id='word_1_227' title='bbox 2515 1572 2733 1613; x_wconf 86' lang='lat' dir='ltr'><strong>necesse</strong></span> <span class='ocrx_word' id='word_1_228' title='bbox 2770 1567 2870 1623; x_wconf 90' lang='lat' dir='ltr'><strong>est,</strong></span> <span class='ocrx_word' id='word_1_229' title='bbox 2907 1558 3006 1611; x_wconf 86' lang='lat' dir='ltr'><strong>hoc</strong></span> <span class='ocrx_word' id='word_1_230' title='bbox 3033 1567 3113 1611; x_wconf 89' lang='lat' dir='ltr'><strong>est</strong></span> <span class='ocrx_word' id='word_1_231' title='bbox 3144 1558 3286 1612; x_wconf 90' lang='lat' dir='ltr'><strong>enim</strong></span> <span class='ocrx_word' id='word_1_232' title='bbox 3318 1560 3458 1628; x_wconf 92' lang='lat' dir='ltr'><strong>quod</strong></span> <span class='ocrx_word' id='word_1_233' title='bbox 3507 1561 3583 1615; x_wconf 85' lang='lat' dir='ltr'><strong>ait</strong></span> <span class='ocrx_word' id='word_1_234' title='bbox 3622 1578 3636 1614; x_wconf 89' lang='lat'><strong>:</strong></span> <span class='ocrx_word' id='word_1_235' title='bbox 3694 1563 3840 1615; x_wconf 79' lang='lat' dir='ltr'><strong>Mani-</strong></span> 
     </span>
    </p>
   </div>
   <div class='ocr_carea' id='block_1_31' title="bbox 2277 1651 3840 1721">
    <p class='ocr_par' dir='ltr' id='par_1_31' title="bbox 2277 1651 3840 1721">
     <span class='ocr_line' id='line_1_31' title="bbox 2277 1651 3840 1721; baseline 0.001 -16"><span class='ocrx_word' id='word_1_236' title='bbox 2277 1652 2464 1706; x_wconf 88' lang='lat' dir='ltr'><strong>festum</strong></span> <span class='ocrx_word' id='word_1_237' title='bbox 2479 1660 2559 1706; x_wconf 49' lang='lat' dir='ltr'><strong>est</strong></span> <span class='ocrx_word' id='word_1_238' title='bbox 2582 1652 2832 1721; x_wconf 80' lang='lat' dir='ltr'><strong>quoniam</strong></span> <span class='ocrx_word' id='word_1_239' title='bbox 2862 1664 3085 1706; x_wconf 86' lang='lat' dir='ltr'><strong>necesse</strong></span> <span class='ocrx_word' id='word_1_240' title='bbox 3102 1658 3185 1705; x_wconf 86' lang='lat' dir='ltr'><strong>est</strong></span> <span class='ocrx_word' id='word_1_241' title='bbox 3216 1667 3402 1706; x_wconf 88' lang='lat' dir='ltr'><strong>verum</strong></span> <span class='ocrx_word' id='word_1_242' title='bbox 3424 1651 3607 1706; x_wconf 87' lang='lat' dir='ltr'><strong>dicere</strong></span> <span class='ocrx_word' id='word_1_243' title='bbox 3637 1654 3840 1707; x_wconf 80' lang='lat' dir='ltr'><strong>alterum</strong></span> 
     </span>
    </p>
   </div>
   <div class='ocr_carea' id='block_1_32' title="bbox 2273 1742 3840 1815">
    <p class='ocr_par' dir='ltr' id='par_1_32' title="bbox 2273 1742 3840 1815">
     <span class='ocr_line' id='line_1_32' title="bbox 2273 1742 3840 1815; baseline 0.001 -18"><span class='ocrx_word' id='word_1_244' title='bbox 2273 1746 2532 1815; x_wconf 85' lang='lat' dir='ltr'><strong>ipsorum;</strong></span> <span class='ocrx_word' id='word_1_245' title='bbox 2566 1760 2737 1813; x_wconf 91' lang='lat' dir='ltr'><strong>neque</strong></span> <span class='ocrx_word' id='word_1_246' title='bbox 2766 1744 2909 1799; x_wconf 91' lang='lat' dir='ltr'><strong>enim</strong></span> <span class='ocrx_word' id='word_1_247' title='bbox 2947 1752 3123 1812; x_wconf 86' lang='lat' dir='ltr'><strong>potest</strong></span> <span class='ocrx_word' id='word_1_248' title='bbox 3158 1743 3271 1799; x_wconf 88' lang='lat' dir='ltr'><strong>ﬁeri</strong></span> <span class='ocrx_word' id='word_1_249' title='bbox 3300 1752 3351 1797; x_wconf 90' lang='lat' dir='ltr'><strong>ut</strong></span> <span class='ocrx_word' id='word_1_250' title='bbox 3385 1742 3680 1799; x_wconf 77' lang='lat' dir='ltr'><strong>alﬁrmatio</strong></span> <span class='ocrx_word' id='word_1_251' title='bbox 3713 1760 3840 1814; x_wconf 70' lang='lat' dir='ltr'><strong>nega-</strong></span> 
     </span>
    </p>
   </div>
   <div class='ocr_carea' id='block_1_33' title="bbox 574 1832 3841 1908">
    <p class='ocr_par' dir='ltr' id='par_1_33' title="bbox 574 1832 3841 1908">
     <span class='ocr_line' id='line_1_33' title="bbox 574 1832 3841 1908; baseline -0.002 -12"><span class='ocrx_word' id='word_1_252' title='bbox 574 1837 716 1893; x_wconf 84' lang='lat' dir='ltr'><strong>enim</strong></span> <span class='ocrx_word' id='word_1_253' title='bbox 749 1835 841 1901; x_wconf 74' lang='lat' dir='ltr'><strong>ait.</strong></span> <span class='ocrx_word' id='word_1_254' title='bbox 874 1837 928 1890; x_wconf 75' lang='lat' dir='ltr'><strong>in</strong></span> <span class='ocrx_word' id='word_1_255' title='bbox 957 1834 1320 1905; x_wconf 74' lang='lat' dir='ltr'><strong>singularibus</strong></span> <span class='ocrx_word' id='word_1_256' title='bbox 1344 1850 1470 1889; x_wconf 67' lang='lat' dir='ltr'><strong>vero</strong></span> <span class='ocrx_word' id='word_1_257' title='bbox 1493 1844 1547 1890; x_wconf 67' lang='lat' dir='ltr'><strong>ei</strong></span> <span class='ocrx_word' id='word_1_258' title='bbox 1591 1832 1781 1889; x_wconf 64' lang='lat' dir='ltr'><strong>futuris</strong></span> <span class='ocrx_word' id='word_1_259' title='bbox 1820 1848 1926 1889; x_wconf 81' lang='lat' dir='ltr'><strong>non</strong></span> <span class='ocrx_word' id='word_1_260' title='bbox 1972 1834 2165 1889; x_wconf 69' lang='lat' dir='ltr'><strong>Simili-</strong></span> <span class='ocrx_word' id='word_1_261' title='bbox 2194 1836 2246 1898; x_wconf 84' lang='lat' dir='ltr'><strong>B</strong></span> <span class='ocrx_word' id='word_1_262' title='bbox 2273 1842 2456 1908; x_wconf 85' lang='lat' dir='ltr'><strong>tioque</strong></span> <span class='ocrx_word' id='word_1_263' title='bbox 2494 1840 2833 1894; x_wconf 81' lang='lat' dir='ltr'><strong>consentiant</strong></span> <span class='ocrx_word' id='word_1_264' title='bbox 2862 1839 2915 1893; x_wconf 94' lang='lat' dir='ltr'><strong>in</strong></span> <span class='ocrx_word' id='word_1_265' title='bbox 2950 1839 3166 1904; x_wconf 86' lang='lat' dir='ltr'><strong>talibus,</strong></span> <span class='ocrx_word' id='word_1_266' title='bbox 3202 1838 3251 1892; x_wconf 91' lang='lat' dir='ltr'><strong>id</strong></span> <span class='ocrx_word' id='word_1_267' title='bbox 3283 1850 3362 1894; x_wconf 85' lang='lat' dir='ltr'><strong>est</strong></span> <span class='ocrx_word' id='word_1_268' title='bbox 3396 1839 3446 1893; x_wconf 91' lang='lat' dir='ltr'><strong>in</strong></span> <span class='ocrx_word' id='word_1_269' title='bbox 3480 1840 3841 1894; x_wconf 73' lang='lat' dir='ltr'><strong>contradictio.</strong></span> 
     </span>
    </p>
   </div>
   <div class='ocr_carea' id='block_1_34' title="bbox 575 1926 2162 1997">
    <p class='ocr_par' dir='ltr' id='par_1_34' title="bbox 575 1926 2162 1997">
     <span class='ocr_line' id='line_1_34' title="bbox 575 1926 2162 1997; baseline -0.001 -13"><span class='ocrx_word' id='word_1_270' title='bbox 575 1937 680 1984; x_wconf 90' lang='lat' dir='ltr'><strong>ter.</strong></span> <span class='ocrx_word' id='word_1_271' title='bbox 710 1926 765 1982; x_wconf 87' lang='lat' dir='ltr'><strong>id</strong></span> <span class='ocrx_word' id='word_1_272' title='bbox 788 1936 871 1982; x_wconf 91' lang='lat' dir='ltr'><strong>est</strong></span> <span class='ocrx_word' id='word_1_273' title='bbox 901 1926 954 1981; x_wconf 93' lang='lat' dir='ltr'><strong>in</strong></span> <span class='ocrx_word' id='word_1_274' title='bbox 986 1926 1346 1996; x_wconf 81' lang='lat' dir='ltr'><strong>singularibus</strong></span> <span class='ocrx_word' id='word_1_275' title='bbox 1369 1926 1844 1996; x_wconf 86' lang='lat' dir='ltr'><strong>prepositionibus,</strong></span> <span class='ocrx_word' id='word_1_276' title='bbox 1870 1933 1925 1982; x_wconf 90' lang='grc' dir='ltr'><strong>ει</strong></span> <span class='ocrx_word' id='word_1_277' title='bbox 1954 1927 2021 1983; x_wconf 91' lang='lat' dir='ltr'><strong>de</strong></span> <span class='ocrx_word' id='word_1_278' title='bbox 2041 1927 2162 1997; x_wconf 91' lang='lat' dir='ltr'><strong>qui-</strong></span> 
     </span>
    </p>
   </div>
   <div class='ocr_carea' id='block_1_35' title="bbox 574 2017 2169 2090">
    <p class='ocr_par' dir='ltr' id='par_1_35' title="bbox 574 2017 2169 2090">
     <span class='ocr_line' id='line_1_35' title="bbox 574 2017 2169 2090; baseline -0.002 -15"><span class='ocrx_word' id='word_1_279' title='bbox 574 2020 676 2075; x_wconf 92' lang='lat' dir='ltr'><strong>bus</strong></span> <span class='ocrx_word' id='word_1_280' title='bbox 700 2020 847 2090; x_wconf 88' lang='lat' dir='ltr'><strong>prius</strong></span> <span class='ocrx_word' id='word_1_281' title='bbox 879 2026 1107 2085; x_wconf 87' lang='lat' dir='ltr'><strong>tractat,</strong></span> <span class='ocrx_word' id='word_1_282' title='bbox 1140 2018 1272 2073; x_wconf 88' lang='lat' dir='ltr'><strong>etin</strong></span> <span class='ocrx_word' id='word_1_283' title='bbox 1299 2017 1515 2085; x_wconf 87' lang='lat' dir='ltr'><strong>futuris,</strong></span> <span class='ocrx_word' id='word_1_284' title='bbox 1544 2017 1596 2073; x_wconf 89' lang='lat' dir='ltr'><strong>id</strong></span> <span class='ocrx_word' id='word_1_285' title='bbox 1620 2026 1702 2073; x_wconf 89' lang='lat' dir='ltr'><strong>est</strong></span> <span class='ocrx_word' id='word_1_286' title='bbox 1730 2020 1781 2073; x_wconf 94' lang='lat' dir='ltr'><strong>in</strong></span> <span class='ocrx_word' id='word_1_287' title='bbox 1810 2017 2169 2090; x_wconf 89' lang='lat' dir='ltr'><strong>contingenti-</strong></span> 
     </span>
    </p>
   </div>
   <div class='ocr_carea' id='block_1_36' title="bbox 576 2111 2170 2184">
    <p class='ocr_par' dir='ltr' id='par_1_36' title="bbox 576 2111 2170 2184">
     <span class='ocr_line' id='line_1_36' title="bbox 576 2111 2170 2184; baseline -0.002 -14"><span class='ocrx_word' id='word_1_288' title='bbox 576 2115 697 2183; x_wconf 90' lang='lat' dir='ltr'><strong>bus,</strong></span> <span class='ocrx_word' id='word_1_289' title='bbox 729 2128 835 2168; x_wconf 94' lang='lat' dir='ltr'><strong>non</strong></span> <span class='ocrx_word' id='word_1_290' title='bbox 866 2111 1006 2168; x_wconf 89' lang='lat' dir='ltr'><strong>idem</strong></span> <span class='ocrx_word' id='word_1_291' title='bbox 1046 2111 1237 2167; x_wconf 89' lang='lat' dir='ltr'><strong>modus</strong></span> <span class='ocrx_word' id='word_1_292' title='bbox 1274 2118 1358 2183; x_wconf 79' lang='lat' dir='ltr'><strong>est</strong></span> <span class='ocrx_word' id='word_1_293' title='bbox 1382 2127 1627 2169; x_wconf 89' lang='lat' dir='ltr'><strong>verarum</strong></span> <span class='ocrx_word' id='word_1_294' title='bbox 1659 2111 2019 2184; x_wconf 84' lang='lat' dir='ltr'><strong>falsarumque</strong></span> <span class='ocrx_word' id='word_1_295' title='bbox 2046 2128 2170 2182; x_wconf 90' lang='lat' dir='ltr'><strong>pro-</strong></span> 
     </span>
    </p>
   </div>
   <div class='ocr_carea' id='block_1_37' title="bbox 576 2204 2162 2279">
    <p class='ocr_par' dir='ltr' id='par_1_37' title="bbox 576 2204 2162 2279">
     <span class='ocr_line' id='line_1_37' title="bbox 576 2204 2162 2279; baseline -0.003 -15"><span class='ocrx_word' id='word_1_296' title='bbox 576 2207 926 2279; x_wconf 86' lang='lat' dir='ltr'><strong>positionum,</strong></span> <span class='ocrx_word' id='word_1_297' title='bbox 960 2206 1157 2277; x_wconf 89' lang='lat' dir='ltr'><strong>quiest</strong></span> <span class='ocrx_word' id='word_1_298' title='bbox 1186 2206 1238 2260; x_wconf 92' lang='lat' dir='ltr'><strong>in</strong></span> <span class='ocrx_word' id='word_1_299' title='bbox 1269 2204 1558 2276; x_wconf 66' lang='lat' dir='ltr'><strong>praeteritis</strong></span> <span class='ocrx_word' id='word_1_300' title='bbox 1590 2214 1752 2276; x_wconf 83' lang='lat' dir='ltr'><strong>atque</strong></span> <span class='ocrx_word' id='word_1_301' title='bbox 1787 2205 2162 2275; x_wconf 76' lang='lat' dir='ltr'><strong>prtesentibus.</strong></span> 
     </span>
    </p>
   </div>
   <div class='ocr_carea' id='block_1_38' title="bbox 576 2298 2167 2371">
    <p class='ocr_par' dir='ltr' id='par_1_38' title="bbox 576 2298 2167 2371">
     <span class='ocr_line' id='line_1_38' title="bbox 576 2298 2167 2371; baseline -0.003 -12"><span class='ocrx_word' id='word_1_302' title='bbox 576 2302 837 2371; x_wconf 80' lang='lat' dir='ltr'><strong>Quoniam</strong></span> <span class='ocrx_word' id='word_1_303' title='bbox 870 2302 920 2355; x_wconf 90' lang='lat' dir='ltr'><strong>in</strong></span> <span class='ocrx_word' id='word_1_304' title='bbox 964 2298 1252 2371; x_wconf 72' lang='lat' dir='ltr'><strong>praeteritis</strong></span> <span class='ocrx_word' id='word_1_305' title='bbox 1281 2308 1440 2369; x_wconf 89' lang='lat' dir='ltr'><strong>atque</strong></span> <span class='ocrx_word' id='word_1_306' title='bbox 1467 2300 1828 2371; x_wconf 68' lang='lat' dir='ltr'><strong>praesentibus</strong></span> <span class='ocrx_word' id='word_1_307' title='bbox 1856 2342 1871 2366; x_wconf 94' lang='lat'><strong>,</strong></span> <span class='ocrx_word' id='word_1_308' title='bbox 1914 2310 1969 2357; x_wconf 89' lang='grc' dir='ltr'><strong>ει</strong></span> <span class='ocrx_word' id='word_1_309' title='bbox 1998 2310 2167 2357; x_wconf 93' lang='lat' dir='ltr'><strong>totum</strong></span> 
     </span>
    </p>
   </div>
   <div class='ocr_carea' id='block_1_39' title="bbox 577 2390 2169 2464">
    <p class='ocr_par' dir='ltr' id='par_1_39' title="bbox 577 2390 2169 2464">
     <span class='ocr_line' id='line_1_39' title="bbox 577 2390 2169 2464; baseline -0.001 -15"><span class='ocrx_word' id='word_1_310' title='bbox 577 2391 1014 2450; x_wconf 89' lang='lat' dir='ltr'><strong>contradictionis</strong></span> <span class='ocrx_word' id='word_1_311' title='bbox 1036 2405 1231 2461; x_wconf 89' lang='lat' dir='ltr'><strong>corpus</strong></span> <span class='ocrx_word' id='word_1_312' title='bbox 1260 2390 1313 2445; x_wconf 91' lang='lat' dir='ltr'><strong>in</strong></span> <span class='ocrx_word' id='word_1_313' title='bbox 1345 2392 1625 2448; x_wconf 81' lang='lat' dir='ltr'><strong>veritatem</strong></span> <span class='ocrx_word' id='word_1_314' title='bbox 1659 2391 2058 2464; x_wconf 88' lang='lat' dir='ltr'><strong>falsitatemque</strong></span> <span class='ocrx_word' id='word_1_315' title='bbox 2090 2392 2169 2448; x_wconf 71' lang='lat' dir='ltr'><strong>di~</strong></span> 
     </span>
    </p>
   </div>
   <div class='ocr_carea' id='block_1_40' title="bbox 578 2484 2171 2555">
    <p class='ocr_par' dir='ltr' id='par_1_40' title="bbox 578 2484 2171 2555">
     <span class='ocr_line' id='line_1_40' title="bbox 578 2484 2171 2555; baseline -0.002 -12"><span class='ocrx_word' id='word_1_316' title='bbox 578 2490 793 2555; x_wconf 81' lang='lat' dir='ltr'><strong>viditur,</strong></span> <span class='ocrx_word' id='word_1_317' title='bbox 822 2498 875 2543; x_wconf 89' lang='lat' dir='ltr'><strong>et</strong></span> <span class='ocrx_word' id='word_1_318' title='bbox 896 2500 1022 2543; x_wconf 86' lang='lat' dir='ltr'><strong>vera</strong></span> <span class='ocrx_word' id='word_1_319' title='bbox 1054 2495 1137 2541; x_wconf 89' lang='lat' dir='ltr'><strong>est</strong></span> <span class='ocrx_word' id='word_1_320' title='bbox 1160 2500 1262 2540; x_wconf 90' lang='lat' dir='ltr'><strong>una</strong></span> <span class='ocrx_word' id='word_1_321' title='bbox 1294 2484 1535 2551; x_wconf 85' lang='lat' dir='ltr'><strong>deﬁnite,</strong></span> <span class='ocrx_word' id='word_1_322' title='bbox 1564 2495 1623 2540; x_wconf 90' lang='lat' dir='ltr'><strong>ut</strong></span> <span class='ocrx_word' id='word_1_323' title='bbox 1652 2486 1826 2555; x_wconf 90' lang='lat' dir='ltr'><strong>possit</strong></span> <span class='ocrx_word' id='word_1_324' title='bbox 1846 2500 1910 2541; x_wconf 78' lang='lat' dir='ltr'><strong>ex</strong></span> <span class='ocrx_word' id='word_1_325' title='bbox 1942 2486 2024 2541; x_wconf 89' lang='lat' dir='ltr'><strong>his</strong></span> <span class='ocrx_word' id='word_1_326' title='bbox 2052 2502 2171 2541; x_wconf 88' lang='lat' dir='ltr'><strong>cer—</strong></span> 
     </span>
    </p>
   </div>
   <div class='ocr_carea' id='block_1_41' title="bbox 581 2578 2169 2653">
    <p class='ocr_par' dir='ltr' id='par_1_41' title="bbox 581 2578 2169 2653">
     <span class='ocr_line' id='line_1_41' title="bbox 581 2578 2169 2653; baseline -0.003 -15"><span class='ocrx_word' id='word_1_327' title='bbox 581 2596 664 2638; x_wconf 90' lang='lat' dir='ltr'><strong>tus</strong></span> <span class='ocrx_word' id='word_1_328' title='bbox 686 2581 876 2653; x_wconf 87' lang='lat' dir='ltr'><strong>aliquis</strong></span> <span class='ocrx_word' id='word_1_329' title='bbox 905 2595 968 2636; x_wconf 88' lang='lat' dir='ltr'><strong>ac</strong></span> <span class='ocrx_word' id='word_1_330' title='bbox 1001 2582 1179 2636; x_wconf 90' lang='lat' dir='ltr'><strong>sciens</strong></span> <span class='ocrx_word' id='word_1_331' title='bbox 1206 2578 1387 2635; x_wconf 87' lang='lat' dir='ltr'><strong>dicere</strong></span> <span class='ocrx_word' id='word_1_332' title='bbox 1430 2578 1685 2651; x_wconf 90' lang='lat' dir='ltr'><strong>quoniam</strong></span> <span class='ocrx_word' id='word_1_333' title='bbox 1712 2578 1999 2635; x_wconf 86' lang='lat' dir='ltr'><strong>afﬁrmatio</strong></span> <span class='ocrx_word' id='word_1_334' title='bbox 2044 2595 2169 2635; x_wconf 90' lang='lat' dir='ltr'><strong>vera</strong></span> 
     </span>
    </p>
   </div>
   <div class='ocr_carea' id='block_1_42' title="bbox 579 2668 2171 2741">
    <p class='ocr_par' dir='ltr' id='par_1_42' title="bbox 579 2668 2171 2741">
     <span class='ocr_line' id='line_1_42' title="bbox 579 2668 2171 2741; baseline -0.003 -12"><span class='ocrx_word' id='word_1_335' title='bbox 579 2676 669 2740; x_wconf 84' lang='lat' dir='ltr'><strong>sit,</strong></span> <span class='ocrx_word' id='word_1_336' title='bbox 704 2674 786 2727; x_wconf 87' lang='lat' dir='ltr'><strong>vel</strong></span> <span class='ocrx_word' id='word_1_337' title='bbox 841 2686 1046 2737; x_wconf 86' lang='lat' dir='ltr'><strong>rursus,</strong></span> <span class='ocrx_word' id='word_1_338' title='bbox 1093 2669 1344 2740; x_wconf 91' lang='lat' dir='ltr'><strong>quoniam</strong></span> <span class='ocrx_word' id='word_1_339' title='bbox 1378 2668 1629 2741; x_wconf 85' lang='lat' dir='ltr'><strong>negatio;</strong></span> <span class='ocrx_word' id='word_1_340' title='bbox 1679 2669 1766 2725; x_wconf 87' lang='lat' dir='ltr'><strong>vel</strong></span> <span class='ocrx_word' id='word_1_341' title='bbox 1796 2668 1844 2725; x_wconf 89' lang='lat' dir='ltr'><strong>si</strong></span> <span class='ocrx_word' id='word_1_342' title='bbox 1892 2669 1945 2726; x_wconf 90' lang='lat' dir='ltr'><strong>id</strong></span> <span class='ocrx_word' id='word_1_343' title='bbox 1994 2670 2171 2725; x_wconf 91' lang='lat' dir='ltr'><strong>nullus</strong></span> 
     </span>
    </p>
   </div>
   <div class='ocr_carea' id='block_1_43' title="bbox 577 2759 2171 2833">
    <p class='ocr_par' dir='ltr' id='par_1_43' title="bbox 577 2759 2171 2833">
     <span class='ocr_line' id='line_1_43' title="bbox 577 2759 2171 2833; baseline -0.001 -15"><span class='ocrx_word' id='word_1_344' title='bbox 577 2767 795 2830; x_wconf 75' lang='lat' dir='ltr'><strong>dixerit,</strong></span> <span class='ocrx_word' id='word_1_345' title='bbox 831 2772 980 2819; x_wconf 83' lang='lat' dir='ltr'><strong>certa</strong></span> <span class='ocrx_word' id='word_1_346' title='bbox 1020 2763 1131 2833; x_wconf 91' lang='lat' dir='ltr'><strong>jam</strong></span> <span class='ocrx_word' id='word_1_347' title='bbox 1164 2759 1424 2833; x_wconf 70' lang='lat' dir='ltr'><strong>praeteriti</strong></span> <span class='ocrx_word' id='word_1_348' title='bbox 1450 2768 1712 2833; x_wconf 79' lang='lat' dir='ltr'><strong>temporis</strong></span> <span class='ocrx_word' id='word_1_349' title='bbox 1759 2762 1843 2816; x_wconf 88' lang='lat' dir='ltr'><strong>vel</strong></span> <span class='ocrx_word' id='word_1_350' title='bbox 1892 2761 2171 2832; x_wconf 69' lang='lat' dir='ltr'><strong>praesentis</strong></span> 
     </span>
    </p>
   </div>
   <div class='ocr_carea' id='block_1_44' title="bbox 577 2858 2168 2927">
    <p class='ocr_par' dir='ltr' id='par_1_44' title="bbox 577 2858 2168 2927">
     <span class='ocr_line' id='line_1_44' title="bbox 577 2858 2168 2927; baseline -0.003 -12"><span class='ocrx_word' id='word_1_351' title='bbox 577 2860 870 2916; x_wconf 82' lang='lat' dir='ltr'><strong>secundum</strong></span> <span class='ocrx_word' id='word_1_352' title='bbox 912 2860 994 2914; x_wconf 91' lang='lat' dir='ltr'><strong>sui</strong></span> <span class='ocrx_word' id='word_1_353' title='bbox 1026 2865 1270 2912; x_wconf 86' lang='lat' dir='ltr'><strong>naturam</strong></span> <span class='ocrx_word' id='word_1_354' title='bbox 1302 2858 1463 2923; x_wconf 84' lang='lat' dir='ltr'><strong>ratio,</strong></span> <span class='ocrx_word' id='word_1_355' title='bbox 1493 2866 1780 2927; x_wconf 88' lang='lat' dir='ltr'><strong>certusque</strong></span> <span class='ocrx_word' id='word_1_356' title='bbox 1810 2864 2034 2912; x_wconf 89' lang='lat' dir='ltr'><strong>eventus</strong></span> <span class='ocrx_word' id='word_1_357' title='bbox 2064 2865 2168 2921; x_wconf 88' lang='lat' dir='ltr'><strong>est,</strong></span> 
     </span>
    </p>
   </div>
   <div class='ocr_carea' id='block_1_45' title="bbox 578 2948 2171 3021">
    <p class='ocr_par' dir='ltr' id='par_1_45' title="bbox 578 2948 2171 3021">
     <span class='ocr_line' id='line_1_45' title="bbox 578 2948 2171 3021; baseline -0.004 -12"><span class='ocrx_word' id='word_1_358' title='bbox 578 2956 631 3009; x_wconf 90' lang='lat' dir='ltr'><strong>in</strong></span> <span class='ocrx_word' id='word_1_359' title='bbox 659 2954 741 3007; x_wconf 89' lang='lat' dir='ltr'><strong>his</strong></span> <span class='ocrx_word' id='word_1_360' title='bbox 770 2967 900 3008; x_wconf 88' lang='lat' dir='ltr'><strong>vero</strong></span> <span class='ocrx_word' id='word_1_361' title='bbox 928 2953 979 3005; x_wconf 94' lang='lat' dir='ltr'><strong>in</strong></span> <span class='ocrx_word' id='word_1_362' title='bbox 1034 2950 1229 3021; x_wconf 86' lang='lat' dir='ltr'><strong>quibus</strong></span> <span class='ocrx_word' id='word_1_363' title='bbox 1265 2949 1581 3020; x_wconf 80' lang='lat' dir='ltr'><strong>contingens</strong></span> <span class='ocrx_word' id='word_1_364' title='bbox 1622 2959 1704 3006; x_wconf 89' lang='lat' dir='ltr'><strong>est</strong></span> <span class='ocrx_word' id='word_1_365' title='bbox 1734 2958 1787 3004; x_wconf 93' lang='lat' dir='ltr'><strong>ct</strong></span> <span class='ocrx_word' id='word_1_366' title='bbox 1817 2948 2075 3016; x_wconf 87' lang='lat' dir='ltr'><strong>futurum,</strong></span> <span class='ocrx_word' id='word_1_367' title='bbox 2117 2948 2171 3003; x_wconf 92' lang='lat' dir='ltr'><strong>id</strong></span> 
     </span>
    </p>
   </div>
   <div class='ocr_carea' id='block_1_46' title="bbox 580 3044 2164 3115">
    <p class='ocr_par' dir='ltr' id='par_1_46' title="bbox 580 3044 2164 3115">
     <span class='ocr_line' id='line_1_46' title="bbox 580 3044 2164 3115; baseline -0.006 -8"><span class='ocrx_word' id='word_1_368' title='bbox 580 3062 658 3107; x_wconf 88' lang='lat' dir='ltr'><strong>est</strong></span> <span class='ocrx_word' id='word_1_369' title='bbox 688 3049 943 3104; x_wconf 83' lang='lat' dir='ltr'><strong>variabile</strong></span> <span class='ocrx_word' id='word_1_370' title='bbox 968 3055 1022 3102; x_wconf 92' lang='lat' dir='ltr'><strong>et</strong></span> <span class='ocrx_word' id='word_1_371' title='bbox 1047 3045 1317 3111; x_wconf 87' lang='lat' dir='ltr'><strong>instabile,</strong></span> <span class='ocrx_word' id='word_1_372' title='bbox 1352 3052 1521 3100; x_wconf 88' lang='lat' dir='ltr'><strong>totum</strong></span> <span class='ocrx_word' id='word_1_373' title='bbox 1553 3044 1766 3115; x_wconf 89' lang='lat' dir='ltr'><strong>quidem</strong></span> <span class='ocrx_word' id='word_1_374' title='bbox 1795 3058 1995 3112; x_wconf 89' lang='lat' dir='ltr'><strong>corpus</strong></span> <span class='ocrx_word' id='word_1_375' title='bbox 2031 3057 2164 3097; x_wconf 93' lang='lat' dir='ltr'><strong>con-</strong></span> 
     </span>
    </p>
   </div>
   <div class='ocr_carea' id='block_1_47' title="bbox 581 3133 2173 3207">
    <p class='ocr_par' dir='ltr' id='par_1_47' title="bbox 581 3133 2173 3207">
     <span class='ocr_line' id='line_1_47' title="bbox 581 3133 2173 3207; baseline -0.005 -10"><span class='ocrx_word' id='word_1_376' title='bbox 581 3140 912 3197; x_wconf 85' lang='lat' dir='ltr'><strong>tradictionis</strong></span> <span class='ocrx_word' id='word_1_377' title='bbox 935 3139 1211 3195; x_wconf 80' lang='lat' dir='ltr'><strong>veritatem</strong></span> <span class='ocrx_word' id='word_1_378' title='bbox 1241 3135 1641 3207; x_wconf 81' lang='lat' dir='ltr'><strong>falsitatemque</strong></span> <span class='ocrx_word' id='word_1_379' title='bbox 1670 3134 1915 3206; x_wconf 78' lang='lat' dir='ltr'><strong>partitur,</strong></span> <span class='ocrx_word' id='word_1_380' title='bbox 1940 3133 2034 3190; x_wconf 88' lang='lat' dir='ltr'><strong>sed</strong></span> <span class='ocrx_word' id='word_1_381' title='bbox 2059 3134 2173 3189; x_wconf 76' lang='lat' dir='ltr'><strong>inec</strong></span> 
     </span>
    </p>
   </div>
   <div class='ocr_carea' id='block_1_48' title="bbox 2276 1929 3843 2004">
    <p class='ocr_par' dir='ltr' id='par_1_48' title="bbox 2276 1929 3843 2004">
     <span class='ocr_line' id='line_1_48' title="bbox 2276 1929 3843 2004; baseline 0 -17"><span class='ocrx_word' id='word_1_382' title='bbox 2276 1934 2357 1987; x_wconf 91' lang='lat' dir='ltr'><strong>nis</strong></span> <span class='ocrx_word' id='word_1_383' title='bbox 2382 1931 2854 2001; x_wconf 84' lang='lat' dir='ltr'><strong>propositionibus.</strong></span> <span class='ocrx_word' id='word_1_384' title='bbox 2884 1929 3115 1985; x_wconf 81' lang='lat' dir='ltr'><strong>Necesse</strong></span> <span class='ocrx_word' id='word_1_385' title='bbox 3157 1940 3239 1985; x_wconf 90' lang='lat' dir='ltr'><strong>est</strong></span> <span class='ocrx_word' id='word_1_386' title='bbox 3262 1940 3439 1986; x_wconf 89' lang='lat' dir='ltr'><strong>autem</strong></span> <span class='ocrx_word' id='word_1_387' title='bbox 3471 1934 3695 1987; x_wconf 82' lang='lat' dir='ltr'><strong>evenire</strong></span> <span class='ocrx_word' id='word_1_388' title='bbox 3723 1949 3843 2004; x_wconf 67' lang='lat' dir='ltr'><strong>quat-</strong></span> 
     </span>
    </p>
   </div>
   <div class='ocr_carea' id='block_1_49' title="bbox 2274 2008 3841 2095">
    <p class='ocr_par' dir='ltr' id='par_1_49' title="bbox 2274 2008 3841 2095">
     <span class='ocr_line' id='line_1_49' title="bbox 2274 2008 3841 2095; baseline -0.001 -14"><span class='ocrx_word' id='word_1_389' title='bbox 2274 2040 2487 2095; x_wconf 88' lang='lat' dir='ltr'><strong>cunque</strong></span> <span class='ocrx_word' id='word_1_390' title='bbox 2533 2040 2657 2079; x_wconf 84' lang='lat' dir='ltr'><strong>vera</strong></span> <span class='ocrx_word' id='word_1_391' title='bbox 2699 2024 2920 2079; x_wconf 89' lang='lat' dir='ltr'><strong>deﬁnite</strong></span> <span class='ocrx_word' id='word_1_392' title='bbox 2943 2008 3230 2079; x_wconf 86' lang='lat' dir='ltr'><strong>afﬁrmatio</strong></span> <span class='ocrx_word' id='word_1_393' title='bbox 3258 2023 3510 2094; x_wconf 88' lang='lat' dir='ltr'><strong>loquitur,</strong></span> <span class='ocrx_word' id='word_1_394' title='bbox 3533 2033 3588 2080; x_wconf 92' lang='lat' dir='ltr'><strong>et</strong></span> <span class='ocrx_word' id='word_1_395' title='bbox 3611 2042 3718 2079; x_wconf 89' lang='lat' dir='ltr'><strong>non</strong></span> <span class='ocrx_word' id='word_1_396' title='bbox 3742 2042 3841 2080; x_wconf 75' lang='grc' dir='ltr'><em>ειε·</em></span> 
     </span>
    </p>
   </div>
   <div class='ocr_carea' id='block_1_50' title="bbox 2276 2118 3843 2189">
    <p class='ocr_par' dir='ltr' id='par_1_50' title="bbox 2276 2118 3843 2189">
     <span class='ocr_line' id='line_1_50' title="bbox 2276 2118 3843 2189; baseline -0.002 -15"><span class='ocrx_word' id='word_1_397' title='bbox 2276 2121 2391 2175; x_wconf 91' lang='lat' dir='ltr'><strong>nire</strong></span> <span class='ocrx_word' id='word_1_398' title='bbox 2422 2118 2563 2189; x_wconf 89' lang='lat' dir='ltr'><strong>quod</strong></span> <span class='ocrx_word' id='word_1_399' title='bbox 2595 2118 2795 2189; x_wconf 81' lang='lat' dir='ltr'><strong>profert</strong></span> <span class='ocrx_word' id='word_1_400' title='bbox 2843 2118 3067 2172; x_wconf 90' lang='lat' dir='ltr'><strong>deﬁnite</strong></span> <span class='ocrx_word' id='word_1_401' title='bbox 3122 2133 3247 2172; x_wconf 82' lang='lat' dir='ltr'><strong>vera</strong></span> <span class='ocrx_word' id='word_1_402' title='bbox 3298 2119 3534 2187; x_wconf 81' lang='lat' dir='ltr'><strong>negatio,</strong></span> <span class='ocrx_word' id='word_1_403' title='bbox 3591 2118 3734 2187; x_wconf 86' lang='lat' dir='ltr'><strong>quod</strong></span> <span class='ocrx_word' id='word_1_404' title='bbox 3783 2122 3843 2171; x_wconf 75' lang='lat' dir='ltr'><strong>sic</strong></span> 
     </span>
    </p>
   </div>
   <div class='ocr_carea' id='block_1_51' title="bbox 2277 2212 2481 2282">
    <p class='ocr_par' dir='ltr' id='par_1_51' title="bbox 2277 2212 2481 2282">
     <span class='ocr_line' id='line_1_51' title="bbox 2277 2212 2481 2282; baseline -0.015 -16"><span class='ocrx_word' id='word_1_405' title='bbox 2277 2212 2481 2282; x_wconf 87' lang='lat' dir='ltr'><strong>probat.</strong></span> 
     </span>
    </p>
   </div>
   <div class='ocr_carea' id='block_1_52' title="bbox 2351 2301 3839 2370">
    <p class='ocr_par' dir='ltr' id='par_1_52' title="bbox 2351 2301 3839 2370">
     <span class='ocr_line' id='line_1_52' title="bbox 2351 2301 3839 2370; baseline -0.003 -12"><span class='ocrx_word' id='word_1_406' title='bbox 2351 2303 2488 2358; x_wconf 86' lang='lat' dir='ltr'><strong>Nam</strong></span> <span class='ocrx_word' id='word_1_407' title='bbox 2513 2305 2556 2359; x_wconf 85' lang='lat' dir='ltr'><strong>si</strong></span> <span class='ocrx_word' id='word_1_408' title='bbox 2576 2318 2746 2359; x_wconf 86' lang='lat' dir='ltr'><strong>verum</strong></span> <span class='ocrx_word' id='word_1_409' title='bbox 2772 2312 2845 2357; x_wconf 87' lang='lat' dir='ltr'><strong>est</strong></span> <span class='ocrx_word' id='word_1_410' title='bbox 2868 2304 3055 2367; x_wconf 84' lang='lat' dir='ltr'><strong>dicere,</strong></span> <span class='ocrx_word' id='word_1_411' title='bbox 3091 2303 3333 2370; x_wconf 82' lang='lat' dir='ltr'><strong>quoniam</strong></span> <span class='ocrx_word' id='word_1_412' title='bbox 3362 2311 3432 2355; x_wconf 85' lang='lat' dir='ltr'><strong>est</strong></span> <span class='ocrx_word' id='word_1_413' title='bbox 3456 2301 3631 2355; x_wconf 81' lang='lat' dir='ltr'><strong>album</strong></span> <span class='ocrx_word' id='word_1_414' title='bbox 3654 2304 3731 2355; x_wconf 86' lang='lat' dir='ltr'><strong>vel</strong></span> <span class='ocrx_word' id='word_1_415' title='bbox 3756 2320 3839 2353; x_wconf 74' lang='lat' dir='ltr'><strong>non</strong></span> 
     </span>
    </p>
   </div>
   <div class='ocr_carea' id='block_1_53' title="bbox 2275 2393 3845 2468">
    <p class='ocr_par' dir='ltr' id='par_1_53' title="bbox 2275 2393 3845 2468">
     <span class='ocr_line' id='line_1_53' title="bbox 2275 2393 3845 2468; baseline -0.004 -14"><span class='ocrx_word' id='word_1_416' title='bbox 2275 2401 2473 2468; x_wconf 87' lang='lat' dir='ltr'><strong>album,</strong></span> <span class='ocrx_word' id='word_1_417' title='bbox 2496 2414 2695 2454; x_wconf 74' lang='lat' dir='ltr'><strong>necesse</strong></span> <span class='ocrx_word' id='word_1_418' title='bbox 2718 2407 2791 2451; x_wconf 78' lang='lat' dir='ltr'><strong>est</strong></span> <span class='ocrx_word' id='word_1_419' title='bbox 2815 2413 2922 2452; x_wconf 87' lang='lat' dir='ltr'><strong>esse</strong></span> <span class='ocrx_word' id='word_1_420' title='bbox 2946 2397 3120 2451; x_wconf 83' lang='lat' dir='ltr'><strong>album</strong></span> <span class='ocrx_word' id='word_1_421' title='bbox 3152 2396 3229 2450; x_wconf 97' lang='lat' dir='ltr'><strong>vel</strong></span> <span class='ocrx_word' id='word_1_422' title='bbox 3256 2410 3355 2449; x_wconf 80' lang='lat' dir='ltr'><strong>non</strong></span> <span class='ocrx_word' id='word_1_423' title='bbox 3388 2395 3583 2450; x_wconf 84' lang='lat' dir='ltr'><strong>album.</strong></span> <span class='ocrx_word' id='word_1_424' title='bbox 3619 2393 3691 2450; x_wconf 85' lang='lat' dir='ltr'><strong>Et</strong></span> <span class='ocrx_word' id='word_1_425' title='bbox 3722 2396 3763 2449; x_wconf 84' lang='lat' dir='ltr'><strong>si</strong></span> <span class='ocrx_word' id='word_1_426' title='bbox 3789 2402 3845 2449; x_wconf 69' lang='lat' dir='ltr'><strong>est</strong></span> 
     </span>
    </p>
   </div>
   <div class='ocr_carea' id='block_1_54' title="bbox 2276 2487 3837 2560">
    <p class='ocr_par' dir='ltr' id='par_1_54' title="bbox 2276 2487 3837 2560">
     <span class='ocr_line' id='line_1_54' title="bbox 2276 2487 3837 2560; baseline -0.005 -13"><span class='ocrx_word' id='word_1_427' title='bbox 2276 2494 2449 2547; x_wconf 86' lang='lat' dir='ltr'><strong>album</strong></span> <span class='ocrx_word' id='word_1_428' title='bbox 2475 2492 2553 2545; x_wconf 53' lang='lat' dir='ltr'><strong>vel</strong></span> <span class='ocrx_word' id='word_1_429' title='bbox 2581 2506 2683 2544; x_wconf 82' lang='lat' dir='ltr'><strong>non</strong></span> <span class='ocrx_word' id='word_1_430' title='bbox 2722 2490 2915 2555; x_wconf 81' lang='lat' dir='ltr'><strong>album,</strong></span> <span class='ocrx_word' id='word_1_431' title='bbox 2947 2504 3119 2543; x_wconf 79' lang='lat' dir='ltr'><strong>verum</strong></span> <span class='ocrx_word' id='word_1_432' title='bbox 3147 2496 3222 2543; x_wconf 87' lang='lat' dir='ltr'><strong>est</strong></span> <span class='ocrx_word' id='word_1_433' title='bbox 3250 2487 3504 2558; x_wconf 63' lang='lat' dir='ltr'><strong>uﬁlrmare</strong></span> <span class='ocrx_word' id='word_1_434' title='bbox 3542 2490 3620 2543; x_wconf 88' lang='lat' dir='ltr'><strong>vel</strong></span> <span class='ocrx_word' id='word_1_435' title='bbox 3650 2504 3837 2560; x_wconf 78' lang='lat' dir='ltr'><strong>negare,</strong></span> 
     </span>
    </p>
   </div>
   <div class='ocr_carea' id='block_1_55' title="bbox 2277 2579 3847 2649">
    <p class='ocr_par' dir='ltr' id='par_1_55' title="bbox 2277 2579 3847 2649">
     <span class='ocr_line' id='line_1_55' title="bbox 2277 2579 3847 2649; baseline -0.005 -10"><span class='ocrx_word' id='word_1_436' title='bbox 2277 2594 2323 2639; x_wconf 88' lang='lat' dir='ltr'><strong>et</strong></span> <span class='ocrx_word' id='word_1_437' title='bbox 2350 2585 2395 2639; x_wconf 83' lang='lat' dir='ltr'><strong>si</strong></span> <span class='ocrx_word' id='word_1_438' title='bbox 2417 2600 2514 2638; x_wconf 84' lang='lat' dir='ltr'><strong>non</strong></span> <span class='ocrx_word' id='word_1_439' title='bbox 2538 2594 2631 2649; x_wconf 86' lang='lat' dir='ltr'><strong>est,</strong></span> <span class='ocrx_word' id='word_1_440' title='bbox 2660 2583 2925 2648; x_wconf 82' lang='lat' dir='ltr'><strong>mentitur,</strong></span> <span class='ocrx_word' id='word_1_441' title='bbox 2956 2590 3001 2635; x_wconf 88' lang='lat' dir='ltr'><strong>et</strong></span> <span class='ocrx_word' id='word_1_442' title='bbox 3033 2581 3077 2633; x_wconf 92' lang='lat' dir='ltr'><strong>si</strong></span> <span class='ocrx_word' id='word_1_443' title='bbox 3128 2589 3391 2645; x_wconf 70' lang='lat' dir='ltr'><strong>mentitur,</strong></span> <span class='ocrx_word' id='word_1_444' title='bbox 3424 2595 3528 2634; x_wconf 85' lang='lat' dir='ltr'><strong>non</strong></span> <span class='ocrx_word' id='word_1_445' title='bbox 3566 2590 3663 2637; x_wconf 86' lang='lat' dir='ltr'><strong>est.</strong></span> <span class='ocrx_word' id='word_1_446' title='bbox 3703 2579 3847 2647; x_wconf 68' lang='lat' dir='ltr'><strong>Quare</strong></span> 
     </span>
    </p>
   </div>
   <div class='ocr_carea' id='block_1_56' title="bbox 2283 2671 3848 2744">
    <p class='ocr_par' dir='ltr' id='par_1_56' title="bbox 2283 2671 3848 2744">
     <span class='ocr_line' id='line_1_56' title="bbox 2283 2671 3848 2744; baseline -0.006 -12"><span class='ocrx_word' id='word_1_447' title='bbox 2283 2692 2493 2732; x_wconf 69' lang='lat' dir='ltr'><strong>necesse</strong></span> <span class='ocrx_word' id='word_1_448' title='bbox 2520 2685 2589 2730; x_wconf 88' lang='lat' dir='ltr'><strong>est</strong></span> <span class='ocrx_word' id='word_1_449' title='bbox 2621 2682 2709 2729; x_wconf 89' lang='lat' dir='ltr'><strong>aut</strong></span> <span class='ocrx_word' id='word_1_450' title='bbox 2746 2672 3164 2744; x_wconf 76' lang='lat' dir='ltr'><strong>a/ﬁrmationem,</strong></span> <span class='ocrx_word' id='word_1_451' title='bbox 3212 2682 3300 2726; x_wconf 82' lang='lat' dir='ltr'><strong>aut</strong></span> <span class='ocrx_word' id='word_1_452' title='bbox 3350 2671 3671 2742; x_wconf 81' lang='lat' dir='ltr'><strong>negationem</strong></span> <span class='ocrx_word' id='word_1_453' title='bbox 3704 2685 3848 2725; x_wconf 70' lang='lat' dir='ltr'><strong>verum</strong></span> 
     </span>
    </p>
   </div>
   <div class='ocr_carea' id='block_1_57' title="bbox 2277 2768 2691 2839">
    <p class='ocr_par' dir='ltr' id='par_1_57' title="bbox 2277 2768 2691 2839">
     <span class='ocr_line' id='line_1_57' title="bbox 2277 2768 2691 2839; baseline -0.005 -16"><span class='ocrx_word' id='word_1_454' title='bbox 2277 2786 2383 2824; x_wconf 74' lang='lat' dir='ltr'><strong>esse</strong></span> <span class='ocrx_word' id='word_1_455' title='bbox 2403 2768 2482 2823; x_wconf 82' lang='lat' dir='ltr'><strong>vel</strong></span> <span class='ocrx_word' id='word_1_456' title='bbox 2505 2769 2691 2839; x_wconf 77' lang='lat' dir='ltr'><strong>falsam</strong></span> 
     </span>
    </p>
   </div>
   <div class='ocr_carea' id='block_1_58' title="bbox 2346 2856 3850 2931">
    <p class='ocr_par' dir='ltr' id='par_1_58' title="bbox 2346 2856 3850 2931">
     <span class='ocr_line' id='line_1_58' title="bbox 2346 2856 3850 2931; baseline -0.005 -14"><span class='ocrx_word' id='word_1_457' title='bbox 2346 2862 2496 2931; x_wconf 80' lang='lat' dir='ltr'><strong>Quod</strong></span> <span class='ocrx_word' id='word_1_458' title='bbox 2522 2861 2588 2917; x_wconf 90' lang='lat' dir='ltr'><strong>de</strong></span> <span class='ocrx_word' id='word_1_459' title='bbox 2610 2861 2791 2917; x_wconf 87' lang='lat' dir='ltr'><strong>futuro</strong></span> <span class='ocrx_word' id='word_1_460' title='bbox 2811 2860 2982 2929; x_wconf 86' lang='lat' dir='ltr'><strong>possit</strong></span> <span class='ocrx_word' id='word_1_461' title='bbox 3001 2873 3120 2914; x_wconf 91' lang='lat' dir='ltr'><strong>esse</strong></span> <span class='ocrx_word' id='word_1_462' title='bbox 3151 2857 3430 2928; x_wconf 78' lang='lat' dir='ltr'><strong>judicium,</strong></span> <span class='ocrx_word' id='word_1_463' title='bbox 3460 2872 3491 2911; x_wconf 87' lang='lat' dir='ltr'><strong>a</strong></span> <span class='ocrx_word' id='word_1_464' title='bbox 3515 2856 3850 2927; x_wconf 73' lang='lat' dir='ltr'><strong>przeseutibts</strong></span> 
     </span>
    </p>
   </div>
   <div class='ocr_carea' id='block_1_59' title="bbox 2278 2953 3851 3027">
    <p class='ocr_par' dir='ltr' id='par_1_59' title="bbox 2278 2953 3851 3027">
     <span class='ocr_line' id='line_1_59' title="bbox 2278 2953 3851 3027; baseline -0.005 -15"><span class='ocrx_word' id='word_1_465' title='bbox 2278 2956 2445 3013; x_wconf 89' lang='lat' dir='ltr'><strong>trahit</strong></span> <span class='ocrx_word' id='word_1_466' title='bbox 2473 2954 2782 3027; x_wconf 82' lang='lat' dir='ltr'><strong>exemplum</strong></span> <span class='ocrx_word' id='word_1_467' title='bbox 2819 2970 2834 3007; x_wconf 91' lang='lat'><strong>:</strong></span> <span class='ocrx_word' id='word_1_468' title='bbox 2868 2953 2942 3007; x_wconf 86' lang='lat' dir='ltr'><strong>ait</strong></span> <span class='ocrx_word' id='word_1_469' title='bbox 2969 2953 3112 3008; x_wconf 91' lang='lat' dir='ltr'><strong>enim</strong></span> <span class='ocrx_word' id='word_1_470' title='bbox 3163 2955 3298 3007; x_wconf 79' lang='lat' dir='ltr'><strong>lianc</strong></span> <span class='ocrx_word' id='word_1_471' title='bbox 3326 2966 3446 3008; x_wconf 90' lang='lat' dir='ltr'><strong>esse</strong></span> <span class='ocrx_word' id='word_1_472' title='bbox 3473 2967 3654 3006; x_wconf 89' lang='lat' dir='ltr'><strong>rerum</strong></span> <span class='ocrx_word' id='word_1_473' title='bbox 3685 2964 3851 3006; x_wconf 82' lang='lat' dir='ltr'><strong>conse-</strong></span> 
     </span>
    </p>
   </div>
   <div class='ocr_carea' id='block_1_60' title="bbox 2276 3046 3850 3125">
    <p class='ocr_par' dir='ltr' id='par_1_60' title="bbox 2276 3046 3850 3125">
     <span class='ocr_line' id='line_1_60' title="bbox 2276 3046 3850 3125; baseline -0.005 -17"><span class='ocrx_word' id='word_1_474' title='bbox 2276 3053 2548 3125; x_wconf 88' lang='lat' dir='ltr'><strong>quentiam</strong></span> <span class='ocrx_word' id='word_1_475' title='bbox 2572 3093 2585 3116; x_wconf 92' lang='lat'><strong>,</strong></span> <span class='ocrx_word' id='word_1_476' title='bbox 2616 3058 2674 3105; x_wconf 93' lang='lat' dir='ltr'><strong>ut</strong></span> <span class='ocrx_word' id='word_1_477' title='bbox 2703 3064 2819 3105; x_wconf 87' lang='lat' dir='ltr'><strong>rem</strong></span> <span class='ocrx_word' id='word_1_478' title='bbox 2850 3047 3227 3103; x_wconf 89' lang='lat' dir='ltr'><strong>subsistentem</strong></span> <span class='ocrx_word' id='word_1_479' title='bbox 3260 3046 3645 3117; x_wconf 82' lang='lat' dir='ltr'><strong>propositionis</strong></span> <span class='ocrx_word' id='word_1_480' title='bbox 3674 3048 3850 3102; x_wconf 79' lang='lat' dir='ltr'><strong>veritas</strong></span> 
     </span>
    </p>
   </div>
   <div class='ocr_carea' id='block_1_61' title="bbox 2277 3140 3853 3218">
    <p class='ocr_par' dir='ltr' id='par_1_61' title="bbox 2277 3140 3853 3218">
     <span class='ocr_line' id='line_1_61' title="bbox 2277 3140 3853 3218; baseline -0.004 -16"><span class='ocrx_word' id='word_1_481' title='bbox 2277 3154 2660 3218; x_wconf 81' lang='lat' dir='ltr'><strong>consequatur,</strong></span> <span class='ocrx_word' id='word_1_482' title='bbox 2703 3144 2984 3200; x_wconf 88' lang='lat' dir='ltr'><strong>veritatem</strong></span> <span class='ocrx_word' id='word_1_483' title='bbox 3028 3141 3409 3214; x_wconf 83' lang='lat' dir='ltr'><strong>propositionis</strong></span> <span class='ocrx_word' id='word_1_484' title='bbox 3433 3142 3531 3209; x_wconf 88' lang='lat' dir='ltr'><strong>rei,</strong></span> <span class='ocrx_word' id='word_1_485' title='bbox 3560 3140 3632 3197; x_wconf 90' lang='lat' dir='ltr'><strong>de</strong></span> <span class='ocrx_word' id='word_1_486' title='bbox 3662 3156 3764 3213; x_wconf 81' lang='lat' dir='ltr'><strong>qua</strong></span> <span class='ocrx_word' id='word_1_487' title='bbox 3790 3142 3853 3196; x_wconf 48' lang='lat' dir='ltr'><strong>lo.</strong></span> 
     </span>
    </p>
   </div>
   <div class='ocr_carea' id='block_1_62' title="bbox 580 3225 3852 3309">
    <p class='ocr_par' dir='ltr' id='par_1_62' title="bbox 580 3225 3852 3309">
     <span class='ocr_line' id='line_1_62' title="bbox 580 3225 3852 3309; baseline -0.003 -22"><span class='ocrx_word' id='word_1_488' title='bbox 580 3231 779 3288; x_wconf 85' lang='lat' dir='ltr'><strong>veritas</strong></span> <span class='ocrx_word' id='word_1_489' title='bbox 810 3240 970 3301; x_wconf 87' lang='lat' dir='ltr'><strong>atque</strong></span> <span class='ocrx_word' id='word_1_490' title='bbox 1002 3227 1204 3284; x_wconf 74' lang='lat' dir='ltr'><strong>falsitas</strong></span> <span class='ocrx_word' id='word_1_491' title='bbox 1251 3225 1540 3281; x_wconf 88' lang='lat' dir='ltr'><strong>indiscreta</strong></span> <span class='ocrx_word' id='word_1_492' title='bbox 1574 3233 1658 3281; x_wconf 90' lang='lat' dir='ltr'><strong>est</strong></span> <span class='ocrx_word' id='word_1_493' title='bbox 1686 3238 1845 3297; x_wconf 89' lang='lat' dir='ltr'><strong>atque</strong></span> <span class='ocrx_word' id='word_1_494' title='bbox 1891 3225 2166 3282; x_wconf 76' lang='lat' dir='ltr'><strong>Vulttbilis.</strong></span> <span class='ocrx_word' id='word_1_495' title='bbox 2196 3230 2248 3303; x_wconf 66' lang='grc' dir='ltr'>ρ</span> <span class='ocrx_word' id='word_1_496' title='bbox 2277 3238 2456 3309; x_wconf 71' lang='lat' dir='ltr'><strong>quitur</strong></span> <span class='ocrx_word' id='word_1_497' title='bbox 2502 3234 2827 3307; x_wconf 63' lang='lat' dir='ltr'><strong>propositio,</strong></span> <span class='ocrx_word' id='word_1_498' title='bbox 2877 3234 3110 3289; x_wconf 76' lang='lat' dir='ltr'><strong>essentia</strong></span> <span class='ocrx_word' id='word_1_499' title='bbox 3164 3233 3471 3289; x_wconf 63' lang='lat' dir='ltr'><strong>comitetur,</strong></span> <span class='ocrx_word' id='word_1_500' title='bbox 3519 3233 3653 3289; x_wconf 74' lang='lat' dir='ltr'><strong>Nam</strong></span> <span class='ocrx_word' id='word_1_501' title='bbox 3703 3235 3747 3289; x_wconf 74' lang='lat' dir='ltr'><strong>si</strong></span> <span class='ocrx_word' id='word_1_502' title='bbox 3781 3233 3852 3289; x_wconf 76' lang='lat' dir='ltr'><strong>hic</strong></span> 
     </span>
    </p>
   </div>
   <div class='ocr_carea' id='block_1_63' title="bbox 581 3316 2165 3394">
    <p class='ocr_par' dir='ltr' id='par_1_63' title="bbox 581 3316 2165 3394">
     <span class='ocr_line' id='line_1_63' title="bbox 581 3316 2165 3394; baseline -0.004 -13"><span class='ocrx_word' id='word_1_503' title='bbox 581 3325 770 3381; x_wconf 78' lang='lat' dir='ltr'><strong>Nullus</strong></span> <span class='ocrx_word' id='word_1_504' title='bbox 800 3322 945 3379; x_wconf 90' lang='lat' dir='ltr'><strong>enim</strong></span> <span class='ocrx_word' id='word_1_505' title='bbox 978 3330 1157 3394; x_wconf 85' lang='lat' dir='ltr'><strong>potest</strong></span> <span class='ocrx_word' id='word_1_506' title='bbox 1202 3320 1384 3376; x_wconf 87' lang='lat' dir='ltr'><strong>dicere</strong></span> <span class='ocrx_word' id='word_1_507' title='bbox 1428 3316 1678 3390; x_wconf 62' lang='lat' dir='ltr'><strong>Quoniam</strong></span> <span class='ocrx_word' id='word_1_508' title='bbox 1726 3319 2013 3374; x_wconf 82' lang='lat' dir='ltr'><strong>afﬁrmatio</strong></span> <span class='ocrx_word' id='word_1_509' title='bbox 2039 3335 2165 3375; x_wconf 87' lang='lat' dir='ltr'><strong>vera</strong></span> 
     </span>
    </p>
   </div>
   <div class='ocr_carea' id='block_1_64' title="bbox 580 3411 2166 3478">
    <p class='ocr_par' dir='ltr' id='par_1_64' title="bbox 580 3411 2166 3478">
     <span class='ocr_line' id='line_1_64' title="bbox 580 3411 2166 3478; baseline -0.008 0"><span class='ocrx_word' id='word_1_510' title='bbox 580 3429 681 3478; x_wconf 78' lang='lat' dir='ltr'><strong>est.</strong></span> <span class='ocrx_word' id='word_1_511' title='bbox 708 3418 825 3474; x_wconf 83' lang='lat' dir='ltr'><strong>Non</strong></span> <span class='ocrx_word' id='word_1_512' title='bbox 851 3426 937 3475; x_wconf 91' lang='lat' dir='ltr'><strong>est</strong></span> <span class='ocrx_word' id='word_1_513' title='bbox 961 3416 1103 3473; x_wconf 88' lang='lat' dir='ltr'><strong>enim</strong></span> <span class='ocrx_word' id='word_1_514' title='bbox 1128 3429 1352 3472; x_wconf 87' lang='lat' dir='ltr'><strong>necesse</strong></span> <span class='ocrx_word' id='word_1_515' title='bbox 1373 3428 1554 3469; x_wconf 88' lang='lat' dir='ltr'><strong>veram</strong></span> <span class='ocrx_word' id='word_1_516' title='bbox 1583 3428 1705 3468; x_wconf 89' lang='lat' dir='ltr'><strong>esse</strong></span> <span class='ocrx_word' id='word_1_517' title='bbox 1730 3411 2166 3478; x_wconf 87' lang='lat' dir='ltr'><strong>alﬁrmationem,</strong></span> 
     </span>
    </p>
   </div>
   <div class='ocr_carea' id='block_1_65' title="bbox 582 3503 2173 3584">
    <p class='ocr_par' dir='ltr' id='par_1_65' title="bbox 582 3503 2173 3584">
     <span class='ocr_line' id='line_1_65' title="bbox 582 3503 2173 3584; baseline -0.007 -14"><span class='ocrx_word' id='word_1_518' title='bbox 582 3514 784 3570; x_wconf 90' lang='lat' dir='ltr'><strong>idcirco</strong></span> <span class='ocrx_word' id='word_1_519' title='bbox 814 3512 1067 3584; x_wconf 81' lang='lat' dir='ltr'><strong>quoniam</strong></span> <span class='ocrx_word' id='word_1_520' title='bbox 1113 3508 1453 3581; x_wconf 80' lang='lat' dir='ltr'><strong>negationem</strong></span> <span class='ocrx_word' id='word_1_521' title='bbox 1497 3506 1615 3562; x_wconf 87' lang='lat' dir='ltr'><strong>ﬁeri</strong></span> <span class='ocrx_word' id='word_1_522' title='bbox 1644 3503 1905 3577; x_wconf 89' lang='lat' dir='ltr'><strong>possibile</strong></span> <span class='ocrx_word' id='word_1_523' title='bbox 1936 3514 2039 3560; x_wconf 91' lang='grc' dir='ltr'><em>εει.</em></span> <span class='ocrx_word' id='word_1_524' title='bbox 2074 3519 2173 3560; x_wconf 91' lang='lat' dir='ltr'><strong>nec</strong></span> 
     </span>
    </p>
   </div>
   <div class='ocr_carea' id='block_1_66' title="bbox 581 3597 2175 3678">
    <p class='ocr_par' dir='ltr' id='par_1_66' title="bbox 581 3597 2175 3678">
     <span class='ocr_line' id='line_1_66' title="bbox 581 3597 2175 3678; baseline -0.008 -14"><span class='ocrx_word' id='word_1_525' title='bbox 581 3621 769 3665; x_wconf 83' lang='lat' dir='ltr'><strong>rursus</strong></span> <span class='ocrx_word' id='word_1_526' title='bbox 825 3605 1185 3678; x_wconf 83' lang='lat' dir='ltr'><strong>negationem,</strong></span> <span class='ocrx_word' id='word_1_527' title='bbox 1237 3603 1488 3674; x_wconf 89' lang='lat' dir='ltr'><strong>quoniam</strong></span> <span class='ocrx_word' id='word_1_528' title='bbox 1541 3616 1646 3655; x_wconf 90' lang='lat' dir='ltr'><strong>non</strong></span> <span class='ocrx_word' id='word_1_529' title='bbox 1705 3609 1787 3654; x_wconf 89' lang='lat' dir='ltr'><strong>est</strong></span> <span class='ocrx_word' id='word_1_530' title='bbox 1840 3597 2175 3670; x_wconf 89' lang='lat' dir='ltr'><strong>impossibile</strong></span> 
     </span>
    </p>
   </div>
   <div class='ocr_carea' id='block_1_67' title="bbox 586 3690 2173 3766">
    <p class='ocr_par' dir='ltr' id='par_1_67' title="bbox 586 3690 2173 3766">
     <span class='ocr_line' id='line_1_67' title="bbox 586 3690 2173 3766; baseline -0.008 -9"><span class='ocrx_word' id='word_1_531' title='bbox 586 3700 999 3758; x_wconf 85' lang='lat' dir='ltr'><strong>afﬁrmationem</strong></span> <span class='ocrx_word' id='word_1_532' title='bbox 1076 3696 1423 3766; x_wconf 82' lang='lat' dir='ltr'><strong>contingere,</strong></span> <span class='ocrx_word' id='word_1_533' title='bbox 1481 3703 1534 3748; x_wconf 90' lang='grc' dir='ltr'><strong>ει</strong></span> <span class='ocrx_word' id='word_1_534' title='bbox 1584 3704 1858 3763; x_wconf 91' lang='lat' dir='ltr'><strong>postremo</strong></span> <span class='ocrx_word' id='word_1_535' title='bbox 1919 3690 2173 3761; x_wconf 90' lang='lat' dir='ltr'><strong>quoniam</strong></span> 
     </span>
    </p>
   </div>
   <div class='ocr_carea' id='block_1_68' title="bbox 585 3785 2172 3860">
    <p class='ocr_par' dir='ltr' id='par_1_68' title="bbox 585 3785 2172 3860">
     <span class='ocr_line' id='line_1_68' title="bbox 585 3785 2172 3860; baseline -0.008 -10"><span class='ocrx_word' id='word_1_536' title='bbox 585 3793 898 3850; x_wconf 59' lang='lat' dir='ltr'><strong>utrumlibet</strong></span> <span class='ocrx_word' id='word_1_537' title='bbox 936 3793 1175 3860; x_wconf 82' lang='lat' dir='ltr'><strong>ipsorum</strong></span> <span class='ocrx_word' id='word_1_538' title='bbox 1207 3788 1502 3855; x_wconf 84' lang='lat' dir='ltr'><strong>contingit,</strong></span> <span class='ocrx_word' id='word_1_539' title='bbox 1549 3785 1751 3840; x_wconf 91' lang='lat' dir='ltr'><strong>idcirco</strong></span> <span class='ocrx_word' id='word_1_540' title='bbox 1799 3798 1899 3839; x_wconf 89' lang='lat' dir='ltr'><strong>una</strong></span> <span class='ocrx_word' id='word_1_541' title='bbox 1951 3798 2172 3849; x_wconf 89' lang='lat' dir='ltr'><strong>earum,</strong></span> 
     </span>
    </p>
   </div>
   <div class='ocr_carea' id='block_1_69' title="bbox 587 3875 2173 3945">
    <p class='ocr_par' dir='ltr' id='par_1_69' title="bbox 587 3875 2173 3945">
     <span class='ocr_line' id='line_1_69' title="bbox 587 3875 2173 3945; baseline -0.008 -4"><span class='ocrx_word' id='word_1_542' title='bbox 587 3901 712 3941; x_wconf 90' lang='lat' dir='ltr'><strong>vera</strong></span> <span class='ocrx_word' id='word_1_543' title='bbox 740 3898 859 3939; x_wconf 90' lang='lat' dir='ltr'><strong>esse</strong></span> <span class='ocrx_word' id='word_1_544' title='bbox 889 3882 1107 3936; x_wconf 90' lang='lat' dir='ltr'><strong>deﬁnite</strong></span> <span class='ocrx_word' id='word_1_545' title='bbox 1132 3887 1185 3933; x_wconf 92' lang='lat' dir='ltr'><strong>et</strong></span> <span class='ocrx_word' id='word_1_546' title='bbox 1232 3888 1407 3943; x_wconf 89' lang='lat' dir='ltr'><strong>certa,</strong></span> <span class='ocrx_word' id='word_1_547' title='bbox 1442 3875 1755 3932; x_wconf 86' lang='lat' dir='ltr'><strong>naturaliter</strong></span> <span class='ocrx_word' id='word_1_548' title='bbox 1802 3890 1907 3929; x_wconf 94' lang='lat' dir='ltr'><strong>non</strong></span> <span class='ocrx_word' id='word_1_549' title='bbox 1961 3884 2173 3945; x_wconf 90' lang='lat' dir='ltr'><strong>potest,</strong></span> 
     </span>
    </p>
   </div>
   <div class='ocr_carea' id='block_1_70' title="bbox 590 3970 2172 4050">
    <p class='ocr_par' dir='ltr' id='par_1_70' title="bbox 590 3970 2172 4050">
     <span class='ocr_line' id='line_1_70' title="bbox 590 3970 2172 4050; baseline -0.008 -15"><span class='ocrx_word' id='word_1_550' title='bbox 590 3978 783 4050; x_wconf 88' lang='lat' dir='ltr'><strong>quibus</strong></span> <span class='ocrx_word' id='word_1_551' title='bbox 811 3985 986 4031; x_wconf 88' lang='lat' dir='ltr'><strong>autem</strong></span> <span class='ocrx_word' id='word_1_552' title='bbox 1010 3972 1061 4028; x_wconf 91' lang='lat' dir='ltr'><strong>id</strong></span> <span class='ocrx_word' id='word_1_553' title='bbox 1099 3970 1649 4043; x_wconf 83' lang='lat' dir='ltr'><strong>argumentationibus</strong></span> <span class='ocrx_word' id='word_1_554' title='bbox 1681 3977 2023 4040; x_wconf 86' lang='lat' dir='ltr'><strong>exsequatur,</strong></span> <span class='ocrx_word' id='word_1_555' title='bbox 2058 3983 2172 4022; x_wconf 89' lang='lat' dir='ltr'><strong>ma-</strong></span> 
     </span>
    </p>
   </div>
   <div class='ocr_carea' id='block_1_71' title="bbox 586 4063 1311 4129">
    <p class='ocr_par' dir='ltr' id='par_1_71' title="bbox 586 4063 1311 4129">
     <span class='ocr_line' id='line_1_71' title="bbox 586 4063 1311 4129; baseline -0.015 1"><span class='ocrx_word' id='word_1_556' title='bbox 586 4071 836 4129; x_wconf 90' lang='lat' dir='ltr'><strong>nifestum</strong></span> <span class='ocrx_word' id='word_1_557' title='bbox 860 4068 964 4124; x_wconf 87' lang='lat' dir='ltr'><strong>erit</strong></span> <span class='ocrx_word' id='word_1_558' title='bbox 993 4065 1093 4123; x_wconf 91' lang='lat' dir='ltr'><strong>hoc</strong></span> <span class='ocrx_word' id='word_1_559' title='bbox 1124 4063 1311 4119; x_wconf 91' lang='lat' dir='ltr'><strong>modo:</strong></span> 
     </span>
    </p>
   </div>
   <div class='ocr_carea' id='block_1_72' title="bbox 663 4155 2181 4230">
    <p class='ocr_par' dir='ltr' id='par_1_72' title="bbox 663 4155 2181 4230">
     <span class='ocr_line' id='line_1_72' title="bbox 663 4155 2181 4230; baseline -0.006 -11"><span class='ocrx_word' id='word_1_560' title='bbox 663 4164 805 4219; x_wconf 83' lang='lat' dir='ltr'><strong>Nam</strong></span> <span class='ocrx_word' id='word_1_561' title='bbox 830 4165 883 4217; x_wconf 80' lang='lat' dir='ltr'><strong>si</strong></span> <span class='ocrx_word' id='word_1_562' title='bbox 903 4161 1066 4216; x_wconf 84' lang='lat' dir='ltr'><strong>omnis</strong></span> <span class='ocrx_word' id='word_1_563' title='bbox 1090 4157 1360 4230; x_wconf 67' lang='lat' dir='ltr'><strong>amrmatia</strong></span> <span class='ocrx_word' id='word_1_564' title='bbox 1400 4156 1478 4211; x_wconf 86' lang='lat' dir='ltr'><strong>vel</strong></span> <span class='ocrx_word' id='word_1_565' title='bbox 1522 4157 1719 4227; x_wconf 79' lang='lat' dir='ltr'><strong>negatio</strong></span> <span class='ocrx_word' id='word_1_566' title='bbox 1747 4200 1760 4224; x_wconf 95' lang='lat'><strong>,</strong></span> <span class='ocrx_word' id='word_1_567' title='bbox 1794 4170 1911 4211; x_wconf 87' lang='lat' dir='ltr'><strong>vera</strong></span> <span class='ocrx_word' id='word_1_568' title='bbox 1939 4155 2017 4209; x_wconf 85' lang='lat' dir='ltr'><strong>vel</strong></span> <span class='ocrx_word' id='word_1_569' title='bbox 2047 4156 2181 4227; x_wconf 79' lang='lat' dir='ltr'><strong>falsa</strong></span> 
     </span>
    </p>
   </div>
   <div class='ocr_carea' id='block_1_73' title="bbox 589 4246 2179 4326">
    <p class='ocr_par' dir='ltr' id='par_1_73' title="bbox 589 4246 2179 4326">
     <span class='ocr_line' id='line_1_73' title="bbox 589 4246 2179 4326; baseline -0.009 -12"><span class='ocrx_word' id='word_1_570' title='bbox 589 4267 684 4326; x_wconf 80' lang='lat' dir='ltr'><strong>est,</strong></span> <span class='ocrx_word' id='word_1_571' title='bbox 713 4265 762 4313; x_wconf 89' lang='lat' dir='ltr'><strong>et</strong></span> <span class='ocrx_word' id='word_1_572' title='bbox 790 4271 937 4311; x_wconf 86' lang='lat' dir='ltr'><strong>omne</strong></span> <span class='ocrx_word' id='word_1_573' title='bbox 966 4268 1167 4308; x_wconf 82' lang='lat' dir='ltr'><strong>necesse</strong></span> <span class='ocrx_word' id='word_1_574' title='bbox 1196 4260 1264 4306; x_wconf 87' lang='lat' dir='ltr'><strong>est</strong></span> <span class='ocrx_word' id='word_1_575' title='bbox 1293 4250 1371 4304; x_wconf 85' lang='lat' dir='ltr'><strong>vel</strong></span> <span class='ocrx_word' id='word_1_576' title='bbox 1398 4265 1504 4303; x_wconf 85' lang='lat' dir='ltr'><strong>esse</strong></span> <span class='ocrx_word' id='word_1_577' title='bbox 1533 4247 1609 4304; x_wconf 88' lang='lat' dir='ltr'><strong>vel</strong></span> <span class='ocrx_word' id='word_1_578' title='bbox 1640 4262 1742 4302; x_wconf 83' lang='lat' dir='ltr'><strong>non</strong></span> <span class='ocrx_word' id='word_1_579' title='bbox 1773 4264 1897 4302; x_wconf 81' lang='lat' dir='ltr'><strong>esse.</strong></span> <span class='ocrx_word' id='word_1_580' title='bbox 1938 4246 2112 4315; x_wconf 84' lang='lat' dir='ltr'><strong>Quare</strong></span> <span class='ocrx_word' id='word_1_581' title='bbox 2134 4246 2179 4300; x_wconf 82' lang='lat' dir='ltr'><strong>si</strong></span> 
     </span>
    </p>
   </div>
   <div class='ocr_carea' id='block_1_74' title="bbox 592 4340 2181 4421">
    <p class='ocr_par' dir='ltr' id='par_1_74' title="bbox 592 4340 2181 4421">
     <span class='ocr_line' id='line_1_74' title="bbox 592 4340 2181 4421; baseline -0.009 -15"><span class='ocrx_word' id='word_1_582' title='bbox 592 4354 674 4407; x_wconf 80' lang='lat' dir='ltr'><strong>hic</strong></span> <span class='ocrx_word' id='word_1_583' title='bbox 704 4350 909 4421; x_wconf 84' lang='lat' dir='ltr'><strong>quidem</strong></span> <span class='ocrx_word' id='word_1_584' title='bbox 940 4347 1076 4401; x_wconf 84' lang='lat' dir='ltr'><strong>dicat</strong></span> <span class='ocrx_word' id='word_1_585' title='bbox 1108 4344 1338 4415; x_wconf 81' lang='lat' dir='ltr'><strong>futurum</strong></span> <span class='ocrx_word' id='word_1_586' title='bbox 1382 4342 1609 4412; x_wconf 83' lang='lat' dir='ltr'><strong>aliquid,</strong></span> <span class='ocrx_word' id='word_1_587' title='bbox 1641 4341 1729 4394; x_wconf 85' lang='lat' dir='ltr'><strong>ille</strong></span> <span class='ocrx_word' id='word_1_588' title='bbox 1759 4355 1876 4394; x_wconf 79' lang='lat' dir='ltr'><strong>vero</strong></span> <span class='ocrx_word' id='word_1_589' title='bbox 1908 4355 2010 4393; x_wconf 82' lang='lat' dir='ltr'><strong>non</strong></span> <span class='ocrx_word' id='word_1_590' title='bbox 2042 4340 2181 4392; x_wconf 84' lang='lat' dir='ltr'><strong>dicat</strong></span> 
     </span>
    </p>
   </div>
   <div class='ocr_carea' id='block_1_75' title="bbox 594 4434 2179 4510">
    <p class='ocr_par' dir='ltr' id='par_1_75' title="bbox 594 4434 2179 4510">
     <span class='ocr_line' id='line_1_75' title="bbox 594 4434 2179 4510; baseline -0.01 -10"><span class='ocrx_word' id='word_1_591' title='bbox 594 4449 689 4500; x_wconf 79' lang='lat' dir='ltr'><strong>hoc</strong></span> <span class='ocrx_word' id='word_1_592' title='bbox 715 4443 851 4497; x_wconf 84' lang='lat' dir='ltr'><strong>idem</strong></span> <span class='ocrx_word' id='word_1_593' title='bbox 876 4441 1077 4510; x_wconf 85' lang='lat' dir='ltr'><strong>ipsum,</strong></span> <span class='ocrx_word' id='word_1_594' title='bbox 1110 4436 1435 4508; x_wconf 65' lang='lat' dir='ltr'><strong>manifestum</strong></span> <span class='ocrx_word' id='word_1_595' title='bbox 1483 4443 1556 4487; x_wconf 88' lang='lat' dir='ltr'><strong>est</strong></span> <span class='ocrx_word' id='word_1_596' title='bbox 1608 4434 1851 4504; x_wconf 83' lang='lat' dir='ltr'><strong>quoniam</strong></span> <span class='ocrx_word' id='word_1_597' title='bbox 1879 4448 2073 4487; x_wconf 75' lang='lat' dir='ltr'><strong>necesse</strong></span> <span class='ocrx_word' id='word_1_598' title='bbox 2106 4440 2179 4486; x_wconf 82' lang='lat' dir='ltr'><strong>est</strong></span> 
     </span>
    </p>
   </div>
   <div class='ocr_carea' id='block_1_76' title="bbox 591 4523 2181 4597">
    <p class='ocr_par' dir='ltr' id='par_1_76' title="bbox 591 4523 2181 4597">
     <span class='ocr_line' id='line_1_76' title="bbox 591 4523 2181 4597; baseline -0.009 -5"><span class='ocrx_word' id='word_1_599' title='bbox 591 4553 764 4592; x_wconf 82' lang='lat' dir='ltr'><strong>verum</strong></span> <span class='ocrx_word' id='word_1_600' title='bbox 799 4534 965 4588; x_wconf 78' lang='lat' dir='ltr'><strong>dicere</strong></span> <span class='ocrx_word' id='word_1_601' title='bbox 987 4532 1204 4585; x_wconf 85' lang='lat' dir='ltr'><strong>alterum</strong></span> <span class='ocrx_word' id='word_1_602' title='bbox 1239 4531 1467 4597; x_wconf 85' lang='lat' dir='ltr'><strong>ipsorum</strong></span> <span class='ocrx_word' id='word_1_603' title='bbox 1487 4568 1501 4592; x_wconf 91' lang='lat'><strong>,</strong></span> <span class='ocrx_word' id='word_1_604' title='bbox 1530 4528 1574 4580; x_wconf 86' lang='lat' dir='ltr'><strong>si</strong></span> <span class='ocrx_word' id='word_1_605' title='bbox 1601 4527 1764 4580; x_wconf 84' lang='lat' dir='ltr'><strong>omnis</strong></span> <span class='ocrx_word' id='word_1_606' title='bbox 1792 4524 2066 4595; x_wconf 71' lang='lat' dir='ltr'><strong>afﬁrmatio</strong></span> <span class='ocrx_word' id='word_1_607' title='bbox 2104 4523 2181 4577; x_wconf 77' lang='lat' dir='ltr'><strong>vel</strong></span> 
     </span>
    </p>
   </div>
   <div class='ocr_carea' id='block_1_77' title="bbox 2281 3326 3854 3399">
    <p class='ocr_par' dir='ltr' id='par_1_77' title="bbox 2281 3326 3854 3399">
     <span class='ocr_line' id='line_1_77' title="bbox 2281 3326 3854 3399; baseline -0.001 -16"><span class='ocrx_word' id='word_1_608' title='bbox 2281 3330 2414 3399; x_wconf 86' lang='lat' dir='ltr'><strong>lapis</strong></span> <span class='ocrx_word' id='word_1_609' title='bbox 2438 3329 2523 3385; x_wconf 91' lang='lat' dir='ltr'><strong>vel</strong></span> <span class='ocrx_word' id='word_1_610' title='bbox 2552 3326 2825 3399; x_wconf 89' lang='lat' dir='ltr'><strong>quodlibet</strong></span> <span class='ocrx_word' id='word_1_611' title='bbox 2864 3326 3008 3382; x_wconf 82' lang='lat' dir='ltr'><strong>aliud</strong></span> <span class='ocrx_word' id='word_1_612' title='bbox 3050 3326 3227 3381; x_wconf 86' lang='lat' dir='ltr'><strong>album</strong></span> <span class='ocrx_word' id='word_1_613' title='bbox 3256 3335 3360 3395; x_wconf 89' lang='lat' dir='ltr'><strong>est,</strong></span> <span class='ocrx_word' id='word_1_614' title='bbox 3388 3341 3573 3383; x_wconf 78' lang='lat' dir='ltr'><strong>verum</strong></span> <span class='ocrx_word' id='word_1_615' title='bbox 3604 3328 3778 3383; x_wconf 83' lang='lat' dir='ltr'><strong>estde</strong></span> <span class='ocrx_word' id='word_1_616' title='bbox 3800 3342 3854 3383; x_wconf 86' lang='lat' dir='ltr'><strong>eo</strong></span> 
     </span>
    </p>
   </div>
   <div class='ocr_carea' id='block_1_78' title="bbox 2281 3418 3853 3492">
    <p class='ocr_par' dir='ltr' id='par_1_78' title="bbox 2281 3418 3853 3492">
     <span class='ocr_line' id='line_1_78' title="bbox 2281 3418 3853 3492; baseline -0.003 -15"><span class='ocrx_word' id='word_1_617' title='bbox 2281 3423 2459 3478; x_wconf 89' lang='lat' dir='ltr'><strong>dicere</strong></span> <span class='ocrx_word' id='word_1_618' title='bbox 2488 3422 2739 3492; x_wconf 89' lang='lat' dir='ltr'><strong>quoniam</strong></span> <span class='ocrx_word' id='word_1_619' title='bbox 2768 3420 2944 3476; x_wconf 84' lang='lat' dir='ltr'><strong>album</strong></span> <span class='ocrx_word' id='word_1_620' title='bbox 2985 3428 3089 3487; x_wconf 89' lang='lat' dir='ltr'><strong>est,</strong></span> <span class='ocrx_word' id='word_1_621' title='bbox 3118 3428 3174 3475; x_wconf 91' lang='lat' dir='ltr'><strong>et</strong></span> <span class='ocrx_word' id='word_1_622' title='bbox 3203 3418 3305 3475; x_wconf 89' lang='lat' dir='ltr'><strong>hoc</strong></span> <span class='ocrx_word' id='word_1_623' title='bbox 3333 3421 3691 3476; x_wconf 82' lang='lat' dir='ltr'><strong>convertitur.</strong></span> <span class='ocrx_word' id='word_1_624' title='bbox 3740 3420 3853 3476; x_wconf 77' lang='lat' dir='ltr'><strong>Nam</strong></span> 
     </span>
    </p>
   </div>
   <div class='ocr_carea' id='block_1_79' title="bbox 2282 3510 3856 3580">
    <p class='ocr_par' dir='ltr' id='par_1_79' title="bbox 2282 3510 3856 3580">
     <span class='ocr_line' id='line_1_79' title="bbox 2282 3510 3856 3580; baseline -0.003 -12"><span class='ocrx_word' id='word_1_625' title='bbox 2282 3515 2328 3569; x_wconf 86' lang='lat' dir='ltr'><strong>si</strong></span> <span class='ocrx_word' id='word_1_626' title='bbox 2357 3528 2542 3569; x_wconf 90' lang='lat' dir='ltr'><strong>verum</strong></span> <span class='ocrx_word' id='word_1_627' title='bbox 2570 3521 2654 3569; x_wconf 91' lang='lat' dir='ltr'><strong>est</strong></span> <span class='ocrx_word' id='word_1_628' title='bbox 2679 3513 2862 3568; x_wconf 88' lang='lat' dir='ltr'><strong>dicere</strong></span> <span class='ocrx_word' id='word_1_629' title='bbox 2908 3510 2976 3568; x_wconf 92' lang='lat' dir='ltr'><strong>de</strong></span> <span class='ocrx_word' id='word_1_630' title='bbox 3021 3526 3087 3565; x_wconf 93' lang='lat' dir='ltr'><strong>eo</strong></span> <span class='ocrx_word' id='word_1_631' title='bbox 3132 3512 3385 3580; x_wconf 86' lang='lat' dir='ltr'><strong>quoniam</strong></span> <span class='ocrx_word' id='word_1_632' title='bbox 3414 3511 3599 3567; x_wconf 89' lang='lat' dir='ltr'><strong>album</strong></span> <span class='ocrx_word' id='word_1_633' title='bbox 3620 3522 3729 3578; x_wconf 84' lang='lat' dir='ltr'><strong>est,</strong></span> <span class='ocrx_word' id='word_1_634' title='bbox 3759 3512 3856 3566; x_wconf 85' lang='lat' dir='ltr'><strong>sine</strong></span> 
     </span>
    </p>
   </div>
   <div class='ocr_carea' id='block_1_80' title="bbox 2281 3606 3858 3676">
    <p class='ocr_par' dir='ltr' id='par_1_80' title="bbox 2281 3606 3858 3676">
     <span class='ocr_line' id='line_1_80' title="bbox 2281 3606 3858 3676; baseline -0.003 -13"><span class='ocrx_word' id='word_1_635' title='bbox 2281 3608 2442 3663; x_wconf 89' lang='lat' dir='ltr'><strong>dubio</strong></span> <span class='ocrx_word' id='word_1_636' title='bbox 2471 3606 2649 3662; x_wconf 88' lang='lat' dir='ltr'><strong>album</strong></span> <span class='ocrx_word' id='word_1_637' title='bbox 2697 3614 2812 3675; x_wconf 67' lang='lat' dir='ltr'><strong>est,</strong></span> <span class='ocrx_word' id='word_1_638' title='bbox 2846 3613 2901 3661; x_wconf 91' lang='lat' dir='ltr'><strong>et</strong></span> <span class='ocrx_word' id='word_1_639' title='bbox 2926 3606 3103 3660; x_wconf 89' lang='lat' dir='ltr'><strong>album</strong></span> <span class='ocrx_word' id='word_1_640' title='bbox 3133 3620 3255 3661; x_wconf 88' lang='lat' dir='ltr'><strong>esse</strong></span> <span class='ocrx_word' id='word_1_641' title='bbox 3289 3619 3511 3661; x_wconf 81' lang='lat' dir='ltr'><strong>necesse</strong></span> <span class='ocrx_word' id='word_1_642' title='bbox 3553 3614 3661 3671; x_wconf 87' lang='lat' dir='ltr'><strong>est,</strong></span> <span class='ocrx_word' id='word_1_643' title='bbox 3698 3607 3858 3676; x_wconf 76' lang='lat' dir='ltr'><strong>itaque</strong></span> 
     </span>
    </p>
   </div>
   <div class='ocr_carea' id='block_1_81' title="bbox 2283 3696 3859 3767">
    <p class='ocr_par' dir='ltr' id='par_1_81' title="bbox 2283 3696 3859 3767">
     <span class='ocr_line' id='line_1_81' title="bbox 2283 3696 3859 3767; baseline -0.003 -14"><span class='ocrx_word' id='word_1_644' title='bbox 2283 3700 2340 3755; x_wconf 89' lang='lat' dir='ltr'><strong>ﬁt</strong></span> <span class='ocrx_word' id='word_1_645' title='bbox 2370 3709 2427 3755; x_wconf 90' lang='lat' dir='ltr'><strong>ut</strong></span> <span class='ocrx_word' id='word_1_646' title='bbox 2457 3714 2543 3755; x_wconf 90' lang='lat' dir='ltr'><strong>res</strong></span> <span class='ocrx_word' id='word_1_647' title='bbox 2573 3698 2873 3762; x_wconf 86' lang='lat' dir='ltr'><strong>veritatem,</strong></span> <span class='ocrx_word' id='word_1_648' title='bbox 2902 3706 2953 3752; x_wconf 89' lang='grc' dir='ltr'><strong>ει</strong></span> <span class='ocrx_word' id='word_1_649' title='bbox 2983 3696 3184 3752; x_wconf 88' lang='lat' dir='ltr'><strong>veritas</strong></span> <span class='ocrx_word' id='word_1_650' title='bbox 3215 3711 3350 3762; x_wconf 89' lang='lat' dir='ltr'><strong>rem,</strong></span> <span class='ocrx_word' id='word_1_651' title='bbox 3378 3696 3447 3752; x_wconf 90' lang='lat' dir='ltr'><strong>de</strong></span> <span class='ocrx_word' id='word_1_652' title='bbox 3488 3711 3591 3767; x_wconf 87' lang='lat' dir='ltr'><strong>qua</strong></span> <span class='ocrx_word' id='word_1_653' title='bbox 3622 3696 3859 3767; x_wconf 82' lang='lat' dir='ltr'><strong>proponi-</strong></span> 
     </span>
    </p>
   </div>
   <div class='ocr_carea' id='block_1_82' title="bbox 2283 3789 3859 3862">
    <p class='ocr_par' dir='ltr' id='par_1_82' title="bbox 2283 3789 3859 3862">
     <span class='ocr_line' id='line_1_82' title="bbox 2283 3789 3859 3862; baseline -0.003 -14"><span class='ocrx_word' id='word_1_654' title='bbox 2283 3804 2399 3860; x_wconf 91' lang='lat' dir='ltr'><strong>tur,</strong></span> <span class='ocrx_word' id='word_1_655' title='bbox 2434 3793 2808 3862; x_wconf 87' lang='lat' dir='ltr'><strong>subsequatur.</strong></span> <span class='ocrx_word' id='word_1_656' title='bbox 2842 3791 3048 3847; x_wconf 83' lang='lat' dir='ltr'><strong>Rursus</strong></span> <span class='ocrx_word' id='word_1_657' title='bbox 3078 3789 3122 3845; x_wconf 89' lang='lat' dir='ltr'><strong>si</strong></span> <span class='ocrx_word' id='word_1_658' title='bbox 3155 3790 3241 3846; x_wconf 82' lang='lat' dir='ltr'><strong>ttic</strong></span> <span class='ocrx_word' id='word_1_659' title='bbox 3278 3791 3415 3859; x_wconf 88' lang='lat' dir='ltr'><strong>lapis</strong></span> <span class='ocrx_word' id='word_1_660' title='bbox 3442 3790 3599 3847; x_wconf 89' lang='lat' dir='ltr'><strong>albus</strong></span> <span class='ocrx_word' id='word_1_661' title='bbox 3626 3807 3738 3846; x_wconf 86' lang='lat' dir='ltr'><strong>non</strong></span> <span class='ocrx_word' id='word_1_662' title='bbox 3766 3800 3859 3854; x_wconf 77' lang='lat' dir='ltr'><strong>est,</strong></span> 
     </span>
    </p>
   </div>
   <div class='ocr_carea' id='block_1_83' title="bbox 2283 3882 3862 3954">
    <p class='ocr_par' dir='ltr' id='par_1_83' title="bbox 2283 3882 3862 3954">
     <span class='ocr_line' id='line_1_83' title="bbox 2283 3882 3862 3954; baseline -0.001 -15"><span class='ocrx_word' id='word_1_663' title='bbox 2283 3901 2468 3941; x_wconf 87' lang='lat' dir='ltr'><strong>verum</strong></span> <span class='ocrx_word' id='word_1_664' title='bbox 2494 3896 2576 3941; x_wconf 89' lang='lat' dir='ltr'><strong>est</strong></span> <span class='ocrx_word' id='word_1_665' title='bbox 2605 3886 2671 3939; x_wconf 90' lang='lat' dir='ltr'><strong>de</strong></span> <span class='ocrx_word' id='word_1_666' title='bbox 2700 3899 2765 3940; x_wconf 90' lang='lat' dir='ltr'><strong>eo</strong></span> <span class='ocrx_word' id='word_1_667' title='bbox 2800 3884 2980 3938; x_wconf 78' lang='lat' dir='ltr'><strong>dicere</strong></span> <span class='ocrx_word' id='word_1_668' title='bbox 3005 3883 3263 3954; x_wconf 89' lang='lat' dir='ltr'><strong>quoniam</strong></span> <span class='ocrx_word' id='word_1_669' title='bbox 3291 3899 3399 3939; x_wconf 90' lang='lat' dir='ltr'><strong>non</strong></span> <span class='ocrx_word' id='word_1_670' title='bbox 3428 3893 3513 3940; x_wconf 88' lang='lat' dir='ltr'><strong>est</strong></span> <span class='ocrx_word' id='word_1_671' title='bbox 3541 3884 3721 3951; x_wconf 81' lang='lat' dir='ltr'><strong>albus,</strong></span> <span class='ocrx_word' id='word_1_672' title='bbox 3750 3893 3804 3939; x_wconf 88' lang='lat' dir='ltr'><strong>et</strong></span> <span class='ocrx_word' id='word_1_673' title='bbox 3824 3882 3862 3938; x_wconf 83' lang='lat' dir='ltr'><strong>si</strong></span> 
     </span>
    </p>
   </div>
   <div class='ocr_carea' id='block_1_84' title="bbox 2284 3977 3863 4049">
    <p class='ocr_par' dir='ltr' id='par_1_84' title="bbox 2284 3977 3863 4049">
     <span class='ocr_line' id='line_1_84' title="bbox 2284 3977 3863 4049; baseline -0.003 -16"><span class='ocrx_word' id='word_1_674' title='bbox 2284 3979 2350 4033; x_wconf 92' lang='lat' dir='ltr'><strong>de</strong></span> <span class='ocrx_word' id='word_1_675' title='bbox 2371 3994 2436 4035; x_wconf 85' lang='lat' dir='ltr'><strong>eo</strong></span> <span class='ocrx_word' id='word_1_676' title='bbox 2457 3994 2641 4033; x_wconf 87' lang='lat' dir='ltr'><strong>verum</strong></span> <span class='ocrx_word' id='word_1_677' title='bbox 2668 3987 2751 4032; x_wconf 82' lang='lat' dir='ltr'><strong>est</strong></span> <span class='ocrx_word' id='word_1_678' title='bbox 2776 3977 2956 4035; x_wconf 90' lang='lat' dir='ltr'><strong>dicere</strong></span> <span class='ocrx_word' id='word_1_679' title='bbox 2986 3977 3236 4049; x_wconf 91' lang='lat' dir='ltr'><strong>quoniam</strong></span> <span class='ocrx_word' id='word_1_680' title='bbox 3261 3990 3366 4032; x_wconf 91' lang='lat' dir='ltr'><strong>non</strong></span> <span class='ocrx_word' id='word_1_681' title='bbox 3398 3977 3691 4044; x_wconf 86' lang='lat' dir='ltr'><strong>estalbus,</strong></span> <span class='ocrx_word' id='word_1_682' title='bbox 3719 3984 3779 4032; x_wconf 91' lang='lat' dir='ltr'><strong>ut</strong></span> <span class='ocrx_word' id='word_1_683' title='bbox 3805 3977 3863 4031; x_wconf 84' lang='lat' dir='ltr'><strong>sit</strong></span> 
     </span>
    </p>
   </div>
   <div class='ocr_carea' id='block_1_85' title="bbox 2284 4067 3863 4139">
    <p class='ocr_par' dir='ltr' id='par_1_85' title="bbox 2284 4067 3863 4139">
     <span class='ocr_line' id='line_1_85' title="bbox 2284 4067 3863 4139; baseline -0.001 -15"><span class='ocrx_word' id='word_1_684' title='bbox 2284 4069 2435 4125; x_wconf 88' lang='lat' dir='ltr'><strong>albus</strong></span> <span class='ocrx_word' id='word_1_685' title='bbox 2468 4069 2582 4123; x_wconf 90' lang='lat' dir='ltr'><strong>ﬁeri</strong></span> <span class='ocrx_word' id='word_1_686' title='bbox 2606 4085 2711 4124; x_wconf 96' lang='lat' dir='ltr'><strong>non</strong></span> <span class='ocrx_word' id='word_1_687' title='bbox 2744 4077 2937 4139; x_wconf 90' lang='lat' dir='ltr'><strong>potest,</strong></span> <span class='ocrx_word' id='word_1_688' title='bbox 2965 4082 3087 4123; x_wconf 92' lang='lat' dir='ltr'><strong>cum</strong></span> <span class='ocrx_word' id='word_1_689' title='bbox 3110 4084 3234 4125; x_wconf 85' lang='lat' dir='ltr'><strong>vere</strong></span> <span class='ocrx_word' id='word_1_690' title='bbox 3256 4067 3464 4125; x_wconf 83' lang='lat' dir='ltr'><strong>dicatur</strong></span> <span class='ocrx_word' id='word_1_691' title='bbox 3484 4072 3746 4139; x_wconf 88' lang='lat' dir='ltr'><strong>quoniam</strong></span> <span class='ocrx_word' id='word_1_692' title='bbox 3770 4083 3863 4123; x_wconf 77' lang='lat' dir='ltr'><strong>nun</strong></span> 
     </span>
    </p>
   </div>
   <div class='ocr_carea' id='block_1_86' title="bbox 2285 4162 3865 4235">
    <p class='ocr_par' dir='ltr' id='par_1_86' title="bbox 2285 4162 3865 4235">
     <span class='ocr_line' id='line_1_86' title="bbox 2285 4162 3865 4235; baseline -0.003 -16"><span class='ocrx_word' id='word_1_693' title='bbox 2285 4176 2361 4219; x_wconf 88' lang='lat' dir='ltr'><strong>est</strong></span> <span class='ocrx_word' id='word_1_694' title='bbox 2383 4164 2558 4220; x_wconf 90' lang='lat' dir='ltr'><strong>albus.</strong></span> <span class='ocrx_word' id='word_1_695' title='bbox 2579 4164 2721 4219; x_wconf 88' lang='lat' dir='ltr'><strong>Idem</strong></span> <span class='ocrx_word' id='word_1_696' title='bbox 2748 4177 2957 4235; x_wconf 91' lang='lat' dir='ltr'><strong>quoque</strong></span> <span class='ocrx_word' id='word_1_697' title='bbox 2976 4162 3215 4219; x_wconf 89' lang='lat' dir='ltr'><strong>etiamin</strong></span> <span class='ocrx_word' id='word_1_698' title='bbox 3242 4163 3534 4219; x_wconf 85' lang='lat' dir='ltr'><strong>mendaciis</strong></span> <span class='ocrx_word' id='word_1_699' title='bbox 3558 4163 3723 4219; x_wconf 88' lang='lat' dir='ltr'><strong>valet.</strong></span> <span class='ocrx_word' id='word_1_700' title='bbox 3744 4162 3865 4218; x_wconf 82' lang='lat' dir='ltr'><strong>Nam</strong></span> 
     </span>
    </p>
   </div>
   <div class='ocr_carea' id='block_1_87' title="bbox 2285 4254 3862 4329">
    <p class='ocr_par' dir='ltr' id='par_1_87' title="bbox 2285 4254 3862 4329">
     <span class='ocr_line' id='line_1_87' title="bbox 2285 4254 3862 4329; baseline -0.004 -15"><span class='ocrx_word' id='word_1_701' title='bbox 2285 4260 2330 4314; x_wconf 91' lang='lat' dir='ltr'><strong>si</strong></span> <span class='ocrx_word' id='word_1_702' title='bbox 2380 4258 2505 4329; x_wconf 91' lang='lat' dir='ltr'><strong>quid</strong></span> <span class='ocrx_word' id='word_1_703' title='bbox 2554 4274 2658 4312; x_wconf 83' lang='lat' dir='ltr'><strong>non</strong></span> <span class='ocrx_word' id='word_1_704' title='bbox 2703 4265 2805 4326; x_wconf 88' lang='lat' dir='ltr'><strong>est,</strong></span> <span class='ocrx_word' id='word_1_705' title='bbox 2856 4270 2975 4311; x_wconf 87' lang='lat' dir='ltr'><strong>cum</strong></span> <span class='ocrx_word' id='word_1_706' title='bbox 3024 4254 3127 4310; x_wconf 89' lang='lat' dir='ltr'><strong>hoc</strong></span> <span class='ocrx_word' id='word_1_707' title='bbox 3173 4255 3366 4325; x_wconf 89' lang='lat' dir='ltr'><strong>aliquis</strong></span> <span class='ocrx_word' id='word_1_708' title='bbox 3395 4270 3516 4311; x_wconf 88' lang='lat' dir='ltr'><strong>esse</strong></span> <span class='ocrx_word' id='word_1_709' title='bbox 3561 4255 3862 4325; x_wconf 85' lang='lat' dir='ltr'><strong>proposuit,</strong></span> 
     </span>
    </p>
   </div>
   <div class='ocr_carea' id='block_1_88' title="bbox 2288 4345 3869 4417">
    <p class='ocr_par' dir='ltr' id='par_1_88' title="bbox 2288 4345 3869 4417">
     <span class='ocr_line' id='line_1_88' title="bbox 2288 4345 3869 4417; baseline -0.003 -13"><span class='ocrx_word' id='word_1_710' title='bbox 2288 4350 2599 4406; x_wconf 87' lang='lat' dir='ltr'><strong>mentietur.</strong></span> <span class='ocrx_word' id='word_1_711' title='bbox 2634 4348 2698 4403; x_wconf 83' lang='lat' dir='ltr'><strong>Et</strong></span> <span class='ocrx_word' id='word_1_712' title='bbox 2724 4347 2768 4403; x_wconf 90' lang='lat' dir='ltr'><strong>si</strong></span> <span class='ocrx_word' id='word_1_713' title='bbox 2798 4347 2918 4417; x_wconf 89' lang='lat' dir='ltr'><strong>quis</strong></span> <span class='ocrx_word' id='word_1_714' title='bbox 2943 4345 3011 4402; x_wconf 91' lang='lat' dir='ltr'><strong>de</strong></span> <span class='ocrx_word' id='word_1_715' title='bbox 3039 4346 3148 4402; x_wconf 89' lang='lat' dir='ltr'><strong>alio</strong></span> <span class='ocrx_word' id='word_1_716' title='bbox 3178 4347 3491 4415; x_wconf 87' lang='lat' dir='ltr'><strong>mentietur,</strong></span> <span class='ocrx_word' id='word_1_717' title='bbox 3517 4347 3653 4403; x_wconf 87' lang='lat' dir='ltr'><strong>illud</strong></span> <span class='ocrx_word' id='word_1_718' title='bbox 3682 4349 3749 4403; x_wconf 89' lang='lat' dir='ltr'><strong>de</strong></span> <span class='ocrx_word' id='word_1_719' title='bbox 3772 4362 3869 4417; x_wconf 92' lang='lat' dir='ltr'><strong>quo</strong></span> 
     </span>
    </p>
   </div>
   <div class='ocr_carea' id='block_1_89' title="bbox 2288 4440 3868 4511">
    <p class='ocr_par' dir='ltr' id='par_1_89' title="bbox 2288 4440 3868 4511">
     <span class='ocr_line' id='line_1_89' title="bbox 2288 4440 3868 4511; baseline -0.002 -15"><span class='ocrx_word' id='word_1_720' title='bbox 2288 4444 2345 4497; x_wconf 89' lang='lat' dir='ltr'><strong>lit</strong></span> <span class='ocrx_word' id='word_1_721' title='bbox 2374 4442 2715 4498; x_wconf 88' lang='lat' dir='ltr'><strong>mendacium</strong></span> <span class='ocrx_word' id='word_1_722' title='bbox 2745 4454 2850 4495; x_wconf 91' lang='lat' dir='ltr'><strong>non</strong></span> <span class='ocrx_word' id='word_1_723' title='bbox 2879 4448 2999 4504; x_wconf 89' lang='lat' dir='ltr'><strong>est,</strong></span> <span class='ocrx_word' id='word_1_724' title='bbox 3034 4448 3092 4494; x_wconf 92' lang='lat' dir='ltr'><strong>ut</strong></span> <span class='ocrx_word' id='word_1_725' title='bbox 3133 4440 3180 4495; x_wconf 93' lang='lat' dir='ltr'><strong>si</strong></span> <span class='ocrx_word' id='word_1_726' title='bbox 3222 4456 3381 4511; x_wconf 90' lang='lat' dir='ltr'><strong>quam</strong></span> <span class='ocrx_word' id='word_1_727' title='bbox 3433 4454 3547 4495; x_wconf 88' lang='lat' dir='ltr'><strong>rem</strong></span> <span class='ocrx_word' id='word_1_728' title='bbox 3593 4456 3720 4496; x_wconf 91' lang='lat' dir='ltr'><strong>cum</strong></span> <span class='ocrx_word' id='word_1_729' title='bbox 3757 4440 3868 4495; x_wconf 80' lang='lat' dir='ltr'><strong>alba</strong></span> 
     </span>
    </p>
   </div>
   <div class='ocr_carea' id='block_1_90' title="bbox 2289 4532 3871 4602">
    <p class='ocr_par' dir='ltr' id='par_1_90' title="bbox 2289 4532 3871 4602">
     <span class='ocr_line' id='line_1_90' title="bbox 2289 4532 3871 4602; baseline -0.005 -12"><span class='ocrx_word' id='word_1_730' title='bbox 2289 4552 2395 4590; x_wconf 92' lang='lat' dir='ltr'><strong>non</strong></span> <span class='ocrx_word' id='word_1_731' title='bbox 2427 4539 2495 4590; x_wconf 94' lang='lat' dir='ltr'><strong>sit</strong></span> <span class='ocrx_word' id='word_1_732' title='bbox 2522 4534 2684 4595; x_wconf 86' lang='lat' dir='ltr'><strong>dicat,</strong></span> <span class='ocrx_word' id='word_1_733' title='bbox 2732 4532 2926 4602; x_wconf 89' lang='lat' dir='ltr'><strong>aliquis</strong></span> <span class='ocrx_word' id='word_1_734' title='bbox 2969 4546 3089 4587; x_wconf 89' lang='lat' dir='ltr'><strong>esse</strong></span> <span class='ocrx_word' id='word_1_735' title='bbox 3118 4532 3295 4589; x_wconf 70' lang='lat' dir='ltr'><strong>albam</strong></span> <span class='ocrx_word' id='word_1_736' title='bbox 3328 4533 3584 4587; x_wconf 87' lang='lat' dir='ltr'><strong>mentitus</strong></span> <span class='ocrx_word' id='word_1_737' title='bbox 3608 4543 3713 4595; x_wconf 85' lang='lat' dir='ltr'><strong>est,</strong></span> <span class='ocrx_word' id='word_1_738' title='bbox 3742 4547 3871 4601; x_wconf 88' lang='lat' dir='ltr'><strong>quo-</strong></span> 
     </span>
    </p>
   </div>
   <div class='ocr_carea' id='block_1_91' title="bbox 590 4618 3874 4703">
    <p class='ocr_par' dir='ltr' id='par_1_91' title="bbox 590 4618 3874 4703">
     <span class='ocr_line' id='line_1_91' title="bbox 590 4618 3874 4703; baseline -0.005 -20"><span class='ocrx_word' id='word_1_739' title='bbox 590 4630 790 4701; x_wconf 83' lang='lat' dir='ltr'><strong>negatio</strong></span> <span class='ocrx_word' id='word_1_740' title='bbox 809 4632 941 4683; x_wconf 80' lang='lat' dir='ltr'><strong>&#39;vera</strong></span> <span class='ocrx_word' id='word_1_741' title='bbox 967 4623 1043 4679; x_wconf 87' lang='lat' dir='ltr'><strong>vel</strong></span> <span class='ocrx_word' id='word_1_742' title='bbox 1075 4623 1208 4695; x_wconf 80' lang='lat' dir='ltr'><strong>falsa</strong></span> <span class='ocrx_word' id='word_1_743' title='bbox 1237 4631 1328 4676; x_wconf 88' lang='lat' dir='ltr'><strong>est.</strong></span> <span class='ocrx_word' id='word_1_744' title='bbox 1368 4619 1604 4690; x_wconf 68' lang='lat' dir='ltr'><strong>Utra’que</strong></span> <span class='ocrx_word' id='word_1_745' title='bbox 1642 4619 1774 4672; x_wconf 86' lang='lat' dir='ltr'><strong>enim</strong></span> <span class='ocrx_word' id='word_1_746' title='bbox 1807 4634 1906 4672; x_wconf 85' lang='lat' dir='ltr'><strong>non</strong></span> <span class='ocrx_word' id='word_1_747' title='bbox 1936 4626 2085 4672; x_wconf 85' lang='lat' dir='ltr'><strong>erunt</strong></span> <span class='ocrx_word' id='word_1_748' title='bbox 2111 4618 2155 4672; x_wconf 86' lang='lat' dir='ltr'><strong>si</strong></span> <span class='ocrx_word' id='word_1_749' title='bbox 2165 4646 2183 4659; x_wconf 85' lang='lat'><strong>-</strong></span> <span class='ocrx_word' id='word_1_750' title='bbox 2212 4642 2266 4703; x_wconf 79' lang='lat' dir='ltr'><strong>D</strong></span> <span class='ocrx_word' id='word_1_751' title='bbox 2290 4633 2433 4687; x_wconf 69' lang='lat' dir='ltr'><strong>circa</strong></span> <span class='ocrx_word' id='word_1_752' title='bbox 2464 4643 2685 4685; x_wconf 69' lang='lat' dir='ltr'><strong>necesse</strong></span> <span class='ocrx_word' id='word_1_753' title='bbox 2714 4636 2796 4683; x_wconf 58' lang='lat' dir='ltr'><strong>est</strong></span> <span class='ocrx_word' id='word_1_754' title='bbox 2842 4626 2970 4682; x_wconf 74' lang='lat' dir='ltr'><strong>iuud</strong></span> <span class='ocrx_word' id='word_1_755' title='bbox 2998 4641 3210 4697; x_wconf 74' lang='lat' dir='ltr'><strong>quoque</strong></span> <span class='ocrx_word' id='word_1_756' title='bbox 3240 4641 3347 4681; x_wconf 81' lang='grc' dir='ltr'><strong>ηοη</strong></span> <span class='ocrx_word' id='word_1_757' title='bbox 3370 4641 3491 4683; x_wconf 67' lang='lat' dir='ltr'><strong>esse</strong></span> <span class='ocrx_word' id='word_1_758' title='bbox 3510 4627 3578 4682; x_wconf 72' lang='lat' dir='ltr'><strong>de</strong></span> <span class='ocrx_word' id='word_1_759' title='bbox 3601 4642 3709 4696; x_wconf 68' lang='lat' dir='ltr'><strong>quo</strong></span> <span class='ocrx_word' id='word_1_760' title='bbox 3731 4640 3874 4681; x_wconf 65' lang='lat' dir='ltr'><strong>me“.</strong></span> 
     </span>
    </p>
   </div>
   <div class='ocr_carea' id='block_1_92' title="bbox 586 4718 1010 4777">
    <p class='ocr_par' dir='ltr' id='par_1_92' title="bbox 586 4718 1010 4777">
     <span class='ocr_line' id='line_1_92' title="bbox 586 4718 1010 4777; baseline -0.019 0"><span class='ocrx_word' id='word_1_761' title='bbox 586 4720 693 4777; x_wconf 84' lang='lat' dir='ltr'><strong>mul</strong></span> <span class='ocrx_word' id='word_1_762' title='bbox 724 4721 779 4777; x_wconf 84' lang='lat' dir='ltr'><strong>in</strong></span> <span class='ocrx_word' id='word_1_763' title='bbox 805 4718 1010 4773; x_wconf 85' lang='lat' dir='ltr'><strong>talibus.</strong></span> 
     </span>
    </p>
   </div>
   <div class='ocr_carea' id='block_1_93' title="bbox 673 4805 2184 4883">
    <p class='ocr_par' dir='ltr' id='par_1_93' title="bbox 673 4805 2184 4883">
     <span class='ocr_line' id='line_1_93' title="bbox 673 4805 2184 4883; baseline -0.005 -15"><span class='ocrx_word' id='word_1_764' title='bbox 673 4813 731 4869; x_wconf 90' lang='lat' dir='ltr'><strong>Si</strong></span> <span class='ocrx_word' id='word_1_765' title='bbox 782 4808 1040 4883; x_wconf 89' lang='lat' dir='ltr'><strong>quidquid</strong></span> <span class='ocrx_word' id='word_1_766' title='bbox 1097 4808 1153 4863; x_wconf 90' lang='lat' dir='ltr'><strong>in</strong></span> <span class='ocrx_word' id='word_1_767' title='bbox 1200 4805 1646 4862; x_wconf 83' lang='lat' dir='ltr'><strong>alﬁrmatiunibus</strong></span> <span class='ocrx_word' id='word_1_768' title='bbox 1706 4806 2184 4876; x_wconf 77' lang='lat' dir='ltr'><strong>negationibusque</strong></span> 
     </span>
    </p>
   </div>
   <div class='ocr_carea' id='block_1_94' title="bbox 599 4896 2186 4975">
    <p class='ocr_par' dir='ltr' id='par_1_94' title="bbox 599 4896 2186 4975">
     <span class='ocr_line' id='line_1_94' title="bbox 599 4896 2186 4975; baseline -0.007 -14"><span class='ocrx_word' id='word_1_769' title='bbox 599 4900 947 4975; x_wconf 87' lang='lat' dir='ltr'><strong>proponitur,</strong></span> <span class='ocrx_word' id='word_1_770' title='bbox 979 4914 1165 4955; x_wconf 88' lang='lat' dir='ltr'><strong>verum</strong></span> <span class='ocrx_word' id='word_1_771' title='bbox 1196 4898 1276 4954; x_wconf 87' lang='lat' dir='ltr'><strong>vel</strong></span> <span class='ocrx_word' id='word_1_772' title='bbox 1307 4897 1498 4952; x_wconf 88' lang='lat' dir='ltr'><strong>falsum</strong></span> <span class='ocrx_word' id='word_1_773' title='bbox 1529 4905 1611 4952; x_wconf 88' lang='lat' dir='ltr'><strong>est</strong></span> <span class='ocrx_word' id='word_1_774' title='bbox 1640 4896 1856 4951; x_wconf 83' lang='lat' dir='ltr'><strong>definite</strong></span> <span class='ocrx_word' id='word_1_775' title='bbox 1882 4937 1897 4961; x_wconf 93' lang='lat'><strong>,</strong></span> <span class='ocrx_word' id='word_1_776' title='bbox 1946 4896 2186 4967; x_wconf 90' lang='lat' dir='ltr'><strong>sequitur</strong></span> 
     </span>
    </p>
   </div>
   <div class='ocr_carea' id='block_1_95' title="bbox 598 4989 2177 5070">
    <p class='ocr_par' dir='ltr' id='par_1_95' title="bbox 598 4989 2177 5070">
     <span class='ocr_line' id='line_1_95' title="bbox 598 4989 2177 5070; baseline -0.006 -16"><span class='ocrx_word' id='word_1_777' title='bbox 598 5008 654 5055; x_wconf 93' lang='lat' dir='ltr'><strong>ut</strong></span> <span class='ocrx_word' id='word_1_778' title='bbox 678 4996 821 5070; x_wconf 90' lang='lat' dir='ltr'><strong>quod</strong></span> <span class='ocrx_word' id='word_1_779' title='bbox 851 4994 956 5052; x_wconf 76' lang='lat' dir='ltr'><strong>illae</strong></span> <span class='ocrx_word' id='word_1_780' title='bbox 996 4991 1309 5065; x_wconf 74' lang='lat' dir='ltr'><strong>negationes</strong></span> <span class='ocrx_word' id='word_1_781' title='bbox 1336 4990 1825 5059; x_wconf 85' lang='lat' dir='ltr'><strong>afﬁrmationesqne</strong></span> <span class='ocrx_word' id='word_1_782' title='bbox 1853 4989 2177 5060; x_wconf 84' lang='lat' dir='ltr'><strong>signiﬁcant,</strong></span> 
     </span>
    </p>
   </div>
   <div class='ocr_carea' id='block_1_96' title="bbox 596 5084 2184 5160">
    <p class='ocr_par' dir='ltr' id='par_1_96' title="bbox 596 5084 2184 5160">
     <span class='ocr_line' id='line_1_96' title="bbox 596 5084 2184 5160; baseline -0.006 -10"><span class='ocrx_word' id='word_1_783' title='bbox 596 5104 686 5150; x_wconf 89' lang='lat' dir='ltr'><strong>aut</strong></span> <span class='ocrx_word' id='word_1_784' title='bbox 705 5088 944 5160; x_wconf 83' lang='lat' dir='ltr'><strong>evenire,</strong></span> <span class='ocrx_word' id='word_1_785' title='bbox 972 5096 1066 5145; x_wconf 89' lang='lat' dir='ltr'><strong>aut</strong></span> <span class='ocrx_word' id='word_1_786' title='bbox 1087 5103 1192 5144; x_wconf 93' lang='lat' dir='ltr'><strong>non</strong></span> <span class='ocrx_word' id='word_1_787' title='bbox 1211 5088 1427 5144; x_wconf 89' lang='lat' dir='ltr'><strong>evenire</strong></span> <span class='ocrx_word' id='word_1_788' title='bbox 1450 5100 1671 5142; x_wconf 90' lang='lat' dir='ltr'><strong>necesse</strong></span> <span class='ocrx_word' id='word_1_789' title='bbox 1697 5085 1795 5150; x_wconf 89' lang='lat' dir='ltr'><strong>sit;</strong></span> <span class='ocrx_word' id='word_1_790' title='bbox 1817 5086 1915 5139; x_wconf 88' lang='lat' dir='ltr'><strong>hoc</strong></span> <span class='ocrx_word' id='word_1_791' title='bbox 1937 5095 2019 5140; x_wconf 91' lang='lat' dir='ltr'><strong>est</strong></span> <span class='ocrx_word' id='word_1_792' title='bbox 2040 5084 2184 5141; x_wconf 89' lang='lat' dir='ltr'><strong>enim</strong></span> 
     </span>
    </p>
   </div>
   <div class='ocr_carea' id='block_1_97' title="bbox 596 5177 2185 5260">
    <p class='ocr_par' dir='ltr' id='par_1_97' title="bbox 596 5177 2185 5260">
     <span class='ocr_line' id='line_1_97' title="bbox 596 5177 2185 5260; baseline -0.008 -16"><span class='ocrx_word' id='word_1_793' title='bbox 596 5186 739 5260; x_wconf 89' lang='lat' dir='ltr'><strong>quod</strong></span> <span class='ocrx_word' id='word_1_794' title='bbox 766 5182 925 5242; x_wconf 87' lang='lat' dir='ltr'><strong>dicit:</strong></span> <span class='ocrx_word' id='word_1_795' title='bbox 957 5180 1091 5239; x_wconf 82' lang='lat' dir='ltr'><strong>Nam</strong></span> <span class='ocrx_word' id='word_1_796' title='bbox 1118 5179 1167 5238; x_wconf 89' lang='lat' dir='ltr'><strong>si</strong></span> <span class='ocrx_word' id='word_1_797' title='bbox 1194 5179 1371 5236; x_wconf 89' lang='lat' dir='ltr'><strong>omnis</strong></span> <span class='ocrx_word' id='word_1_798' title='bbox 1400 5178 1686 5234; x_wconf 88' lang='lat' dir='ltr'><strong>afﬁrmatio</strong></span> <span class='ocrx_word' id='word_1_799' title='bbox 1711 5177 1791 5232; x_wconf 90' lang='lat' dir='ltr'><strong>vel</strong></span> <span class='ocrx_word' id='word_1_800' title='bbox 1816 5178 2028 5247; x_wconf 88' lang='lat' dir='ltr'><strong>negatio</strong></span> <span class='ocrx_word' id='word_1_801' title='bbox 2061 5194 2185 5232; x_wconf 88' lang='lat' dir='ltr'><strong>vera</strong></span> 
     </span>
    </p>
   </div>
   <div class='ocr_carea' id='block_1_98' title="bbox 596 5268 2184 5340">
    <p class='ocr_par' dir='ltr' id='par_1_98' title="bbox 596 5268 2184 5340">
     <span class='ocr_line' id='line_1_98' title="bbox 596 5268 2184 5340; baseline -0.006 -5"><span class='ocrx_word' id='word_1_802' title='bbox 596 5282 683 5338; x_wconf 89' lang='lat' dir='ltr'><strong>vel</strong></span> <span class='ocrx_word' id='word_1_803' title='bbox 713 5278 849 5336; x_wconf 85' lang='lat' dir='ltr'><strong>falsa</strong></span> <span class='ocrx_word' id='word_1_804' title='bbox 892 5285 977 5336; x_wconf 87' lang='lat' dir='ltr'><strong>est</strong></span> <span class='ocrx_word' id='word_1_805' title='bbox 1019 5276 1273 5340; x_wconf 86' lang='lat' dir='ltr'><strong>deﬁnite;</strong></span> <span class='ocrx_word' id='word_1_806' title='bbox 1304 5273 1505 5329; x_wconf 86' lang='lat' dir='ltr'><strong>idcirco</strong></span> <span class='ocrx_word' id='word_1_807' title='bbox 1525 5274 1669 5329; x_wconf 90' lang='lat' dir='ltr'><strong>enim</strong></span> <span class='ocrx_word' id='word_1_808' title='bbox 1719 5271 1867 5327; x_wconf 85' lang='lat' dir='ltr'><strong>addit</strong></span> <span class='ocrx_word' id='word_1_809' title='bbox 1900 5272 2092 5325; x_wconf 89' lang='lat' dir='ltr'><strong>omnis.</strong></span> <span class='ocrx_word' id='word_1_810' title='bbox 2126 5268 2184 5326; x_wconf 92' lang='lat' dir='ltr'><strong>In</strong></span> 
     </span>
    </p>
   </div>
   <div class='ocr_carea' id='block_1_99' title="bbox 598 5367 2184 5446">
    <p class='ocr_par' dir='ltr' id='par_1_99' title="bbox 598 5367 2184 5446">
     <span class='ocr_line' id='line_1_99' title="bbox 598 5367 2184 5446; baseline -0.006 -15"><span class='ocrx_word' id='word_1_811' title='bbox 598 5375 678 5431; x_wconf 87' lang='lat' dir='ltr'><strong>itis</strong></span> <span class='ocrx_word' id='word_1_812' title='bbox 703 5374 847 5431; x_wconf 88' lang='lat' dir='ltr'><strong>enim</strong></span> <span class='ocrx_word' id='word_1_813' title='bbox 869 5387 990 5446; x_wconf 63' lang='lat' dir='ltr'><strong>qua:</strong></span> <span class='ocrx_word' id='word_1_814' title='bbox 1019 5382 1144 5429; x_wconf 88' lang='lat' dir='ltr'><strong>sunt</strong></span> <span class='ocrx_word' id='word_1_815' title='bbox 1182 5370 1354 5425; x_wconf 80' lang='lat' dir='ltr'><strong>futura</strong></span> <span class='ocrx_word' id='word_1_816' title='bbox 1387 5367 1469 5422; x_wconf 86' lang='lat' dir='ltr'><strong>vel</strong></span> <span class='ocrx_word' id='word_1_817' title='bbox 1501 5368 1885 5439; x_wconf 85' lang='lat' dir='ltr'><strong>contingentia,</strong></span> <span class='ocrx_word' id='word_1_818' title='bbox 1916 5385 1945 5420; x_wconf 93' lang='lat' dir='ltr'><strong>n</strong></span> <span class='ocrx_word' id='word_1_819' title='bbox 1989 5383 2019 5420; x_wconf 95' lang='lat' dir='ltr'><strong>n</strong></span> <span class='ocrx_word' id='word_1_820' title='bbox 2064 5382 2184 5423; x_wconf 85' lang='lat' dir='ltr'><strong>esse</strong></span> 
     </span>
    </p>
   </div>
   <div class='ocr_carea' id='block_1_100' title="bbox 597 5459 2187 5536">
    <p class='ocr_par' dir='ltr' id='par_1_100' title="bbox 597 5459 2187 5536">
     <span class='ocr_line' id='line_1_100' title="bbox 597 5459 2187 5536; baseline -0.005 -12"><span class='ocrx_word' id='word_1_821' title='bbox 597 5469 981 5526; x_wconf 76' lang='lat' dir='ltr'><strong>afﬁrmationes</strong></span> <span class='ocrx_word' id='word_1_822' title='bbox 1012 5475 1066 5522; x_wconf 91' lang='lat' dir='ltr'><strong>et</strong></span> <span class='ocrx_word' id='word_1_823' title='bbox 1092 5463 1409 5536; x_wconf 84' lang='lat' dir='ltr'><strong>negationes</strong></span> <span class='ocrx_word' id='word_1_824' title='bbox 1431 5476 1583 5515; x_wconf 79' lang='lat' dir='ltr'><strong>veras</strong></span> <span class='ocrx_word' id='word_1_825' title='bbox 1628 5460 1710 5514; x_wconf 89' lang='lat' dir='ltr'><strong>vel</strong></span> <span class='ocrx_word' id='word_1_826' title='bbox 1763 5460 1925 5515; x_wconf 88' lang='lat' dir='ltr'><strong>falsas</strong></span> <span class='ocrx_word' id='word_1_827' title='bbox 1969 5459 2187 5516; x_wconf 84' lang='lat' dir='ltr'><strong>deﬁnite</strong></span> 
     </span>
    </p>
   </div>
   <div class='ocr_carea' id='block_1_101' title="bbox 599 5555 2188 5638">
    <p class='ocr_par' dir='ltr' id='par_1_101' title="bbox 599 5555 2188 5638">
     <span class='ocr_line' id='line_1_101' title="bbox 599 5555 2188 5638; baseline -0.01 -12"><span class='ocrx_word' id='word_1_828' title='bbox 599 5567 827 5638; x_wconf 85' lang='lat' dir='ltr'><strong>probare</strong></span> <span class='ocrx_word' id='word_1_829' title='bbox 871 5562 1172 5623; x_wconf 91' lang='lat' dir='ltr'><strong>contendit.</strong></span> <span class='ocrx_word' id='word_1_830' title='bbox 1200 5558 1331 5615; x_wconf 82' lang='lat' dir='ltr'><strong>Nam</strong></span> <span class='ocrx_word' id='word_1_831' title='bbox 1364 5557 1410 5612; x_wconf 89' lang='lat' dir='ltr'><strong>si</strong></span> <span class='ocrx_word' id='word_1_832' title='bbox 1437 5572 1572 5610; x_wconf 92' lang='lat' dir='ltr'><strong>unus</strong></span> <span class='ocrx_word' id='word_1_833' title='bbox 1600 5555 1745 5610; x_wconf 86' lang='lat' dir='ltr'><strong>dicat</strong></span> <span class='ocrx_word' id='word_1_834' title='bbox 1793 5555 1993 5626; x_wconf 89' lang='lat' dir='ltr'><strong>aliquid</strong></span> <span class='ocrx_word' id='word_1_835' title='bbox 2045 5557 2188 5611; x_wconf 82' lang='lat' dir='ltr'><strong>futu-</strong></span> 
     </span>
    </p>
   </div>
   <div class='ocr_carea' id='block_1_102' title="bbox 594 5650 2186 5729">
    <p class='ocr_par' dir='ltr' id='par_1_102' title="bbox 594 5650 2186 5729">
     <span class='ocr_line' id='line_1_102' title="bbox 594 5650 2186 5729; baseline -0.007 -11"><span class='ocrx_word' id='word_1_836' title='bbox 594 5678 736 5724; x_wconf 87' lang='lat' dir='ltr'><strong>rum.</strong></span> <span class='ocrx_word' id='word_1_837' title='bbox 770 5662 906 5716; x_wconf 91' lang='lat' dir='ltr'><strong>alius</strong></span> <span class='ocrx_word' id='word_1_838' title='bbox 935 5668 1116 5729; x_wconf 79' lang='lat' dir='ltr'><strong>neget,</strong></span> <span class='ocrx_word' id='word_1_839' title='bbox 1148 5664 1207 5710; x_wconf 92' lang='lat' dir='ltr'><strong>ut</strong></span> <span class='ocrx_word' id='word_1_840' title='bbox 1256 5662 1477 5722; x_wconf 85' lang='lat' dir='ltr'><strong>utraque</strong></span> <span class='ocrx_word' id='word_1_841' title='bbox 1508 5652 1776 5714; x_wconf 87' lang='lat' dir='ltr'><strong>eveniant,</strong></span> <span class='ocrx_word' id='word_1_842' title='bbox 1813 5650 1926 5705; x_wconf 89' lang='lat' dir='ltr'><strong>ﬁeri</strong></span> <span class='ocrx_word' id='word_1_843' title='bbox 1959 5667 2063 5707; x_wconf 93' lang='lat' dir='ltr'><strong>non</strong></span> <span class='ocrx_word' id='word_1_844' title='bbox 2094 5669 2186 5721; x_wconf 88' lang='lat' dir='ltr'><strong>po-</strong></span> 
     </span>
    </p>
   </div>
   <div class='ocr_carea' id='block_1_103' title="bbox 596 5746 2188 5825">
    <p class='ocr_par' dir='ltr' id='par_1_103' title="bbox 596 5746 2188 5825">
     <span class='ocr_line' id='line_1_103' title="bbox 596 5746 2188 5825; baseline -0.008 -14"><span class='ocrx_word' id='word_1_845' title='bbox 596 5767 697 5811; x_wconf 87' lang='lat' dir='ltr'><strong>test</strong></span> <span class='ocrx_word' id='word_1_846' title='bbox 728 5773 742 5820; x_wconf 87' lang='lat'><strong>;</strong></span> <span class='ocrx_word' id='word_1_847' title='bbox 774 5754 893 5825; x_wconf 87' lang='lat' dir='ltr'><strong>quis</strong></span> <span class='ocrx_word' id='word_1_848' title='bbox 924 5753 1066 5809; x_wconf 88' lang='lat' dir='ltr'><strong>enim</strong></span> <span class='ocrx_word' id='word_1_849' title='bbox 1100 5750 1316 5813; x_wconf 83' lang='lat' dir='ltr'><strong>dixerit,</strong></span> <span class='ocrx_word' id='word_1_850' title='bbox 1351 5746 1561 5803; x_wconf 78' lang='lat' dir='ltr'><strong>dicente</strong></span> <span class='ocrx_word' id='word_1_851' title='bbox 1592 5747 1767 5817; x_wconf 89' lang='lat' dir='ltr'><strong>aliquo</strong></span> <span class='ocrx_word' id='word_1_852' title='bbox 1801 5747 2052 5805; x_wconf 88' lang='lat' dir='ltr'><strong>Socrates</strong></span> <span class='ocrx_word' id='word_1_853' title='bbox 2079 5767 2188 5808; x_wconf 77' lang='lat' dir='ltr'><strong>cce.</strong></span> 
     </span>
    </p>
   </div>
   <div class='ocr_carea' id='block_1_104' title="bbox 600 5845 2187 5916">
    <p class='ocr_par' dir='ltr' id='par_1_104' title="bbox 600 5845 2187 5916">
     <span class='ocr_line' id='line_1_104' title="bbox 600 5845 2187 5916; baseline 0 -11"><span class='ocrx_word' id='word_1_854' title='bbox 600 5862 825 5905; x_wconf 85' lang='lat' dir='ltr'><strong>naturus</strong></span> <span class='ocrx_word' id='word_1_855' title='bbox 874 5859 975 5909; x_wconf 87' lang='lat' dir='ltr'><strong>est,</strong></span> <span class='ocrx_word' id='word_1_856' title='bbox 1028 5845 1242 5915; x_wconf 79' lang='lat' dir='ltr'><strong>alioque</strong></span> <span class='ocrx_word' id='word_1_857' title='bbox 1293 5854 1521 5916; x_wconf 82' lang='lat' dir='ltr'><strong>negante</strong></span> <span class='ocrx_word' id='word_1_858' title='bbox 1575 5845 1826 5900; x_wconf 79' lang='lat' dir='ltr'><strong>Socrates</strong></span> <span class='ocrx_word' id='word_1_859' title='bbox 1877 5856 2187 5905; x_wconf 83' lang='lat' dir='ltr'><strong>coenaturus</strong></span> 
     </span>
    </p>
   </div>
   <div class='ocr_carea' id='block_1_105' title="bbox 2292 4719 3877 4792">
    <p class='ocr_par' dir='ltr' id='par_1_105' title="bbox 2292 4719 3877 4792">
     <span class='ocr_line' id='line_1_105' title="bbox 2292 4719 3877 4792; baseline -0.003 -15"><span class='ocrx_word' id='word_1_860' title='bbox 2292 4725 2419 4777; x_wconf 83' lang='lat' dir='ltr'><strong>titus</strong></span> <span class='ocrx_word' id='word_1_861' title='bbox 2450 4735 2552 4778; x_wconf 84' lang='grc' dir='ltr'><em>εει.</em></span> <span class='ocrx_word' id='word_1_862' title='bbox 2588 4721 2661 4777; x_wconf 87' lang='lat' dir='ltr'><strong>Ita</strong></span> <span class='ocrx_word' id='word_1_863' title='bbox 2711 4720 2870 4792; x_wconf 86' lang='lat' dir='ltr'><strong>igitur</strong></span> <span class='ocrx_word' id='word_1_864' title='bbox 2900 4719 3097 4775; x_wconf 87' lang='lat' dir='ltr'><strong>veritas</strong></span> <span class='ocrx_word' id='word_1_865' title='bbox 3143 4719 3360 4790; x_wconf 89' lang='lat' dir='ltr'><strong>quidem</strong></span> <span class='ocrx_word' id='word_1_866' title='bbox 3401 4719 3482 4774; x_wconf 89' lang='lat' dir='ltr'><strong>rei</strong></span> <span class='ocrx_word' id='word_1_867' title='bbox 3525 4736 3648 4791; x_wconf 75' lang='lat' dir='ltr'><strong>quze</strong></span> <span class='ocrx_word' id='word_1_868' title='bbox 3691 4730 3798 4785; x_wconf 75' lang='lat' dir='ltr'><strong>est,</strong></span> <span class='ocrx_word' id='word_1_869' title='bbox 3825 4727 3877 4773; x_wconf 81' lang='lat' dir='ltr'><strong>et</strong></span> 
     </span>
    </p>
   </div>
   <div class='ocr_carea' id='block_1_106' title="bbox 2292 4812 3875 4884">
    <p class='ocr_par' dir='ltr' id='par_1_106' title="bbox 2292 4812 3875 4884">
     <span class='ocr_line' id='line_1_106' title="bbox 2292 4812 3875 4884; baseline -0.006 -14"><span class='ocrx_word' id='word_1_870' title='bbox 2292 4832 2379 4870; x_wconf 88' lang='lat' dir='ltr'><strong>res</strong></span> <span class='ocrx_word' id='word_1_871' title='bbox 2406 4830 2524 4884; x_wconf 82' lang='lat' dir='ltr'><strong>quae</strong></span> <span class='ocrx_word' id='word_1_872' title='bbox 2570 4822 2655 4869; x_wconf 89' lang='lat' dir='ltr'><strong>est</strong></span> <span class='ocrx_word' id='word_1_873' title='bbox 2701 4812 2939 4879; x_wconf 87' lang='lat' dir='ltr'><strong>veritati,</strong></span> <span class='ocrx_word' id='word_1_874' title='bbox 2989 4812 3191 4867; x_wconf 83' lang='lat' dir='ltr'><strong>falsitas</strong></span> <span class='ocrx_word' id='word_1_875' title='bbox 3221 4826 3350 4867; x_wconf 90' lang='lat' dir='ltr'><strong>vero</strong></span> <span class='ocrx_word' id='word_1_876' title='bbox 3380 4813 3453 4866; x_wconf 88' lang='lat' dir='ltr'><strong>rei</strong></span> <span class='ocrx_word' id='word_1_877' title='bbox 3484 4827 3607 4881; x_wconf 74' lang='lat' dir='ltr'><strong>quze</strong></span> <span class='ocrx_word' id='word_1_878' title='bbox 3638 4827 3745 4866; x_wconf 92' lang='lat' dir='ltr'><strong>non</strong></span> <span class='ocrx_word' id='word_1_879' title='bbox 3776 4821 3875 4873; x_wconf 81' lang='grc' dir='ltr'><em>εει,</em></span> 
     </span>
    </p>
   </div>
   <div class='ocr_carea' id='block_1_107' title="bbox 2291 4901 3878 4975">
    <p class='ocr_par' dir='ltr' id='par_1_107' title="bbox 2291 4901 3878 4975">
     <span class='ocr_line' id='line_1_107' title="bbox 2291 4901 3878 4975; baseline -0.004 -14"><span class='ocrx_word' id='word_1_880' title='bbox 2291 4916 2344 4961; x_wconf 89' lang='grc' dir='ltr'><strong>ει</strong></span> <span class='ocrx_word' id='word_1_881' title='bbox 2373 4922 2460 4961; x_wconf 89' lang='lat' dir='ltr'><strong>res</strong></span> <span class='ocrx_word' id='word_1_882' title='bbox 2474 4921 2607 4975; x_wconf 56' lang='lat' dir='ltr'><strong>tqua:</strong></span> <span class='ocrx_word' id='word_1_883' title='bbox 2637 4921 2742 4960; x_wconf 91' lang='lat' dir='ltr'><strong>non</strong></span> <span class='ocrx_word' id='word_1_884' title='bbox 2765 4912 2870 4971; x_wconf 90' lang='lat' dir='ltr'><strong>est,</strong></span> <span class='ocrx_word' id='word_1_885' title='bbox 2902 4901 3119 4959; x_wconf 78' lang='lat' dir='ltr'><strong>falsiiati</strong></span> <span class='ocrx_word' id='word_1_886' title='bbox 3140 4903 3499 4967; x_wconf 89' lang='lat' dir='ltr'><strong>convertitur,</strong></span> <span class='ocrx_word' id='word_1_887' title='bbox 3527 4902 3671 4972; x_wconf 90' lang='lat' dir='ltr'><strong>quod</strong></span> <span class='ocrx_word' id='word_1_888' title='bbox 3704 4904 3751 4957; x_wconf 89' lang='lat' dir='ltr'><strong>si</strong></span> <span class='ocrx_word' id='word_1_889' title='bbox 3782 4902 3878 4955; x_wconf 85' lang='lat' dir='ltr'><strong>hoc</strong></span> 
     </span>
    </p>
   </div>
   <div class='ocr_carea' id='block_1_108' title="bbox 2292 4996 3881 5067">
    <p class='ocr_par' dir='ltr' id='par_1_108' title="bbox 2292 4996 3881 5067">
     <span class='ocr_line' id='line_1_108' title="bbox 2292 4996 3881 5067; baseline -0.003 -13"><span class='ocrx_word' id='word_1_890' title='bbox 2292 5010 2375 5054; x_wconf 88' lang='lat' dir='ltr'><strong>est</strong></span> <span class='ocrx_word' id='word_1_891' title='bbox 2406 5001 2456 5052; x_wconf 93' lang='lat' dir='ltr'><strong>in</strong></span> <span class='ocrx_word' id='word_1_892' title='bbox 2486 4998 2736 5054; x_wconf 91' lang='lat' dir='ltr'><strong>omnibus</strong></span> <span class='ocrx_word' id='word_1_893' title='bbox 2768 4999 2949 5064; x_wconf 89' lang='lat' dir='ltr'><strong>rebus,</strong></span> <span class='ocrx_word' id='word_1_894' title='bbox 2981 4996 3238 5067; x_wconf 87' lang='lat' dir='ltr'><strong>quidquid</strong></span> <span class='ocrx_word' id='word_1_895' title='bbox 3270 4997 3466 5052; x_wconf 89' lang='lat' dir='ltr'><strong>dicitur</strong></span> <span class='ocrx_word' id='word_1_896' title='bbox 3496 5013 3621 5053; x_wconf 92' lang='lat' dir='ltr'><strong>cum</strong></span> <span class='ocrx_word' id='word_1_897' title='bbox 3651 4996 3881 5052; x_wconf 79' lang='lat' dir='ltr'><strong>veritate</strong></span> 
     </span>
    </p>
   </div>
   <div class='ocr_carea' id='block_1_109' title="bbox 2294 5089 3876 5161">
    <p class='ocr_par' dir='ltr' id='par_1_109' title="bbox 2294 5089 3876 5161">
     <span class='ocr_line' id='line_1_109' title="bbox 2294 5089 3876 5161; baseline -0.003 -16"><span class='ocrx_word' id='word_1_898' title='bbox 2294 5091 2376 5147; x_wconf 90' lang='lat' dir='ltr'><strong>vel</strong></span> <span class='ocrx_word' id='word_1_899' title='bbox 2413 5090 2665 5158; x_wconf 87' lang='lat' dir='ltr'><strong>falsitate,</strong></span> <span class='ocrx_word' id='word_1_900' title='bbox 2694 5091 2759 5146; x_wconf 90' lang='lat' dir='ltr'><strong>ad</strong></span> <span class='ocrx_word' id='word_1_901' title='bbox 2786 5105 2901 5147; x_wconf 88' lang='lat' dir='ltr'><strong>rem</strong></span> <span class='ocrx_word' id='word_1_902' title='bbox 2932 5106 3051 5161; x_wconf 78' lang='lat' dir='ltr'><strong>quze</strong></span> <span class='ocrx_word' id='word_1_903' title='bbox 3070 5099 3151 5146; x_wconf 86' lang='lat' dir='ltr'><strong>est</strong></span> <span class='ocrx_word' id='word_1_904' title='bbox 3174 5089 3259 5146; x_wconf 90' lang='lat' dir='ltr'><strong>vel</strong></span> <span class='ocrx_word' id='word_1_905' title='bbox 3284 5106 3388 5145; x_wconf 91' lang='lat' dir='ltr'><strong>nou</strong></span> <span class='ocrx_word' id='word_1_906' title='bbox 3413 5100 3499 5146; x_wconf 87' lang='lat' dir='ltr'><strong>est</strong></span> <span class='ocrx_word' id='word_1_907' title='bbox 3520 5090 3876 5151; x_wconf 85' lang='lat' dir='ltr'><strong>convertitur,</strong></span> 
     </span>
    </p>
   </div>
   <div class='ocr_carea' id='block_1_110' title="bbox 2292 5183 3883 5261">
    <p class='ocr_par' dir='ltr' id='par_1_110' title="bbox 2292 5183 3883 5261">
     <span class='ocr_line' id='line_1_110' title="bbox 2292 5183 3883 5261; baseline -0.001 -23"><span class='ocrx_word' id='word_1_908' title='bbox 2292 5184 2409 5239; x_wconf 85' lang='lat' dir='ltr'><strong>sive</strong></span> <span class='ocrx_word' id='word_1_909' title='bbox 2437 5184 2647 5254; x_wconf 89' lang='lat' dir='ltr'><strong>negatio</strong></span> <span class='ocrx_word' id='word_1_910' title='bbox 2670 5184 2760 5251; x_wconf 90' lang='lat' dir='ltr'><strong>sit,</strong></span> <span class='ocrx_word' id='word_1_911' title='bbox 2793 5185 2905 5239; x_wconf 90' lang='lat' dir='ltr'><strong>sive</strong></span> <span class='ocrx_word' id='word_1_912' title='bbox 2930 5183 3237 5261; x_wconf 63' lang='lat' dir='ltr'><strong>afﬁrmatio,</strong></span> <span class='ocrx_word' id='word_1_913' title='bbox 3260 5193 3314 5239; x_wconf 87' lang='lat' dir='ltr'><strong>et</strong></span> <span class='ocrx_word' id='word_1_914' title='bbox 3337 5198 3499 5239; x_wconf 86' lang='lat' dir='ltr'><strong>unam</strong></span> <span class='ocrx_word' id='word_1_915' title='bbox 3521 5198 3704 5240; x_wconf 86' lang='lat' dir='ltr'><strong>veram</strong></span> <span class='ocrx_word' id='word_1_916' title='bbox 3736 5196 3883 5236; x_wconf 82' lang='lat' dir='ltr'><strong>sem-</strong></span> 
     </span>
    </p>
   </div>
   <div class='ocr_carea' id='block_1_111' title="bbox 2294 5274 3883 5347">
    <p class='ocr_par' dir='ltr' id='par_1_111' title="bbox 2294 5274 3883 5347">
     <span class='ocr_line' id='line_1_111' title="bbox 2294 5274 3883 5347; baseline -0.002 -15"><span class='ocrx_word' id='word_1_917' title='bbox 2294 5292 2408 5347; x_wconf 89' lang='lat' dir='ltr'><strong>per,</strong></span> <span class='ocrx_word' id='word_1_918' title='bbox 2433 5277 2654 5333; x_wconf 89' lang='lat' dir='ltr'><strong>alteram</strong></span> <span class='ocrx_word' id='word_1_919' title='bbox 2687 5275 2874 5331; x_wconf 78' lang='lat' dir='ltr'><strong>falsam</strong></span> <span class='ocrx_word' id='word_1_920' title='bbox 2900 5289 3022 5332; x_wconf 87' lang='lat' dir='ltr'><strong>esse</strong></span> <span class='ocrx_word' id='word_1_921' title='bbox 3052 5290 3274 5333; x_wconf 86' lang='lat' dir='ltr'><strong>necesse</strong></span> <span class='ocrx_word' id='word_1_922' title='bbox 3301 5283 3425 5343; x_wconf 77' lang='lat' dir='ltr'><strong>est;</strong></span> <span class='ocrx_word' id='word_1_923' title='bbox 3456 5278 3503 5332; x_wconf 84' lang='lat' dir='ltr'><strong>si</strong></span> <span class='ocrx_word' id='word_1_924' title='bbox 3531 5292 3639 5333; x_wconf 83' lang='lat' dir='ltr'><strong>una</strong></span> <span class='ocrx_word' id='word_1_925' title='bbox 3667 5274 3883 5332; x_wconf 76' lang='lat' dir='ltr'><strong>deﬁnite</strong></span> 
     </span>
    </p>
   </div>
   <div class='ocr_carea' id='block_1_112' title="bbox 2293 5369 3884 5442">
    <p class='ocr_par' dir='ltr' id='par_1_112' title="bbox 2293 5369 3884 5442">
     <span class='ocr_line' id='line_1_112' title="bbox 2293 5369 3884 5442; baseline -0.003 -18"><span class='ocrx_word' id='word_1_926' title='bbox 2293 5386 2417 5426; x_wconf 90' lang='lat' dir='ltr'><strong>vera</strong></span> <span class='ocrx_word' id='word_1_927' title='bbox 2446 5380 2549 5435; x_wconf 84' lang='lat' dir='ltr'><strong>est,</strong></span> <span class='ocrx_word' id='word_1_928' title='bbox 2582 5370 2919 5440; x_wconf 89' lang='lat' dir='ltr'><strong>impossibile</strong></span> <span class='ocrx_word' id='word_1_929' title='bbox 2947 5369 3201 5438; x_wconf 85' lang='lat' dir='ltr'><strong>quiddam</strong></span> <span class='ocrx_word' id='word_1_930' title='bbox 3228 5386 3295 5427; x_wconf 74' lang='lat' dir='ltr'><strong>ex</strong></span> <span class='ocrx_word' id='word_1_931' title='bbox 3327 5370 3426 5427; x_wconf 84' lang='lat' dir='ltr'><strong>hac</strong></span> <span class='ocrx_word' id='word_1_932' title='bbox 3454 5371 3717 5442; x_wconf 86' lang='lat' dir='ltr'><strong>positione</strong></span> <span class='ocrx_word' id='word_1_933' title='bbox 3749 5385 3884 5426; x_wconf 85' lang='lat' dir='ltr'><strong>con-</strong></span> 
     </span>
    </p>
   </div>
   <div class='ocr_carea' id='block_1_113' title="bbox 2296 5465 3885 5537">
    <p class='ocr_par' dir='ltr' id='par_1_113' title="bbox 2296 5465 3885 5537">
     <span class='ocr_line' id='line_1_113' title="bbox 2296 5465 3885 5537; baseline -0.002 -19"><span class='ocrx_word' id='word_1_934' title='bbox 2296 5466 2479 5536; x_wconf 80' lang='lat' dir='ltr'><strong>tinget.</strong></span> <span class='ocrx_word' id='word_1_935' title='bbox 2528 5465 2792 5520; x_wconf 87' lang='lat' dir='ltr'><strong>Evenient</strong></span> <span class='ocrx_word' id='word_1_936' title='bbox 2836 5478 3066 5535; x_wconf 87' lang='lat' dir='ltr'><strong>namque</strong></span> <span class='ocrx_word' id='word_1_937' title='bbox 3115 5466 3332 5533; x_wconf 86' lang='lat' dir='ltr'><strong>omnia,</strong></span> <span class='ocrx_word' id='word_1_938' title='bbox 3380 5479 3711 5537; x_wconf 70' lang='lat' dir='ltr'><strong>qnteeunque</strong></span> <span class='ocrx_word' id='word_1_939' title='bbox 3759 5469 3885 5518; x_wconf 86' lang='lat' dir='ltr'><strong>sunt</strong></span> 
     </span>
    </p>
   </div>
   <div class='ocr_carea' id='block_1_114' title="bbox 2294 5559 3887 5629">
    <p class='ocr_par' dir='ltr' id='par_1_114' title="bbox 2294 5559 3887 5629">
     <span class='ocr_line' id='line_1_114' title="bbox 2294 5559 3887 5629; baseline -0.003 -12"><span class='ocrx_word' id='word_1_940' title='bbox 2294 5562 2374 5617; x_wconf 88' lang='lat' dir='ltr'><strong>vel</strong></span> <span class='ocrx_word' id='word_1_941' title='bbox 2408 5561 2539 5618; x_wconf 88' lang='lat' dir='ltr'><strong>ﬁunt</strong></span> <span class='ocrx_word' id='word_1_942' title='bbox 2565 5575 2627 5617; x_wconf 75' lang='lat' dir='ltr'><strong>ex</strong></span> <span class='ocrx_word' id='word_1_943' title='bbox 2665 5561 2985 5617; x_wconf 85' lang='lat' dir='ltr'><strong>necessitate</strong></span> <span class='ocrx_word' id='word_1_944' title='bbox 3014 5560 3149 5629; x_wconf 88' lang='lat' dir='ltr'><strong>ﬁeri,</strong></span> <span class='ocrx_word' id='word_1_945' title='bbox 3181 5568 3237 5616; x_wconf 90' lang='lat' dir='ltr'><strong>et</strong></span> <span class='ocrx_word' id='word_1_946' title='bbox 3262 5562 3392 5616; x_wconf 82' lang='lat' dir='ltr'><strong>nihil</strong></span> <span class='ocrx_word' id='word_1_947' title='bbox 3415 5577 3443 5615; x_wconf 88' lang='lat' dir='ltr'><strong>a</strong></span> <span class='ocrx_word' id='word_1_948' title='bbox 3473 5576 3622 5627; x_wconf 84' lang='lat' dir='ltr'><strong>casu,</strong></span> <span class='ocrx_word' id='word_1_949' title='bbox 3645 5559 3887 5624; x_wconf 16' lang='lat' dir='ltr'><strong>nihilque</strong></span> 
     </span>
    </p>
   </div>
   <div class='ocr_carea' id='block_1_115' title="bbox 2295 5650 3886 5729">
    <p class='ocr_par' dir='ltr' id='par_1_115' title="bbox 2295 5650 3886 5729">
     <span class='ocr_line' id='line_1_115' title="bbox 2295 5650 3886 5729; baseline -0.006 -15"><span class='ocrx_word' id='word_1_950' title='bbox 2295 5674 2415 5714; x_wconf 78' lang='lat' dir='ltr'><strong>esse</strong></span> <span class='ocrx_word' id='word_1_951' title='bbox 2455 5656 2712 5729; x_wconf 84' lang='lat' dir='ltr'><strong>possilile</strong></span> <span class='ocrx_word' id='word_1_952' title='bbox 2750 5656 2891 5727; x_wconf 88' lang='lat' dir='ltr'><strong>quod</strong></span> <span class='ocrx_word' id='word_1_953' title='bbox 2931 5657 3021 5723; x_wconf 87' lang='lat' dir='ltr'><strong>sit,</strong></span> <span class='ocrx_word' id='word_1_954' title='bbox 3049 5664 3107 5712; x_wconf 86' lang='lat' dir='ltr'><strong>et</strong></span> <span class='ocrx_word' id='word_1_955' title='bbox 3128 5672 3233 5712; x_wconf 92' lang='lat' dir='ltr'><strong>non</strong></span> <span class='ocrx_word' id='word_1_956' title='bbox 3260 5671 3383 5713; x_wconf 84' lang='lat' dir='ltr'><strong>esse</strong></span> <span class='ocrx_word' id='word_1_957' title='bbox 3422 5656 3691 5726; x_wconf 82' lang='lat' dir='ltr'><strong>possibile.</strong></span> <span class='ocrx_word' id='word_1_958' title='bbox 3738 5650 3886 5707; x_wconf 79' lang='lat' dir='ltr'><strong>Nihil</strong></span> 
     </span>
    </p>
   </div>
   <div class='ocr_carea' id='block_1_116' title="bbox 2293 5743 3888 5819">
    <p class='ocr_par' dir='ltr' id='par_1_116' title="bbox 2293 5743 3888 5819">
     <span class='ocr_line' id='line_1_116' title="bbox 2293 5743 3888 5819; baseline -0.006 -12"><span class='ocrx_word' id='word_1_959' title='bbox 2293 5753 2453 5807; x_wconf 88' lang='lat' dir='ltr'><strong>etiam</strong></span> <span class='ocrx_word' id='word_1_960' title='bbox 2490 5752 2541 5806; x_wconf 89' lang='lat' dir='ltr'><strong>in</strong></span> <span class='ocrx_word' id='word_1_961' title='bbox 2573 5750 2728 5807; x_wconf 87' lang='lat' dir='ltr'><strong>liberi</strong></span> <span class='ocrx_word' id='word_1_962' title='bbox 2757 5749 2962 5805; x_wconf 87' lang='lat' dir='ltr'><strong>arbitrii</strong></span> <span class='ocrx_word' id='word_1_963' title='bbox 2996 5749 3363 5805; x_wconf 87' lang='lat' dir='ltr'><strong>moderamine</strong></span> <span class='ocrx_word' id='word_1_964' title='bbox 3406 5748 3753 5819; x_wconf 85' lang='lat' dir='ltr'><strong>relinquetur.</strong></span> <span class='ocrx_word' id='word_1_965' title='bbox 3788 5743 3888 5799; x_wconf 79' lang='lat' dir='ltr'><strong>sed</strong></span> 
     </span>
    </p>
   </div>
   <div class='ocr_carea' id='block_1_117' title="bbox 2294 5836 3888 5913">
    <p class='ocr_par' dir='ltr' id='par_1_117' title="bbox 2294 5836 3888 5913">
     <span class='ocr_line' id='line_1_117' title="bbox 2294 5836 3888 5913; baseline -0.007 -13"><span class='ocrx_word' id='word_1_966' title='bbox 2294 5856 2461 5902; x_wconf 86' lang='lat' dir='ltr'><strong>totum</strong></span> <span class='ocrx_word' id='word_1_967' title='bbox 2489 5846 2591 5902; x_wconf 90' lang='lat' dir='ltr'><strong>erit</strong></span> <span class='ocrx_word' id='word_1_968' title='bbox 2623 5860 2687 5900; x_wconf 79' lang='lat' dir='ltr'><strong>ex</strong></span> <span class='ocrx_word' id='word_1_969' title='bbox 2717 5843 3058 5911; x_wconf 86' lang='lat' dir='ltr'><strong>necessitate,</strong></span> <span class='ocrx_word' id='word_1_970' title='bbox 3092 5843 3349 5913; x_wconf 89' lang='lat' dir='ltr'><strong>quidquid</strong></span> <span class='ocrx_word' id='word_1_971' title='bbox 3376 5846 3638 5899; x_wconf 57' lang='lat' dir='ltr'><strong>evenant.</strong></span> <span class='ocrx_word' id='word_1_972' title='bbox 3674 5837 3808 5893; x_wconf 75' lang='lat' dir='ltr'><strong>Nam</strong></span> <span class='ocrx_word' id='word_1_973' title='bbox 3846 5836 3888 5891; x_wconf 78' lang='lat' dir='ltr'><strong>sl</strong></span> 
     </span>
    </p>
   </div>
  </div>
