4030 6336
188 382 303 443 553

979 377 1047 436 tN
1080 375 1339 435 LIBRUM
1382 373 1468 431 DE
1508 358 2158 431 INTERPRETATIONE
2203 366 2431 431 EDITIO
2470 374 2703 433 PRIMA.

3377 377 3484 435 334

191 482 383 555 verum
404 504 485 553 est
512 493 729 554 deﬁnite
751 494 819 552 de
837 491 1077 565 qualibet
1097 509 1157 549 re
1178 492 1361 549 dicere
1378 491 1628 561 quoniam
1652 491 1779 556 erit,
1811 491 1866 555 Α
1889 488 1969 543 vel
2000 490 2359 561 negationem,
2393 490 2484 545 sed
2515 492 2645 547 nihil
2688 508 2745 547 sc
2776 492 2941 564 magis
2970 492 3047 548 sic
3075 491 3257 563 habet,
3281 491 3366 552 vol
3400 497 3481 553 sic

189 592 343 648 illam
368 608 480 647 rem
512 591 632 649 sine
658 583 1081 647 dubio‘futuram
1112 602 1232 644 esse
1263 602 1484 643 necesse
1513 597 1618 651 est,
1650 596 1699 640 et
1729 594 1785 639 ut.

189 700 306 739 non
335 685 427 741 ﬁat
448 697 556 739 non
580 691 755 753 potest
794 684 1031 737 evenire.
1067 681 1264 736 Verum
1310 678 1452 735 enim
1484 687 1566 733 est
1595 679 1775 733 dicere

190 780 263 841 de
292 793 354 834 ea
382 777 636 848 quoniam
661 775 834 831 futura
864 784 980 841 est,
1007 789 1105 830 nec
1129 789 1311 828 vermn
1345 774 1410 827 de
1434 788 1493 826 ea
1525 772 1778 841 quoniam

190 870 371 925 futura
404 877 489 925 est
525 876 737 938 poterat
764 866 867 922 dici
888 908 903 934 ,
928 866 1028 921 nisi
1056 881 1172 920 eam
1208 866 1320 919 fore
1350 873 1493 919 esset
1516 878 1737 918 necesse
1764 878 1777 916 :

189 979 366 1034 quare
387 964 430 1018 si
461 962 512 1017 in
538 960 684 1015 omni
708 959 1069 1014 afﬁrmatione
1098 969 1151 1014 et
1185 957 1487 1027 negatione,
1518 965 1609 1009 aut
1637 954 1781 1009 affir—

192 1040 362 1112 matio
393 1062 483 1110 aut
512 1053 723 1124 negatio
749 1052 803 1110 in
843 1051 1074 1107 futurum
1107 1049 1346 1114 deﬁnite,
1381 1063 1503 1103 vera
1532 1044 1614 1102 vel
1649 1044 1778 1101 falsa

194 1158 298 1209 est,
345 1158 567 1200 necesse
594 1154 675 1198 ρει
718 1141 803 1197 vel
838 1141 977 1211 quod
1012 1142 1077 1196 ab
1106 1140 1465 1195 afﬁrmatione
1494 1154 1619 1194 vera
1647 1136 1780 1192 deﬁ-

195 1237 327 1301 nite,
359 1237 440 1291 vel
475 1234 616 1306 quod
645 1249 674 1289 a
701 1233 986 1305 negatione
1018 1234 1212 1287 dicitur
1245 1222 1434 1286 falsum
1462 1231 1701 1286 evenire.
1730 1230 1784 1284 In

197 1329 431 1385 falsitate
480 1344 694 1400 quoque
744 1326 935 1383 similis
984 1342 1141 1381 causa
1189 1335 1292 1381 est.
1340 1320 1472 1379 Nam
1505 1324 1645 1392 quod
1681 1340 1783 1376 non

197 1440 239 1479 ei
260 1424 318 1485 it,
347 1422 540 1478 falsum
571 1431 655 1478 est
680 1421 861 1477 dicere
889 1421 1137 1490 quoniam
1168 1420 1287 1475 erit.
1321 1418 1387 1473 Et
1416 1418 1554 1488 quod
1591 1417 1780 1473 falsum

199 1526 281 1571 est
325 1515 506 1569 dicere
554 1512 807 1584 quoniam
855 1514 989 1575 erit,
1044 1527 1107 1567 ex
1154 1512 1473 1589 necessitate
1526 1526 1628 1563 non
1661 1512 1781 1565 erit.

198 1608 329 1662 Item
360 1605 501 1676 quod
529 1606 649 1670 erit,
698 1602 889 1659 falsum
914 1613 994 1658 est
1023 1603 1207 1659 dicere
1235 1604 1487 1673 quoniam
1522 1618 1627 1657 non
1657 1602 1781 1664 erit,

201 1709 253 1755 et
283 1698 423 1769 quod
458 1697 644 1752 falsum
674 1706 755 1751 est
782 1697 965 1751 dicere
993 1698 1243 1767 queniam
1269 1712 1374 1749 non
1406 1695 1508 1750 erit
1539 1688 1787 1751 necessa-

202 1793 288 1845 rio
316 1794 437 1844 erit.
465 1782 530 1845 Ut
559 1791 713 1859 igitur
740 1803 895 1843 veras
918 1787 1311 1857 propositiones
1338 1788 1672 1841 necessarius
1700 1801 1785 1840 se-

1895 595 1999 634 non
2030 580 2207 644 habet,
2236 592 2288 635 et
2317 591 2402 635 est
2434 584 2749 637 utrumlibet
2787 584 2927 653 quod
2957 582 3217 655 aequalem
3260 600 3479 643 cursum

1889 680 1943 725 et
1972 672 2036 723 ad
2064 671 2283 726 evenire
2314 673 2529 735 retinet,
2563 682 2617 727 et
2655 676 2719 731 ad
2750 691 2855 728 non
2882 676 3124 729 evenire.
3160 676 3301 732 Nihil
3332 678 3479 735 enim

1890 775 1949 816 se
1980 762 2147 831 magis
2177 762 2257 816 vel
2290 766 2366 817 sic
2414 763 2594 839 habet,
2643 767 2722 819 vel
2773 765 2850 820 sic
2897 782 3002 827 non
3058 756 3240 832 habet,
3298 771 3347 825 id
3398 782 3483 827 est

1888 850 2165 922 :equaliter
2185 872 2242 908 se
2268 854 2426 909 habet
2446 856 2510 909 ad
2540 872 2680 925 esse,
2703 867 2759 911 et
2780 859 2845 911 ad
2874 872 2978 913 non
2999 873 3141 914 esse.
3170 860 3309 916 Nihil
3335 865 3481 919 enim

1892 949 2061 1017 magis
2092 962 2211 1003 sese
2243 948 2420 1013 habet,
2459 961 2515 1003 ut
2547 946 2636 1004 liat
2662 960 2819 1019 quam
2851 961 2907 1006 ut
2937 968 3044 1007 non
3079 954 3169 1007 liat

1962 1053 2194 1122 Amplius
2223 1055 2265 1105 si
2294 1062 2364 1106 est
2394 1053 2568 1107 album
2600 1070 2753 1119 nunc,
2784 1072 2956 1109 verum
2986 1066 3095 1110 erat
3140 1058 3308 1111 dicere
3336 1062 3481 1129 prius

1891 1147 2131 1215 quoniam
2180 1147 2274 1199 erit
2325 1146 2519 1214 album,
2561 1165 2720 1218 quare
2752 1165 2948 1219 semper
2990 1166 3160 1203 verum
3186 1151 3285 1219 fuit
3317 1148 3486 1206 dicere

1891 1238 2143 1306 quodlibet
2174 1254 2346 1292 eorum
2389 1256 2502 1309 qua:
2529 1245 2667 1308 facta
2712 1250 2854 1308 sunt,
2886 1244 3133 1313 quoniam
3167 1255 3238 1299 est
3265 1247 3342 1299 vel
3367 1248 3483 1301 erit.

1969 1337 2204 1392 Validam
2230 1340 2328 1393 sibi
2355 1341 2451 1409 ipsi
2478 1340 2581 1394 vim
2606 1344 3085 1411 argumentationis
3103 1347 3346 1418 Opponit,
3375 1365 3480 1418 qua

1894 1430 2062 1501 possit
2096 1433 2380 1487 ostendero
2426 1432 2813 1489 aiﬁrniationcs
2860 1436 3280 1507 negationesque
3325 1455 3482 1498 veras

1895 1526 1972 1578 vel
2004 1524 2167 1577 falsas
2213 1516 2333 1579 esse
2379 1520 2616 1587 deﬁnite,
2665 1534 2718 1580 et
2747 1526 2821 1580 ait
2849 1528 3237 1596 providendum
3266 1545 3385 1588 esse
3414 1549 3483 1590 ne

1894 1615 2030 1669 forte
2061 1630 2284 1670 necesse
2315 1619 2383 1670 s'2t
2423 1618 2687 1686 suspicari
2734 1620 2784 1671 id
2836 1619 2976 1689 quod
3019 1620 3130 1691 jam
3166 1622 3362 1679 factum
3404 1636 3488 1684 est

1894 1720 2018 1760 vere
2048 1705 2153 1759 dici
2187 1706 2423 1775 potuisse
2453 1716 2738 1779 antequam
2779 1709 2949 1775 fieret,
2988 1726 3110 1768 esse
3145 1708 3483 1786 faciendum,

1896 1806 1951 1849 ut
1982 1797 2022 1849 si
2053 1798 2303 1852 Socrates
2337 1797 2587 1852 hesterna
2637 1811 2793 1855 nocte
2838 1801 3106 1872 emanavit,
3158 1821 3341 1860 verum
3387 1807 3484 1862 fuit

200 1885 381 1953 quitur
407 1892 627 1938 eventus
651 1890 706 1935 ut
742 1883 849 1945 ﬁat,
876 1882 1015 1951 quod
1042 1878 1255 1943 dicitur,
1287 1882 1354 1934 ita
1388 1888 1443 1935 et
1472 1870 1630 1935 falsas
1657 1896 1781 1950 pro-
1819 1866 1866 1931 Β
1898 1888 2143 1943 hesterna
2178 1890 2438 1942 matutina
2489 1890 2691 1957 dicere,
2735 1892 2988 1961 quoniam
3031 1906 3341 1950 cmnaturus
3369 1906 3481 1963 est;

198 1976 491 2044 pOsilioncs
520 1975 853 2029 necessarius
884 1973 1126 2044 sequitur
1154 1982 1409 2041 eventus,
1457 1985 1514 2027 nt
1542 1988 1646 2029 non
1673 1974 1787 2037 ﬁat.

202 2066 341 2137 quod
374 2067 571 2122 dicitur
600 2081 627 2120 a
659 2065 790 2121 falsa
815 2065 1198 2135 propositione.
1224 2065 1376 2133 Quod
1408 2068 1452 2121 si
1478 2068 1529 2121 in
1554 2064 1788 2120 futurum

204 2159 378 2211 omnis
402 2148 691 2211 afﬁrmatio
720 2155 798 2211 vel
824 2155 1036 2226 negatio
1058 2156 1279 2212 deﬁnite
1304 2172 1523 2227 semper
1542 2158 1791 2212 dividunt

204 2251 480 2306 veritatem
513 2261 565 2305 et
598 2248 905 2317 falsitatem,
937 2250 1039 2305 erit
1065 2265 1246 2306 rerum
1275 2264 1396 2321 qua:
1431 2252 1793 2322 przedicantur

200 2345 537 2400 necessarius
565 2355 810 2409 eventus,
838 2352 892 2400 et
920 2345 1097 2399 omnia
1128 2360 1194 2399 ex
1223 2345 1545 2400 necessitate
1577 2348 1790 2399 contin-

206 2436 345 2499 ιςυιιι,
383 2430 462 2489 vel
512 2450 615 2487 non
644 2436 1217 2506 contingeni.emaque
1242 2444 1295 2491 et
1317 2451 1508 2503 casus,
1531 2444 1584 2490 et
1615 2452 1649 2507 p
1686 2439 1791 2491 ssi-

207 2523 403 2588 bilitas,
455 2534 509 2579 et
558 2524 786 2580 liberum
822 2527 962 2594 perit
988 2524 1286 2582 arbitrium.
1320 2528 1674 2599 Syllogismus
1702 2538 1794 2583 aut

208 2615 511 2687 huiusmodi
542 2626 623 2670 est
648 2633 661 2669 :
691 2617 734 2671 si
765 2619 942 2674 omnis
965 2616 1251 2673 afﬁrmatio
1276 2632 1401 2672 vera
1430 2627 1513 2673 est
1541 2630 1630 2672 aut
1659 2617 1792 2672 falsa

209 2700 446 2773 deﬁnite,
482 2716 534 2763 et
572 2710 759 2764 eodem
808 2711 969 2764 modo
1000 2712 1215 2781 negatio
1246 2713 1481 2775 eveniet.
1515 2721 1573 2767 ut
1614 2713 1792 2769 omnia

209 2792 501 2852 inevitabili
551 2799 888 2853 necessitatis
938 2800 1142 2855 ratione
1190 2800 1525 2871 contingant,
1574 2803 1714 2872 quod
1748 2802 1793 2855 si

209 2889 313 2941 hoc
340 2895 423 2942 est
449 2930 463 2953 ,
497 2888 722 2943 liberum
773 2890 911 2960 perit
938 2892 1244 2947 arbitrium.
1277 2890 1381 2948 Sed
1416 2894 1514 2947 hoc
1546 2893 1813 2962 impossi;

209 2976 318 3035 bile
348 2988 459 3044 est;
491 2994 594 3034 non
625 2981 787 3051 igitur
808 2992 992 3037 verum
1026 2993 1107 3038 est
1136 2988 1351 3039 Omnem
1382 2985 1795 3041 afﬁrmationem

214 3071 301 3125 v‘el
321 3071 653 3140 negationem
670 3086 848 3127 veram
873 3078 994 3129 eSse
1014 3072 1232 3129 deﬁnite
1253 3077 1336 3130 vel
1364 3074 1574 3131 falsam.
1603 3076 1795 3131 Omnia

211 3171 396 3218 autem
418 3179 481 3218 ex
503 3164 816 3221 necessitate
840 3169 1173 3238 contingere,
1205 3170 1249 3223 si
1271 3168 1375 3223 illa:
1396 3152 1616 3224 deﬁnite
1652 3183 1796 3223 verae

1896 1982 2149 2051 quocirca
2200 1981 2419 2036 deﬁnite
2471 1997 2684 2052 quoque
2740 1999 2924 2038 verum
2982 1985 3188 2053 inisset,
3224 1988 3268 2042 si
3316 1988 3382 2043 de
3421 2004 3487 2044 eo

1897 2062 2301 2139 przrdiceretnr.
2353 2073 2543 2127 Omnia
2596 2073 2754 2143 igitur
2803 2089 2863 2130 ea
2909 2092 3029 2145 qua:
3080 2078 3213 2131 fiunt
3261 2079 3487 2136 deﬁnite

1898 2175 2139 2233 poterant
2166 2182 2288 2219 vera
2324 2167 2629 2234 praedicari.
2667 2158 2775 2222 lloc
2805 2176 2889 2223 est
2916 2170 3057 2224 enim
3090 2172 3233 2240 quod
3260 2173 3411 2240 dicit,
3438 2177 3485 2230 si

1897 2265 1978 2312 est
2008 2258 2187 2310 album
2231 2272 2391 2323 nunc,
2427 2273 2612 2313 verum
2659 2267 2775 2314 erat
2822 2260 3003 2316 dicere
3047 2264 3198 2331 prius
3231 2267 3484 2334 quoniam
3550 2260 3553 2265 ⁴

1898 2350 1999 2402 erit
2024 2350 2223 2402 album.
2253 2344 2381 2403 Nam
2408 2350 2450 2404 si
2477 2365 2582 2418 qna
2609 2366 2695 2406 res
2726 2367 2866 2407 nunc
2890 2353 3005 2407 alba
3031 2365 3134 2423 est,
3164 2372 3347 2412 verum
3371 2367 3489 2416 erat

1899 2451 2023 2495 ante
2049 2442 2227 2496 dicere
2249 2443 2503 2511 quoniam
2527 2444 2629 2497 erit
2658 2441 2801 2507 alba,
2838 2460 3006 2515 quare
3026 2447 3245 2504 deﬁnite
3271 2465 3487 2520 quoque

1898 2535 1997 2588 fuit
2025 2536 2306 2605 quodlibet
2330 2551 2514 2591 eorum
2541 2553 2661 2607 qua:
2693 2537 2829 2593 facta
2859 2551 2984 2594 sunt
3020 2557 3148 2598 vere
3171 2544 3485 2613 praedicere.

1902 2626 2011 2681 Hoc
2042 2630 2183 2681 enim
2219 2628 2293 2681 rei
2331 2627 2497 2698 ipsius
2527 2629 2704 2685 exitus
2731 2632 3123 2702 comprobavit.
3157 2635 3288 2692 Huic
3319 2653 3488 2709 Oppo-

1901 2717 2082 2773 sitioni
2120 2734 2211 2788 per
2242 2719 2428 2791 eadem
2456 2735 2639 2777 rursus
2670 2727 2925 2779 occurrit.
2951 2725 3064 2781 Non
3088 2730 3229 2783 enim
3252 2731 3341 2800 qui
3375 2734 3490 2789 hazo

1900 2812 2050 2877 dicit,
2098 2810 2223 2867 licet
2272 2813 2319 2868 ei
2372 2814 2618 2883 laqueum
2666 2817 2961 2886 superioris
3013 2824 3491 2890 argumentationis

1902 2900 2156 2974 effugere,
2187 2918 2373 2958 rursus
2403 2905 2545 2959 enim
2572 2905 2760 2961 eadem
2790 2906 2936 2962 illum
2968 2919 3160 2965 cuncta
3191 2911 3490 2971 circumve-

1902 2992 2072 3059 niunt,
2103 3003 2157 3049 et
2186 2993 2389 3050 eisdem
2424 2996 2617 3051 iterum
2646 3006 2867 3065 urgetur
2894 2998 3267 3058 incommodis.

1977 3089 2125 3156 Quod
2167 3090 2211 3144 si
2258 3105 2454 3161 semper
2480 3106 2653 3145 verum
2684 3093 2783 3160 fuit
2826 3095 2993 3149 dicere
3024 3092 3264 3166 quoniam
3310 3109 3381 3155 est
3417 3102 3492 3155 vel

1903 3185 2019 3252 erit,
2046 3199 2146 3237 non
2190 3191 2352 3253 potest
2405 3182 2500 3237 hoc
2550 3200 2650 3238 non
2696 3202 2801 3240 esse
2848 3188 2923 3241 vel
2952 3204 3053 3243 non
3085 3193 3316 3258 futurum
3367 3208 3491 3248 esse.

212 3257 299 3313 vel
330 3254 475 3313 falsa:
504 3264 657 3328 sunt,
692 3258 813 3315 talis
859 3259 1207 3333 syllogismus
1233 3263 1505 3317 ostendit:
1541 3264 1716 3318 omnis
1744 3263 1799 3320 in
1828 3256 1874 3321 C
1910 3275 2060 3343 Quod
2085 3286 2253 3331 autem
2300 3293 2403 3330 non
2443 3286 2605 3347 potest
2648 3294 2748 3331 non
2774 3278 2917 3347 ﬁeri.
2961 3254 3269 3352 impossibile
3293 3293 3363 3338 est
3390 3298 3494 3340 non
3516 3286 3531 3295 '

213 3347 452 3404 futurum
482 3348 698 3406 deﬁnita
729 3353 929 3407 veritas
963 3355 1044 3409 vel
1077 3354 1284 3409 falsitas
1315 3363 1563 3410 eventum
1610 3356 1686 3411 rei
1714 3356 1797 3411 vel

213 3436 448 3497 futurum
500 3443 582 3498 vel
630 3458 734 3499 non
777 3438 1010 3500 futurum
1054 3460 1116 3501 ex
1152 3447 1473 3503 necessitate
1499 3449 1798 3515 constituit,

214 3528 310 3589 Sed
339 3546 524 3590 omnes
568 3537 963 3606 propositiones
1018 3534 1207 3593 l’uturte
1256 3539 1477 3593 deﬁnite
1526 3553 1667 3594 verat
1718 3540 1801 3595 vel

214 3618 361 3678 falsa
386 3632 528 3679 sunt.
566 3625 620 3679 ln
645 3624 894 3681 omnibus
920 3622 1079 3697 igitur
1102 3629 1411 3697 eveniendi,
1442 3628 1525 3685 vel
1551 3646 1653 3687 non
1678 3647 1801 3686 eve-

215 3713 395 3769 niendi
428 3720 720 3773 necessitas
750 3716 876 3787 erit,
901 3730 997 3788 pro
1021 3732 1121 3791 qua
1144 3714 1495 3779 conclusione
1525 3720 1653 3777 illud
1682 3722 1803 3777 Ari-

214 3808 438 3862 stoteles
463 3807 657 3876 intulit,
692 3808 831 3880 quod
862 3804 935 3867 ait
967 3829 979 3866 :

294 3897 439 3951 Nihil
466 3900 622 3972 igitur
648 3912 806 3971 neque
830 3906 924 3969 est,
960 3918 1118 3973 neque
1146 3904 1225 3975 ﬁt,
1276 3910 1367 3961 nec
1411 3923 1442 3960 α
1497 3924 1620 3963 casu
1644 3952 1659 3977 ,
1709 3918 1801 3963 nec

217 3991 528 4056 u'rnmliliet,
572 4002 663 4048 nec
706 3994 820 4061 erit,
879 4006 968 4050 nec
1008 4008 1111 4051 non
1138 3998 1259 4064 erit,
1306 3998 1394 4053 sed
1421 4015 1483 4055 ea:
1508 4002 1803 4056 necessitate

218 4085 388 4137 omnia
426 4095 473 4138 et
505 4092 605 4139 nan
634 4089 948 4155 utrumlibet,
978 4090 1067 4144 aut
1096 4090 1227 4144 enim
1257 4091 1346 4158 qui
1372 4091 1514 4157 dicit;
1540 4100 1682 4147 verus
1703 4102 1805 4161 est;

221 4184 310 4228 aut
338 4176 426 4243 qui
452 4186 620 4246 negat.

291 4268 463 4322 Casus
488 4282 714 4339 namque
741 4310 756 4336 ,
789 4281 844 4327 et
884 4272 935 4326 id
963 4272 1106 4342 quod
1136 4282 1219 4329 est
1243 4274 1556 4329 utrumlibet
1584 4274 1800 4329 exstin-

216 4361 413 4431 guitur,
444 4363 610 4417 libera
632 4365 794 4419 etiam
816 4366 1061 4420 voluntas
1081 4364 1352 4433 adimitur,
1382 4368 1426 4421 si
1450 4366 1630 4423 omnia
1653 4382 1802 4439 quae-

219 4466 425 4523 cunque
452 4455 610 4521 ﬁent;
654 4470 719 4511 ex
746 4457 1069 4513 necessitate
1112 4458 1287 4514 futura
1322 4468 1484 4525 sunt;
1518 4468 1573 4517 et
1614 4462 1805 4530 probat

219 4546 551 4614 superiorem
596 4551 994 4605 conclusionem
1019 4591 1033 4616 ,
1064 4564 1185 4622 quae
1226 4552 1356 4608 dicit
1401 4555 1580 4609 omnia
1611 4568 1675 4610 ex
1709 4569 1806 4611 ne-

1905 3368 2050 3435 fieri;
2073 3377 2121 3422 et
2141 3369 2277 3438 quod
2305 3368 2619 3437 impossibile
2643 3380 2716 3423 est
2743 3387 2843 3424 non
2870 3371 3003 3439 ﬁeri,
3033 3391 3233 3429 necesse
3255 3386 3328 3429 est
3355 3375 3493 3445 ﬁeri.

1909 3457 2096 3513 Omnia
2124 3476 2240 3531 ergo
2268 3475 2382 3532 qute
2411 3460 2587 3529 futura
2636 3473 2773 3527 sunt,
2808 3480 3009 3519 necesse
3061 3477 3133 3519 est
3183 3466 3316 3535 ﬁeri,
3365 3468 3496 3523 nihil

1905 3548 2408 3626 igitur‘utmmlibet,
2442 3571 2603 3625 neque
2650 3571 2772 3608 casu
2820 3556 2960 3623 erit;
3004 3574 3121 3611 nam
3145 3559 3188 3610 si
3214 3574 3356 3626 casu,
3393 3564 3496 3614 ηὸη

1907 3663 1967 3700 ex
1997 3646 2317 3699 necessitate.

1978 3732 2105 3793 mra
2144 3739 2352 3793 ratione
2382 3741 2713 3809 superiorem
2746 3738 3270 3813 argumentationem
3309 3745 3497 3803 dicen-

1911 3833 1976 3888 tis
2007 3834 2071 3887 ad
2121 3834 2259 3888 idem
2290 3833 2502 3889 reduxit
2542 3832 2938 3893 incommodum
2968 3839 3154 3897 dicens
3180 3861 3192 3895 :
3222 3842 3276 3898 Si
3309 3843 3497 3899 verum

1908 3937 1988 3981 est
2020 3930 2200 3982 omnia
2228 3943 2569 4000 quaecunque
2613 3928 2748 3985 facta
2796 3941 2943 4001 sunt,
2989 3933 3210 3991 deﬁnite
3240 3949 3364 3992 Vere
3404 3941 3499 4008 [io-

1908 4018 2076 4071 tuisse
2101 4017 2316 4088 praedici
2338 4062 2350 4085 ,
2381 4021 2634 4089 quoniam
2666 4025 2949 4078 veritatem
2999 4028 3378 4097 prepositionis
3420 4031 3505 4085 rei

1908 4111 2202 4166 necessitas
2242 4110 2501 4182 sequitur,
2550 4114 2692 4183 quod
2737 4131 2861 4171 vere
2900 4110 3119 4174 deﬁnite
3149 4120 3498 4188 prtcdicatum

1908 4208 2024 4259 erat
2075 4218 2179 4257 non
2226 4203 2448 4259 evenire
2496 4221 2599 4260 non
2649 4217 2884 4276 poterat;
2916 4210 3009 4264 sed
3058 4213 3100 4265 si
3146 4227 3251 4266 non
3282 4213 3501 4269 evenire

1907 4311 2014 4350 non
2044 4305 2272 4363 poterat,
2304 4306 2355 4349 ut
2390 4314 2494 4352 non
2524 4300 2764 4355 eveniret
2797 4312 2917 4375 erat
2957 4304 3306 4373 impossibile.
3346 4298 3502 4375 Quod

1909 4398 2086 4443 autem
2118 4404 2224 4443 non
2258 4391 2372 4444 ﬁeri
2434 4390 2760 4461 impossibile
2805 4407 2905 4461 esu,
2957 4386 3069 4449 ﬁeri
3121 4412 3344 4454 necesse
3397 4410 3502 4455 est.

1912 4479 2146 4538 Eventus
2171 4482 2332 4552 igitur
2352 4480 2473 4553 ejus
2503 4500 2568 4539 ex
2604 4485 2928 4540 necessitate
2957 4490 3323 4557 COllSt'QUillIl'.
3362 4481 3504 4549 Nihil

1852 4618 1884 4646 Α
1913 4590 2041 4644 ergo
2070 4573 2405 4640 utrumlibet,
2443 4592 2617 4646 neque
2655 4593 2683 4629 a
2730 4592 2858 4632 casu
2904 4579 3024 4634 erit.
3061 4581 3192 4637 Nam
3243 4585 3343 4637 sia
3377 4586 3507 4641 casti

220 4639 468 4693 cessitate
495 4641 831 4711 contingere,
866 4655 961 4714 per
991 4646 1089 4699 hoc
1119 4647 1260 4716 quod
1291 4649 1397 4702 ait:
1429 4657 1521 4704 aut
1548 4650 1689 4704 enim
1717 4654 1794 4721 qu1

1915 4679 2035 4722 esse
2069 4667 2281 4736 poterit.
2316 4683 2419 4720 non
2446 4683 2509 4721 ex
2542 4682 2674 4724 nece
2706 4669 2861 4725 sitate
2882 4669 3117 4728 futurum
3149 4686 3255 4741 est;
3288 4676 3429 4745 quod
3460 4679 3505 4731 si

218 4732 348 4787 dicit
385 4742 542 4789 verus
581 4744 684 4803 est,
708 4746 799 4789 aut
829 4739 916 4807 qui
945 4746 1125 4809 negat;
1165 4742 1208 4795 si
1241 4757 1368 4812 ergo
1399 4747 1594 4809 veritas
1625 4759 1805 4811 rerum

218 4828 521 4880 necessitati
549 4831 878 4883 centertittir
898 4870 911 4894 ,
944 4836 1035 4886 aut
1063 4833 1164 4903 qui’
1184 4844 1340 4906 negat
1378 4850 1536 4891 verus
1568 4848 1647 4891 est
1667 4880 1680 4903 ,
1715 4846 1809 4894 aut

217 4919 302 4986 qui
335 4917 565 4971 afﬁrmat
597 4920 777 4971 omnia
810 4920 924 4976 ﬁeri
973 4936 1036 4977 ex
1090 4926 1412 4982 noeessitate
1447 4940 1669 4984 necesse
1698 4936 1802 4985 est.

216 5006 349 5062 Nam
374 5009 418 5062 si
448 5020 550 5062 non
576 5018 734 5064 erunt
760 5022 826 5065 ex
859 5015 1201 5081 necessitate,
1233 5031 1337 5071 non
1363 5026 1519 5073 erunt
1542 5034 1684 5074 vene
1710 5022 1807 5076 de-

215 5101 383 5163 ﬁnite,
415 5102 465 5156 id
491 5102 632 5170 quod
665 5105 780 5171 ipse
809 5104 1091 5175 subjunxit
1124 5124 1136 5161 :

289 5195 539 5250 Similiter
565 5200 720 5263 enim,
750 5200 825 5253 vel
868 5200 1030 5268 ﬁeret,
1067 5203 1141 5256 rel
1172 5218 1272 5257 non
1300 5203 1461 5272 ﬁeret,
1510 5206 1806 5262 utrumlibet

212 5288 345 5340 enim
369 5289 500 5342 nihil
522 5292 682 5361 magis
708 5293 782 5345 Dic
810 5294 889 5346 vel
913 5302 1014 5347 non
1054 5295 1127 5348 sic
1168 5304 1221 5350 se
1265 5297 1431 5365 habet,
1470 5302 1559 5352 aut
1584 5299 1807 5357 habebit.

288 5381 520 5448 Exponit
566 5384 707 5437 enim
754 5394 872 5455 qua:
918 5387 986 5441 sit
1026 5389 1388 5459 contingentis
1421 5402 1607 5447 natura
1635 5437 1649 5460 ,
1682 5408 1804 5450 cum

212 5471 339 5540 quid
367 5473 438 5526 sit
470 5477 783 5532 utrumlibet
812 5480 1074 5547 exponit,
1120 5476 1437 5539 utrumlibet
1465 5495 1545 5539 est
1575 5487 1623 5539 id
1656 5487 1809 5556 cujus

213 5562 537 5620 indiscretus
566 5577 791 5623 eventus
823 5578 936 5635 est,
972 5572 1021 5625 id
1047 5579 1162 5637 est,
1206 5575 1347 5643 quod
1381 5577 1655 5645 mqualiter
1684 5592 1807 5636 esse

212 5655 295 5710 vel
328 5672 434 5710 non
471 5672 592 5713 esse
621 5661 899 5733 contingit.
935 5663 1048 5720 Hoc
1074 5673 1155 5719 est
1184 5666 1327 5720 enim
1357 5668 1500 5735 quod
1533 5670 1624 5737 ait,
1659 5671 1807 5726 simi-

210 5747 336 5803 liter
357 5751 500 5804 enim
541 5753 691 5807 fieret
719 5758 800 5808 vel
830 5770 933 5809 non
962 5756 1131 5811 ﬁeret.
1160 5758 1343 5828 Neque
1375 5761 1514 5815 enim
1548 5763 1805 5820 directam

211 5842 355 5894 viam
386 5847 853 5915 necessariamque
885 5848 1044 5904 habet
1072 5862 1229 5905 tinam
1268 5853 1349 5907 vel
1383 5854 1802 5913 afﬁrmationem

1918 4772 2021 4811 non
2049 4766 2133 4813 est
2155 4771 2217 4813 et
2254 4760 2575 4814 necessizale
2610 4752 2867 4829 futurum,
2900 4780 3005 4819 non
3058 4781 3138 4821 est
3173 4764 3506 4838 impossibile

1918 4864 2021 4903 non
2055 4848 2193 4914 ﬁeri;
2223 4850 2265 4903 si
2300 4865 2405 4904 non
2434 4860 2515 4906 est
2540 4853 2868 4924 impossibile
2898 4876 3002 4913 non
3024 4858 3161 4927 ﬁeri,
3196 4873 3375 4931 po:est
3399 4880 3506 4919 non

1918 4941 2031 4997 ﬁeri
2063 4960 2075 5007 ;
2105 4943 2149 4999 si
2196 4948 2371 5013 potest
2408 4960 2512 5000 non
2558 4947 2694 5013 ﬁeri,
2734 4965 2840 5005 non
2896 4964 3075 5022 potest
3123 4956 3343 5012 deﬁnite
3382 4954 3508 5017 vero

1917 5034 2156 5104 prmdici.
2191 5034 2342 5103 Quod
2376 5038 2515 5093 enim
2551 5057 2675 5097 vere
2700 5040 2922 5100 deﬁnite
2946 5048 3271 5116 prwdicitnr,
3302 5068 3371 5104 ex
3407 5068 3505 5104 no:-

1914 5129 2166 5184 cessitate
2221 5129 2457 5186 futurum
2510 5143 2611 5199 est,
2666 5135 2807 5205 quod
2858 5150 3035 5194 autem
3079 5156 3108 5195 ει
3146 5157 3270 5196 casu
3300 5153 3398 5209 cst,
3426 5158 3493 5200 ex

1916 5219 2235 5275 necessitate
2273 5238 2379 5277 non
2412 5225 2611 5279 evenit.

1986 5312 2050 5365 Αι
2077 5328 2190 5367 vero
2212 5324 2301 5367 nec
2322 5318 2564 5387 quoniam
2583 5330 2819 5373 neutrum
2840 5338 3010 5375 verum
3031 5334 3124 5388 est,
3151 5328 3399 5395 coniugit
3422 5344 3508 5381 at-

1916 5418 2026 5457 cere
2073 5413 2127 5457 ut
2155 5406 2398 5474 quoniam
2429 5424 2590 5479 neque
2626 5412 2744 5477 erit,
2769 5431 2926 5485 neque
2966 5432 3067 5467 non
3106 5418 3238 5476 erit;
3283 5420 3507 5484 primum

1916 5496 2046 5550 enim
2063 5512 2177 5551 cum
2210 5500 2273 5553 sil
2304 5500 2575 5571 aﬁirmntio
2596 5504 2749 5573 falsa,
2780 5507 2873 5559 erit
2904 5511 3106 5576 negotio
3136 5526 3236 5563 non
3280 5528 3415 5575 rem,
3441 5525 3493 5579 et

1915 5605 2029 5643 cum
2074 5592 2180 5646 ha’c
2221 5594 2284 5646 sit
2320 5597 2474 5666 falso,
2505 5600 2749 5668 contingit
2798 5601 3191 5668 o/Iinnationem
3242 5621 3348 5658 esse
3395 5625 3503 5665 non

1915 5698 2102 5737 veram.

1984 5774 2548 5841 Qualuordillerentiis
2567 5782 2987 5849 contingentium
3009 5782 3309 5842 futurorum
3335 5791 3511 5851 diver-

1914 5862 2044 5919 sitas
2062 5876 2289 5921 constat.
2322 5869 2428 5923 Aut
2459 5872 2600 5924 enini
2627 5871 2674 5925 id
2709 5872 2848 5937 quod
2878 5872 3177 5930 afﬁrmatur
3205 5891 3255 5935 et
3286 5895 3511 5951 negatur
