4030 6336
503 313 607 371 335

1738 299 1845 358 AN.
1889 282 2115 357 MANL.‘
2147 296 2301 356 SEV.
2348 301 2572 362 BOETll

3727 295 3827 347 336

502 435 560 494 In
573 435 1131 498 futurum,utrumque
1157 423 1867 490 eritverumaututrumque
1882 417 2098 482 falsum;
2134 417 2191 480 Α
2216 417 2358 472 dicat
2390 422 2442 476 iu
2477 422 2730 491 pra‘senti
2759 430 3022 491 tempore,
3048 419 3151 475 hoc
3179 414 3381 472 animal
3423 409 3709 486 quodlibet
3754 413 3827 465 at-

504 539 602 585 aut
623 543 785 582 unum
808 538 1010 586 verum,
1060 518 1248 573 falsum
1275 517 1500 571 alterum
1526 512 1749 567 deﬁnite
1777 529 1791 576 ;
1823 521 1913 565 aut
1940 526 2105 566 unum

504 635 717 688 verum,
760 617 1183 673 falsumalterum
1214 610 1507 665 indeﬁnite.
1537 609 1651 663 Non
1676 609 1815 662 enim
1834 621 1953 661 esse
1984 607 2107 676 qui-

505 716 633 771 dem
652 708 1132 769 etafﬁrmationem
1150 712 1202 758 et
1216 702 1556 773 negationem
1574 716 1756 756 veram
1773 700 1827 754 in
1853 699 1939 753 his
1964 713 2103 768 pro-

506 803 1020 879 positionibus,qu:n
1048 797 1113 852 de
1138 797 1300 851 rebus
1328 794 1760 859 contingentibus
1783 794 1833 847 iu
1868 792 2105 847 futurum

507 904 901 971 prooonuntur,
922 906 1015 961 per
1034 891 1137 945 hoc
1160 886 1551 944 demonstravit
1572 887 1816 955 superius
1832 884 1974 954 quod
1988 886 2066 938 ait
2092 902 2105 937 :

507 987 850 1049 Manifestum
863 994 944 1040 est
962 983 1212 1054 quoniam
1233 994 1454 1035 necesse
1474 986 1557 1033 est
1580 992 1763 1032 verum
1788 977 1990 1041 dicere,
2026 976 2110 1029 al-

508 1090 685 1138 terum
717 1075 1034 1148 ipsorum,si
1065 1072 1242 1127 omnis
1268 1070 1556 1125 afﬁrmatio
1585 1084 1707 1123 vera
1731 1070 1813 1123 vel
1847 1068 1977 1125 falsa
2002 1076 2111 1122 est.

507 1173 749 1241 Utraque
767 1170 911 1225 enim
929 1182 1034 1221 non
1055 1174 1214 1221 erunt
1237 1163 1395 1219 simul
1425 1165 1477 1216 in
1509 1162 1722 1216 talibus.
1749 1161 1931 1232 Neque
1959 1162 2107 1215 enim

509 1264 628 1321 ﬁeri
646 1270 818 1331 potest
835 1270 891 1315 ut
915 1259 969 1315 in
986 1256 1402 1313 contradictoria
1428 1253 1855 1325 propositionum
1888 1252 2106 1323 opposi-

510 1353 680 1420 tione,
715 1361 965 1421 utrasque
987 1364 1145 1405 veras
1165 1348 1446 1419 quisquam
1472 1346 1647 1400 valeat
1670 1346 1931 1400 invenire.
1959 1341 2112 1399 Nunc

510 1455 696 1503 autem
721 1449 1051 1499 monstratur
1067 1441 1320 1511 quoniam
1344 1454 1412 1495 ne
1425 1438 1529 1493 hoc
1554 1437 1775 1510 quidem
1801 1437 1913 1493 ﬁeri
1937 1446 2113 1507 potest
2134 1514 2143 1522 ι

509 1534 946 1608 ututraaquefsint
965 1533 1138 1600 falsis,
1155 1532 1386 1588 aitenim
1406 1549 1419 1585 :
1441 1534 1676 1595 Atvero,
1692 1531 1876 1586 ﬂCthOC
1894 1529 2110 1600 quidem

510 1632 674 1689 nobis
704 1629 966 1700 contingit
994 1627 1176 1683 dicere
1202 1624 1456 1697 quoniam
1504 1633 1750 1680 neutrum
1789 1638 1975 1678 verum
2005 1631 2108 1691 est,

512 1723 570 1780 id
600 1731 683 1778 est
711 1736 811 1777 nec
836 1718 1147 1786 afﬁrmatio,
1171 1732 1271 1773 nec
1304 1716 1540 1788 negatio;
1572 1715 1913 1785 contingeret
1932 1723 2111 1770 autem

2220 512 2346 568 buttt
2378 526 2479 581 est,
2500 518 2582 571 vel
2614 517 2788 585 magni
2815 514 3079 585 corporis,
3106 521 3160 566 et
3185 511 3289 565 hoc
3316 525 3444 564 vere
3479 506 3825 575 pronuntiet,

2221 608 2400 662 album
2433 616 2485 663 et
2506 625 2755 679 magnum
2784 607 2916 662 illud
2941 604 3139 660 animal
3181 619 3301 658 esse
3351 615 3579 656 necesse
3612 610 3718 651 est.
3752 598 3825 651 Ita

2221 701 2385 756 etiam
2418 702 2467 755 iu
2502 700 2679 755 futuro
2704 703 2746 754 si
2769 701 2891 770 quis
2921 714 3049 754 vere
3096 696 3241 751 dicat
3274 696 3534 765 quoniam
3570 694 3683 746 hoc
3714 692 3829 744 ani-

2219 794 2471 849 malcras
2514 794 2693 848 album
2738 794 2848 859 ﬁet,
2891 802 2947 846 et
2989 774 3234 860 corporis
3279 788 3561 851 vastioris,
3600 800 3829 840 necesse

2220 897 2305 942 est
2330 902 2451 941 cras
2476 897 2702 956 utraque
2735 887 3076 956 contingere,
3107 892 3166 937 ut
3202 892 3254 937 et
3285 881 3463 935 album
3508 880 3604 932 ﬁat
3634 890 3691 933 et
3712 893 3830 932 cor-

2221 979 2368 1051 poris
2399 980 2670 1034 vastioris.
2729 977 2823 1033 Sin
2853 992 2982 1031 vero
3039 976 3175 1030 falso
3215 973 3418 1043 aliquid
3469 971 3826 1040 pr:edicatur,

2220 1087 2447 1128 necesse
2462 1084 2541 1128 est
2574 1087 2680 1127 non
2706 1086 2826 1127 esse
2845 1070 2988 1141 quod
3003 1069 3220 1134 dicitur,
3246 1068 3293 1123 si
3322 1067 3392 1121 sit
3421 1065 3757 1118 afﬁrmatio:
3780 1076 3831 1117 ut

2219 1167 2268 1223 si
2298 1168 2417 1237 quis
2439 1165 2672 1222 afﬁrmet
2703 1165 2835 1220 falso
2860 1165 3096 1218 futurum
3120 1161 3305 1216 navale
3334 1160 3566 1225 bellum,
3604 1173 3833 1213 necesse

2220 1268 2305 1315 est
2331 1276 2435 1313 non
2466 1259 2581 1314 ﬁeri
2611 1257 2754 1330 quod
2777 1272 2808 1312 a
2831 1256 2965 1312 falsa
2994 1255 3352 1310 afﬁrmatione
3381 1253 3735 1322 prmdicitur.
3766 1252 3829 1305 At

2221 1351 2270 1407 si
2292 1353 2362 1407 sit
2391 1352 2520 1408 falsa
2549 1352 2788 1423 negatio,
2816 1364 3041 1405 necesse
3071 1359 3151 1405 est
3186 1347 3300 1403 ﬁeri
3328 1347 3467 1417 quod
3496 1348 3636 1399 falsa
3675 1361 3831 1414 nega-

2220 1447 2299 1501 tio
2321 1445 2554 1503 futurum
2582 1462 2687 1501 non
2716 1456 2837 1502 ease
2865 1443 3143 1516 praadixit;
3168 1443 3248 1498 sin
3280 1457 3407 1497 vero
3430 1430 3677 1511 utraque
3707 1443 3829 1495 falsa

2221 1549 2369 1608 sunt,
2404 1553 2508 1593 non
2539 1539 2646 1593 erit
2675 1553 2742 1594 ex
2768 1538 3095 1592 necessitate
3135 1535 3275 1604 quod
3308 1534 3529 1598 dicitur,
3567 1535 3705 1602 quia
3739 1533 3831 1588 de-

2222 1628 2373 1687 ﬁnite
2402 1629 2693 1685 afﬁrmatio
2724 1629 2853 1684 falsa
2879 1639 2981 1694 est,
3006 1643 3105 1683 nec
3124 1644 3232 1699 non
3259 1627 3357 1681 erit
3397 1641 3463 1680 ex
3495 1627 3832 1681 necessitate

2222 1723 2363 1794 quod
2398 1723 2616 1791 dicitur,
2647 1723 2772 1794 quia
2800 1721 3024 1778 deﬁnite
3055 1732 3138 1775 cst
3164 1720 3294 1774 falsa
3324 1720 3570 1788 negatio.
3591 1717 3760 1772 Unde
3782 1720 3832 1771 ﬁt

512 1824 743 1885 utraque
770 1826 894 1867 esse
937 1810 1129 1866 falsam
1160 1808 1579 1864 alﬁrmationem
1623 1808 1836 1863 scilicet
1869 1819 1925 1863 et
1949 1821 2116 1878 nega-

2228 1826 2283 1872 ut
2310 1817 2625 1872 utrumlibet
2653 1816 2795 1886 quod
2826 1824 2912 1870 est
2958 1815 3008 1868 in
3043 1813 3205 1868 rebus
3251 1812 3472 1867 omnino
3502 1811 3829 1879 perimatur,

514 1908 745 1969 tionem,
765 1905 809 1959 si
837 1917 934 1957 uec
958 1901 1100 1973 quod
1122 1901 1328 1957 diceret
1355 1899 1663 1966 afﬁrmatio,
1690 1900 1920 1955 futurum
1939 1910 2112 1967 esset,

515 2014 623 2056 nec
648 1998 788 2069 quod
820 2012 925 2052 non
956 2010 1075 2051 esse
1130 1993 1344 2066 negatio
1397 1994 1643 2061 diceret,
1696 2009 1803 2048 non
1832 2004 1996 2049 esset.
2038 1991 2117 2048 lta

519 2094 664 2148 enim
693 2090 860 2153 ﬁeret,
896 2097 951 2143 ut
988 2102 1087 2142 nec
1124 2095 1289 2152 esset,
1321 2086 1464 2157 quod
1500 2085 1789 2141 afﬁrmatio
1827 2099 1948 2142 esse
1975 2101 2118 2157 pra:-

518 2184 738 2248 dicavit,
771 2196 869 2236 nec
900 2195 1007 2235 non
1028 2186 1192 2248 esset,
1217 2178 1357 2249 quod
1389 2180 1602 2248 negatio
1633 2192 1740 2232 non
1768 2191 1888 2233 esse
1920 2192 2119 2249 propo.

519 2281 651 2336 suit.
680 2278 735 2334 Si
763 2277 883 2347 quis
918 2289 1047 2345 ergo
1080 2273 1183 2328 hoc
1213 2272 1285 2327 ita
1325 2271 1490 2337 dicat,
1533 2272 1788 2341 primum,
1822 2272 2016 2341 inquit,
2045 2271 2116 2326 il-

517 2371 611 2427 lud
635 2368 1019 2425 inconveniens
1045 2374 1205 2433 atque
1234 2364 1569 2435 impossibile
1596 2372 1699 2430 est,
1732 2363 1873 2434 quod
1908 2364 1959 2417 in
1987 2377 2118 2417 con-

519 2462 833 2522 tradictoria
854 2462 1246 2530 propositione,
1277 2472 1398 2512 cum
1429 2455 1717 2511 afﬁrmatio
1740 2455 1870 2510 falsa
1910 2456 1980 2509 sit
2010 2471 2117 2511 non

524 2566 611 2613 est
652 2571 776 2610 vera
833 2554 1068 2624 negatio,
1101 2561 1154 2606 et
1179 2567 1367 2607 rursus
1397 2565 1520 2605 cum
1573 2551 1788 2620 negatio
1842 2548 1974 2603 falsa
2022 2550 2109 2615 sit,

521 2651 657 2705 falsa
688 2664 902 2719 quoque
928 2645 1219 2701 afﬁrmatio
1242 2646 1328 2700 sit.
1365 2646 1476 2701 Hoc
1492 2645 1634 2699 enim
1658 2645 1712 2699 in
1740 2644 1869 2698 solis
1894 2653 2116 2700 contra-

520 2740 619 2799 riis
640 2740 1007 2810 contingebat,
1039 2754 1145 2794 non
1174 2739 1337 2794 etiam
1364 2737 1415 2792 in
1444 2737 1862 2792 contradictoria
1894 2737 2117 2807 Opposi-

520 2834 688 2889 tione.
723 2832 777 2887 In
812 2832 909 2886 hac
934 2831 1076 2887 enim
1104 2847 1268 2886 unam
1300 2845 1515 2901 semper
1537 2845 1719 2886 veram
1746 2844 1868 2885 esse
1895 2843 2117 2886 necesse

523 2941 625 2991 εει,
660 2944 872 2999 semper
901 2928 1126 2982 alteram
1155 2925 1368 2980 falsam.

590 3030 671 3084 Ad
698 3029 806 3083 hwc
836 3030 879 3081 si
913 3043 1085 3081 verum
1117 3036 1187 3080 est
1233 3026 1404 3080 dicere
1456 3028 1701 3097 quoniam
1750 3026 1926 3079 album
1961 3032 2039 3079 est
2071 3031 2120 3077 et

521 3138 785 3193 magnum,
823 3129 1021 3188 oportet
1067 3135 1173 3173 esse
1231 3127 1521 3189 utrumque.
1572 3117 1634 3171 Si
1690 3132 1809 3170 vero
1848 3116 1946 3170 erit
1977 3130 2115 3180 cras,

2225 1919 2453 1980 utraque
2477 1911 2622 1965 enim
2656 1908 2965 1964 necessario
2996 1914 3121 1960 sunt
3151 1914 3206 1960 et
3235 1920 3301 1958 ex
3335 1906 3679 1958 necessitate
3708 1918 3830 1956 con-

2223 2003 2455 2074 tingunt,
2485 2013 2540 2057 et
2577 2013 2661 2057 est
2684 2002 2981 2058 necessitas
3036 1999 3122 2053 illa
3184 1997 3562 2069 impossibilis.
3621 1996 3761 2050 Nam
3790 1997 3831 2049 si

2224 2096 2346 2164 quis
2375 2094 2520 2149 dicat
2548 2108 2669 2149 eras
2712 2094 2948 2147 futurum
2998 2091 3191 2146 navale
3210 2089 3712 2158 bellum,aliusque
3741 2103 3832 2144 ne-

2223 2194 2332 2257 get,
2360 2194 2413 2241 et
2444 2186 2753 2255 pronuntiet
2778 2200 2882 2239 non
2916 2186 3174 2249 futurum,
3195 2183 3241 2238 si
3269 2193 3496 2248 utraque
3529 2182 3647 2236 sint
3682 2180 3830 2249 falsa,

2226 2294 2455 2334 necesse
2498 2279 2720 2349 quidem
2771 2282 2875 2333 erit
2924 2293 3030 2333 non
3061 2292 3183 2332 esse
3210 2291 3331 2332 cras
3375 2274 3571 2330 navale
3604 2275 3830 2339 bellum,

2225 2374 2478 2442 quoniam
2514 2372 2827 2442 afﬁrmatio,
2861 2388 2981 2443 qua:
3027 2370 3159 2426 illttd
3209 2370 3337 2425 dicit
3381 2370 3653 2435 futurum,
3710 2371 3833 2424 fa'sa

2225 2472 2329 2517 est.
2354 2462 2562 2517 Rursus
2586 2479 2811 2519 necesse
2831 2472 2916 2518 est
2937 2477 3056 2518 esse
3077 2478 3197 2517 cras
3226 2448 3413 2516 navale
3440 2461 3682 2523 bellum,
3710 2476 3833 2531 quo-

2226 2556 2369 2611 niam
2402 2559 2614 2626 negatio
2639 2566 2757 2627 quze
2782 2556 2911 2611 dicit
2939 2571 3059 2611 cras
3094 2572 3200 2611 non
3235 2554 3512 2615 futurum.
3553 2556 3677 2624 ipsa
3707 2571 3835 2624 quo-

2227 2664 2333 2719 que
2363 2642 2859 2715 ntentitueruare
2882 2642 3107 2704 necesse
3137 2650 3242 2703 erit
3270 2657 3326 2703 et
3355 2663 3476 2703 esse
3498 2649 3710 2703 navale
3733 2649 3836 2702 bel-

2228 2742 2364 2807 lutn,
2394 2752 2447 2796 et
2504 2757 2606 2795 non
2635 2757 2779 2806 esse,
2812 2741 2955 2812 quod
2998 2750 3082 2797 est
3138 2741 3499 2811 impossibile,
3558 2750 3614 2794 et
3644 2750 3835 2808 pr-rter

2227 2848 2570 2888 communem
2589 2833 2929 2901 cegitationis
2945 2844 3215 2887 naturam.
3230 2832 3345 2887 Non
3360 2842 3443 2887 est
3459 2832 3628 2902 igitur
3650 2847 3835 2887 verum

2227 2941 2483 3000 utrasque
2504 2940 2553 2984 et
2586 2930 2766 3000 simul,
2809 2930 2862 2985 id
2889 2940 2971 2985 est
3013 2929 3427 2985 allirmationem
3456 2929 3836 3000 negationem-

2227 3038 2332 3092 que
2363 3023 2596 3078 mentiri.
2627 3023 2757 3091 Qua:
2785 3038 2935 3093 ergo,
2962 3024 3155 3094 inquit,
3201 3024 3520 3090 contingunt
3579 3023 3837 3077 inconve-

2230 3114 2451 3176 nientia,
2486 3114 2599 3169 Itmc
2627 3125 2772 3181 sunt,
2807 3125 2861 3170 et
2895 3115 3221 3184 ltujusmodi,
3266 3117 3309 3170 si
3348 3117 3472 3185 quis
3499 3115 3653 3170 dicat
3678 3118 3764 3171 vel
3790 3118 3837 3173 in

511 3223 718 3288 oportet
750 3228 857 3267 esse
886 3227 1022 3265 cras.
1060 3210 1121 3265 Si
1144 3218 1313 3262 autem
1344 3224 1508 3279 neque
1539 3208 1651 3273 erit,
1701 3224 1863 3276 neque
1890 3223 1993 3261 non
2021 3206 2118 3259 erit
2150 3204 2198 3268 C
2232 3206 2314 3261 Itis
2344 3222 2462 3277 quze
2494 3206 2819 3261 universalia
2852 3216 2978 3261 sunt
2999 3217 3053 3263 et
3093 3207 3481 3263 universaltter
3521 3209 3837 3276 praedican-

522 3324 661 3374 cras,
692 3321 795 3359 non
824 3304 917 3358 erit
940 3300 1258 3367 utrumlibet,
1292 3310 1347 3354 ut
1376 3299 1558 3354 navale
1596 3299 1804 3353 bellum.
1852 3297 2120 3369 Oportebit

526 3398 661 3453 enim
685 3412 841 3466 neque
862 3394 977 3462 ﬁeri
1009 3394 1187 3446 navale
1214 3390 1426 3458 bellum,
1466 3408 1628 3464 neque
1679 3407 1779 3445 non
1816 3390 1949 3461 ﬁeri.
1992 3390 2122 3458 Quae

522 3509 643 3566 ergo
668 3491 968 3561 contingunt
999 3487 1408 3541 inconvenientia
1433 3486 1543 3540 lucc
1571 3493 1711 3552 sunt,
1744 3494 1790 3537 et
1821 3482 2124 3556 hujusmodi

527 3584 655 3651 alia,
675 3585 719 3639 si
748 3585 915 3638 omnis
941 3581 1301 3654 aﬁirmationis
1316 3588 1363 3634 et
1390 3580 1698 3651 negationis,
1730 3578 1805 3633 vel
1830 3580 1885 3632 in
1913 3578 1991 3633 his
2005 3592 2122 3648 qua:

522 3679 587 3734 de
613 3676 988 3732 universalibu;
1019 3674 1264 3728 dicuntur
1284 3671 1660 3736 universaliter,
1692 3671 1768 3723 vel
1796 3671 1845 3724 in
1897 3669 1977 3723 his
2006 3684 2121 3740 qua:

521 3780 641 3827 sunt
663 3770 969 3840 singularia,
1012 3783 1215 3821 necesse
1243 3775 1315 3820 est
1346 3765 1700 3834 appositurum
1748 3764 1881 3817 hanc
1911 3763 2121 3832 quidem

523 3877 694 3915 veram
724 3875 853 3925 esse,
886 3857 1032 3911 illam
1062 3873 1177 3909 vero
1206 3857 1412 3925 falsam.
1445 3855 1597 3909 Nihil
1625 3864 1797 3908 autem
1828 3854 2124 3908 utrumlibet

523 3970 634 4010 esse
663 3955 717 4007 in
742 3953 820 4006 his
845 3968 959 4022 qua:
989 3952 1140 4020 fiunt,
1182 3950 1270 4003 sed
1314 3951 1491 4003 omnia
1513 3965 1617 4003 esse
1646 3957 1692 4002 et
1724 3949 1837 4016 ﬁeri
1863 3964 1925 4003 ex
1951 3963 2125 4003 neces-

525 4048 693 4102 sitate.
731 4044 906 4110 Quare
930 4058 1032 4096 non
1061 4040 1312 4109 Oportebit
1345 4056 1505 4109 neque
1525 4042 1809 4107 consulere,
1850 4057 2007 4108 neque
2033 4058 2125 4095 ne-

524 4139 733 4213 gotiari,
769 4146 823 4191 ut
854 4137 897 4192 si
924 4137 1017 4189 hoc
1047 4135 1288 4202 facimus,
1323 4134 1418 4187 erit
1468 4135 1584 4199 hoc,
1628 4136 1671 4187 si
1725 4150 1842 4188 vero
1871 4151 1973 4188 non
2002 4134 2122 4202 hoc,

524 4249 628 4288 non
652 4231 747 4285 erit
779 4232 893 4284 hoc.
926 4227 1079 4282 Nihil
1135 4228 1265 4280 enim
1312 4225 1547 4299 prohibet
1576 4228 1630 4280 in
1665 4228 1989 4282 millesimum
2029 4244 2125 4282 an—

522 4342 647 4381 nam
679 4324 815 4379 hunc.
839 4323 1049 4394 quidem
1076 4322 1242 4376 dicere
1271 4322 1365 4377 hoc
1395 4325 1630 4392 futurum
1672 4339 1800 4387 esse,
1831 4322 1979 4377 illum
2006 4337 2123 4376 vero

525 4434 629 4471 non
662 4417 847 4470 dicere.
888 4414 1062 4481 Quare
1090 4429 1155 4468 ea:
1184 4415 1481 4468 necessitate
1506 4416 1605 4470 erit
1632 4415 1894 4486 quodlibet
1919 4429 2120 4481 eorum,

526 4508 663 4582 quod
693 4519 814 4561 tunc
836 4508 897 4560 ab
923 4523 981 4559 co
1027 4522 1203 4560 verum
1233 4516 1343 4561 erat
1384 4507 1575 4562 dicere.
1607 4508 1669 4561 At
1696 4523 1811 4561 vero
1839 4522 1999 4572 neque
2026 4506 2124 4559 hoc

2229 3307 2336 3364 tur,
2363 3298 2445 3354 vel
2467 3300 2517 3353 in
2536 3298 2616 3354 Itis
2638 3316 2756 3371 qua:
2775 3300 3064 3370 singularia
3094 3302 3147 3357 in
3171 3303 3638 3373 propositionibus
3666 3319 3837 3358 enun‘

2229 3389 2451 3456 tiantur,
2479 3407 2636 3446 unam
2666 3393 2973 3447 necessario
2992 3392 3213 3449 deﬁnite
3234 3409 3354 3450 esse
3381 3410 3590 3460 veram,
3614 3395 3837 3452 deﬁrtite

2228 3498 2351 3540 esse
2399 3485 2621 3539 alteram
2670 3485 2882 3552 falsam,
2936 3486 3061 3540 talia
3113 3486 3290 3553 illum,
3334 3487 3529 3557 inqttit,
3572 3488 3837 3544 inconve-

2229 3574 2431 3630 nientia
2474 3588 2890 3647 consequentur,
2924 3586 2978 3631 et
3028 3578 3133 3633 alia
3177 3580 3403 3636 similia.
3461 3580 3577 3636 lloc
3622 3582 3839 3637 scilicet

2227 3668 2413 3724 dicens
2492 3670 2564 3726 de
2630 3671 3000 3740 superioribus
3085 3675 3457 3741 argumentis,
3514 3675 3571 3729 in
3635 3677 3838 3745 quibus

2228 3763 2547 3818 ostendebat
2594 3764 2775 3818 omnia
2820 3780 2889 3819 ex
2916 3766 3238 3822 necessitate
3264 3768 3607 3837 contingere,
3638 3768 3690 3823 si
3720 3770 3837 3838 quis

2228 3872 2389 3912 ttnam
2463 3872 2644 3913 veram
2710 3857 2969 3925 deﬁnite,
3052 3861 3277 3915 alteram
3325 3861 3535 3916 diceret
3611 3861 3837 3917 deﬁnite

2227 3946 2563 4003 mendacem.
2595 3948 2852 4014 Quasnam
2883 3964 3015 4005 vero
3040 3959 3253 4007 asserat
3293 3952 3399 4006 alia
3440 3951 3838 4008 inconvenien-

2228 4048 2301 4103 tia
2333 4047 2801 4119 impossibiliaque
2829 4064 3157 4106 concurrere
3205 4050 3288 4105 bis
3332 4051 3424 4120 qui
3482 4066 3650 4106 unam
3694 4051 3836 4107 deﬁ-

2228 4147 2341 4203 nite
2363 4163 2543 4203 veram
2572 4158 2899 4219 proponunt,
2920 4149 3034 4204 haec
3048 4158 3174 4204 sunt
3204 4166 3217 4202 :
3244 4149 3288 4204 si
3311 4151 3430 4220 quis
3459 4149 3609 4204 enim
3634 4164 3838 4221 propo-

2238 4249 2334 4296 nat
2355 4256 2514 4295 unam
2536 4255 2660 4297 esse
2682 4256 2888 4307 veram,
2927 4241 3152 4297 alteram
3183 4257 3306 4298 esse
3333 4242 3543 4308 falsam,
3578 4244 3734 4299 tollit
3758 4246 3837 4317 (ut

2231 4346 2394 4401 supra
2423 4332 2630 4387 dictum
2654 4333 2760 4401 est)
2786 4332 2838 4387 id
2863 4332 3005 4403 quod
3032 4343 3118 4387 est
3143 4334 3459 4389 utrumlibet
3483 4334 3535 4388 itt
3562 4335 3761 4402 rebus,
3786 4348 3837 4391 et

2232 4426 2415 4481 omnia
2446 4440 2566 4481 esse
2592 4426 2679 4481 vel
2713 4425 2829 4482 ﬁeri
2852 4441 2915 4481 ex
2943 4426 3267 4481 necessitate
3288 4426 3594 4490 constituit,
3638 4428 3781 4483 nihil
3806 4444 3834 4481 a

2233 4532 2384 4586 casu,
2408 4520 2649 4589 nihilque
2671 4533 2699 4571 a
2732 4518 2947 4588 propria
2974 4519 3278 4576 voluntate.
3308 4520 3459 4576 Unde
3488 4520 3545 4574 ﬁt
3575 4531 3632 4575 ut
3658 4537 3835 4593 neque

527 4600 725 4669 differt,
757 4601 801 4654 si
842 4601 1029 4669 aliquis
1067 4600 1254 4653 dixerit
1284 4602 1763 4668 contradictionem,
1796 4601 1873 4657 vel
1915 4620 2017 4657 non
2046 4609 2127 4661 di.
2154 4592 2211 4654 1)
2235 4609 2497 4679 negotiari
2520 4609 2591 4663 sit
2613 4609 2763 4676 υιῑιε,
2791 4624 2892 4665 nec
2921 4610 3062 4664 inire
3087 4619 3291 4678 acrum,
3322 4627 3442 4681 qua,
3481 4614 3664 4665 omnia
3708 4592 3837 4668 εσυ,

529 4697 680 4751 :rerit.
708 4694 1041 4765 Manifestum
1070 4704 1143 4747 est
1174 4696 1309 4748 enim
1332 4696 1574 4762 quoniam
1605 4697 1679 4749 sic
1705 4712 1760 4749 se
1794 4694 1977 4751 habent
2017 4716 2121 4769 res,

529 4788 731 4841 etiamsi
752 4804 853 4840 non
886 4786 967 4838 hic
996 4786 1199 4854 quidem
1229 4788 1551 4857 uﬁirmaverit
1590 4789 1678 4842 ille
1698 4806 1816 4844 vero
1844 4794 2118 4861 negaverit.

536 4880 661 4937 Non
691 4880 827 4935 eaim
873 4886 1081 4950 prepter
1134 4893 1317 4949 negare
1356 4877 1430 4932 vel
1461 4880 1717 4949 afﬁrmare
1764 4883 1858 4936 erit
1902 4884 1980 4938 vel
2024 4901 2127 4939 non

530 4977 645 5041 erit,
680 4992 769 5029 nec
796 4977 847 5029 in
870 4972 1197 5027 millesimum
1226 4989 1420 5026 annum
1439 4979 1599 5045 magis
1630 4992 1783 5044 quam
1825 4977 1877 5030 in
1907 4989 2127 5047 quanto-

530 5067 650 5123 libet
676 5078 920 5138 tempore.
955 5065 1127 5131 Quare
1148 5067 1194 5120 si
1223 5067 1275 5119 in
1298 5067 1437 5119 omni
1467 5076 1691 5139 tempore
1716 5070 1787 5121 sic
1811 5086 1866 5124 se
1885 5070 2123 5140 habebat,

528 5171 585 5217 ut
605 5178 765 5215 unum
794 5161 1052 5213 diceretur
1073 5176 1204 5226 vere,
1229 5174 1430 5213 necesse
1455 5169 1563 5213 erat
1580 5159 1676 5215 hoc
1708 5163 1843 5230 ﬁeri,
1866 5173 1913 5217 et
1940 5182 2125 5220 annut-

529 5252 768 5325 quodque
788 5268 965 5307 eorum
983 5267 1097 5322 qua:
1117 5252 1249 5319 ﬁunt
1277 5252 1354 5306 sic
1375 5269 1570 5324 semper
1590 5268 1645 5308 se
1669 5252 1886 5310 habebat
1922 5299 1937 5325 ,
1977 5268 2031 5311 ut
2062 5274 2128 5313 ea:

530 5345 833 5400 necessitate
855 5344 1015 5414 ﬁeret.
1068 5342 1289 5409 Quando
1334 5346 1470 5399 enim
1515 5360 1631 5400 vere
1681 5348 1801 5401 dicit
1830 5350 1944 5418 quis
1996 5366 2128 5421 quo-

532 5441 675 5495 niam
701 5440 814 5504 erit,
846 5456 948 5493 non
977 5446 1138 5508 potest
1168 5455 1269 5493 non
1298 5438 1447 5509 ﬁeri;
1472 5446 1520 5493 et
1539 5439 1678 5511 quod
1704 5443 1899 5511 factum
1926 5450 2023 5511 est,
2047 5459 2131 5500 ve-

531 5548 649 5590 rum
666 5546 772 5589 erat
799 5536 968 5589 dicere
993 5550 1190 5605 semper
1213 5533 1459 5606 quoniam
1487 5535 1603 5589 erit.

606 5627 828 5682 Addidit
859 5643 1073 5700 quoque
1102 5628 1271 5695 aliud,
1300 5644 1405 5699 quo
1460 5630 1628 5700 magis
1661 5630 1713 5685 id
1754 5631 1896 5701 quod
1935 5634 2133 5690 dicitur

536 5718 783 5774 videatur
808 5720 1183 5792 incongruum.
1214 5720 1385 5777 Omne
1411 5722 1553 5778 enim
1579 5722 1633 5777 id
1657 5724 1797 5793 quod
1821 5724 2133 5793 prmdicitur

538 5809 596 5868 in
627 5808 883 5882 laturum,
933 5812 976 5868 si
1010 5830 1130 5870 tere
1164 5815 1499 5885 prmdicitur.
1524 5815 1648 5873 erit.
1709 5816 1763 5872 Si
1809 5817 1927 5886 quis
1982 5820 2125 5876 enim

2234 4703 2336 4757 silii
2370 4702 2580 4757 ratione
2610 4710 2927 4767 tractantur,
2953 4706 3126 4772 ipsum
3150 4702 3293 4757 enim
3322 4703 3611 4758 consilium
3644 4720 3837 4773 super.

2234 4810 2459 4849 vacuum
2489 4773 2750 4860 est,.cum
2792 4796 2971 4850 omnia
3002 4808 3335 4865 quaecunque
3370 4793 3551 4850 futura
3593 4796 3707 4850 sint
3748 4813 3837 4851 ne-

2234 4904 2390 4944 cesse
2434 4889 2505 4943 sit
2544 4889 2781 4944 evenire.
2814 4887 2950 4956 Quid
2973 4888 3115 4943 enim
3167 4889 3537 4959 unusquisque
3575 4887 3747 4951 dicat,
3784 4889 3837 4944 Si

2236 4981 2341 5037 hoc
2390 4981 2605 5048 faciam,
2650 4981 2779 5037 illud
2811 4981 2942 5035 mihi
2973 4982 3185 5037 eveniet
3237 4991 3401 5052 atque
3447 4986 3756 5052 continget,
3793 4982 3837 5036 si

2236 5091 2365 5131 vero
2410 5075 2556 5143 haec,
2590 5076 2679 5130 illa
2724 5091 2811 5131 res
2859 5076 3116 5130 eveniet?
3143 5076 3341 5131 etenim
3397 5076 3529 5130 nihil
3586 5076 3838 5143 prohibet

2239 5171 2492 5239 quemvis
2534 5169 2681 5223 illum
2743 5167 3013 5223 afﬁrmare
3056 5168 3258 5239 aliquid
3312 5183 3435 5224 esse
3484 5167 3834 5229 faciendum,

2240 5262 2401 5317 alium
2417 5277 2543 5316 vero
2564 5274 2916 5331 negare,cttm
2934 5261 3113 5316 omnia
3137 5261 3189 5316 vi
3205 5262 3546 5317 necessitatis
3557 5260 3833 5316 eveniant.

2242 5353 2373 5409 Nam
2404 5354 2447 5408 si
2469 5353 2647 5409 omnia
2676 5368 2797 5422 quae
2824 5352 2959 5407 ﬁunt
2985 5369 3147 5422 nunc,
3173 5364 3298 5409 ante
3338 5354 3532 5424 aliquis
3553 5370 3680 5411 vere
3698 5373 3840 5425 pra-

2244 5447 2467 5513 diceret,
2493 5447 2615 5518 quis
2652 5447 2860 5502 dubitat
2903 5447 3035 5518 quin
3076 5448 3167 5502 illa
3198 5464 3318 5519 qua:
3368 5449 3508 5506 facta
3537 5460 3682 5516 sunt,
3738 5452 3835 5505 im-

2240 5540 2485 5597 mutabili
2528 5540 2780 5596 violentia
2837 5539 3179 5596 necessitatis
3230 5541 3552 5596 evenerint?
3608 5542 3722 5596 Hoc
3753 5553 3835 5598 est

2241 5632 2383 5690 enim
2408 5632 2551 5703 quod
2582 5632 2692 5687 ait:
2720 5630 2897 5699 Quare
2925 5647 2992 5687 ex
3037 5633 3361 5689 necessitate
3403 5633 3509 5688 erit
3554 5633 3835 5704 quodlibet

2240 5740 2423 5781 eorum
2447 5724 2588 5795 quod
2616 5732 2742 5779 tunc
2763 5738 2947 5779 verum
2978 5734 3093 5780 erat
3116 5725 3317 5781 dicere.
3350 5725 3454 5782 Sed
3486 5742 3555 5781 ne
3587 5727 3719 5782 illud
3749 5729 3837 5782 vi-

2241 5819 2431 5875 deatur
2453 5818 2803 5895 incongruum
2837 5817 2979 5889 quod
2996 5833 3176 5876 rerum
3202 5828 3453 5876 eventum
3486 5834 3592 5876 non
3618 5834 3687 5876 ex
3710 5819 3833 5891 ipsa
