4030 6336
166 345 276 405 357

968 354 1033 412 IN
1072 353 1332 413 LIBRUM
1378 350 1464 412 DE
1504 348 2151 417 INTERPRETATIONE
2192 359 2420 418 EDITIO
2457 356 2689 420 PRIMA.

3369 366 3474 426 3-58

167 484 360 526 rerum
385 479 611 541 natura,
634 471 729 530 sed
761 487 828 530 ex
856 476 1284 545 propositionum
1313 477 1539 533 veritate
1580 488 1633 533 et
1675 478 1771 534 fal-
1803 479 1855 539 A
1879 481 1975 537 sed
2003 492 2291 552 potestate,
2321 501 2441 557 quae
2465 496 2703 558 potestas
2740 504 2847 545 non
2870 487 2929 543 ﬁt
2953 504 3020 545 ex
3045 492 3386 559 necessitate,
3421 491 3479 548 id

167 562 337 618 sitate
352 562 679 633 judicamus,
700 566 1011 637 scrupulum
1041 568 1160 638 ipse
1190 568 1442 623 dissolvit
1471 569 1673 625 dicens.
1703 575 1771 628 At

168 674 309 716 vero
340 675 439 714 nec
468 660 571 715 hoc
601 660 799 727 diﬁ'ert,
842 663 885 716 si
916 663 1078 732 aliqui
1102 665 1338 719 dixerint
1382 665 1771 722 contradictio-

172 770 337 821 nem,
365 756 448 810 vel
474 771 578 810 non
603 755 840 811 dixerint
868 776 879 810 :
908 757 974 811 ad
1006 758 1302 815 tollendum
1323 761 1465 815 enim
1502 761 1773 830 perimen-

170 848 412 919 dumque
429 846 735 913 consilium,
767 849 909 919 quod
934 850 1066 904 nihil
1095 855 1313 906 omnino
1337 852 1585 907 homines
1611 868 1771 922 opor-

170 952 291 997 teat
318 943 615 1010 consiliari,
637 958 822 1012 parum
848 944 985 999 valet
1008 944 1209 1015 aliquid
1236 955 1361 1001 ante
1390 946 1628 1016 praedici;
1661 949 1775 1003 sive

168 1035 323 1089 enim
353 1035 560 1089 dicatur
588 1036 813 1104 aliquid,
843 1037 958 1092 sive
999 1054 1127 1105 non,
1174 1038 1429 1109 quidquid
1463 1054 1589 1095 vere
1637 1056 1776 1109 prte-

169 1125 283 1180 dici
338 1136 532 1196 potest,
570 1127 699 1182 illud
752 1129 913 1184 etiam
966 1131 1011 1185 si
1066 1146 1170 1186 non
1203 1132 1526 1200 praedicatur
1555 1135 1775 1190 evenire

171 1234 403 1274 necesse
433 1230 547 1283 est;
582 1221 784 1275 idcirco
814 1222 957 1277 enim
992 1239 1118 1279 vere
1142 1225 1477 1293 praedicitur,
1507 1226 1629 1295 quia
1649 1241 1775 1282 vere

171 1314 399 1382 prmdici
427 1323 633 1382 pctest;
668 1316 869 1371 idcirco
892 1334 1018 1373 vere
1045 1320 1263 1389 prmdici
1293 1331 1489 1390 potest,
1521 1324 1643 1391 quia
1674 1324 1776 1377 im-

171 1407 506 1461 mutabiliter
529 1407 765 1462 futurum
791 1419 892 1464 est.
921 1410 1097 1478 Quare
1126 1415 1360 1468 futurum
1386 1429 1490 1483 εει,
1513 1417 1554 1469 si
1581 1416 1778 1484 praedi-

172 1497 320 1551 citur
355 1514 503 1564 vere,
534 1515 638 1581 nec
667 1510 872 1555 tantum
918 1503 962 1557 si
998 1506 1325 1572 prazdiritur,
1382 1509 1477 1562 sed
1529 1508 1692 1563 etiam
1724 1511 1773 1566 si

174 1589 397 1658 pratdici
431 1606 554 1646 vere
583 1601 783 1661 potest;
824 1595 937 1649 sive
963 1596 1106 1650 enim
1142 1599 1484 1665 praedicatur,
1522 1600 1636 1655 sive
1668 1617 1775 1656 non

172 1684 526 1753 praedicatur,
576 1687 830 1757 quidquid
863 1704 987 1745 vere
1028 1692 1246 1759 praedici
1306 1704 1499 1762 potest,
1558 1695 1660 1751 hoc
1706 1712 1771 1750 ex

175 1777 508 1831 necessitate
566 1778 799 1835 futurum
851 1792 953 1837 est.
1001 1783 1338 1839 Manifestum
1377 1796 1460 1841 est
1490 1789 1655 1852 enim,
1687 1790 1775 1842 in-

1880 583 1984 642 est,
2015 584 2075 630 ut
2097 578 2268 644 possit
2287 579 2505 650 quidem
2535 581 2672 650 ﬁeri,
2708 598 2815 638 non
2843 591 3018 638 tamen
3050 597 3273 640 necesse
3298 583 3392 651 sit,
3417 591 3479 642 ut

1878 671 2019 726 hanc
2088 673 2172 728 vel
2215 674 2509 745 quamlibet
2549 678 2780 732 tunicam
2838 677 3093 747 possibile
3131 688 3212 732 est
3258 680 3480 749 quidem

1877 764 2027 821 ferro
2054 766 2240 837 incidi,
2300 768 2396 824 sed
2446 786 2551 825 non
2608 781 2690 827 est
2739 787 2984 828 necesse.
3032 772 3288 828 Fortasse
3330 773 3481 827 enim

1878 859 2082 915 utendo
2106 862 2487 927 vetustabitur,
2514 874 2571 918 et
2598 863 2715 933 ipso
2764 864 3080 934 quotidiano
3110 865 3353 922 solvetur
3396 874 3480 920 at-

1883 951 2035 1005 tritu.
2071 950 2215 1022 Ergo
2248 963 2425 1023 potest
2454 954 2671 1024 quidem
2705 956 2889 1025 incidi,
2924 956 3023 1012 sed
3046 958 3184 1013 forte
3210 974 3318 1013 non
3342 957 3480 1031 inci-

1882 1044 2061 1111 detur,
2090 1048 2187 1101 sed
2211 1057 2502 1117 antequam
2530 1048 2696 1104 incidi
2735 1051 2905 1118 possit
2934 1051 3221 1106 exteritur.
3269 1050 3482 1105 Rursus

1880 1146 2059 1207 potest
2084 1138 2202 1195 ﬁeri
2220 1149 2279 1196 ttt
2301 1156 2409 1195 non
2432 1140 2723 1206 dividatur,
2753 1157 2926 1212 neque
2956 1143 3099 1198 enim
3147 1143 3322 1200 exteri
3356 1158 3480 1197 eam

1880 1229 2139 1299 possibile
2168 1242 2333 1298 esset,
2368 1231 2472 1286 nisi
2503 1232 2649 1302 prius
2672 1242 2815 1288 esset
2846 1235 3099 1302 possibile
3151 1249 3256 1289 non
3290 1234 3478 1302 incidi,

1880 1337 2052 1392 quare
2083 1332 2308 1388 possunt
2336 1324 2561 1394 quidem
2575 1324 2821 1395 quaedam
2853 1324 2990 1391 ﬁeri,
3020 1326 3115 1380 sed
3148 1325 3222 1379 ita
3264 1326 3481 1381 contino

1883 1414 1958 1482 git
1988 1415 2217 1471 fortasse
2247 1426 2306 1470 ut
2354 1431 2460 1471 non
2491 1418 2639 1472 ﬁant.
2666 1415 2803 1472 Sunt
2827 1416 2993 1487 igitur
3019 1417 3263 1487 quaedam
3298 1418 3478 1487 possi-

1880 1505 2015 1565 bilia
2063 1524 2168 1563 non
2215 1509 2539 1577 necessaria,
2569 1518 2625 1564 et
2679 1508 2736 1563 in
2765 1509 2884 1564 aliis
2915 1524 3128 1580 quoque
3174 1525 3293 1580 qua:
3345 1511 3482 1570 ﬁunt

1885 1599 2074 1654 eadem
2102 1600 2243 1655 ratio
2266 1610 2367 1657 est.
2401 1604 2573 1657 Omne
2598 1602 2741 1656 enim
2775 1601 2917 1672 quod
2961 1602 3017 1655 ﬁt
3046 1617 3076 1656 a
3099 1601 3337 1667 quolibet
3357 1616 3489 1657 conx

1883 1694 2028 1760 silio,
2058 1694 2177 1764 ipse
2219 1693 2315 1766 qui
2342 1695 2660 1751 consiliatur
2688 1694 2831 1751 illius
2880 1693 2962 1751 rei
3000 1694 3317 1764 principium
3372 1704 3478 1759 est.

1888 1803 1995 1841 non
2024 1788 2343 1853 necessitas,
2373 1796 2428 1843 et
2452 1803 2786 1858 quascunque
2817 1796 2943 1843 sunt
2972 1787 3267 1858 possibilia,
3301 1794 3485 1841 muta.

173 1868 323 1937 quit,
358 1885 426 1936 qu
464 1870 496 1923 d
523 1870 564 1923 si
595 1874 672 1926 sic
704 1887 763 1928 se
796 1873 991 1929 habeat
1018 1892 1126 1942 res,
1161 1878 1277 1933 sive
1308 1894 1447 1933 unus
1478 1896 1595 1935 eam
1629 1881 1777 1936 afﬁr—
1806 1872 1858 1934 Β
1886 1877 2064 1935 biliter
2090 1879 2367 1935 evenient.
2390 1881 2519 1947 Quae
2546 1880 2689 1936 enim
2718 1879 3015 1935 secundum
3048 1878 3281 1949 aliquam
3310 1876 3483 1949 passi-

172 1971 291 2015 met
317 1971 373 2017 et
391 1963 533 2016 alius
552 1973 731 2032 neget,
769 1965 812 2019 si
838 1976 1100 2022 eventura
1128 1977 1231 2034 est,
1271 1970 1402 2025 nihil
1450 1972 1530 2026 illi
1558 1974 1774 2043 negatio

172 2053 380 2120 officit;
404 2056 446 2108 si
474 2067 732 2111 eventura
766 2073 871 2113 non
902 2070 1005 2127 est,
1036 2060 1170 2114 nihil
1208 2061 1496 2117 afﬁrmatio
1529 2065 1771 2133 prodest.

174 2146 298 2201 Non
320 2147 487 2213 enim,
513 2149 708 2218 inquit,
736 2159 956 2221 pr0pter
974 2168 1170 2222 negare
1189 2164 1243 2209 et
1264 2154 1537 2210 afﬁrmare
1558 2155 1659 2211 erit
1687 2157 1775 2213 vel

174 2253 287 2293 non
316 2240 438 2304 erit,
473 2255 572 2295 nec
599 2241 736 2297 hanc
765 2243 871 2296 vim
906 2255 1111 2299 natura:
1140 2254 1349 2315 tempus
1390 2248 1637 2303 mutabit.
1668 2248 1775 2305 Eo-

175 2328 303 2384 dem
336 2330 494 2384 modo
525 2330 670 2387 enim
695 2334 966 2399 evenient,
999 2350 1061 2391 ea
1095 2352 1214 2406 qua:
1255 2347 1378 2406 post
1432 2338 1774 2395 millesimum

175 2437 380 2477 annum
404 2434 667 2480 eventura
692 2426 1006 2494 creduntur,
1054 2427 1136 2483 his
1161 2445 1281 2499 quae
1309 2439 1426 2499 post
1479 2440 1774 2500 quantum-

176 2516 315 2573 libet
346 2527 557 2588 tempus
586 2535 659 2575 ει
687 2521 1010 2577 necessitate
1042 2522 1217 2577 futura
1251 2534 1406 2578 sunt:
1433 2526 1577 2581 unde
1606 2524 1684 2590 ﬁt,
1716 2535 1777 2582 ut

173 2612 225 2667 si
259 2612 309 2665 in
339 2614 490 2669 omni
514 2623 759 2683 tempore
785 2616 966 2671 omnia
994 2616 1074 2672 sic
1104 2631 1162 2673 se
1204 2616 1457 2685 habeant,
1512 2629 1569 2674 ut
1607 2634 1776 2675 unum

174 2707 400 2764 definite
432 2724 619 2766 verum
653 2711 756 2765 dici
787 2713 981 2783 possit,
1033 2711 1255 2769 deﬁnite
1292 2713 1520 2768 alterum
1555 2712 1772 2781 falsum,

174 2802 357 2856 omnia
379 2819 713 2875 quaecunque
758 2804 895 2861 facta
916 2814 1062 2872 sunt,
1116 2805 1203 2861 vel
1245 2807 1397 2875 ﬁent,
1452 2808 1777 2864 immutabili

174 2908 358 2950 rerum
397 2898 603 2953 ratione
640 2900 974 2968 contingant.
1033 2898 1145 2954 Hoc
1193 2908 1276 2955 est
1320 2900 1462 2954 enim
1495 2897 1639 2970 quod
1674 2899 1775 2967 ait,

174 3002 407 3043 necesse
454 3002 575 3045 esse
604 2990 719 3046 ﬁeri
751 2991 1172 3062 unumquodque
1203 3005 1390 3047 eorum
1434 3007 1555 3062 qua:
1598 2992 1773 3057 fiunt;

174 3077 232 3134 id
262 3092 366 3146 est,
420 3081 465 3135 si
505 3082 583 3137 sic
625 3098 684 3138 se
726 3082 970 3149 haberet,
1011 3091 1069 3138 ut
1116 3099 1181 3139 ex
1229 3081 1553 3139 necessitate
1585 3082 1778 3139 ﬁerent

174 3172 386 3241 omnia,
413 3173 600 3229 ethoc
643 3175 909 3245 superiori
967 3176 1438 3244 argumentatione
1487 3175 1782 3231 conﬁrmat

1885 1971 2149 2028 bilitatem
2180 1971 2457 2041 dicuntur,
2488 1987 2594 2028 non
2626 1973 2883 2028 eveniunt
2914 1972 3209 2028 secundum
3239 1971 3480 2027 necessi-

1883 2081 2074 2139 tatem,
2102 2070 2245 2126 unde
2274 2069 2333 2126 ﬁt
2360 2077 2418 2125 ut
2439 2071 2782 2126 manifestum
2806 2070 2874 2125 sit
2901 2068 3151 2139 quoniam
3168 2081 3275 2122 non
3297 2062 3482 2125 omnia

1886 2180 1955 2221 ex
2009 2163 2338 2220 necessitate
2361 2163 2449 2219 vel
2477 2173 2623 2231 sunt,
2652 2162 2736 2219 vel
2765 2163 2919 2227 ﬁunt,
2945 2161 3041 2216 sed
3070 2159 3316 2230 quaedam
3357 2164 3481 2214 sunt

1885 2272 2008 2327 qua:
2037 2257 2235 2327 aequali
2256 2257 2437 2323 modo,
2472 2257 2557 2313 vel
2580 2257 2732 2322 ﬁunt,
2759 2256 2846 2312 vel
2871 2270 2977 2311 non
3011 2256 3164 2320 ﬁunt,
3194 2263 3248 2309 et
3274 2253 3379 2308 hoc
3398 2260 3483 2309 est

1884 2350 2198 2405 utrumlibet
2233 2348 2371 2416 ﬁeri,
2398 2350 2501 2404 alia
2536 2364 2669 2405 vero
2698 2348 2751 2402 in
2783 2348 3024 2418 pluribus
3064 2345 3279 2417 quidem
3321 2344 3482 2409 ﬁunt,

1884 2440 1940 2495 in
1973 2438 2314 2509 paucioribus
2340 2454 2473 2495 vero
2502 2455 2609 2495 non
2651 2440 2806 2505 ﬁunt,
2861 2449 2915 2495 et
2956 2437 3233 2507 aequaliter
3263 2434 3488 2506 quidem

1883 2529 2042 2595 ﬁunt,
2076 2540 2132 2585 ut
2160 2530 2524 2601 egredientem
2554 2530 2716 2585 domo
2744 2546 2975 2586 amicum
3008 2530 3214 2597 videre,
3249 2528 3306 2582 ﬁt
3332 2526 3486 2583 enim

1883 2624 1991 2678 hoc
2010 2632 2067 2680 et
2094 2624 2153 2678 tit
2180 2624 2491 2695 atqualiter;
2522 2622 2766 2693 quaedam
2791 2638 2918 2677 vero
2947 2621 3283 2693 frequentius
3310 2621 3484 2692 ﬁunt;

1883 2731 2045 2786 quam
2078 2730 2183 2771 non
2213 2716 2367 2779 ﬁunt,
2391 2724 2450 2771 ut
2468 2716 2877 2787 sexagenarium
2908 2730 3201 2771 canescere
3221 2715 3484 2787 frequen-

1882 2806 1993 2862 tius
2022 2806 2102 2873 ﬁt,
2132 2821 2290 2877 quam
2323 2820 2428 2860 non
2459 2806 2536 2861 lit.
2584 2806 2652 2861 Et
2682 2816 2861 2861 tamen
2890 2807 2962 2860 ita
2991 2806 3094 2861 hoc
3122 2815 3296 2874 potest
3338 2806 3481 2875 ﬁeri,

1882 2907 1943 2953 ut
1972 2913 2079 2953 non
2110 2897 2229 2953 ﬁeri
2254 2898 2590 2967 impossibile
2619 2913 2725 2953 non
2755 2897 2843 2952 sit.
2893 2897 3003 2952 lloc
3029 2897 3174 2953 enim
3218 2908 3300 2952 est
3336 2898 3483 2969 quod

1882 2990 1997 3044 ait:
2029 2988 2148 3044 Alia
2177 3004 2307 3044 vero
2338 2991 2509 3059 magis
2535 2989 2752 3059 quidem
2794 3000 2849 3044 et
2872 2990 2923 3043 in
2960 2988 3201 3057 pluribus
3226 2989 3482 3060 alterum,

1882 3091 1942 3136 ut
1971 3096 2262 3137 canescere
2293 3081 2344 3136 in
2379 3081 2622 3150 pluribus
2636 3080 2974 3152 sexagenarii
3003 3094 3160 3151 quam
3190 3096 3295 3135 non
3319 3096 3483 3138 cane-

1882 3188 2059 3231 scere.
2100 3173 2205 3230 Sed
2236 3173 2495 3244 contingit
2529 3172 2646 3228 ﬁeri
2700 3171 2955 3239 alterum,
3010 3172 3220 3229 scilicet
3264 3182 3321 3227 ut
3369 3187 3479 3229 non

156 3266 368 3321 vtlicens
394 3282 408 3319 :
435 3266 663 3335 Quando
691 3269 837 3323 enim
878 3283 1006 3323 vere
1038 3267 1166 3323 dicit
1198 3268 1319 3338 quis
1348 3268 1605 3338 quoniam
1647 3267 1775 3331 erit,
1811 3255 1858 3319 C
1890 3276 2163 3332 canescat,
2193 3267 2422 3324 alterum
2444 3281 2575 3321 vero
2611 3265 2852 3333 minime,
2887 3265 3093 3322 scilicet
3120 3274 3177 3320 ut
3204 3277 3483 3326 cancscat.

177 3373 286 3414 non
342 3367 521 3430 potest
568 3376 674 3415 non
724 3361 860 3427 ﬁeri,
910 3368 1138 3417 eventus
1181 3360 1324 3416 enim
1364 3360 1774 3426 necessitatem,

179 3454 478 3509 necessitas
514 3456 759 3525 sequitur
798 3456 1104 3524 veritatem,
1152 3464 1206 3511 et
1248 3454 1393 3525 quod
1425 3454 1625 3511 factum
1669 3464 1776 3524 est,

179 3562 367 3602 verum
423 3559 541 3605 erat
600 3549 786 3606 dicere
835 3565 1051 3621 semper
1097 3551 1350 3620 quoniam
1407 3550 1528 3613 erit,
1580 3547 1781 3604 veritas

180 3650 427 3709 namque‘
473 3642 858 3712 propositionis
905 3658 973 3699 es
1018 3658 1203 3699 rerum
1256 3641 1576 3698 necessariis
1631 3640 1784 3696 venit

182 3732 489 3789 eventibus.

255 3823 409 3890 Quod
430 3826 475 3879 si
504 3826 614 3881 licet:
634 3843 738 3882 non
770 3837 888 3883 sunt
913 3828 1200 3900 possibilia.
1242 3827 1493 3883 Videmus
1521 3828 1657 3882 enim
1675 3842 1785 3882 esse

182 3920 498 3989 principium
552 3924 871 3991 turmarum,
922 3935 979 4003 ει
998 3925 1061 3977 ab
1104 3942 1161 3979 eo
1218 3925 1356 3996 quod
1408 3922 1782 3992 consultamus,

181 4023 338 4085 atque
367 4017 567 4085 agimus
591 4018 813 4089 aliquid,
846 4029 893 4073 et
936 4020 1180 4089 quoniam
1208 4028 1284 4074 est
1330 4019 1539 4074 omnino
1583 4020 1638 4072 in
1678 4019 1779 4084 his,

184 4123 306 4174 qua:
334 4125 437 4163 non
466 4127 664 4180 semper
687 4121 806 4167 actu
838 4122 979 4179 sunt,
1020 4115 1259 4183 possibile
1290 4130 1399 4169 esse
1442 4123 1489 4169 et
1520 4129 1622 4169 non
1650 4128 1784 4179 esse,

185 4199 445 4267 similiter,
461 4202 512 4253 in
529 4202 705 4272 quibus
723 4216 991 4273 utrumque
1006 4206 1253 4275 contingit
1277 4215 1448 4260 etesse
1463 4215 1512 4260 et
1530 4221 1640 4273 non
1654 4221 1784 4271 esse,

184 4308 350 4360 quare
378 4292 495 4361 ﬁeri
524 4304 572 4348 et
597 4312 697 4350 non
723 4297 857 4367 ﬁeri.
883 4299 955 4351 Ac
995 4298 1161 4351 multa
1192 4297 1338 4351 nobis
1365 4299 1637 4369 manifesta
1664 4306 1785 4352 sunt

184 4387 257 4439 sic
279 4402 333 4439 se
360 4388 622 4454 habentia,
663 4401 717 4443 ut
763 4391 1005 4461 quoniam
1052 4391 1184 4445 hanc
1209 4400 1393 4446 vestem
1424 4392 1667 4462 possibile
1714 4402 1789 4447 est

187 4481 365 4546 incidi,
393 4492 439 4535 et
463 4499 564 4536 non
607 4486 878 4550 incidetur,
909 4491 1001 4539 sed
1038 4488 1178 4549 prius
1212 4496 1485 4541 exteretur.
1532 4487 1788 4543 Similiter

188 4581 360 4624 mitem
400 4582 445 4626 et
476 4591 577 4628 non
608 4577 762 4629 incidi
795 4577 1035 4644 possibile
1056 4589 1149 4632 est.
1187 4578 1306 4632 Non
1348 4580 1481 4633 enim
1509 4589 1635 4633 esset
1673 4596 1788 4633 eam

1888 3362 1985 3417 Est
2010 3371 2187 3417 autem
2203 3361 2535 3433 hyperbaton
2559 3358 2661 3415 hoc
2682 3358 2863 3415 modo.
2897 3358 3051 3428 Quod
3070 3360 3115 3414 si
3147 3358 3262 3414 haec
3283 3359 3483 3429 impos-

1887 3454 2061 3509 sibilia
2094 3452 2359 3517 videmus,
2378 3452 2520 3522 quod
2542 3467 2731 3507 sumus
2747 3450 2891 3507 enim
2910 3451 3177 3521 aliquibus
3200 3450 3303 3519 ipsi
3327 3451 3479 3520 prinw

1888 3546 2112 3616 cipium,
2131 3554 2180 3601 et
2199 3561 2533 3616 quaecunque
2557 3544 2828 3615 possibilia
2846 3554 2989 3611 sunt,
3009 3545 3126 3600 ﬁeri
3165 3553 3408 3613 possunt,
3427 3554 3483 3602 et

1890 3654 1998 3694 non
2031 3639 2170 3694 ﬁeri.
2200 3638 2259 3693 Si
2293 3638 2457 3707 igitur
2480 3629 2744 3708 possibile
2766 3645 2850 3692 est
2873 3644 2929 3691 et
2949 3645 3005 3691 ut
3032 3636 3209 3692 sintet
3226 3650 3336 3689 non
3352 3636 3481 3702 sint,

1889 3730 2236 3786 manifestum
2266 3739 2349 3786 est
2371 3746 2475 3785 non
2493 3729 2676 3785 omnia
2701 3744 2765 3786 ex
2797 3728 3121 3785 necessitate
3140 3727 3479 3798 contingere,

1890 3824 1987 3880 sed
2017 3824 2121 3879 alia
2152 3824 2451 3896 aequaliter,
2479 3823 2582 3879 alia
2605 3839 2735 3879 vero
2769 3822 2989 3879 evenire
3028 3822 3244 3894 quidem
3271 3821 3326 3877 in
3360 3822 3483 3891 plu-

1890 3914 2065 3982 ribus,
2098 3916 2155 3971 in
2186 3915 2532 3984 paucioribus
2561 3930 2691 3973 vero
2723 3930 2828 3971 non
2864 3915 3104 3982 evenire,
3139 3914 3235 3972 sed
3275 3923 3331 3969 ut
3373 3929 3486 3971 non

1892 4009 2147 4064 eveniant
2171 4022 2397 4064 necesse
2425 4022 2530 4062 non
2562 4017 2665 4063 est.

1966 4108 2139 4183 Igitur
2159 4126 2266 4165 esse
2286 4110 2424 4182 quod
2452 4120 2549 4176 est,
2588 4110 2802 4181 quando
2831 4118 2925 4175 est,
2981 4118 3026 4164 et
3059 4126 3161 4164 non
3181 4125 3309 4177 esse,
3346 4124 3485 4180 quoa

1894 4219 1997 4257 non
2028 4192 2125 4269 est,
2160 4205 2364 4271 quando
2395 4218 2499 4256 non
2530 4212 2625 4267 est,
2684 4217 2886 4257 necesse
2931 4210 3024 4256 est.
3071 4201 3179 4257 Sed
3213 4219 3315 4257 non
3339 4218 3486 4257 omne

1893 4297 2032 4365 quod
2064 4305 2158 4361 est,
2189 4311 2392 4350 necesse
2414 4306 2486 4349 est
2506 4312 2637 4360 esse,
2660 4313 2749 4349 nec
2783 4312 2930 4350 omne
2964 4296 3102 4365 quod
3132 4313 3235 4351 non
3272 4307 3367 4365 est,
3399 4314 3489 4351 ne-

1895 4406 2035 4445 cesse
2059 4399 2132 4443 est
2165 4405 2269 4443 non
2296 4406 2423 4443 esse.
2456 4387 2578 4442 Non
2608 4388 2742 4443 enim
2783 4388 2919 4443 idem
2947 4397 3021 4442 est
3049 4406 3199 4445 omne
3224 4390 3366 4462 quod
3390 4400 3486 4457 est,

1896 4483 2183 4537 necessario
2206 4499 2336 4550 esse,
2368 4480 2577 4551 quando
2606 4492 2705 4546 est,
2737 4491 2782 4535 et
2814 4481 3112 4553 simpliciter
3152 4498 3262 4537 esse
3304 4499 3366 4537 ea:
3395 4500 3489 4538 ne-

1898 4577 2156 4630 cessitate.
2191 4574 2447 4631 Similitcr
2473 4582 2646 4628 autem
2676 4574 2795 4627 etin
2829 4590 2886 4629 eo
2909 4578 3045 4645 quod
3083 4590 3183 4629 non
3208 4583 3303 4630 est.
3342 4575 3410 4631 Et
3436 4577 3491 4632 in

188 4665 334 4730 prius
364 4669 546 4732 exteri,
571 4668 669 4720 nisi
701 4669 941 4736 possibile
971 4681 1093 4724 esset
1118 4688 1219 4725 non
1252 4672 1431 4725 incidi.
1460 4671 1632 4740 Quare
1660 4679 1709 4725 et
1732 4674 1785 4727 in
1814 4646 1874 4709 D
1897 4667 2301 4722 contradictione
2323 4666 2500 4720 eadem
2520 4664 2655 4719 ratio
2680 4674 2773 4729 est,
2801 4683 2907 4720 esse
2930 4668 3133 4738 quidem
3157 4667 3234 4722 vel
3260 4685 3360 4722 non
3384 4684 3489 4724 esse

190 4757 305 4809 aliis
339 4758 542 4824 ﬁendis,
563 4776 878 4832 qutectmque
895 4763 1169 4815 secundum
1188 4764 1466 4832 potentiam
1490 4764 1788 4834 Itujustnodi

189 4847 452 4902 dicuntur.
484 4849 818 4921 Manifestum
849 4854 1002 4924 igitur
1023 4864 1094 4908 est
1120 4856 1361 4922 quoniam
1393 4873 1493 4909 non
1525 4856 1697 4909 omnia
1724 4872 1789 4910 ex

190 4940 494 4992 necessitate
523 4941 602 4995 vel
627 4951 766 5006 sunt,
792 4943 869 4996 vel
894 4944 1046 5010 ﬁunt,
1076 4944 1166 4997 sed
1196 4945 1301 4998 alia
1346 4944 1554 5015 quidem
1581 4954 1785 4999 utrum-

188 5027 333 5091 libet,
362 5037 408 5082 et
438 5046 541 5084 non
568 5034 733 5103 magis
770 5035 847 5087 vel
887 5035 1176 5105 affirmatio,
1211 5037 1287 5090 vel
1321 5039 1518 5109 negatio
1542 5055 1658 5093 cera
1690 5048 1784 5104 est,

190 5116 304 5171 alia
337 5135 456 5175 vero
486 5125 648 5194 magis
696 5127 922 5195 quidem,
946 5136 992 5180 et
1024 5129 1077 5181 in
1112 5129 1346 5200 pluribus
1388 5136 1607 5185 alterum
1634 5176 1646 5198 ,
1699 5130 1789 5186 sed

192 5216 452 5286 contingit
490 5220 604 5286 ﬁeri
624 5228 671 5273 et
709 5221 949 5288 alterum,
980 5223 1197 5277 alterunt
1230 5241 1346 5279 vero
1380 5226 1606 5279 minime.

262 5331 509 5405 Longum
541 5337 874 5407 hyperbaton
906 5350 1010 5404 est,
1058 5340 1202 5410 quod
1231 5355 1332 5395 nos
1370 5340 1517 5409 prius
1567 5341 1789 5408 exponi-

191 5440 335 5492 mus,
392 5439 581 5496 postea
622 5431 1019 5488 continuamus.
1070 5431 1257 5502 Liquet
1298 5433 1442 5486 enim
1488 5432 1788 5499 aliquarum

192 5530 375 5571 rerum
410 5534 510 5573 nos
540 5536 663 5577 esse
704 5523 1048 5594 principium,
1078 5534 1137 5577 ut
1191 5533 1405 5578 actuum
1454 5532 1785 5578 nostrorum.

190 5606 248 5664 Si
277 5610 398 5679 quis
416 5611 559 5666 enim
589 5613 793 5685 aliquid
823 5615 1051 5670 consilio
1080 5615 1261 5679 iaciat,
1306 5614 1563 5684 quidquid
1609 5616 1789 5669 cousi-

192 5698 415 5759 liatione
465 5709 772 5775 peregerit,
820 5708 938 5776 ejus
1001 5708 1080 5762 rei
1141 5707 1256 5777 ipse
1309 5707 1630 5775 principium
1681 5720 1783 5761 est.

194 5794 236 5848 A
265 5796 589 5853 consiliantc
626 5800 767 5853 enim
797 5798 1000 5867 incipit,
1038 5798 1296 5870 quidquid
1321 5797 1531 5852 (Μίνωι
1568 5797 1789 5851 solertia

193 5886 561 5947 ministratur.
601 5890 736 5949 Sunt
759 5893 903 5950 enim
926 5892 1172 5964 quanlatn
1209 5907 1331 5964 quae
1354 5900 1477 5948 actu
1500 5905 1609 5947 non
1638 5897 1787 5959 sunt,

1898 4777 2065 4826 omne,
2092 4778 2293 4815 necesse
2313 4770 2408 4827 est,
2441 4770 2488 4815 et
2512 4760 2740 4831 futurum
2762 4775 2892 4823 esse,
2915 4760 2993 4813 t'el
3013 4777 3136 4818 non.
3169 4759 3291 4816 Non
3319 4772 3491 4816 tamen

1897 4854 2205 4908 dividentem
2229 4854 2401 4907 dicere
2423 4856 2641 4909 alterum
2666 4855 3024 4908 neccssa'rium.
3076 4853 3203 4907 Dico
3231 4865 3400 4908 autem
3435 4863 3493 4907 ut

1896 4963 2097 5001 necesse
2122 4955 2194 5001 est
2215 4945 2421 5017 quidem
2452 4963 2562 5002 esse
2592 4950 2821 5018 futurum
2844 4946 3031 5000 bellum
3054 4948 3231 5002 navale
3252 4964 3389 5012 cras,
3412 4948 3491 5001 vel

1897 5056 2001 5094 non
2048 5040 2286 5109 futurum
2310 5055 2435 5095 esse.
2473 5038 2580 5094 Sed
2603 5055 2705 5093 non
2751 5056 2953 5095 necesse
3006 5048 3078 5094 est
3118 5041 3352 5110 futurum
3384 5054 3493 5094 esse

1900 5151 2014 5189 cras
2064 5135 2251 5188 bellum
2274 5135 2476 5197 navale,
2520 5132 2599 5188 vel
2645 5150 2746 5188 non
2783 5138 3014 5203 futurum
3052 5151 3180 5190 esse.
3230 5131 3493 5187 Futurum

1903 5239 2069 5283 autem
2100 5229 2178 5283 vel
2197 5246 2323 5293 esse,
2358 5230 2434 5282 vel
2457 5245 2558 5281 non
2580 5245 2686 5282 esse
2712 5245 2912 5282 necesse
2932 5239 3024 5283 est.

1972 5319 2126 5373 Nunc
2155 5319 2281 5389 quid
2332 5322 2400 5373 sit
2451 5320 2816 5375 necessarium
2871 5319 3167 5389 temporale
3212 5318 3489 5373 describit.

1900 5416 1989 5469 Ait
2028 5415 2172 5468 enim
2206 5414 2381 5467 omnis
2413 5430 2500 5467 res
2523 5413 2737 5482 quando
2760 5423 2860 5479 est,
2889 5430 3008 5468 eam
3031 5414 3148 5467 sine
3176 5412 3340 5467 dttbio
3368 5427 3492 5468 esse

1902 5522 2125 5563 necesse
2156 5518 2259 5561 ρει.
2288 5505 2402 5559 Non
2446 5506 2587 5561 enint
2617 5506 2732 5562 ﬁeri
2778 5515 2950 5573 potest
2980 5512 3040 5559 ut
3080 5519 3200 5558 cum
3236 5513 3338 5569 est,
3383 5519 3490 5559 non

1900 5605 1991 5668 sit,
2024 5609 2080 5655 et
2110 5615 2296 5654 rursus
2322 5612 2409 5654 res
2437 5615 2554 5668 qua:
2586 5616 2689 5653 non
2715 5609 2819 5660 est,
2851 5596 3069 5665 quando
3106 5611 3210 5651 non
3240 5604 3340 5661 est,
3370 5610 3492 5650 eam

1901 5711 2007 5747 non
2057 5708 2177 5747 esse
2230 5706 2451 5746 necesse
2483 5700 2586 5755 est,
2645 5705 2820 5757 neque
2852 5689 2992 5742 enim
3028 5687 3142 5743 ﬁeri
3201 5698 3395 5757 potest,
3435 5700 3490 5744 ut

1899 5787 2112 5855 quando
2139 5803 2242 5839 non
2277 5795 2377 5848 est,
2436 5784 2536 5847 sit;
2588 5782 2681 5837 sed
2733 5781 2778 5835 si
2815 5780 3029 5849 quando
3056 5790 3159 5847 est,
3207 5795 3325 5836 eam
3369 5795 3492 5836 esse

1900 5902 2128 5946 necesse
2154 5893 2255 5952 est,
2292 5883 2344 5939 id
2377 5891 2483 5954 est,
2528 5898 2635 5939 non
2666 5879 2892 5952 simplex
2925 5881 3321 5952 necessarium,
3351 5881 3494 5948 sicut
