4022 6332
471 283 582 344 559

1724 278 1830 341 ΑΝ.
1871 276 2082 341 MAN!»
2118 277 2271 339 SEV.
2314 275 2536 335 BOETII

3650 264 3755 323 ιω

474 401 646 457 solem
666 398 795 453 oriri
816 397 1151 465 simpliciter,
1180 393 1272 447 sed
1294 393 1657 462 temporaliter
1674 393 2060 458 necessarium,
2096 392 2149 463 Α
2173 390 2314 460 quod
2345 399 2428 444 est
2458 398 2652 459 praeter
2670 388 2926 459 temporis
2948 388 3311 463 adiectionem
3340 403 3354 439 :
3384 387 3457 451 ita
3480 386 3533 445 in
3545 391 3759 449 contrr

480 500 541 547 ut
563 492 747 555 sedeo,
776 506 880 544 non
932 488 1131 542 idcirco
1182 485 1532 554 simpliciter,
1576 494 1631 540 et
1660 487 1778 539 sine
1812 485 2068 552 temporis

479 587 767 657 praesentis
816 582 1175 651 descriptione
1214 596 1279 635 ex
1334 579 1655 634 necessitate
1705 587 1808 634 est.
1842 578 2069 645 Quando

478 680 624 735 enim
651 677 832 740 sedeo,
865 690 970 729 non
996 682 1179 743 .potest
1220 674 1331 727 ﬁeri
1362 682 1418 727 ut
1467 687 1571 725 non
1617 671 1855 733 sedeam,
1887 682 1941 725 et
1970 685 2068 724 ne-

478 785 633 826 cosse
659 777 743 825 est
764 767 893 822 mihi
947 776 1071 820 tunc
1117 765 1307 821 sedere
1354 779 1475 819 cum
1528 763 1724 829 sedeo,
1766 761 1861 817 sed
1893 762 2065 831 ipsum

476 863 667 919 sedere
711 860 842 915 mihi
900 875 1005 915 non
1046 874 1110 914 ex
1139 858 1459 914 necessitate
1491 857 1651 920 inest,
1681 870 1894 925 possum
1926 855 2068 909 enim

477 967 724 1024 surgere.
748 952 958 1006 Rursus
1003 966 1124 1005 cum
1152 966 1257 1005 non
1287 950 1471 1013 sedeo,
1501 958 1624 1003 tunc
1670 949 1799 1002 inibi
1851 962 2070 1002 necesse

478 1056 560 1102 est
590 1060 695 1100 non
729 1046 943 1106 sedere,
987 1042 1081 1097 sed
1111 1045 1282 1113 ipsum
1318 1059 1422 1095 non
1455 1041 1668 1105 sedere,
1698 1040 1827 1093 mihi
1866 1056 1930 1093 ex
1976 1053 2067 1093 ne-

481 1140 735 1195 cessitate
770 1154 873 1193 non
908 1138 1067 1202 inest,
1104 1151 1321 1206 possum
1353 1135 1498 1191 enim
1531 1135 1720 1190 sedere
1748 1150 1762 1196 ;
1787 1133 2067 1202 ergoqnod

480 1244 587 1297 est,
609 1233 824 1301 quando
857 1240 961 1296 est,
992 1248 1057 1285 ex
1090 1231 1411 1285 necessitate
1440 1241 1542 1294 cst,
1575 1239 1627 1281 et
1654 1228 1795 1305 quod
1831 1236 2064 1305 nonest,

479 1336 606 1379 tunc
635 1340 757 1378 cum
803 1339 910 1378 non
940 1335 1044 1388 est,
1081 1324 1192 1377 ﬁeri
1241 1333 1298 1376 ut
1344 1338 1447 1374 non
1469 1322 1540 1376 sit
1571 1338 1673 1374 non
1707 1330 1899 1390 potest.
1956 1319 2067 1371 Non

479 1429 661 1473 tamen
686 1420 863 1473 omnia
898 1430 1230 1486 quaecunque
1266 1423 1390 1467 sunt
1431 1423 1521 1466 aut
1562 1429 1666 1466 non
1708 1420 1854 1478 sunt,
1884 1419 1973 1463 aut
2004 1424 2069 1463 ex

480 1513 803 1567 necessitate
832 1521 977 1573 sunt,
1006 1521 1204 1578 printer
1240 1508 1497 1576 temporis
1537 1507 1821 1579 przcsentis
1858 1518 2066 1557 nuncu-

480 1600 773 1673 pationem.
804 1614 895 1657 aut
918 1620 980 1657 ex
1016 1602 1339 1657 necessitafc
1387 1617 1491 1653 non
1542 1610 1685 1664 sunt,
1732 1599 1875 1651 nulla
1919 1613 2069 1651 men-

482 1698 627 1752 tione
668 1695 946 1765 praesentis
974 1693 1231 1762 temporis
1273 1696 1430 1747 facta.
1466 1694 1641 1758 Quare
1691 1707 1794 1744 non
1833 1699 1935 1746 est.
1991 1689 2071 1741 in-

2140 544 2145 547 _
2175 481 2412 536 dictione
2448 481 2806 552 conitingenti,
2833 481 3249 541 afﬁrmationem
3278 481 3499 554 quidem
3537 480 3620 538 vel
3663 492 3759 535 ne-

2174 576 2443 645 galionem
2501 589 2682 628 veram
2724 588 2846 630 esse
2888 589 3112 630 necesse
3168 584 3273 642 est,
3319 589 3428 629 non
3459 581 3633 629 tamen
3674 568 3764 635 vel

2177 666 2588 722 alﬁrmationem
2620 667 2942 739 simpliciter
2966 682 3029 723 ac
3057 667 3277 724 deﬁnite
3305 681 3516 736 veram,
3557 664 3642 720 vel
3667 678 3766 725 n6-

2173 760 2468 830 gationcm,
2521 758 2616 814 sed
2649 759 2960 815 utramlibet
3014 769 3068 816 et
3112 774 3272 831 quam
3321 767 3483 819 certa:
3523 752 3766 817 veritatis

2184 851 2522 907 constituerit
2550 861 2795 908 eventus.

2251 956 2421 1022 Quare
2443 957 2681 1026 quoniam
2714 955 2948 1013 similiter
2981 956 3238 1013 orationes
3272 967 3404 1009 vere
3427 958 3569 1017 sunt,
3589 964 3768 1020 quent-

2179 1048 2459 1100 admodum
2484 1057 2530 1100 et
2556 1063 2660 1114 res,
2705 1046 3037 1117 manifestum
3067 1054 3162 1115 est,
3191 1044 3432 1115 quoniam
3456 1054 3770 1112 quiscunque

2174 1141 2247 1193 sic
2272 1156 2325 1194 se
2350 1140 2562 1207 habent,
2594 1149 2648 1194 ut
2691 1137 2982 1193 utrumlibet
3010 1137 3140 1201 sint,
3165 1144 3213 1190 et
3234 1135 3495 1191 contraria
3537 1128 3769 1200 ipsoruin

2176 1234 2492 1303 contingant,
2521 1247 2723 1287 necesse
2765 1241 2836 1287 est
2865 1229 3100 1285 similiter
3127 1244 3180 1283 se
3208 1227 3393 1287 habere
3418 1234 3468 1281 et
3500 1222 3766 1281 cantradi‘

2177 1327 2417 1391 ctionent,
2441 1326 2577 1395 quod
2610 1323 2856 1394 contingit
2886 1310 3043 1376 in'his
3069 1335 3186 1391 qua
3208 1335 3312 1381 non
3333 1332 3531 1388 semper
3554 1322 3698 1381 sunt,
3723 1319 3771 1371 et

2178 1432 2281 1469 non
2311 1432 2507 1484 semper
2539 1430 2638 1468 non
2660 1422 2802 1467 sunt.
2834 1413 3038 1467 Horum
3064 1411 3202 1469 enim
3226 1424 3427 1469 namss
3450 1415 3521 1461 est
3550 1404 3774 1463 altera!

2176 1515 2372 1576 partem
2407 1504 2819 1560 contradictionis
2847 1520 3017 1557 veram
3058 1518 3167 1557 esse
3200 1502 3277 1559 vel
3304 1500 3510 1573 falsam.
3547 1496 3601 1553 Ν
3607 1513 3678 1559 att
3698 1505 3774 1550 ta-

2174 1613 2287 1650 men
2317 1596 2412 1649 hoc
2447 1596 2519 1650 vel
2564 1596 2728 1659 illud,
2777 1594 2865 1649 sed
2898 1592 3223 1659 utrumlibet,
3256 1602 3304 1647 et
3351 1590 3517 1661 magis
3556 1589 3764 1661 quidem

2176 1689 2393 1741 alteram
2417 1704 2605 1749 veram,
2631 1704 2733 1740 non
2758 1698 2921 1741 tamen
2934 1688 3050 1759 jam
3080 1702 3250 1741 veram
3270 1684 3348 1743 vel
3374 1685 3577 1757 falsam
3604 1683 3775 1752 Quare

482 1793 620 1861 quit,
652 1792 791 1845 idem
846 1790 1213 1859 tcinporaliter
1261 1788 1625 1841 necessarium
1679 1800 1826 1847 esse,
1875 1795 1931 1836 ut
1986 1792 2069 1836 est
2101 1777 2149 1847 Β
2177 1782 2502 1850 manifestum
2532 1791 2627 1843 est,
2652 1779 2895 1848 quoniam
2920 1788 3116 1835 nonest
3142 1793 3343 1837 necesse
3364 1776 3529 1832 omnis
3548 1775 3777 1846 αθῑνιιι-

484 1887 759 1941 mihicum
789 1885 972 1949 sedeo,
1019 1895 1072 1937 et
1121 1882 1436 1950 sitttplit'ilt'l‘
1478 1896 1542 1933 ex
1577 1880 1899 1933 neCessitate
1926 1890 2068 1939 esse,

484 1985 543 2032 ut
565 1975 766 2029 ltomini
820 1975 1141 2039 mortalitas,
1171 1987 1266 2026 nec
1298 1972 1441 2024 idem
1495 1986 1523 2023 ε
1558 1978 1592 2032 ι,
1655 1984 1777 2022 cunt
1837 1982 1941 2021 non
1989 1975 2074 2021 est

483 2066 793 2123 necessario
833 2080 939 2120 non
999 2079 1139 2129 esse,
1198 2071 1252 2116 ut
1297 2063 1423 2115 mihi
1474 2078 1594 2113 cum
1639 2076 1742 2111 non
1776 2058 1937 2113 sedeo
1968 2073 2072 2111 non

482 2159 626 2215 inest
652 2158 861 2222 sedere,
890 2166 945 2211 et
973 2155 1112 2225 quod
1156 2155 1472 2223 simpliciter
1515 2169 1583 2207 ex
1618 2152 1940 2206 necessitate
1968 2166 2073 2204 non

483 2250 680 2315 habeo,
706 2258 764 2303 ut
794 2258 902 2304 tres
929 2248 1114 2303 oculos
1158 2247 1239 2300 vel
1270 2246 1755 2307 immortalitatem,
1787 2253 1947 2312 atque
1974 2242 2075 2296 hoc

484 2351 569 2399 est
597 2341 738 2412 quod
773 2342 869 2410 ait,
895 2341 1145 2395 similiter
1171 2349 1348 2392 autem
1375 2347 1429 2392 et
1460 2338 1510 2391 in
1544 2352 1608 2393 eo
1637 2336 1778 2405 quod
1823 2351 1932 2389 non
1970 2346 2073 2390 est.

484 2434 600 2490 lloc
624 2444 804 2490 autem
835 2449 932 2489 cur
954 2433 1152 2488 dixerit
1192 2433 1453 2503 sequitur,
1489 2441 1541 2485 et
1567 2430 1620 2485 in
1642 2427 2076 2482 contradictione

486 2527 677 2583 eadem
724 2528 861 2583 ratio
909 2536 1014 2593 est,
1073 2542 1194 2580 esse
1253 2524 1470 2595 quidem
1516 2524 1595 2577 vel
1641 2538 1745 2576 non
1769 2536 1888 2575 esse
1918 2535 2079 2575 omne

486 2636 710 2678 necesse
732 2628 834 2687 est,
859 2631 910 2675 ct
933 2620 1170 2675 futurum
1192 2633 1311 2673 esse
1334 2618 1415 2671 vel
1443 2634 1546 2671 non
1571 2631 1711 2677 esse.
1744 2615 1950 2670 Similis
1972 2624 2077 2678 est,

486 2716 685 2786 inquit,
730 2714 865 2769 ratio
897 2714 947 2768 in
995 2711 1511 2767 contradictionibus
1541 2709 1995 2779 contingentibus,
2027 2716 2081 2761 et

484 2809 541 2865 in
576 2808 659 2863 his
687 2824 829 2878 quae,
854 2823 974 2861 cum
1024 2816 1171 2873 sunt,
1197 2805 1489 2860 secundum
1523 2814 1731 2872 tempus
1774 2802 2078 2856 necessaria

484 2912 634 2969 sunt,
666 2902 986 2973 simpliciter
1017 2911 1197 2955 autem
1248 2900 1550 2953 necessaria
1598 2912 1702 2950 non
1749 2904 1890 2949 sunt.
1948 2894 2078 2947 Nam

488 2996 544 3050 in
569 2995 764 3049 futuris
786 3004 841 3049 et
880 2994 931 3047 in
962 2991 1397 3061 contingentibus
1428 2989 1966 3050 contradictionibus,
1999 2995 2081 3039 to-

490 3095 599 3142 tam
616 3086 828 3156 quidem
850 3084 1330 3140 contradictionem
1350 3098 1568 3136 necesse
1597 3090 1679 3135 est
1708 3095 1866 3135 unam
1900 3094 2079 3134 veram

2179 1875 2330 1927 tionis
2357 1884 2403 1926 et
2433 1874 2719 1942 negationis
2749 1873 3104 1945 oppositurum
3152 1873 3285 1927 hanc
3323 1871 3527 1941 quidem
3561 1884 3737 1933 verum
3756 1910 3770 1936 ,

2178 1963 2325 2019 illam
2353 1981 2469 2019 vero
2502 1965 2689 2033 falsam
2732 1979 2857 2018 esse.
2895 1962 3075 2033 Neque
3098 1963 3237 2017 enim
3267 1960 3700 2027 quemadmodum
3723 1958 3773 2013 in

2180 2059 2259 2111 his
2281 2073 2396 2126 quis
2412 2067 2552 2120 sunt,
2576 2056 2648 2110 sic
2670 2071 2722 2109 se
2748 2070 2830 2108 res
2846 2054 2994 2109 habet
3022 2054 3175 2118 etiam
3193 2053 3246 2109 in
3270 2052 3352 2107 his
3367 2068 3481 2122 quia
3508 2068 3613 2107 non
3638 2058 3775 2116 sunt,

2181 2148 2504 2218 possibilibns
2533 2156 2702 2203 tamen
2745 2162 2883 2212 esse,
2918 2146 2995 2199 vel
3024 2162 3125 2199 non
3155 2161 3261 2200 esse
3281 2188 3296 2217 ,
3328 2143 3417 2199 sed
3445 2142 3777 2214 qumadmo-

2182 2244 2304 2296 dum
2343 2242 2537 2296 dictum
2567 2250 2662 2295 est.

2257 2358 2482 2422 Habent,
2517 2355 2707 2426 inquit,
2739 2354 3031 2424 quamdam
3055 2352 3432 2423 cognationem
3459 2362 3567 2418 res,
3600 2356 3663 2406 et
3689 2346 3777 2404 illa

2183 2466 2303 2519 quae
2334 2465 2419 2505 res
2450 2451 2594 2519 ipsas
2613 2448 2826 2518 propria
2855 2445 3249 2517 signiﬁcatione
3274 2442 3571 2514 designant.
3597 2440 3781 2509 Quae

2184 2548 2237 2592 et
2265 2537 2436 2591 oratio
2481 2551 2599 2605 quae
2647 2535 2893 2604 designat
2933 2542 3096 2602 atque
3134 2531 3400 2603 signiﬁcat
3427 2543 3577 2596 rem,
3612 2528 3697 2585 sic
3722 2540 3779 2582 se

2187 2630 2426 2695 habebit,
2457 2627 2909 2698 quemadmodum
2931 2639 3019 2681 res
3045 2626 3158 2692 ipsa
3182 2634 3283 2679 est.
3319 2623 3460 2695 Ergo
3484 2621 3530 2678 si
3551 2636 3645 2678 res
3678 2632 3779 2679 nua

2187 2720 2365 2787 fuerit,
2401 2720 2533 2774 falsa
2566 2718 2738 2777 oratio
2768 2726 2880 2784 est;
2915 2719 2961 2772 si
2992 2731 3079 2773 res
3112 2716 3291 2783 fuerit,
3313 2729 3439 2795 vera
3462 2712 3640 2779 oratio
3670 2723 3779 2778 est;

2189 2824 2239 2869 et
2271 2815 2316 2875 si
2350 2829 2475 2868 vera
2504 2813 2585 2869 vel
2616 2813 2745 2868 falsa
2774 2812 2948 2873 oratio
2967 2820 3070 2875 est,
3100 2808 3202 2871 erit
3237 2808 3287 2867 id
3310 2806 3454 2881 quod
3481 2806 3683 2862 dicitur
3702 2804 3784 2863 vel

2188 2922 2296 2962 non
2330 2907 2450 2971 erit,
2489 2914 2545 2960 ut
2573 2904 2674 2959 sibi
2703 2919 2789 2959 res
2816 2914 2870 2965 et
2910 2903 3084 2957 oratio
3129 2908 3539 2959 convertantur.
3572 2896 3719 2967 Ergo
3746 2896 3784 2953 Si

2191 3016 2279 3059 res
2327 3002 2618 3057 constituta
2652 3013 2756 3057 non
2786 3006 2891 3064 est,
2924 3011 3024 3059 nec
3054 2995 3271 3052 deﬁnita
3306 2992 3635 3051 necessitate
3665 3004 3787 3060 pro-

2193 3096 2446 3160 venicns,
2476 3109 2574 3149 nec
2607 3093 2695 3149 illa
2724 3094 2928 3159 oratio,
2960 3105 3082 3160 qua:
3129 3103 3244 3145 rem
3284 3087 3456 3158 ipsam
3500 3084 3749 3155 designat
3770 3122 3785 3147 ,

490 3178 691 3234 habere
708 3188 933 3247 partem,
959 3176 1181 3231 alteram
1202 3175 1413 3238 falsam,
1436 3185 1492 3229 ut
1512 3175 1690 3243 siquis
1706 3174 1939 3228 afﬁrmet
1961 3188 2079 3229 cras

2194 3188 2430 3243 deﬁnitze
2457 3196 2539 3243 est
2568 3186 2823 3243 veritatis.
2858 3185 2999 3255 Ergo
3032 3185 3088 3239 in
3116 3182 3314 3253 quibus
3343 3180 3508 3239 rebus
3535 3179 3789 3255 possibile

490 3270 690 3327 bellum
725 3269 912 3325 navale
945 3268 1217 3333 futurum;
1251 3268 1301 3321 id
1336 3281 1464 3336 ergo
1489 3263 1595 3320 nun
1626 3275 1708 3322 est
1753 3280 2005 3320 necesse:
2032 3275 2086 3321 et

489 3378 683 3421 rursus
707 3363 752 3419 si
778 3364 896 3435 quis
929 3373 1085 3431 neget
1137 3377 1242 3415 non
1289 3360 1545 3426 futurum,
1609 3368 1691 3414 est
1748 3357 1963 3429 quidem
1995 3367 2085 3413 aut

492 3473 635 3525 esse,
658 3465 751 3511 aut
778 3471 883 3511 non
903 3471 1023 3511 esse
1055 3469 1302 3519 necesse,
1336 3452 1430 3509 scd
1460 3460 1666 3507 nonest
1695 3464 1920 3506 necesse
1942 3465 2083 3513 esse,

493 3564 596 3606 nec
634 3564 820 3606 rursus
864 3563 1087 3605 necesse
1141 3556 1224 3603 est
1273 3564 1375 3601 non
1427 3560 1571 3611 esse,
1606 3542 1703 3599 sed
1746 3550 1951 3598 tantum
1996 3551 2087 3596 aut

491 3658 613 3699 esse
634 3654 726 3698 aut
756 3658 862 3699 non
890 3656 1039 3705 esse;
1071 3641 1273 3695 idcirco
1316 3648 1425 3693 tota
1455 3638 1671 3709 quidem
1703 3636 2084 3702 contradictio,

492 3751 651 3791 unam
698 3734 918 3790 habebit
962 3744 1166 3803 partem
1213 3747 1416 3798 veram,
1464 3733 1687 3787 alteram
1739 3730 1960 3796 falsam,
1989 3729 2084 3784 sed

490 3844 597 3885 non
660 3827 763 3882 erit
827 3827 1066 3894 ipsorum
1112 3840 1216 3877 una
1266 3824 1486 3877 deﬁnite
1529 3837 1676 3889 vera,
1734 3820 1869 3875 falsa
1916 3821 2083 3875 altera

492 3921 733 3975 definite.
770 3917 825 3972 in
877 3915 1163 3985 praeteritis
1215 3915 1358 3968 enim
1392 3914 1468 3968 sic
1521 3913 1749 3969 dicimus
1784 3932 1796 3967 :
1829 3912 2085 3968 Romulus

492 4017 719 4072 Romam
771 4009 1039 4074 condidit,
1098 4008 1355 4062 Itomulus
1388 4008 1613 4061 Romam
1651 4021 1757 4062 non
1793 4005 2035 4061 condidit
2069 4021 2083 4069 ;

492 4124 600 4163 una
632 4105 848 4173 quidem
873 4118 997 4156 vera
1024 4110 1127 4167 est,
1156 4100 1326 4155 altera
1360 4098 1630 4166 falsa,sed
1656 4098 1714 4156 in
1745 4098 1827 4153 his
1862 4096 2085 4153 deﬁnite

493 4216 618 4255 vera
652 4206 735 4253 est
763 4196 1071 4260 afﬁrmatio,
1096 4193 1314 4250 definite
1353 4193 1492 4250 falsa
1522 4192 1757 4264 negatio.
1792 4193 1923 4248 Nam
1958 4193 2084 4263 quia

493 4290 633 4361 quod
668 4289 865 4343 factum
896 4301 1000 4351 εει,
1032 4288 1145 4342 ﬁeri
1172 4294 1231 4340 ut
1255 4289 1452 4342 factum
1481 4300 1587 4341 non
1621 4286 1710 4352 sit,
1746 4301 1853 4341 non
1886 4295 2081 4355 potest,

495 4388 617 4440 idco
648 4382 867 4437 (infinite
899 4383 949 4436 in
985 4381 1255 4452 praeterito
1277 4380 1636 4436 contradictio
1668 4394 1794 4435 vera
1836 4379 1920 4434 vel
1950 4378 2085 4433 falsa

494 4489 594 4533 est.
629 4477 681 4530 In
712 4476 903 4531 futuris
932 4490 1059 4530 vero
1089 4472 1550 4546 propositionibus
1581 4487 1688 4529 non
1729 4472 1869 4528 idem
1919 4480 2003 4527 est
2032 4472 2085 4525 in

2196 3291 2281 3335 est
2329 3296 2434 3335 non
2465 3280 2625 3335 modo
2653 3292 2806 3343 esse,
2840 3277 2935 3337 sed
2966 3277 3127 3335 etiam
3159 3289 3266 3337 non
3296 3288 3417 3333 esse
3444 3272 3787 3343 contingere,

2194 3372 2247 3425 in
2282 3370 2365 3426 his
2386 3370 2674 3429 afﬁrmatio
2697 3378 2752 3426 et
2780 3369 2994 3439 negatio
3024 3365 3340 3425 utrumlibet
3366 3378 3488 3427 sese
3512 3363 3710 3431 habet.
3739 3371 3791 3423 et

2193 3461 2644 3531 quemadmodum
2679 3474 2789 3515 rem
2822 3461 3024 3529 ipsam,
3055 3466 3110 3515 et
3144 3471 3268 3517 esse
3296 3464 3351 3514 et
3377 3470 3485 3519 non
3511 3468 3639 3513 esse
3665 3467 3790 3511 eon-

2195 3554 2371 3624 tingit,
2403 3553 2473 3606 ita
2499 3566 2713 3623 quoque
2733 3550 3213 3609 contradictionem
3236 3557 3292 3605 et
3318 3562 3499 3609 veram
3523 3545 3791 3603 eLfalsatn

2197 3662 2317 3703 esse
2345 3646 2622 3702 indeﬁnite
2673 3644 2970 3714 proveniet.
3022 3644 3133 3697 Hoc
3161 3652 3339 3698 autem
3369 3642 3423 3695 in
3449 3640 3649 3709 quibus
3681 3639 3788 3702 ﬁat.

2195 3742 2310 3809 ipse
2339 3740 2594 3802 declarat,
2627 3740 2700 3793 ait
2721 3738 2864 3795 enim
2897 3757 2908 3791 :
2935 3738 2989 3792 In
3020 3737 3102 3795 his
3123 3752 3243 3809 quin
3272 3750 3381 3797 non
3408 3748 3626 3804 semper
3644 3739 3789 3797 sunt,

2195 3841 2251 3888 et
2281 3847 2386 3886 non
2413 3847 2628 3900 semper
2658 3847 2763 3886 non
2794 3840 2939 3898 sunt,
2968 3832 3082 3886 sola
3113 3830 3254 3887 enim
3287 3837 3413 3886 sunt
3441 3843 3564 3899 qua:
3590 3835 3649 3883 et
3676 3839 3791 3881 esse

2195 3930 2250 3977 et
2272 3938 2375 3976 non
2398 3936 2517 3977 esse
2538 3922 2874 3993 contingunt,
2905 3938 3023 3992 qua:
3050 3936 3156 3978 non
3185 3936 3401 3990 semper
3426 3927 3575 3985 sunt,
3601 3928 3659 3975 et
3688 3932 3789 3974 non

2198 4030 2411 4086 semper
2437 4029 2544 4070 non
2574 4024 2699 4070 sunt
2723 4032 2737 4080 ;
2767 4015 2812 4070 si
2843 4015 2987 4070 enim
3020 4029 3235 4086 semper
3264 4021 3470 4079 essent,
3497 4020 3679 4069 status
3703 4025 3793 4066 eo-

2195 4125 2316 4166 rum
2348 4108 2540 4164 mutari
2590 4124 2695 4164 non
2744 4118 2961 4179 posset,
2996 4117 3157 4180 atque
3203 4108 3325 4164 ideo
3371 4122 3435 4162 ex
3469 4106 3797 4163 necessitate

2196 4212 2377 4258 essent
2396 4218 2421 4269 ;‘
2443 4202 2488 4257 si
2521 4210 2699 4258 autem
2729 4216 2942 4270 semper
2970 4214 3076 4255 non
3125 4210 3327 4266 essent,
3375 4212 3469 4253 eas
3498 4211 3606 4251 non
3636 4208 3795 4261 esse,

2197 4311 2423 4353 necesse
2454 4304 2622 4353 esset.
2658 4295 2871 4351 Etenim
2902 4294 3039 4350 sicut
3088 4294 3201 4365 ipsa
3227 4300 3422 4351 natura
3453 4305 3643 4347 rerum
3671 4304 3799 4345 eve-

2196 4390 2459 4447 nientium
2493 4399 2576 4445 est
2602 4387 2746 4443 varia
2766 4427 2784 4456 ,
2814 4387 2884 4440 ita
2912 4401 3125 4456 quoque
3169 4384 3340 4441 altera
3368 4396 3495 4455 pars
3523 4380 3800 4438 contradi-

2196 4480 2389 4537 ctionis
2414 4479 2573 4537 habet
2601 4478 2914 4534 variabilem
2943 4478 3245 4542 veritatem,
3266 4484 3320 4530 et
3339 4488 3558 4547 semper
3576 4473 3801 4545 quidem

497 4571 582 4624 Itis
608 4570 812 4625 scilicet
833 4584 953 4637 qua:
983 4567 1353 4638 contingentia
1380 4564 1686 4637 signiﬁcant
1724 4573 1784 4619 ut
1822 4566 1868 4619 εἰ
1909 4564 2087 4619 dicam
2116 4550 2172 4612 Ι)
2196 4588 2322 4629 vera
2354 4574 2437 4628 vel
2494 4572 2626 4627 falsa
2674 4582 2790 4638 est,
2822 4585 2928 4626 non
2959 4579 3136 4625 tamen
3166 4583 3268 4623 una
3318 4567 3574 4633 deﬁnite,
3609 4572 3673 4621 ut
3703 4566 3803 4621 hoc

496 4660 827 4714 I’ttiloxenus
874 4669 1185 4713 coenaturus
1233 4666 1347 4726 est,
1397 4657 1731 4714 Pbiloxenus
1778 4667 2091 4712 cenaturus

497 4768 603 4808 non
632 4762 732 4806 est.
758 4750 812 4805 In
841 4760 949 4806 tota
981 4750 1198 4821 quidem
1225 4750 1672 4813 contradictione,
1698 4764 1804 4804 una
1836 4762 1962 4803 vera
1984 4758 2087 4814 est,

497 4846 665 4901 altera
690 4843 849 4910 falsa,
881 4844 974 4899 sed
1009 4844 1187 4899 nullus
1215 4854 1390 4914 potest
1418 4844 1684 4911 dividere,
1717 4854 1773 4900 ut
1804 4844 1950 4901 dicat
1998 4856 2088 4901 aut

495 4936 924 4993 afﬁrmationem
968 4938 1261 4993 constitute
1289 4946 1345 4993 et
1374 4937 1598 4994 deﬁnite
1628 4954 1813 4995 veram
1842 4953 1961 4995 esse
1991 4952 2084 4997 aut

501 5032 871 5106 negationem.
914 5034 1053 5087 Ante
1074 5031 1217 5085 enim
1246 5046 1406 5100 quam
1430 5042 1631 5104 cumet,
1658 5034 1988 5091 indeﬁnitum
2011 5044 2095 5092 est

496 5132 554 5181 et
584 5123 838 5179 variabile
896 5138 964 5177 an
1008 5131 1206 5180 cmnet.
1270 5123 1562 5195 Postquam
1615 5141 1741 5182 vero
1796 5130 2092 5185 manaverit

496 5218 835 5289 prateritum
891 5214 1167 5283 deﬁnitur,
1201 5216 1362 5289 igitur
1386 5228 1478 5274 aut
1505 5234 1627 5277 esse
1677 5233 1769 5276 aut
1814 5239 1922 5279 non
1965 5240 2086 5281 esse

497 5309 702 5381 aliquid
729 5310 782 5364 in
825 5309 1015 5364 futuris
1064 5310 1583 5367 contradictionibus
1628 5328 1851 5370 necesse
1877 5324 1978 5371 est.
2024 5317 2092 5372 Ut

497 5411 677 5461 autem
705 5417 871 5458 unum
906 5402 1017 5469 flat,
1045 5411 1100 5459 et
1129 5418 1293 5459 unum
1322 5418 1427 5459 non
1458 5404 1569 5471 ﬁat,
1598 5420 1706 5460 non
1732 5416 1815 5463 est
1843 5422 2089 5471 necesse,

501 5499 558 5552 in
610 5512 720 5568 quo
747 5497 909 5568 igitur
949 5495 1249 5554 similitudo
1296 5505 1381 5554 est
1430 5496 1789 5568 contingentis
1821 5500 2096 5555 contradi-

500 5588 694 5645 ctionis
717 5599 772 5645 et
802 5590 1131 5661 temporalis,
1179 5604 1352 5661 neque
1405 5588 1665 5660 simplicis
1719 5593 2101 5647 necessitatis?

502 5682 557 5736 in
582 5696 651 5736 eo
672 5682 901 5749 scilicet,
923 5683 1045 5753 quia
1100 5684 1239 5738 sicut
1268 5697 1490 5739 necesse
1539 5692 1621 5738 est
1655 5698 1777 5739 esse
1819 5687 1958 5754 quod
1992 5694 2096 5751 est,

507 5773 722 5839 quando
747 5782 852 5846 est,
883 5789 990 5834 non
1021 5785 1197 5835 tamen
1238 5774 1556 5846 simpliciter
1591 5791 1813 5838 necesse
1842 5786 1926 5838 est
1952 5793 2096 5849 esse.

2198 4681 2383 4722 verum
2421 4667 2491 4720 sit
2518 4663 2897 4730 determinate,
2940 4672 3029 4718 aut
3061 4661 3211 4727 illud,
3238 4659 3333 4716 sed
3362 4658 3709 4715 utrumlibet.
3742 4656 3807 4712 Et

2199 4759 2339 4814 sicut
2364 4765 2534 4812 status
2557 4755 2672 4826 ipse
2702 4770 2880 4810 rerum
2921 4750 3195 4815 mutabilis
3225 4761 3331 4821 est,
3360 4751 3434 4805 ita
3454 4763 3681 4821 quoque
3717 4764 3807 4803 ve-

2205 4858 2338 4913 ritas
2388 4865 2480 4915 aut
2516 4855 2719 4912 falsitas
2773 4852 3197 4924 propositionum
3246 4848 3565 4906 dubitabilis
3593 4848 3709 4916 sit,
3757 4857 3809 4902 et

2208 4948 2423 5005 eveniet
2464 4946 2702 5018 quidem,
2746 4943 2881 4999 utin
2914 4942 3180 5010 aliquibus
3210 4939 3546 5013 frequentius
3585 4955 3698 4995 una
3742 4940 3811 4994 sit

2206 5057 2357 5108 vera,
2390 5056 2497 5097 non
2540 5050 2717 5095 tamen
2743 5052 2978 5108 semper,
3008 5044 3063 5091 et
3094 5046 3151 5089 ut
3178 5051 3279 5090 una
3307 5035 3481 5089 rarius
3513 5048 3672 5101 vera,
3702 5049 3810 5087 non

2206 5144 2388 5190 tamen
2437 5146 2554 5187 eam
2609 5129 2798 5184 falsam
2846 5141 2966 5183 esse
3004 5140 3225 5181 necesse
3263 5124 3334 5181 sit
3376 5139 3616 5194 semper,
3662 5122 3812 5195 quod

2207 5239 2307 5294 per
2348 5225 2447 5277 hoc
2479 5218 2865 5277 demonstravit
2902 5216 3043 5287 quod
3090 5215 3245 5282 dixit,
3282 5225 3336 5272 et
3380 5215 3554 5286 magis
3584 5215 3811 5286 quidem

2204 5330 2387 5371 veram
2417 5314 2671 5376 alteram,
2709 5325 2813 5364 non
2843 5319 3047 5365 tantum
3085 5309 3198 5377 jam
3245 5323 3462 5380 semper
3494 5324 3685 5364 veram
3726 5310 3807 5362 vel

2207 5411 2417 5465 falsam.
2465 5405 2749 5463 Concludit
2789 5413 2956 5460 totam
3007 5404 3074 5457 de
3126 5403 3318 5459 futuris
3365 5403 3815 5474 contingentibus

2208 5498 2669 5571 prepositionibus
2695 5495 3070 5568 quaestionem,
3104 5505 3158 5549 et
3183 5495 3258 5551 ait
3285 5512 3297 5547 :
3327 5495 3673 5550 Manifestum
3708 5503 3815 5557 est,

2208 5606 2317 5645 non
2352 5604 2573 5646 necesse
2620 5604 2741 5645 csse
2771 5603 2958 5644 omnes
2990 5588 3379 5643 aftirmationes
3406 5596 3461 5642 et
3492 5588 3816 5657 negationes

2207 5684 2431 5741 deﬁnite
2462 5697 2618 5739 veras
2665 5697 2820 5747 esse,
2853 5682 2947 5737 sed
2997 5681 3151 5737 deest
3185 5681 3442 5747 deﬁnite,
3476 5690 3636 5751 atque
3689 5680 3819 5737 ideo

2207 5776 2638 5840 subaudiendum
2662 5785 2761 5833 est.
2796 5773 3014 5835 Illarum
3037 5772 3179 5834 enim
3209 5788 3330 5853 quae
3354 5773 3740 5859 contingentes
3760 5778 3816 5839 et
