4030 6336
199 280 298 335 541

986 282 1050 339 ΙΝ
1089 282 1341 342 LIBRUM
1388 285 1472 341 DE
1512 282 2158 343 INTERPBETATIONE
2199 283 2424 341 EDITIO
2462 283 2693 342 PRIMA.

3388 281 3492 341 διε

199 403 397 456 futura:
436 410 559 457 sunt
582 443 597 469 ,
633 418 901 474 nunquam
928 402 1151 462 deﬁnite
1178 422 1277 461 una
1320 420 1446 461 vera
1476 414 1589 470 est,
1615 405 1784 461 altera
1815 407 1869 468 Α
1889 404 2107 459 deﬁnite
2136 402 2361 458 alterum
2391 418 2578 460 eorum
2601 417 2723 460 esse
2744 414 2968 460 necesse
2989 410 3094 458 est.
3118 399 3287 459 Erant
3309 409 3493 458 autem

199 493 357 547 falsa.
394 492 575 564 Neque
601 495 767 563 enim,
786 496 979 566 inquit,
1002 498 1456 573 quemadmodum
1487 498 1539 576 in
1566 497 1651 553 his
1673 513 1794 568 qum

199 592 357 649 sunt,
390 584 469 640 sic
496 601 557 641 se
585 586 746 643 habet
778 587 833 643 in
864 587 949 643 bis
975 604 1094 659 quae
1138 605 1243 645 non
1273 602 1421 657 sunt,
1453 576 1803 663 possibilihus

200 689 383 733 tamen
416 693 557 746 esse,
580 688 672 735 aut
692 695 798 736 non
826 695 968 747 esse,
1010 681 1108 738 sed
1124 682 1571 752 quemadmodum
1594 683 1795 741 dictum

198 781 310 826 est.
355 771 448 826 illa
488 773 684 828 etenim
717 787 834 842 quae
857 784 983 830 sunt
1035 774 1316 843 praesentis
1345 773 1631 844 temporis,
1660 774 1799 830 sicut

200 863 445 932 ipsorum
477 878 599 920 esse
620 862 896 920 deﬁnitum
926 874 1032 935 est,
1053 867 1121 921 ita
1144 881 1356 937 quoque
1377 867 1446 922 de
1472 867 1555 921 bis
1577 865 1795 921 deﬁnita

201 964 292 1009 est
320 955 740 1025 propositionum
775 957 972 1013 veritas
1018 956 1351 1028 ialsitasque.
1396 958 1488 1013 illa
1516 973 1645 1013 vero
1676 972 1797 1027 qua

200 1064 314 1104 non
342 1058 464 1105 sunt
493 1050 731 1121 quidem,
765 1062 987 1119 possunt
1014 1062 1192 1109 tamen
1222 1067 1364 1121 esse,
1402 1063 1459 1111 et
1496 1067 1602 1111 non
1634 1066 1754 1107 esse
1782 1070 1793 1104 :

201 1152 261 1197 et
299 1143 371 1197 ita
402 1143 575 1199 futura
606 1151 750 1210 sunt,
785 1152 844 1199 ut
873 1160 981 1201 non
1004 1160 1068 1200 ex
1104 1147 1423 1201 necessitate
1454 1144 1793 1215 proveniant,

203 1235 303 1290 sed
345 1246 569 1305 possunt
612 1237 680 1290 ita
711 1251 833 1293 esse
856 1279 870 1304 ,
904 1247 960 1292 ut
1000 1237 1161 1293 etiam
1195 1238 1399 1307 possint
1425 1246 1482 1292 et
1513 1252 1620 1293 non
1649 1250 1793 1300 esse,

205 1323 261 1380 in
294 1327 376 1380 llis
409 1327 509 1382 hoc
540 1327 700 1382 modo
731 1344 791 1383 se
820 1329 1039 1384 habebit
1068 1331 1423 1387 contradictio
1445 1329 1797 1399 quemadmo-

205 1415 332 1473 dum
382 1417 581 1473 dictum
635 1430 737 1475 est.
787 1420 996 1477 Dictum
1046 1432 1222 1478 autem
1275 1431 1360 1479 est
1387 1424 1639 1492 quoniam
1670 1438 1791 1479 esse

206 1509 429 1577 quidem
459 1511 540 1565 vel
568 1526 676 1566 non
707 1527 824 1567 esse
856 1531 866 1565 :
897 1530 1059 1569 omne
1092 1529 1315 1571 necesse
1340 1524 1457 1582 est,
1490 1523 1545 1570 et
1568 1513 1805 1568 futurum

207 1616 333 1656 esse
356 1604 442 1657 vel
484 1617 589 1658 non
622 1618 843 1661 necesse
889 1615 990 1661 est.
1026 1606 1141 1661 Non
1192 1618 1370 1663 tamen
1396 1606 1509 1679 jam
1552 1606 1723 1661 divise
1745 1619 1809 1661 ac

1903 507 2134 566 quatuor
2162 498 2533 565 diversitates,
2577 508 2635 554 ut
2685 506 2779 553 aut
2809 503 3053 568 utrmque
3080 509 3224 552 vera:
3265 500 3451 550 essent
3473 534 3492 561 ,

1906 590 2047 659 quod
2092 589 2305 645 sustulit
2336 606 2429 661 per
2461 591 2565 645 hoc
2605 589 2751 661 quod
2779 589 2886 654 ait,
2918 596 3156 657 utraeque
3191 586 3336 642 enim
3387 600 3496 642 non

1906 692 2064 739 erunt
2100 684 2261 740 simul
2284 685 2335 738 in
2370 684 2603 754 talibus;
2629 693 2724 741 aut
2750 694 2807 740 ut
2831 693 3073 754 utraeque
3102 681 3251 738 falsa:
3276 690 3493 747 essent,

1907 777 2049 847 quod
2076 792 2171 846 per
2202 777 2303 833 hoc
2329 777 2527 833 evertit
2554 777 2698 848 quod
2725 777 2799 832 ait
2823 795 2835 829 :
2870 778 2940 832 At
2965 790 3096 832 vero
3117 790 3215 830 nec
3240 773 3496 845 quoniam

1899 878 2146 923 neutrum
2179 884 2363 923 verum
2387 876 2470 923 est
2493 868 2753 938 contingit
2780 868 2998 935 dicere;
3025 875 3117 923 aut
3151 874 3209 922 ut
3233 880 3337 920 una
3366 880 3494 920 vera

1901 961 2146 1029 deﬁnite,
2173 961 2342 1017 altera
2396 962 2525 1017 falsa
2568 960 2785 1017 deﬁnite
2816 970 2991 1026 esset,
3035 959 3176 1029 quod
3221 958 3310 1016 illa
3340 973 3499 1027 argu-

1904 1054 2234 1112 mentatione
2261 1053 2549 1119 destruxit,
2576 1069 2675 1123 per
2698 1069 2857 1121 quam
2886 1053 3066 1108 omnia
3094 1067 3156 1108 ex
3179 1052 3499 1107 necessitate

1903 1145 2085 1201 docuit
2114 1146 2352 1211 evenire,
2383 1147 2427 1202 si
2460 1146 2560 1201 hoc
2595 1145 2989 1202 admitteretur.
3021 1145 3176 1211 Quod
3202 1145 3246 1200 si
3273 1160 3361 1199 res
3388 1144 3496 1198 illa:

1902 1236 2125 1291 minime
2164 1246 2324 1303 sunt,
2372 1245 2584 1292 constat
2624 1252 2782 1291 unam
2835 1236 3051 1306 quidem
3101 1252 3284 1292 veram
3330 1251 3452 1290 esse
3479 1278 3495 1299 ,

1904 1330 2060 1386 aliam
2109 1345 2239 1386 vero
2290 1330 2342 1383 in
2367 1330 2795 1385 contradictione
2843 1329 3188 1399 mendacem;
3220 1328 3314 1383 sed
3360 1328 3499 1380 sicut

1919 1438 2009 1477 res
2057 1421 2186 1491 ipsa:
2229 1421 2559 1477 mutabiliter
2602 1430 2655 1476 et
2687 1420 2962 1476 indeﬁnite
3001 1421 3193 1475 futura:
3239 1428 3396 1483 sunt,
3430 1420 3501 1471 ita

1911 1529 2134 1586 quoque
2157 1516 2555 1571 enuntiationes
2577 1514 2824 1570 variabili
2848 1528 2948 1569 nec
2968 1512 3186 1569 deﬁnita
3208 1512 3430 1567 veritate
3450 1516 3503 1565 et

1911 1607 2145 1664 falsitate
2174 1608 2537 1677 proferuntur.

1396 1780 1683 1862 LIBER
1741 1781 2307 1869 SECUNDUS.

436 1942 525 1998 DE
569 1940 1192 1998 ENUNTIA'I‘IONIBUS
1248 1940 1569 1997 lNFlNlTlS

288 2038 545 2104 Quoniam
574 2046 745 2090 autem
789 2044 863 2090 est
906 2035 1174 2105 afﬁrmatio
1198 2035 1262 2089 de
1304 2035 1475 2103 aliquo
1505 2034 1803 2105 signiﬁcans

212 2130 432 2200 aliquid,
476 2131 570 2183 hoc
631 2137 798 2182 autem
846 2137 922 2182 est
966 2130 1042 2182 vel
1083 2144 1264 2183 nomen
1293 2127 1373 2183 vel
1401 2129 1802 2199 innominatum,

214 2236 377 2273 unum
416 2230 588 2274 autem
620 2230 819 2287 oportet
860 2236 999 2284 esse,
1036 2229 1082 2273 et
1122 2220 1184 2273 de
1210 2236 1336 2291 uno,
1379 2220 1434 2273 id
1474 2220 1612 2289 quod
1642 2231 1713 2274 est
1754 2223 1808 2275 in

218 2314 575 2381 a/ﬁrmatione,
607 2329 794 2367 nomen
820 2323 990 2367 autem
1023 2314 1216 2368 dictum
1239 2323 1333 2379 est,
1364 2323 1411 2368 et
1432 2316 1809 2370 innominatum

216 2409 384 2473 prius.
423 2424 523 2460 non
564 2409 715 2460 homo
758 2408 892 2461 enim
916 2425 1098 2463 nomen
1127 2408 1329 2478 quidem
1372 2425 1475 2464 non
1523 2410 1676 2476 dico,
1718 2408 1810 2465 sed

217 2517 403 2554 nomen
444 2501 727 2570 inﬁnitum,
760 2516 917 2553 unum
969 2502 1103 2555 enim
1144 2500 1407 2571 signiﬁcat
1427 2502 1808 2573 quodammodo

216 2593 487 2658 inﬁnitum
533 2608 738 2658 nomen,
775 2594 1208 2662 quemadmodum
1258 2602 1308 2648 et
1345 2610 1447 2648 non
1474 2594 1667 2661 currit,
1708 2610 1812 2648 non

222 2686 435 2739 verbum
465 2685 611 2750 dico,
660 2686 750 2739 sed
788 2685 1050 2753 inﬁnitum
1091 2686 1329 2749 verbum;
1354 2688 1448 2740 erit
1475 2687 1638 2741 omnis
1677 2686 1814 2757 aﬂir-

216 2776 379 2829 matio
404 2784 451 2828 et
476 2777 697 2845 negatio,
729 2776 806 2830 vel
837 2777 1124 2830 exnomine
1164 2786 1212 2829 et
1233 2777 1402 2842 verbo,
1437 2777 1512 2830 vel
1546 2792 1608 2830 ea:
1632 2776 1810 2845 inﬁni-

217 2876 268 2920 to
299 2868 505 2919 nomine
533 2876 578 2920 et
618 2869 787 2921 verbo.
820 2867 1017 2921 Prwter
1044 2870 1247 2922 verbum
1278 2877 1450 2922 autem
1496 2867 1642 2921 nulla
1671 2868 1811 2937 afﬁr-

221 2959 383 3012 matio
411 2957 487 3011 vel
510 2961 710 3029 negatio
737 2968 828 3014 est.
856 2958 948 3014 Est
975 2961 1108 3014 enim
1132 2961 1209 3015 vel
1230 2961 1349 3027 erit,
1374 2961 1450 3015 ιει
1469 2961 1590 3031 fuit.
1624 2961 1701 3014 vel
1719 2960 1808 3024 sit,

224 3049 303 3102 vel
329 3064 642 3117 quwcunque
670 3049 773 3103 alia
811 3050 1112 3116 hujusmodi
1142 3051 1289 3104 verba
1312 3095 1325 3118 ,
1359 3066 1421 3104 ex
1444 3050 1526 3105 his
1558 3060 1675 3105 sunt
1699 3065 1816 3120 qua:

222 3152 349 3197 sunt
380 3144 561 3207 posita.
584 3143 979 3211 Consigm’ﬁcant
1007 3145 1140 3197 enim
1170 3156 1383 3213 tempus.

300 3236 587 3305 Postquam
631 3237 698 3291 de
732 3238 985 3305 praeteriti
1025 3252 1087 3291 ac
1117 3238 1421 3307 praesentis,
1456 3236 1617 3292 futuri
1650 3238 1813 3292 etiam

225 3327 488 3393 temporis
509 3328 732 3382 veritate
747 3339 800 3383 et
824 3328 1055 3383 falsitate
1087 3329 1358 3394 disseruit,
1385 3344 1523 3383 nunc
1545 3332 1651 3383 vim
1680 3330 1814 3383 sim-
1845 3323 1891 3386 C

224 3417 385 3485 plicis
427 3428 479 3472 et
524 3421 878 3488 praedic-stivae
917 3422 1294 3491 propositionis
1335 3422 1587 3476 informat
1628 3422 1819 3477 dicens

225 3516 483 3583 quoniam
508 3516 733 3583 simplex
765 3514 1051 3569 afﬁrmatio
1089 3531 1246 3570 unam
1282 3532 1393 3570 rem
1425 3518 1491 3571 de
1519 3533 1620 3571 una
1652 3517 1817 3585 signi-

227 3604 373 3671 ﬁcat,
403 3606 453 3658 id
482 3618 584 3671 est,
621 3606 688 3661 de
714 3622 820 3661 uno
847 3607 1090 3675 subjeeto
1123 3624 1284 3662 unum
1315 3609 1587 3677 prmdicat,
1632 3609 1811 3677 subje-

227 3706 377 3749 ctum
420 3707 596 3751 autem
634 3697 759 3752 illud
791 3707 881 3751 aut
907 3714 1099 3752 nomen
1130 3708 1233 3765 est,
1266 3710 1356 3753 ant
1384 3700 1524 3765 quod
1551 3700 1690 3769 apud
1724 3714 1819 3754 ve-

225 3797 373 3842 teres
412 3789 627 3857 quidem
663 3790 759 3843 fuit
790 3790 1211 3855 innominatum,
1246 3792 1313 3843 ab
1351 3791 1640 3845 Aristotele
1685 3805 1815 3844 vero

225 3880 494 3934 inﬁnitum
523 3896 718 3936 nomen
744 3893 989 3936 vocatum
1013 3891 1124 3947 est;
1151 3882 1298 3951 prius
1321 3884 1461 3937 enim
1485 3882 1685 3937 dictum
1708 3892 1812 3948 est,

224 3974 367 4042 quod
394 3972 553 4027 homo
577 3988 772 4029 nomen
794 3984 956 4038 esset,
976 3992 1081 4029 non
1103 3975 1263 4030 homo
1282 3990 1409 4030 vero
1427 3976 1814 4031 innominatum

223 4064 444 4130 quidem
483 4066 619 4133 apud
652 4066 932 4133 antiquos,
966 4066 1060 4120 sed
1108 4083 1247 4122 nunc
1278 4066 1545 4122 inﬁnitum
1595 4083 1814 4123 nomen.

228 4160 495 4220 Quoniam
523 4159 679 4226 igitur
706 4160 1041 4214 manifestum
1085 4169 1168 4215 est
1196 4176 1359 4215 unum
1386 4160 1452 4215 de
1483 4178 1588 4216 uno
1619 4162 1819 4231 praedi-

229 4263 361 4301 care
386 4250 680 4317 simplicem
714 4252 1153 4321 propositionem,
1185 4253 1363 4307 omnis
1392 4255 1493 4308 erit
1525 4254 1818 4323 propositio

224 4342 497 4410 simplex,
529 4352 620 4396 aut
662 4359 727 4399 ex
778 4346 993 4398 nomine
1041 4355 1095 4399 et
1144 4345 1345 4411 verbo,
1374 4355 1466 4398 aut
1496 4360 1563 4398 ex
1605 4346 1818 4399 inﬁnito

224 4437 448 4488 nomine
470 4446 522 4488 et
548 4436 729 4490 verbo.
754 4437 907 4503 Quod
936 4445 1111 4489 autem
1137 4436 1272 4491 dixit
1301 4455 1311 4489 :
1340 4436 1453 4491 Non
1487 4436 1647 4491 homo
1669 4437 1814 4491 enim

224 4543 423 4581 nomen
455 4530 668 4597 quidem
702 4545 805 4581 non
831 4530 975 4595 dico,
997 4528 1091 4585 sed
1116 4529 1383 4584 inﬁnitum
1414 4544 1609 4583 nomen
1636 4527 1818 4597 hujus-

221 4621 373 4675 inodi
403 4632 505 4675 est.
538 4621 773 4687 Nomen,
811 4623 1013 4691 inquit,
1046 4621 1225 4676 omnia
1272 4622 1487 4676 deﬁnita
1515 4620 1812 4690 signiﬁcat,

225 4727 334 4766 non
371 4715 530 4765 homo
570 4728 700 4766 vero
725 4714 970 4782 quamvis
1001 4728 1165 4767 unum
1212 4714 1487 4783 quodlibet
1508 4727 1699 4786 eorum
1721 4712 1817 4767 de-
1846 4701 1903 4762 D

223 4807 443 4871 signare
483 4805 686 4870 possit.
715 4818 835 4871 quze
864 4802 1109 4858 homines
1139 4819 1244 4857 non
1278 4813 1405 4857 sunt
1431 4845 1441 4864 .
1475 4814 1656 4859 tamen
1687 4803 1813 4873 quid

223 4894 469 4962 designet
487 4894 747 4949 inﬁnitum
769 4905 853 4949 est
872 4907 924 4950 et
944 4896 1187 4953 dubium.
1215 4896 1345 4950 Nam
1370 4910 1490 4951 cum
1520 4896 1683 4950 multa
1709 4896 1819 4950 sint

224 5000 350 5055 quite
376 4988 620 5042 homines
649 5002 754 5039 non
780 4995 925 5052 sunt,
957 4997 1012 5042 et
1041 5004 1200 5042 unum
1228 4988 1503 5056 quodlibet
1529 5002 1716 5044 eorum
1743 4987 1820 5043 si-

225 5080 483 5146 gniﬁcare
507 5082 693 5146 possit,
722 5080 847 5148 quid
891 5082 1150 5149 signiticet
1182 5082 1454 5150 ignoratur
1481 5100 1493 5133 :
1518 5081 1657 5136 sicut
1678 5082 1827 5135 enim

228 5184 340 5221 non
371 5171 539 5225 currit
566 5187 673 5225 non
701 5179 784 5226 est
817 5172 1032 5227 verbum
1063 5173 1401 5242 simpliciter,
1425 5174 1517 5227 sed
1550 5174 1819 5228 inﬁnitum

230 5263 457 5318 verbum
482 5305 497 5327 ,
516 5265 589 5320 ita
609 5265 824 5319 noruina
845 5282 967 5321 cum
1000 5268 1283 5335 negatione
1307 5283 1412 5322 non
1435 5279 1557 5321 sunt
1582 5271 1820 5331 nomina,

224 5355 324 5409 sed
365 5356 571 5411 inﬁnita
614 5359 853 5412 nomina.
888 5358 1059 5411 Erunt
1084 5358 1252 5427 igitur
1281 5358 1335 5411 in
1365 5358 1819 5427 propositionibus

224 5446 471 5517 subjecta
499 5458 591 5503 aut
622 5450 856 5513 nomina,
880 5457 972 5503 aut
994 5448 1195 5504 inﬁnita
1217 5450 1453 5518 nomina,
1483 5460 1677 5520 praeter
1700 5465 1817 5505 ver-

224 5537 354 5592 bum
374 5547 554 5594 autem
577 5539 719 5595 nulla
744 5552 825 5596 est
846 5541 1132 5595 afﬁrmatio
1154 5542 1237 5595 vel
1260 5544 1492 5609 negatio,
1511 5541 1820 5609 planissime

224 5629 446 5697 docuit,
481 5647 600 5699 quas
632 5647 756 5700 pars
804 5634 1067 5687 orationis
1098 5635 1150 5686 in
1186 5634 1413 5700 simplici
1458 5633 1821 5702 propositione

225 5721 470 5776 obtineat
516 5721 892 5791 principatum.
934 5721 1064 5776 Nam
1107 5723 1149 5775 si
1201 5732 1395 5790 praeter
1432 5722 1652 5776 verbum
1705 5722 1823 5776 ﬁeri

226 5812 459 5882 simplex
491 5814 788 5884 propositio
834 5828 939 5868 non
969 5823 1176 5884 potest,
1212 5821 1423 5869 constat
1471 5828 1685 5869 omnem
1717 5814 1823 5872 vim

1844 1946 1894 2007 B
1920 1943 2180 2014 simplicis
2205 1939 2585 2012 prepositionis
2607 1937 2768 1994 verba
2790 1934 3098 2005 complecti.
3122 1932 3309 1989 Omnis
3332 1940 3506 1988 autem

1916 2037 2214 2108 propositio
2240 2045 2331 2089 aut
2357 2048 2499 2098 esse,
2527 2041 2620 2089 aut
2649 2031 2830 2097 fuisse,
2859 2038 2951 2083 aut
2982 2029 3215 2083 futurum
3241 2042 3387 2091 esse,
3419 2034 3508 2083 aut

1913 2129 2217 2204 ltnjusmodi
2266 2126 2469 2198 aliquid
2536 2123 2775 2179 habebit.
2831 2121 2962 2177 Nam
3014 2122 3102 2189 qui
3160 2120 3292 2174 dicit
3340 2117 3510 2176 currit

1912 2237 2138 2279 currens
2182 2231 2265 2278 est
2292 2220 2446 2275 dicit.
2499 2219 2563 2273 Et
2589 2218 2676 2287 qui
2707 2216 2839 2271 dicit
2865 2214 3123 2280 cucurrit,
3152 2225 3379 2269 currens
3404 2209 3507 2264 fuit

1914 2318 2203 2388 pr0ponit;
2233 2322 2288 2369 et
2316 2313 2405 2383 qui
2430 2312 2558 2365 dicit
2588 2318 2798 2374 curret,
2851 2322 3075 2363 currens
3123 2308 3245 2362 erit.
3283 2305 3340 2362 Si
3383 2319 3512 2372 ergo

1915 2410 2092 2465 omnis
2134 2406 2461 2478 propositio,
2500 2415 2762 2470 aut'esse,
2806 2411 2895 2457 aut
2927 2400 3113 2465 fuisse,
3145 2408 3237 2453 aut
3266 2398 3509 2453 futurum

1917 2517 2063 2563 esse.
2088 2507 2179 2554 aut
2208 2498 2413 2569 aliquid
2446 2495 2751 2561 huiusmodi
2777 2504 2835 2550 ut
2863 2494 2935 2550 sit
2963 2491 3281 2557 enuntiatio,
3315 2491 3512 2546 retine-

1918 2603 2029 2669 bit,
2060 2601 2400 2657 manifestum
2432 2608 2516 2652 est
2566 2595 2708 2666 quod
2736 2604 2933 2665 praeter
2972 2593 3192 2649 verbum
3236 2605 3357 2647 esse
3405 2604 3513 2648 non

1922 2693 2110 2762 possit.
2145 2691 2271 2746 llaec
2301 2692 2468 2754 enim,
2501 2687 2552 2742 id
2599 2698 2703 2753 est,
2736 2685 2855 2752 luit,
2884 2684 2972 2739 vel
3000 2691 3104 2750 est,
3132 2690 3226 2738 aut
3270 2680 3512 2737 futurum

1918 2800 2022 2857 est,
2057 2792 2217 2848 verba
2260 2802 2415 2855 sunt,
2447 2800 2505 2844 ut
2533 2804 2597 2843 ex
2633 2788 2715 2843 bis
2742 2787 2995 2856 cognosci
3042 2785 3213 2857 possit
3240 2800 3358 2855 quae
3389 2792 3512 2844 sunt

1919 2884 2168 2954 superius
2195 2886 2363 2953 posita
2385 2896 2547 2952 atque
2574 2882 2844 2952 confessa,
2872 2896 2994 2936 cum
3020 2879 3324 2936 diceremus
3350 2877 3513 2934 verba

1921 2995 2043 3033 esse
2089 2994 2209 3047 quae
2256 2976 2730 3047 consigniﬁcarent
2772 2984 3006 3045 tempus.
3046 2970 3259 3029 Etenim
3302 2980 3420 3038 est,
3460 2980 3513 3031 et

1922 3072 2052 3139 fuit,
2088 3082 2139 3126 et
2167 3081 2356 3127 caetera
2404 3069 2854 3141 signiﬁcationem
2897 3066 3159 3138 temporis
3190 3080 3373 3121 secum
3407 3073 3511 3118 tra-

1923 3165 2077 3219 hunt.

1998 3280 2171 3346 Quare
2199 3281 2368 3350 prima
2387 3279 2481 3334 erit
2506 3276 2776 3349 aﬁirmatio
2801 3286 2848 3331 et
2863 3276 3087 3346 negatio,
3120 3283 3194 3330 εει
3209 3272 3380 3338 hante,
3412 3286 3505 3325 nor

1923 3382 1994 3430 εει
2024 3373 2206 3438 homo,
2238 3372 2421 3427 deinde
2443 3381 2515 3424 est
2560 3385 2664 3424 non
2710 3369 2893 3433 homo,
2943 3383 3048 3423 non
3076 3376 3153 3422 est
3203 3381 3306 3420 non
3338 3364 3511 3418 homo.

1926 3466 2147 3535 Rursus,
2175 3475 2247 3519 est
2263 3465 2429 3518 ontnis
2453 3463 2628 3531 homo,
2654 3479 2758 3516 non
2781 3471 2855 3517 est
2878 3461 3043 3515 omnis
3062 3459 3237 3527 homo,
3260 3466 3330 3511 est
3351 3455 3513 3510 omnis

1924 3578 2025 3613 non
2057 3562 2232 3624 homo,
2255 3573 2358 3611 non
2383 3564 2463 3610 est
2489 3554 2653 3608 omnis
2678 3569 2779 3606 non
2812 3552 2986 3606 homo.
3020 3546 3086 3605 Et
3118 3549 3170 3603 in
3192 3549 3512 3604 extrinsecus

1924 3650 2235 3719 temporibus
2264 3648 2439 3702 eadem
2465 3654 2535 3700 est
2566 3644 2721 3698 ratio.

1996 3767 2334 3837 Simplicium
2355 3763 2601 3832 exempla
2627 3758 3055 3831 prepositionum
3084 3755 3351 3824 apposuit,
3380 3750 3514 3806 sim-

1924 3865 2094 3936 plices
2121 3873 2298 3918 autem
2330 3875 2489 3930 supra
2525 3858 2760 3914 diximus
2797 3868 2920 3911 esse
2956 3849 3351 3924 propositiones
3391 3860 3514 3915 qua

1924 3956 2134 4012 duobus
2161 3952 2408 4011 terminis
2426 3950 2800 4022 iungerentur.
2834 3947 3013 4012 Quare
3049 3942 3301 4013 quoniam
3352 3952 3514 3993 omne

1923 4048 2204 4104 deﬁnitum
2228 4046 2375 4115 prius
2400 4054 2483 4098 est
2509 4042 2718 4098 inﬁnito
2746 4038 2982 4102 nomine,
3007 4046 3057 4091 et
3086 4050 3191 4090 non
3220 4032 3382 4086 homo
3404 4044 3510 4085 non

1924 4150 2009 4196 est
2037 4155 2256 4204 nomen,
2285 4136 2376 4193 sed
2399 4135 2662 4190 inﬁnitum
2694 4145 2910 4194 nomen,
2941 4129 3102 4187 homo
3145 4139 3273 4180 vero
3304 4124 3514 4178 ﬁnitum

1922 4240 2072 4287 recte
2103 4232 2308 4300 priores
2334 4242 2427 4282 eas
2459 4224 2851 4296 propositiones
2892 4235 3012 4288 qum
3037 4234 3107 4274 ex
3137 4217 3359 4272 deﬁnito
3386 4223 3516 4271 sunt

1925 4322 2145 4378 nomine
2172 4321 2227 4375 in
2266 4334 2451 4374 eerum
2482 4316 2845 4386 pronuntiavit
2873 4310 3171 4382 exemplis;
3218 4309 3293 4365 ait
3331 4308 3511 4374 enim,

1924 4418 2105 4483 Quare
2127 4416 2299 4485 prima
2323 4424 2402 4470 est
2422 4409 2710 4465 afﬁrmatio
2735 4417 2791 4464 et
2818 4407 3049 4478 negatio,
3081 4414 3165 4461 est
3191 4405 3371 4468 homo,
3406 4417 3514 4458 non

1925 4521 2009 4566 est
2036 4510 2218 4566 homo.
2247 4506 2452 4563 Deinde
2475 4505 2666 4561 inﬁniti
2692 4502 2921 4559 nominis
2942 4500 3330 4556 aiﬁrmationes
3352 4506 3403 4552 et
3421 4511 3516 4551 ne-

1924 4602 2172 4673 gationes
2211 4599 2489 4670 subiunxit
2535 4596 2752 4662 dicens,
2790 4596 2881 4650 Est
2911 4609 3017 4649 non
3046 4594 3211 4648 homo
3233 4634 3247 4657 ,
3283 4606 3388 4645 non
3433 4598 3515 4645 est

1929 4710 2035 4749 non
2067 4693 2250 4749 homo.
2299 4692 2365 4746 Et
2394 4699 2512 4761 post
2560 4688 2676 4744 haec
2698 4727 2716 4756 ,
2746 4686 3201 4743 universalitstem
3242 4682 3475 4755 iungens
3496 4722 3511 4744 .

1926 4785 2149 4841 easdem
2194 4797 2385 4838 rursus
2429 4784 2585 4836 iterat
2628 4779 3043 4849 propositiones.
3095 4776 3161 4832 Et
3202 4776 3348 4844 prius
3395 4773 3515 4828 illas

1928 4880 2178 4948 proponit
2208 4891 2330 4947 qua!
2358 4891 2426 4930 ex
2470 4874 2619 4928 ﬁnito
2664 4874 2882 4930 nomine
2924 4880 3049 4927 sunt
3076 4887 3091 4935 ;
3122 4868 3357 4924 secundo
3387 4879 3518 4920 vero
3600 4878 3611 4891 ·

1925 4974 2049 5027 loco
2078 4987 2170 5026 eas
2215 4985 2339 5041 qum
2364 4986 2429 5025 ex
2459 4969 2669 5024 inﬁnito
2698 4967 2919 5024 nomine
2944 4974 3333 5036 proponuntur,
3377 4960 3518 5016 unde

1930 5065 1989 5118 ﬁt
2019 5073 2077 5118 ut
2114 5062 2243 5118 illud
2283 5062 2587 5132 intelligere
2619 5075 2838 5115 necesse
2880 5059 2982 5123 sit,
3043 5057 3162 5112 illas
3190 5053 3517 5127 quantitates

1926 5175 2047 5229 qua:
2070 5157 2402 5213 universales
2432 5165 2487 5210 et
2516 5154 2866 5225 particulares
2912 5152 3297 5211 determinant,
3331 5149 3380 5202 in
3409 5155 3517 5201 ter-

1927 5253 2086 5308 minis
2106 5267 2211 5307 non
2235 5251 2442 5306 haberi.
2470 5249 2601 5304 Nam
2625 5264 2744 5304 cum
2767 5247 2994 5303 duorum
3020 5245 3371 5300 terminorum
3395 5255 3518 5311 pro-

1925 5352 2122 5421 positio
2161 5351 2275 5405 sola
2307 5351 2530 5421 simplex
2578 5350 2679 5417 sit,
2733 5353 2872 5403 inter
2919 5346 3187 5414 simplices
3215 5342 3519 5413 ltnjusmodi

1872 5456 1875 5457 '
1924 5453 2174 5499 numerat
2204 5443 2620 5512 propositionem
2653 5456 2771 5512 qua:
2810 5440 2939 5494 dicit
2976 5450 3058 5492 est
3117 5436 3293 5491 omnis
3335 5435 3516 5501 homo,

1934 5552 2056 5591 cum
2083 5545 2191 5591 tres
2214 5536 2321 5590 sint
2348 5545 2526 5604 partes
2549 5534 2828 5595 orationis,
2855 5546 3020 5602 quare
3047 5528 3520 5584 determinationes

1930 5647 2038 5685 non
2071 5638 2422 5685 numerantur
2448 5631 2499 5683 in
2533 5627 2794 5683 terminis.
2828 5626 3026 5679 Eodem
3058 5624 3218 5679 modo
3262 5623 3395 5678 dicit
3423 5637 3519 5677 ea-

1933 5724 2165 5791 demque
2200 5722 2406 5776 ratione
2445 5722 2495 5774 in
2523 5721 2856 5775 extrinsecus
2888 5717 3219 5785 temporibus
3248 5715 3522 5783 simplices

1935 5814 2050 5872 ﬁeri
2068 5813 2490 5889 propositiones,
2519 5821 2575 5871 ut
2600 5820 2703 5885 est,
2728 5810 2825 5868 luit
2875 5810 3056 5881 homo,
3085 5823 3190 5868 non
3212 5808 3313 5867 fuit
3334 5806 3517 5882 homo,
