4030 6336
54 6042 63 6081 i

58 6084 65 6109 ί

60 6116 67 6153 i

60 6168 67 6209 ἓ

62 6216 65 6237 l

62 6240 69 6287 ί

493 270 598 328 διδ

1714 266 1821 323 AN.
1863 254 2067 323 ΜΑΝι.
2111 263 2265 321 SEV.
2307 261 2528 319 BOETII

3668 258 3776 313 ω

493 388 597 444 fuit
624 402 729 444 non
758 389 938 455 homo,
973 402 1075 444 non
1098 388 1194 445 fuit
1212 402 1316 443 non
1345 388 1526 442 homo.
1555 385 1616 441 Et
1640 386 1692 440 in
1720 387 1842 441 aliis
1865 396 2079 455 quoque
2106 384 2161 439 Α
2185 378 2314 432 dicit
2344 385 2571 447 quatuor
2617 374 2722 442 ba.
2750 382 2834 430 est
2858 373 3034 445 justus
3074 373 3233 429 homo
3263 389 3275 426 :
3308 372 3362 426 in
3416 372 3513 426 hac
3538 371 3780 426 afﬁrma-

500 482 832 551 teiuporibus
871 482 1010 536 idem
1042 480 1233 536 modus
1262 490 1362 536 est.
1399 478 1747 535 Extrinsecus
1791 491 1921 533 vero
1951 486 2086 530 tem-

509 588 642 642 pora
669 584 823 628 vocat
850 590 967 642 quae
987 564 1109 628 sunt
1142 583 1335 643 praeter
1359 588 1617 642 praesens.
1654 571 1704 627 id
1732 580 1815 626 est
1843 572 2085 641 praeteri-

506 680 618 721 tum
648 678 701 721 et
732 667 996 731 futurum;
1030 667 1123 721 sed
1153 667 1237 721 liic
1265 666 1334 722 de
1365 667 1447 722 his
1476 667 1605 723 solis
1627 664 2086 736 propositionibus

522 762 727 815 loculus
776 772 855 814 est
894 775 1011 830 qua:
1050 776 1211 814 unum
1240 760 1535 828 subjectum
1594 760 1818 825 habent,
1860 757 2085 812 alterum

504 853 870 923 pia-clientum.
902 853 1051 907 Nunc
1078 854 1144 907 de
1168 853 1250 908 his
1275 855 1523 923 loquetur
1562 870 1680 924 qua:
1703 868 1865 907 unum
1890 851 2089 906 habent

503 946 821 1010 subjectum,
856 945 961 997 duo
989 946 1299 1013 praedicata.
1337 951 1416 1001 Au
1451 961 1581 1001 vero
1611 950 1691 999 bar.
1720 960 1930 1014 quoque
1960 943 2087 997 sim-

505 1036 669 1104 plices
694 1038 831 1101 sint,
862 1038 913 1090 in
946 1039 1199 1093 secunda:
1228 1039 1482 1093 editionis
1525 1038 1861 1106 expositione
1899 1038 2086 1092 dicen-

503 1125 627 1180 dum
657 1137 757 1181 est.
791 1127 942 1184 Nunc
980 1145 1108 1183 vero
1140 1140 1335 1198 praeter
1382 1129 1934 1194 demonstrationem,
1968 1143 2089 1185 esse

501 1218 772 1286 simplices
796 1219 1158 1289 intelligamus

577 1314 794 1377 Quando
815 1322 985 1366 autem
1005 1323 1077 1367 est
1105 1316 1331 1379 tertium,
1361 1316 1603 1386 adjacens
1630 1315 1964 1383 pra’dicatur,
1994 1316 2092 1370 du-

501 1404 703 1473 pliciter
732 1414 851 1457 tunc
875 1407 1118 1458 dicuntur
1150 1407 1514 1477 oppositiones.
1561 1406 1686 1460 Dico
1718 1417 1907 1474 autem,
1937 1416 1991 1459 ut
2015 1415 2091 1463 est

500 1498 668 1571 justus
690 1496 841 1549 Itonia
880 1507 975 1559 est,
1000 1499 1202 1551 tertium
1231 1500 1344 1551 dico
1374 1500 1613 1569 adjacere
1652 1516 1836 1553 nomen
1877 1500 1953 1553 vel
1983 1515 2093 1553 ver-

501 1580 619 1640 bum
643 1588 696 1640 in
726 1589 1082 1657 afﬁrmatione.
1114 1590 1282 1655 Quare
1312 1602 1532 1658 quatuor
1553 1599 1702 1644 erunt
1730 1592 1845 1645 istm
1872 1607 2091 1661 quarum

500 1681 619 1734 dua:
638 1681 841 1749 quidem
863 1681 929 1734 ad
954 1682 1339 1752 a/firmationem
1362 1693 1409 1736 et
1430 1682 1745 1753 negationem
1766 1698 1820 1736 se
1841 1682 2091 1736 habebunt

2188 469 2333 525 tione
2356 468 2420 522 ad
2447 468 2651 537 justum
2691 466 2910 523 verbum
2954 477 3035 522 est
3088 466 3457 537 adjunximus;
3492 464 3654 534 hujus
3700 475 3783 525 est

2189 563 2435 631 negatio,
2464 576 2568 614 non
2599 568 2683 615 est
2706 558 2885 630 justus
2916 558 3096 615 homo.
3137 559 3193 615 In
3226 559 3326 615 hac
3371 573 3590 627 quoque
3621 574 3779 628 nega.

2190 656 2336 710 tione
2354 669 2473 725 qum
2493 653 2628 709 dicit
2650 668 2755 706 non
2773 663 2877 721 est,
2896 652 2961 706 ad
2986 653 3185 721 justuui
3212 651 3763 721 rarsusadjunximus

2191 748 2409 815 lterum,
2439 758 2519 801 est
2549 760 2654 801 non
2682 746 2859 813 justas
2891 746 3072 799 homo.
3102 745 3158 799 In
3189 745 3309 811 hac,
3344 755 3427 800 est
3463 744 3529 797 ad
3560 760 3674 797 non
3700 744 3776 815 ju-

2190 851 2329 896 stum
2352 841 2626 910 jungitur;
2656 839 2813 908 hujus
2839 849 2921 893 est
2951 837 3184 908 negatio,
3210 854 3313 892 non
3345 846 3427 892 est
3454 854 3563 891 non
3596 835 3783 905 justas

2193 933 2353 988 homo
2378 950 2392 987 :
2417 933 2577 988 etiam
2608 933 2661 986 in
2688 933 2786 990 hac
2811 946 3023 1003 quoque
3051 929 3330 1000 negatione
3351 945 3473 999 qua:
3494 929 3656 995 dicit,
3684 944 3784 980 nou

2193 1039 2295 1092 est,
2324 1028 2389 1083 ad
2420 1043 2525 1083 non
2550 1026 2752 1097 justum
2792 1026 3029 1096 ponitur.
3064 1025 3214 1093 Quod
3235 1040 3363 1079 vero
3383 1025 3455 1078 ait
3484 1041 3498 1077 :
3529 1023 3665 1078 Dico
3697 1037 3783 1075 au-

2194 1127 2334 1181 tem,
2369 1127 2426 1173 ut
2457 1128 2538 1173 est
2578 1116 2756 1188 justus
2786 1117 2981 1184 homo,
3022 1125 3107 1173 est
3153 1117 3364 1171 tertiam
3410 1115 3673 1184 adjacere
3710 1114 3787 1169 his

2200 1226 2395 1266 nomen
2445 1210 2527 1265 vel
2576 1209 2799 1265 verbum
2841 1210 2895 1263 in
2926 1208 3301 1271 alﬁrmalione,
3331 1206 3647 1275 bajusmodi
3692 1213 3791 1259 est

2195 1305 2434 1360 Tertium
2456 1348 2472 1372 ,
2508 1304 2713 1373 inquit,
2739 1303 2883 1368 dico,
2920 1302 2970 1356 id
3001 1312 3114 1368 est,
3146 1302 3397 1372 adjacere
3425 1300 3661 1355 verbum
3692 1309 3789 1353 est.

2195 1400 2369 1456 Homo
2390 1400 2531 1455 enim
2562 1408 2615 1454 et
2641 1398 2819 1467 justus
2842 1397 2950 1452 duo
2976 1406 3122 1460 sunt,
3156 1396 3348 1466 quibus
3378 1395 3642 1464 adjicitur
3672 1408 3785 1448 ver-

2197 1494 2322 1549 bum
2348 1503 2452 1547 est.
2482 1491 2683 1546 Idcirco
2706 1500 2882 1545 autem
2906 1489 3040 1543 dixit
3063 1504 3256 1543 nomen
3278 1487 3362 1542 vel
3392 1486 3650 1551 verbum,
3675 1485 3787 1555 quis

2197 1586 2448 1655 superius
2477 1598 2692 1653 quoque
2737 1583 2922 1637 docuit
2960 1582 3072 1650 ipsa
3101 1582 3262 1635 verba
3306 1580 3522 1635 nomina
3553 1594 3709 1643 esse,
3736 1588 3788 1633 es

2198 1680 2402 1734 scilicet
2432 1678 2551 1734 loco
2573 1678 2663 1732 ubi
2692 1676 2801 1744 ait,
2832 1675 2947 1744 Ipsa
2971 1673 3188 1744 quidem
3220 1672 3380 1729 verbi
3410 1671 3722 1728 secundum
3742 1678 3787 1724 st

499 1774 779 1825 secundum
809 1777 1238 1842 consequentiam,
1266 1784 1320 1827 ut
1341 1776 1672 1842 privationes,
1703 1774 1819 1829 dua:
1849 1789 1966 1828 vero
1998 1773 2097 1827 mi-
2127 1778 2177 1838 Β
2202 1771 2342 1826 dicta
2392 1771 2609 1825 nomina
2652 1778 2796 1824 sunt.
2839 1767 2995 1835 Quod
3048 1776 3223 1822 autem
3267 1765 3512 1836 sequitur
3551 1758 3790 1819 continet

499 1866 653 1918 nime.
688 1864 817 1919 Dico
845 1877 1012 1919 autem
1034 1867 1276 1936 quoniam
1301 1876 1396 1931 est,
1417 1879 1505 1920 aut
1526 1870 1673 1939 justo
1701 1867 1977 1937 adjacebit,
2004 1875 2093 1920 aut

499 1976 599 2013 non
628 1963 808 2031 justo,
851 1978 1008 2031 quare
1047 1961 1199 2014 etiam
1236 1963 1454 2031 negatio.
1493 1962 1730 2029 Quatuor
1768 1978 1888 2032 ergo
1927 1970 2089 2016 erunt.

500 2047 850 2122 Intelligimus
878 2067 993 2104 rero
1023 2051 1163 2121 quod
1195 2052 1389 2105 dicitur
1419 2068 1482 2106 ea:
1527 2052 1606 2106 his
1651 2068 1765 2123 qua:
1802 2052 2095 2121 subscripta

500 2153 636 2198 sunt.
668 2144 758 2199 Est
778 2148 954 2216 justus
982 2146 1154 2201 homo.
1188 2144 1365 2213 Hujus
1393 2147 1598 2218 negatio
1624 2161 1642 2199 :
1672 2145 1793 2200 Non
1822 2156 1895 2201 est
1913 2150 2094 2218 justus

500 2244 673 2292 homo.
700 2238 793 2293 Est
814 2257 917 2293 non
936 2244 1113 2311 justus
1134 2239 1305 2294 homo.
1334 2238 1507 2311 Hujus
1531 2240 1753 2311 negatio,
1774 2258 1875 2296 non
1897 2249 1970 2295 cst
1995 2257 2094 2295 non

500 2333 674 2404 justas
707 2334 877 2386 homo.
904 2332 997 2386 Est
1019 2334 1154 2388 enim
1176 2334 1271 2387 hoc
1301 2333 1415 2387 loco
1438 2343 1485 2387 et
1510 2350 1613 2388 non
1633 2344 1703 2389 est
1715 2335 1860 2406 justo
1898 2344 1944 2390 et
1993 2352 2096 2390 non

499 2424 642 2499 justo
672 2426 898 2495 adjacet.
931 2424 1059 2479 "(Fc
1103 2426 1280 2497 igitur,
1304 2426 1740 2496 quemadmodum
1762 2428 1815 2481 in
1841 2428 2096 2482 resoluto-

501 2515 593 2567 riis
624 2516 815 2568 dictutn
840 2524 913 2569 est
934 2557 948 2580 ,
980 2516 1053 2569 sic
1088 2526 1207 2570 sunt
1247 2517 1518 2586 disposita.
1548 2517 1799 2572 Similiter
1834 2527 2005 2574 autem
2044 2537 2099 2575 se

505 2607 713 2671 habent;
744 2617 790 2662 et
810 2609 854 2662 si
878 2608 1177 2663 universalis
1201 2610 1421 2665 nominis
1441 2611 1505 2665 sit
1532 2610 1820 2680 afﬁrmatio,
1848 2621 1904 2665 ut
1934 2614 2097 2668 omnis

506 2710 579 2754 est
602 2700 753 2754 homo
774 2702 949 2770 justus
977 2742 991 2767 ,
1019 2702 1244 2771 negatio,
1286 2701 1386 2755 non
1415 2702 1580 2756 omnis
1610 2712 1681 2756 est
1725 2702 1877 2758 homo
1896 2705 2094 2775 justus.

511 2790 694 2847 Omnis
725 2802 798 2846 est
828 2798 980 2847 homo
1010 2809 1110 2847 non
1132 2794 1329 2865 justus,
1374 2810 1478 2848 non
1515 2795 1682 2849 omnis
1712 2804 1783 2850 est
1812 2784 1966 2851 homo
1995 2813 2099 2852 non

504 2890 694 2955 justus.
724 2886 829 2943 Sed
855 2903 955 2941 non
978 2887 1214 2942 similiter
1235 2888 1512 2960 angulares
1534 2890 1779 2961 contingit
1802 2906 1946 2946 veras
1968 2907 2093 2947 esse.

505 2977 763 3049 Contingit
791 2992 965 3033 autem
995 2979 1297 3048 aliquando.

583 3072 757 3128 Unum
781 3070 1082 3142 subjectum
1104 3083 1159 3127 et
1178 3071 1285 3127 duo
1306 3071 1612 3142 przedicata,
1642 3077 2096 3146 quemadmodum

2196 1864 2570 1921 difﬁcillimum
2595 1878 2837 1930 sensum,
2864 1876 3022 1933 quem
3053 1862 3166 1930 ipse
3188 1859 3345 1915 solita
3376 1858 3653 1915 brevitate
3684 1872 3785 1927 per-

2199 1958 2441 2014 strinxit.
2493 1955 2551 2011 ln
2605 1954 2786 2011 medio
2836 1968 3068 2023 namque
3101 1953 3264 2008 totius
3316 1967 3506 2009 sensus
3535 1952 3793 2006 addidit?

2197 2051 2376 2119 Quare
2400 2049 2597 2104 idcirco
2643 2057 2874 2118 quatuor
2905 2047 3021 2101 ista:
3056 2056 3249 2112 erant,
3298 2062 3524 2117 quarum
3556 2046 3687 2100 dum
3733 2048 3785 2098 at

2197 2142 2611 2197 afﬁrmationem
2635 2150 2690 2196 et
2712 2140 3050 2212 negationem
3084 2155 3204 2196 sese
3241 2140 3515 2195 habebunt
3556 2139 3627 2193 ad
3672 2153 3785 2200 con-

2198 2238 2557 2308 sequentiam,
2580 2247 2638 2292 ut
2662 2238 3009 2307 privationes,
3043 2236 3162 2291 duae
3194 2251 3323 2291 vero
3345 2236 3588 2290 minime.
3624 2233 3785 2302 Hujus

2199 2332 2480 2387 sententia:
2528 2330 2802 2399 multiplex
2834 2329 3096 2401 expositio
3140 2329 3209 2384 ab
3228 2329 3538 2401 .Alexandro
3574 2339 3630 2382 ct
3665 2328 3781 2383 Por-

2198 2424 2431 2496 phyrio,
2479 2422 2705 2493 Aspasio
2754 2436 2970 2491 quoque
3007 2429 3061 2476 et
3111 2415 3365 2476 Hermino
3408 2418 3699 2487 proditur,
3743 2420 3793 2471 in

2199 2517 2392 2588 quibus
2425 2514 2552 2586 quid
2590 2514 3077 2570 excellentissimus
3122 2512 3488 2583 expositorum
3543 2508 3780 2581 Porphy-

2200 2610 2313 2666 rius
2343 2608 2561 2673 dixerit,
2580 2608 2723 2695 alias
2746 2606 3005 2663 dicemus.
3039 2607 3301 2673 Quoniam
3333 2620 3461 2661 vero
3489 2604 3783 2674 simplicior

2201 2710 2507 2780 explanatio
2529 2708 2823 2766 Alexandri
2852 2714 2972 2763 esSe
2988 2705 3220 2772 videtur,
3247 2720 3364 2760 eam
3387 2718 3528 2759 nunc
3553 2718 3653 2774 pro
3676 2702 3778 2758 bre

2202 2806 2367 2861 vitate
2425 2804 2775 2874 subjecimus.
2830 2801 3142 2857 Privaloriaa
3212 2799 3606 2871 propositiones
3673 2811 3783 2852 sum

2203 2911 2537 2968 quaecunque
2588 2893 2881 2966 prmdicant
2930 2893 3305 2963 privationem.
3339 2891 3574 2945 Privatio
3606 2898 3781 2955 auten

2202 2996 2284 3043 est
2307 3029 2322 3053 ,
2349 2997 2408 3043 ut
2436 2987 2479 3041 si
2509 2986 2631 3056 quis
2652 2985 2797 3041 dicat
2836 2984 3064 3054 injustas
3083 3025 3099 3052 ,
3127 2984 3302 3053 privat
3347 2982 3487 3037 enim
3518 2977 3785 3035 hominem

2202 3081 2431 3149 justilia.
2481 3081 2623 3149 Ergo
2673 3079 2959 3134 afﬁrmatio
3014 3078 3298 3148 privatoria
3341 3085 3423 3131 est
3468 3092 3590 3145 qua:
3633 3076 3795 3137 dicit,

515 3167 726 3236 possint
755 3181 875 3221 esse
927 3167 979 3220 in
1011 3165 1377 3236 propositione
1406 3178 1815 3225 commemorat.
1849 3168 1907 3226 Si
1954 3169 2098 3225 enim
2120 3173 2176 3237 'C.
2208 3173 2371 3227 homo
2395 3182 2478 3229 est
2507 3172 2759 3242 injustas.
2780 3170 3002 3241 Negatio
3025 3185 3211 3226 rursus
3242 3170 3529 3239 privatoria
3552 3180 3663 3236 est,
3692 3184 3793 3224 nos

513 3258 618 3311 hoc
651 3256 811 3311 modo
833 3255 926 3322 sit,
953 3264 1011 3310 ut
1031 3256 1272 3312 dicamus
1300 3266 1379 3313 est
1417 3259 1595 3327 justus
1625 3259 1806 3325 homo,
1839 3269 1922 3316 est
1945 3271 1997 3317 et
2015 3261 2103 3331 ju-

511 3357 628 3403 Stus
678 3348 1054 3417 praedicatum,
1091 3348 1254 3403 homo
1298 3363 1425 3405 vero
1472 3351 1770 3421 subjectum
1802 3359 1905 3407 est.
1951 3351 2102 3409 Nunc

510 3439 653 3494 enim
683 3454 787 3494 non
818 3439 947 3495 illud
971 3440 1311 3511 aspiciamus,
1343 3442 1468 3512 quid
1494 3443 1662 3512 prius,
1684 3442 1810 3513 quid
1833 3445 2100 3513 posterius

513 3532 718 3588 dictum
741 3544 842 3601 est,
872 3533 966 3589 sed
989 3534 1240 3606 quoniam
1266 3536 1624 3592 universalius
1646 3547 1728 3592 est
1747 3535 1952 3606 justum
1977 3553 2097 3595 esse

509 3648 668 3703 quam
700 3632 996 3701 hominem,
1024 3641 1197 3705 potest
1222 3633 1363 3688 enim
1388 3632 1567 3702 justus
1599 3647 1719 3688 esse
1747 3642 1799 3688 et
1822 3632 1914 3704 qui
1940 3634 2103 3691 homo

511 3742 619 3782 non
646 3736 760 3792 est,
790 3736 850 3783 ut
880 3728 1053 3794 Deus,
1087 3736 1143 3783 et
1171 3742 1357 3782 rursus
1387 3736 1563 3797 potest
1590 3742 1712 3784 esse
1751 3729 2099 3801 simpliciter,

511 3828 567 3875 et
589 3820 727 3890 quod
752 3818 914 3874 homo
939 3834 1043 3872 non
1068 3827 1168 3883 est,
1201 3819 1404 3874 idcirco
1429 3830 1509 3875 est
1530 3830 1691 3889 atque
1707 3821 1907 3891 justus,
1932 3838 2105 3893 quan-

512 3927 672 3981 quam
699 3910 871 3979 primo
897 3910 1145 3964 dicantur
1166 3909 1218 3963 in
1243 3925 1308 3965 eo
1327 3911 1469 3980 quod
1490 3920 1592 3979 est,
1618 3924 1697 3966 est
1714 3912 1893 3982 justus
1914 3914 2098 3982 homo,

514 4013 693 4057 tamen
721 4001 972 4071 quoniam
997 4001 1386 4057 universaliora
1414 4010 1560 4067 sunt,
1589 4018 1695 4057 non
1713 4003 1781 4059 de
1813 4004 1895 4059 bis
1917 4004 2101 4072 homo,

512 4092 611 4149 sed
641 4094 758 4148 hate
786 4092 853 4148 de
902 4092 1123 4148 homine
1152 4092 1531 4163 praedicantur,
1564 4103 1618 4149 et
1662 4094 1745 4149 his
1772 4096 1934 4151 homo
1976 4098 2104 4155 sub-

510 4186 687 4259 jectus
713 4197 815 4241 est.
850 4188 922 4241 Ex
954 4187 1036 4242 his
1065 4188 1227 4259 igitur
1252 4185 1522 4257 duplicem
1564 4187 1677 4243 fieri
1707 4188 2102 4259 oppositionem

512 4279 664 4344 dicit,
690 4290 744 4335 et
764 4288 993 4349 quatuor
1022 4282 1438 4351 propositiones,
1462 4296 1685 4351 quaram
1708 4282 1895 4338 subter
1918 4300 2104 4341 exem-

511 4371 600 4441 pla
622 4370 850 4442 subjecit
870 4371 1073 4427 addens
1092 4388 1107 4429 :
1132 4373 1260 4429 Dico
1284 4383 1461 4429 autem
1482 4374 1735 4444 quoniam
1751 4386 1832 4432 est
1854 4387 1945 4432 aut
1956 4376 2102 4445 justo

512 4465 806 4535 ainacebit,
838 4475 929 4521 aut
967 4482 1070 4522 non
1096 4466 1265 4536 justo.
1320 4467 1377 4523 Si
1408 4468 1527 4537 quis
1549 4468 1695 4523 enim
1723 4468 1870 4524 dicat
1897 4471 2100 4525 faciens

2208 3273 2300 3321 est
2349 3265 2508 3319 homo
2560 3264 2810 3335 injustas.
2843 3261 2948 3319 Sed
2999 3277 3170 3333 neque
3194 3262 3287 3316 illa
3325 3264 3375 3316 in
3404 3262 3790 3332 signiﬁcatione

2208 3362 2366 3429 plena
2395 3358 2681 3413 afﬁrmatio
2704 3370 2784 3413 est
2808 3355 3043 3427 (aliquid
3074 3356 3215 3412 enim
3269 3354 3461 3425 tollit),
3496 3355 3591 3411 sed
3625 3356 3789 3424 privs-

2208 3451 2346 3505 toria
2370 3449 2681 3509 afﬁrmatio.
2703 3447 2955 3517 quoniam
2982 3444 3208 3501 formam
3237 3445 3455 3516 quidem
3485 3444 3789 3499 afﬁrmatio-

2209 3543 2293 3598 nis
2322 3549 2489 3610 tenet,
2522 3541 2614 3594 sed
2645 3538 3002 3608 privationem
3030 3536 3300 3607 praedicat,
3335 3547 3391 3593 et
3421 3536 3618 3607 aliquid
3639 3536 3717 3590 ab
3736 3549 3792 3590 ec

2207 3636 2291 3692 Cui
2316 3634 2669 3704 privationem
2711 3630 2927 3700 copulat
2960 3630 3221 3698 abjungit,
3245 3630 3380 3683 utin
3404 3629 3795 3699 propositione.

2208 3736 2293 3780 est
2323 3724 2554 3793 injustas
2577 3723 2760 3789 homo,
2786 3721 2853 3775 ab
2882 3720 3096 3776 homine
3118 3720 3403 3790 justitiam.
3426 3719 3537 3777 Nec
3567 3720 3651 3773 his
3676 3734 3793 3773 rur.

2208 3833 2302 3873 sus
2349 3833 2481 3887 pura
2506 3817 2718 3885 negatio
2750 3824 2854 3871 est.
2885 3815 3098 3884 Fugans
3138 3814 3281 3869 enim
3315 3814 3673 3883 privationem
3695 3856 3713 3881 ,
3745 3824 3795 3868 ut

2210 3912 2262 3965 in
2291 3925 2352 3966 ea
2377 3927 2495 3979 quae
2525 3919 2628 3975 esl,
2655 3924 2762 3963 non
2796 3917 2879 3965 est
2910 3907 3072 3963 bomo
3111 3906 3357 3977 injustas,
3393 3907 3632 3963 habitam
3669 3906 3792 3961 neti-

2208 4010 2331 4064 net,
2361 4000 2411 4055 id
2454 4010 2538 4058 est
2562 4001 2844 4071 jusﬁtiani.
2877 3999 2981 4055 Sed
3011 4001 3263 4071 quoniam
3315 3999 3456 4069 quod
3508 3997 3797 4054 afﬁrmatio

2211 4093 2574 4163 praedicabat,
2612 4096 2715 4149 hoc
2764 4093 2940 4147 aufert
2989 4095 3237 4163 negatio,
3268 4092 3393 4147 licet
3435 4091 3630 4147 habeat
3675 4091 3802 4148 talis

2210 4186 2446 4257 negatio,
2481 4184 2633 4256 quasi
2657 4186 2953 4253 reponendi
2983 4184 3195 4240 habitus
3217 4183 3687 4255 signiﬁcationem,
3726 4192 3799 4238 ta-

2208 4293 2331 4333 men
2358 4280 2480 4348 quia
2513 4278 2625 4349 ipsa
2652 4278 3004 4348 privationem
3050 4277 3343 4342 subtrahit,
3376 4277 3665 4347 privatoria
3701 4290 3802 4332 ne-

2208 4370 2351 4440 gatio
2381 4369 2707 4425 nominatur.
2760 4370 2900 4441 Ergo
2937 4385 3079 4425 nunc
3124 4369 3227 4424 hoc
3280 4368 3411 4424 dicit
3440 4384 3453 4422 :
3479 4367 3613 4422 Cum
3651 4367 3802 4432 sint,

2210 4469 2402 4541 inquit,
2430 4477 2660 4539 quatuor
2692 4467 3105 4539 propositiones,
3139 4483 3362 4539 quaram
3388 4467 3510 4523 dua:
3534 4481 3605 4523 ex
3636 4465 3802 4521 ﬁniti-

480 4557 647 4641 ulnas
673 4556 1096 4625 aiﬁrmationes,
1124 4568 1209 4615 est
1230 4559 1410 4629 justus
1440 4558 1636 4625 homo,
1668 4571 1753 4616 est
1800 4576 1904 4617 non
1927 4560 2105 4631 justus
2133 4569 2189 4630 1)
2213 4570 2315 4626 mis
2369 4568 2678 4625 nominibus
2721 4578 2849 4624 sunt
2871 4612 2886 4638 ,
2920 4577 2979 4622 ut
3021 4577 3104 4623 est
3130 4567 3308 4637 justus
3357 4568 3551 4633 homo,
3576 4582 3683 4622 non
3718 4576 3803 4623 est

516 4650 699 4717 homo,
734 4649 870 4713 haec.
903 4666 1023 4705 cum
1055 4650 1174 4706 duae
1204 4651 1590 4707 alﬁrmationes
1614 4652 1744 4719 sint,
1769 4651 1905 4707 duas
1930 4653 2105 4711 habe-

514 4745 649 4798 bunt
680 4744 1011 4811 negationes.
1038 4742 1243 4799 Nam‘si
1275 4743 1497 4800 verbum
1528 4753 1612 4801 est
1639 4746 1690 4800 in
1725 4746 1824 4802 hac
1856 4748 2106 4817 proposi-

517 4835 667 4889 tione
707 4849 827 4904 quae
854 4834 1019 4899 dicit,
1050 4844 1131 4889 est
1170 4833 1348 4904 justus
1378 4838 1568 4906 homo,
1601 4838 1667 4893 ad
1690 4838 1896 4908 justum
1926 4842 2109 4909 posui-

518 4942 659 4982 mus.
692 4927 759 4981 Et
806 4927 858 4981 in
899 4927 1000 4981 hac
1025 4943 1211 4983 rursus
1261 4931 1629 5000 prepositione
1659 4947 1780 4999 qua:
1820 4933 1989 5000 dicit,
2022 4944 2107 4991 est

518 5035 627 5074 non
673 5018 852 5089 justus
892 5020 1053 5074 homo
1077 5060 1093 5086 ,
1125 5036 1310 5077 rursus
1359 5022 1426 5078 ad
1476 5040 1581 5079 non
1607 5024 1809 5094 justum
1854 5026 1996 5081 idem
2025 5036 2110 5082 est

518 5111 742 5165 verbum
766 5109 1073 5178 janxiinus:
1096 5113 1348 5181 quoniam
1379 5115 1678 5185 negationis
1708 5117 2104 5187 oppositioncm

515 5202 695 5258 elfecit
739 5214 859 5257 cum
890 5211 975 5257 est
994 5203 1364 5274 verbojuncta
1396 5210 1633 5277 negatio,
1661 5209 1714 5265 id
1740 5220 1973 5276 estnon,
2000 5225 2110 5266 ma-

515 5297 770 5355 nifestum
802 5308 884 5353 est
911 5296 1165 5369 quoniam
1195 5300 1247 5354 id
1277 5301 1416 5371 quod
1446 5301 1639 5360 dicitur
1678 5321 1784 5361 non
1818 5317 1901 5363 est
1930 5308 1997 5363 ad
2016 5308 2106 5377 ju-

514 5400 655 5445 stum
686 5404 871 5445 rursus
899 5399 955 5446 et
983 5389 1050 5445 ad
1094 5405 1198 5447 non
1221 5390 1427 5461 justum
1471 5393 1871 5467 adjuugendum
1901 5408 2013 5468 est,
2045 5411 2105 5457 ut

518 5482 825 5552 negationes
847 5481 1324 5552 ﬁunthujusmodi,
1357 5499 1462 5539 non
1485 5488 1569 5540 est
1585 5484 1763 5555 justus
1786 5488 1968 5557 homo,
1997 5506 2104 5545 non

514 5585 598 5629 est
623 5591 724 5630 non
744 5576 925 5646 justus
956 5577 1138 5630 homo.
1170 5576 1335 5633 [tecte
1359 5578 1519 5650 igitur
1549 5581 1682 5636 dixit
1708 5599 1721 5636 :
1745 5582 1921 5649 Quare
1942 5558 2107 5655 δίιῷι

509 5667 655 5735 justo
687 5677 740 5722 et
769 5685 872 5722 non
899 5668 1047 5737 justo
1089 5667 1352 5739 adjacebit
1372 5712 1386 5739 ,
1417 5672 1577 5728 etiam
1621 5675 1829 5745 negatio
1852 5674 2027 5751 justo;
2050 5688 2107 5733 et

512 5772 618 5814 non
644 5754 789 5827 justo
820 5757 1105 5843 adjacebil.
1142 5760 1277 5819 Sunt
1308 5772 1483 5824 autem
1542 5766 1936 5841 propositiones
1966 5756 2100 5840 qbas

2206 4659 2382 4731 justus
2437 4659 2629 4727 homo,
2677 4659 2796 4715 date
2842 4674 2906 4715 ex
2949 4658 3169 4715 infinitis
3213 4660 3551 4725 nominibus,
3604 4668 3661 4713 at
3716 4669 3803 4715 est

2214 4768 2319 4808 non
2339 4753 2515 4822 justus
2565 4752 2759 4821 homo,
2801 4769 2905 4809 non
2936 4765 3019 4810 est
3050 4768 3157 4825 non
3201 4752 3371 4823 justus
3400 4755 3584 4818 homo,
3634 4753 3761 4808 duae
3786 4797 3802 4819 ,

2210 4844 2412 4914 inquit,
2451 4845 2534 4899 ha:
2584 4851 2948 4916 quarumluna
2992 4844 3282 4900 afﬁrmatio
3313 4854 3431 4913 est,
3460 4846 3664 4902 habens
3723 4846 3803 4900 in-

2213 4932 2421 4991 ﬁnitum
2478 4951 2712 5005 nomen,
2759 4946 2817 4992 ut
2858 4949 2940 4993 est
2983 4952 3087 4992 non
3137 4938 3313 5007 justas
3354 4939 3517 4993 homo
3543 4979 3559 5005 ,
3591 4945 3645 4993 et
3694 4951 3803 4994 una

2215 5029 2429 5099 negatio
2459 5028 2665 5084 habens
2705 5046 2893 5087 rursus
2931 5031 3197 5087 inﬁnitum
3227 5048 3454 5098 nomen,
3499 5041 3686 5086 utnon
3717 5041 3802 5088 est

2213 5134 2320 5175 non
2363 5121 2538 5189 justus
2581 5126 2778 5191 homo,
2813 5125 2890 5179 sic
2936 5139 2995 5180 se
3031 5125 3229 5181 habent
3276 5124 3345 5180 ad
3381 5124 3800 5179 afﬁrmationem

2212 5220 2268 5266 et
2297 5214 2657 5283 negationem,
2679 5214 2730 5270 id
2756 5225 2857 5272 est.
2883 5215 3123 5271 eamdem
3148 5217 3376 5272 formam
3399 5217 3637 5273 retinent
3655 5215 3801 5270 afﬁr-

2213 5304 2465 5359 mationis
2494 5315 2548 5361 et
2578 5309 2899 5379 negationis,
2931 5317 2987 5365 et
3005 5308 3210 5366 similes
3263 5321 3389 5366 sunt
3414 5311 3483 5366 ad
3524 5310 3799 5367 afﬁrman-

2214 5393 2340 5449 dum
2375 5396 2574 5467 aliquid
2608 5399 2687 5453 vel
2717 5399 3016 5471 negandum
3044 5401 3129 5457 his
3153 5417 3273 5473 qua:
3299 5411 3427 5457 sunt
3470 5401 3796 5473 privatorim.

2214 5484 2346 5543 Nam
2376 5489 2827 5558 quemadmodum
2861 5493 3143 5561 privatoria
3189 5510 3312 5567 quae
3370 5496 3505 5551 dicit
3540 5505 3625 5553 est
3659 5495 3794 5565 inju-

2210 5583 2327 5631 stas
2358 5578 2519 5634 homo
2548 5596 2655 5635 non
2699 5582 2871 5637 solum
2911 5584 3199 5640 afﬁrmatio
3233 5594 3337 5651 est,
3371 5586 3467 5641 sed
3502 5586 3790 5657 privstoria

2211 5669 2524 5739 affirmatio,
2566 5674 2634 5727 ita
2681 5689 2895 5743 quoque
2940 5691 3000 5730 ea
3047 5692 3168 5746 quae
3207 5676 3336 5732 dicit
3358 5685 3445 5733 est
3467 5692 3575 5733 non
3612 5677 3789 5747 justus

2212 5762 2374 5820 homo
2426 5782 2531 5820 nun
2582 5766 2757 5822 soluat
2806 5775 2890 5823 est
2926 5766 3234 5840 afﬁrmatio,
3275 5767 3370 5827 sed
3417 5784 3539 5829 cum
3585 5768 3787 5828 inﬁnita
