4022 6332
186 304 270 366 sis
937 304 1005 363 1N
1043 304 1304 364 LIBRUM
1346 304 1434 362 DE
1473 302 2122 364 INTEBPBETA'I'IONE
2164 303 2392 363 some
2433 306 2664 365 eam.
2761 259 2765 263 ”

3352 304 3454 362 546

185 426 404 493 contine,
431 436 491 483 et
528 441 656 483 cum
700 426 877 498 aliqua
921 428 1225 498 privatione
1252 426 1558 483 afﬁrmatio.
1608 424 1750 481 ldem
1781 426 1941 486 Aest
1968 422 2224 493 simplex,
2270 424 2360 480 illa
2405 424 2733 494 privatoria:
2769 435 2935 494 quare
2974 436 3096 493 quae
3138 436 3203 479 ex
3252 422 3458 478 inﬁnito

186 519 307 576 enim
333 518 481 589 valet
525 518 594 574 ad
628 518 1037 590 intelligentiam
1076 519 1220 589 quod
1264 518 1459 574 dicitur
1502 516 1757 587 injustas,

187 618 421 680 tanquam
448 609 495 664 si
517 609 732 664 dicatur
755 625 859 664 non
883 608 1082 679 justas.
1111 611 1174 663 Et
1205 623 1388 664 rursus
1410 607 1759 679 quemadmo-

187 703 291 757 dum
332 716 443 757 non
470 712 556 757 est
579 701 810 772 injustas
836 700 1022 767 homo,
1046 716 1155 756 non
1187 710 1270 757 est
1296 700 1470 755 solum
1515 699 1754 771 negatio,

187 791 263 849 sed
303 793 593 863 privatoria
624 793 859 865 negatio,
889 792 1144 863 quoniam
1188 806 1495 863 quanquam
1526 790 1620 846 det
1663 790 1760 844 ha-

189 881 360 949 bitum,
392 891 575 939 tamen
609 882 964 954 privationem
1015 892 1196 955 negat,
1241 884 1315 937 ita
1359 896 1575 952 quoque
1611 891 1668 937 et
1694 895 1760 936 ea

176 968 287 1045 'qua:
313 984 481 1031 estex
506 974 717 1030 inﬁnito
738 974 976 1041 nomine,
997 990 1103 1029 non
1128 982 1213 1029 est
1239 986 1346 1028 non
1366 972 1543 1041 justus
1576 971 1759 1038 homo,

189 1081 275 1121 non
301 1066 480 1121 solum
512 1076 595 1121 est
633 1067 870 1139 negatio,
904 1066 1004 1123 sed
1042 1082 1110 1122 ex
1139 1065 1351 1121 inﬁnito
1379 1065 1517 1121 facta
1546 1065 1762 1121 nomine

189 1156 436 1211 inﬁnitum
482 1172 706 1226 negans.
759 1157 892 1224 Quia
938 1157 1101 1228 igitur
1141 1156 1409 1211 inﬁnitum
1467 1164 1662 1226 negat,
1709 1163 1765 1209 et

191 1248 469 1315 subjectum
513 1249 722 1303 inﬁnito
763 1247 1012 1319 negando
1051 1248 1249 1317 privat,
1284 1246 1588 1317 privatorim
1614 1244 1765 1300 simi-

191 1343 243 1398 lis
264 1352 366 1399 est.
410 1342 545 1399 Nam
577 1343 625 1398 si
662 1342 804 1399 idem
837 1341 983 1397 valet
1026 1341 1285 1410 injustam
1315 1354 1440 1396 esse
1470 1337 1615 1408 quod
1654 1352 1763 1393 non

191 1443 391 1512 justum,
426 1443 569 1498 idem
602 1444 800 1500 valebit
848 1459 955 1500 non
1001 1456 1124 1499 esse
1164 1442 1423 1513 injustam
1464 1439 1607 1510 quod
1653 1454 1765 1498 non

194 1550 289 1592 esse
332 1552 445 1591 non
482 1535 712 1606 justum.
746 1537 914 1608 igitur
944 1536 1028 1591 ha:
1055 1537 1175 1591 duae
1205 1551 1325 1608 qua:
1367 1535 1636 1591 inﬁnitum
1665 1551 1765 1592 no-

191 1645 293 1685 men
322 1630 547 1696 habent,
581 1642 839 1702 quantum
862 1630 929 1687 ad
960 1632 1196 1701 speciem
1236 1630 1574 1701 formamque
1615 1630 1764 1689 afﬁr-

193 1723 422 1778 mationis
454 1734 508 1779 et
550 1723 862 1795 negationis
907 1723 1160 1779 similiter
1201 1738 1263 1779 se
1294 1724 1611 1787 habentbis
1643 1741 1763 1795 qua:

191 1822 299 1868 sunt
345 1814 654 1884 privatoria:
702 1814 1109 1871 affirmationes.
1142 1815 1269 1869 Duae
1322 1829 1454 1871 vero
1494 1815 1603 1871 illa:
1642 1832 1763 1887 qua:

190 1904 395 1975 simplex
438 1906 829 1976 deﬁnitumque
880 1905 1181 1975 pradicant
1223 1920 1443 1973 nomen,
1496 1907 1564 1962 ab
1610 1908 1760 1963 omni

189 1994 518 2052 similitudine
562 1997 924 2067 privationnm
971 1997 1197 2053 seclusae
1239 2006 1384 2052 sunt.
1435 1996 1577 2053 Nihil
1618 2000 1763 2056 enim

190 2088 359 2143 similis
400 2097 486 2143 est
531 2088 623 2143 illa
668 2104 790 2160 quae
818 2088 967 2154 dicit,
1016 2098 1100 2143 est
1141 2088 1321 2159 justus
1351 2088 1534 2155 homo,
1569 2090 1619 2144 ei
1643 2105 1763 2160 quae

190 2180 317 2249 dicit,
346 2189 432 2235 est
461 2180 691 2250 injustas
733 2180 915 2247 homo,
946 2194 1066 2234 cam
1097 2188 1338 2248 utraeque
1381 2180 1490 2234 sint
1517 2179 1763 2236 afﬁrma-

189 2270 360 2337 tiones,
392 2269 488 2325 sed
521 2270 614 2324 illa
644 2278 731 2325 est
762 2269 1015 2340 simplex,
1058 2268 1151 2323 illa
1190 2268 1503 2338 privatoria.
1540 2270 1611 2325 At
1635 2284 1765 2326 vero

188 2380 238 2419 ea
262 2382 375 2436 qua:
402 2365 554 2431 dicit,
589 2381 694 2422 non
723 2374 806 2421 est
828 2364 1010 2435 justus
1041 2362 1223 2428 homo,
1240 2363 1307 2418 ad
1327 2379 1444 2419 eam
1468 2381 1587 2435 quae
1612 2364 1765 2436 dicit,

184 2469 281 2510 non
323 2466 407 2510 est
452 2455 682 2525 injustas
732 2454 919 2519 homo,
968 2454 1113 2508 nulla
1162 2453 1388 2508 rationis
1415 2454 1768 2512 similitudine

183 2546 539 2618 conjungitur,
566 2561 684 2602 cum
723 2546 834 2603 sint
861 2555 1107 2615 utrmque
1147 2544 1494 2615 negationes;
1544 2546 1638 2601 sed
1670 2544 1762 2602 illa

709 2661 1031 2719 Afﬁrmatio.
1110 2660 1206 2715 Est
1227 2659 1405 2730 justus
1435 2660 1618 2716 homo.

709 2754 1027 2810 Alﬁrmatio.
1106 2752 1203 2808 Est
1231 2751 1463 2822 injustas
1494 2752 1676 2807 homo.

1828 2661 1945 2717 Non
1977 2672 2057 2718 est
2078 2662 2255 2734 justas
2281 2664 2466 2722 homo.

1822 2752 1943 2809 Non
1972 2764 2055 2810 est
2082 2754 2315 2825 injustas
2343 2757 2524 2812 homo.

1866 515 2083 570 nomine
2131 525 2287 581 sunt,
2323 515 2577 572 similiter
2613 529 2734 571 sese
2776 514 2976 569 habent
3004 511 3456 584 quemadmodum

1864 606 2223 677 privationcs,
2258 606 2452 661 similis
2496 622 2729 677 namque
2771 604 3060 660 afﬁrmatio
3103 612 3189 660 est
3232 619 3294 659 ea
3336 618 3459 674 quae

1863 697 2016 762 dicit,
2045 706 2128 753 est
2161 713 2271 752 non
2298 697 2474 767 justus
2505 698 2689 765 homo,
2713 696 2764 753 ei
2794 712 2914 768 qua:
2937 696 3089 763 dicit,
3112 704 3195 752 est
3223 696 3461 767 injustas

1866 792 2049 849 homo.
2096 793 2160 848 Et
2190 808 2379 849 rursus
2423 809 2488 850 ea
2533 809 2651 864 quae
2682 794 2833 859 dicit,
2863 807 2971 847 non
3010 800 3094 847 est
3137 804 3245 847 non
3273 792 3457 861 justus

1866 885 2050 950 homo,
2079 886 2129 941 ei
2174 900 2294 956 qua:
2323 886 2488 967 .dicit,
2532 900 2639 941 non
2682 895 2765 940 est
2795 884 3023 955 injustas
3071 884 3256 952 homo,
3288 884 3463 954 priva-

1867 976 2041 1033 tiones
2064 991 2193 1033 vero
2216 978 2553 1047 simplicibus
2577 977 3031 1047 propositionibus
3052 984 3105 1031 et
3130 975 3213 1030 his
3243 990 3363 1046 quae
3393 990 3461 1031 ex

1866 1069 2033 1125 ﬁnitis
2079 1071 2390 1128 nominibus
2440 1072 2595 1137 ﬁunt,
2636 1087 2742 1127 non
2797 1071 3220 1142 conjunguntur.
3276 1070 3463 1141 Neque

1868 1165 2013 1219 enim
2063 1164 2346 1235 quisquam
2399 1164 2596 1221 dixerit
2643 1181 2763 1222 eam
2802 1183 2923 1238 quae
2972 1168 3120 1235 dicit,
3168 1176 3250 1222 est
3284 1167 3464 1238 justus

1866 1257 2050 1324 homo,
2105 1273 2227 1314 esse
2279 1274 2587 1329 comparem
2639 1262 2687 1317 ei
2738 1279 2860 1332 quae
2899 1264 3050 1331 dicit,
3094 1273 3177 1319 est
3220 1264 3461 1333 injustas

1869 1352 2054 1421 homo,
2089 1370 2189 1411 nec
2222 1371 2347 1411 vero
2371 1372 2489 1412 eam
2513 1374 2632 1427 qua:
2662 1358 2810 1427 dicit,
2834 1374 2941 1414 non
2970 1367 3053 1414 est
3076 1358 3253 1429 jusms
3277 1358 3461 1425 homo,

1869 1467 2029 1522 posse
2069 1455 2273 1525 aliquid
2318 1459 2626 1527 comparari
2657 1475 2778 1515 cum
2808 1476 2872 1515 ea
2903 1476 3022 1530 quae
3053 1458 3204 1525 dicit,
3234 1473 3337 1512 non
3379 1465 3465 1513 est
3560 1440 3569 1447 ἢ

1869 1543 2101 1613 injustas
2133 1546 2316 1602 homo.
2348 1548 2517 1605 Recte
2537 1566 2666 1623 ergo
2691 1552 2890 1607 dictum
2915 1561 2997 1607 est
3023 1552 3089 1607 de
3121 1550 3204 1605 his
3234 1561 3465 1620 quatuor

1870 1636 2328 1706 propositionibus
2346 1639 2477 1694 duas
2498 1640 2566 1697 ad
2589 1642 3003 1699 afﬁrmationem
3037 1652 3091 1698 et
3120 1641 3463 1714 negationem

1868 1727 1942 1781 ita
1973 1742 2032 1781 se
2061 1728 2279 1793 habere,
2316 1739 2375 1784 ut
2422 1740 2548 1786 sunt
2594 1732 2953 1802 privationes;
2996 1733 3130 1788 duas
3169 1746 3300 1787 vero
3342 1745 3466 1787 esse

1794 1841 1844 1902 Β
1870 1819 2165 1889 simplices,
2195 1830 2249 1875 et
2278 1833 2476 1891 prmter
2501 1824 2732 1895 aliquam
2764 1828 3121 1897 privationum
3158 1824 3465 1881 similitudit-

1872 1926 2017 1965 nem.
2050 1911 2201 1979 Quod
2239 1922 2417 1969 autem
2455 1916 2527 1971 ait
2549 1917 2613 1971 ad
2644 1920 3112 1987 consequentiam,
3143 1928 3392 1987 tanquam
3420 1916 3468 1973 si

1873 2004 2098 2060 dixisset
2128 2006 2194 2062 ad
2241 2007 2675 2078 similitudinem,
2724 2012 2796 2066 ita
2837 2011 2997 2067 debet
3045 2010 3291 2079 intelligi.
3336 2007 3468 2075 Qua)

1872 2096 2015 2150 enim
2038 2096 2144 2152 sibi
2182 2107 2310 2153 sunt
2342 2099 2558 2166 similia,
2592 2117 2621 2156 a
2658 2117 2717 2158 se
2744 2101 3147 2172 quodammodo
3174 2115 3280 2155 non
3319 2113 3467 2154 recee

1872 2185 2027 2252 dum,
2061 2196 2115 2241 et
2139 2203 2199 2244 se
2220 2188 2450 2246 invicem
2475 2203 2900 2264 consequuntur.
2921 2192 3309 2248 Describuntur
3338 2205 3468 2261 ergo

1873 2275 1993 2330 duae
2019 2277 2163 2346 prius
2191 2278 2466 2349 simplices
2501 2282 2918 2351 propositiones,
2945 2292 3066 2352 post
3090 2282 3185 2337 has
3208 2280 3329 2336 duae
3357 2279 3468 2349 pri-

1872 2368 2112 2433 vatoriae,
2148 2379 2425 2439 postremo
2452 2387 2572 2442 quae
2600 2372 2826 2427 inﬁnitis
2860 2371 3168 2428 nominibus
3196 2377 3465 2435 constant,

1872 2455 2339 2514 utafﬁrmationes
2374 2460 2477 2516 sub
2517 2460 2997 2530 afﬁrmationibas,
3022 2462 3333 2533 negationes
3366 2456 3467 2515 sub

1873 2547 2248 2618 negatiouibus
2268 2552 2686 2607 constituantur.

2684 2666 2929 2739 Negatio.

2685 2757 2929 2830 Negatio.

704 2848 1027 2907 Afﬁrmatio.
1106 2850 1199 2906 Est
1225 2865 1332 2905 non
1358 2849 1538 2921 justas
1565 2849 1748 2905 homo.
1826 2847 1944 2904 Non
1974 2858 2058 2905 est
2086 2865 2195 2906 non
2219 2850 2395 2921 justus
2428 2851 2611 2908 homo.
2686 2852 2929 2924 Negatio.

182 2967 276 3023 Sed
300 2970 399 3034 bar,
430 2967 628 3037 inquit,
658 2966 731 3021 ita
772 2976 897 3021 sunt
917 2964 1194 3035 disposita:
1220 2963 1580 3033 eamdemque
1606 2962 1671 3018 ad
1696 2976 1757 3018 se

181 3058 569 3113 similstudinem
612 3069 826 3129 gerunt,
858 3055 1309 3127 quemadmodum
1355 3056 1407 3110 in
1438 3054 1756 3127 Analyticis,

1869 2971 1982 3018 tam
2033 2978 2152 3034 quae
2207 2974 2299 3019 aut
2359 2965 2678 3021 naturaliter
2733 2965 2957 3031 insunt,
3008 2975 3101 3019 aut
3153 2962 3466 3021 naturaliter

1872 3055 2051 3111 inesse
2100 3070 2205 3110 non
2255 3064 2497 3125 possunt,
2524 3064 2581 3110 ut
2610 3054 2657 3109 si
2683 3055 2804 3125 quis
2832 3054 3002 3121 dicat,
3030 3060 3114 3109 est
3148 3053 3313 3108 homo
3347 3053 3466 3107 ani-

179 3151 227 3213 id
250 3162 329 3206 est
363 3153 722 3217 resolutoriis,
755 3153 957 3208 dictum
1004 3160 1105 3208 est.
1141 3152 1370 3222 Scripsit
1403 3162 1582 3208 autem
1625 3152 1763 3208 duos
1793 3189 1839 3252 Ο
1874 3150 2019 3219 mal,
2062 3166 2336 3221 nunquam
2369 3165 2492 3205 cum
2524 3150 2624 3205 hac
2664 3164 2791 3207 vera
2831 3164 2953 3206 esse
2983 3158 3200 3219 potest:
3230 3148 3322 3203 illa
3351 3162 3469 3218 qum

178 3244 521 3299 resolutorios
550 3244 719 3299 libros
750 3243 815 3299 de
845 3244 1192 3315 Syllogismo.
1226 3243 1282 3299 ln
1322 3260 1555 3315 quorum
1586 3245 1762 3315 primo

177 3330 234 3386 de
274 3334 708 3404 propositionum
749 3348 812 3388 ex
862 3332 1012 3390 ﬁnito
1056 3334 1274 3388 nomine
1314 3342 1369 3389 et
1399 3334 1607 3389 inﬁnito
1633 3349 1764 3390 con-

178 3429 441 3496 sequentia
485 3426 766 3481 disseruit.
800 3424 896 3481 Est
920 3441 1049 3481 vero
1091 3425 1386 3480 similitudo
1428 3426 1765 3481 afﬁrmativm

177 3518 375 3585 quidem
420 3518 691 3589 simplicis
713 3533 780 3574 ex
810 3518 961 3573 ﬁnito
989 3518 1232 3587 nomine,
1273 3527 1327 3574 et
1351 3518 1615 3590 negativae
1644 3519 1765 3588 ejus

175 3624 278 3679 qua:
307 3611 478 3667 habet
526 3611 793 3667 inﬁnitum
836 3625 1055 3666 nomen.
1088 3609 1329 3679 Namque
1360 3624 1424 3665 ea
1454 3622 1583 3679 quae
1609 3610 1762 3678 dicit,

174 3710 247 3755 est
262 3700 440 3769 justus
465 3700 655 3765 homo,
676 3699 987 3767 afﬁrmatio,
1012 3700 1059 3755 ei
1086 3715 1209 3771 quae
1230 3699 1379 3764 dicit,
1410 3714 1515 3755 non
1546 3709 1630 3755 est
1656 3715 1763 3756 non

170 3787 334 3858 justus
364 3792 560 3856 homo,
596 3790 866 3861 negationi
910 3791 1103 3845 similis
1142 3800 1246 3846 est.
1284 3790 1510 3861 Negatio
1548 3805 1767 3861 quoque

171 3879 390 3950 simplex
424 3882 565 3937 ﬁniti
611 3882 867 3948 nominis,
898 3881 1245 3937 afﬁrmationi
1287 3882 1480 3939 inﬁniti
1531 3883 1767 3940 nominis

167 3976 433 4027 convenit.
471 3973 546 4027 Ea
583 3975 728 4028 enim
760 3988 878 4043 quae
917 3972 1066 4036 dicit.
1098 3987 1205 4027 non
1235 3980 1319 4028 est
1359 3973 1538 4042 justus
1580 3958 1762 4039 homo,

167 4064 359 4119 similis
388 4073 478 4120 est
522 4065 571 4120 ei
613 4079 733 4135 qua:
777 4064 927 4129 dicit,
962 4073 1180 4120 estnon
1226 4065 1405 4135 justus
1439 4066 1621 4121 homo.
1658 4066 1765 4123 Sed

165 4157 622 4223 quemadmodum
652 4156 768 4211 ista:
794 4156 897 4211 sibi
924 4156 1034 4210 sint
1069 4155 1298 4224 similes,
1322 4166 1376 4211 et
1405 4157 1679 4228 quomodo
1712 4161 1765 4212 in

163 4248 557 4317 consequentia
605 4249 880 4320 proprium
915 4256 1132 4303 teneant
1158 4248 1405 4303 ordinem
1427 4290 1441 4314 ,
1476 4264 1617 4302 nunc
1646 4247 1767 4319 qui-

161 4338 282 4397 dem
311 4342 549 4411 exsequi
581 4341 909 4409 distulimus,
944 4341 1216 4410 paulisper
1242 4349 1423 4395 tamen
1454 4339 1767 4395 describan-

159 4442 261 4499 tur,
312 4446 373 4489 ut
416 4451 613 4490 earum
663 4434 909 4503 quaedam
955 4434 1256 4504 proprietas
1302 4434 1637 4488 ostendatur.
1686 4434 1768 4489 Sit

156 4527 294 4579 enim
326 4525 631 4581 afﬁrmatio
662 4525 794 4579 finiti
828 4524 1094 4588 nominis,
1121 4533 1177 4579 et
1203 4524 1304 4579 sub
1331 4540 1391 4579 ea
1422 4525 1633 4594 negatio
1664 4540 1765 4579 no-

155 4616 312 4671 minis
342 4618 576 4671 inﬁniti.
617 4616 699 4672 Sit
727 4617 855 4672 item
890 4616 1102 4686 negatio
1129 4614 1262 4671 ﬁttiti
1296 4616 1550 4683 nominis,
1578 4623 1635 4671 et
1661 4615 1762 4671 sub

154 4720 211 4759 ea
234 4707 542 4762 afﬁrmatio
574 4706 809 4762 nominis
830 4705 1046 4767 inﬁniti.

149 4869 447 4919 Aﬁirmatio.
478 4867 744 4931 Estjustns
768 4878 926 4916 nomo.
951 4865 1057 4916 Non
1078 4870 1156 4915 est
1173 4865 1332 4926 justus
1356 4875 1515 4915 nomo.
1542 4861 1767 4926 Negatio.

696 4978 836 5059 40g"
856 4972 863 4977 1
1118 4975 1255 5043 tates

697 5125 835 5193 λινὲῦ
1124 5103 1250 5185 lares

142 5242 379 5307 Negatio.
466 5240 576 5291 Non
600 5246 678 5307 est
700 5252 797 5289 non
812 5238 971 5300 justus
1035 5235 1119 5289 Est
1145 5250 1241 5307 non
1264 5236 1420 5297 iustus
1482 5235 1768 5287 Aﬁlrmatio.

638 5303 803 5352 homo.
1154 5301 1316 5350 homo.

144 5449 199 5505 In
232 5451 341 5505 hac
373 5448 556 5518 igitur
586 5443 955 5513 descriptione
986 5442 1201 5513 negatio
1222 5456 1288 5497 ex
1311 5439 1521 5496 inﬁnito
1548 5438 1768 5497 nomine

138 5546 235 5600 sub
256 5541 658 5599 afﬁrmatione
691 5537 827 5593 ﬁniti
858 5536 1093 5592 nominis
1133 5540 1371 5606 ponitur,
1398 5543 1453 5589 et
1472 5548 1657 5589 rursus
1684 5532 1768 5588 af-

140 5636 389 5691 ﬁrmatio
431 5631 636 5688 inﬁniti
665 5629 900 5684 nominis
942 5627 1044 5683 sub
1085 5626 1373 5697 negatione
1421 5624 1583 5691 ﬁniti,
1632 5638 1767 5696 qna-

143 5742 254 5783 mm
278 5724 621 5798 angulares,
649 5720 905 5793 quoniam
956 5729 1084 5775 sunt
1127 5718 1445 5786 indeﬁnitm,
1480 5731 1668 5774 omnes
1694 5717 1767 5773 si-

139 5820 250 5875 mul
279 5823 341 5879 in
391 5814 658 5874 omnibus
684 5825 986 5889 veracesse
1027 5818 1270 5885 possunt,
1306 5811 1409 5870 nisi
1439 5810 1492 5870 in
1524 5810 1608 5868 his
1650 5816 1766 5867 tan-

1872 3244 2025 3313 dicit,
2053 3255 2135 3301 est
2182 3247 2344 3301 homo
2387 3260 2492 3301 non
2539 3245 2760 3311 animal,
2790 3260 2909 3315 quae
2945 3254 3028 3300 est
3069 3243 3365 3315 angularis,
3391 3242 3470 3298 id-

1873 3337 2019 3393 circo
2055 3337 2309 3407 quoniam
2357 3337 2561 3392 animal
2598 3337 2916 3393 naturaliter
2952 3334 3007 3391 in
3047 3334 3344 3392 substantia
3374 3333 3469 3390 bo~

1874 3429 2037 3485 minis
2065 3430 2390 3500 perspicitur
2417 3430 2705 3485 inhaerere.
2744 3429 2956 3484 Rursus
2986 3429 3030 3484 si
3061 3429 3182 3498 quis
3203 3427 3366 3492 dicat,
3390 3433 3469 3486 est

1877 3520 2040 3576 homo
2067 3520 2224 3589 lapis,
2250 3530 2332 3575 est
2362 3520 2524 3574 homo
2540 3533 2649 3573 non
2663 3518 2822 3588 lapis,
2854 3533 2921 3573 ne
2951 3516 3034 3572 lim
3063 3517 3278 3587 quidem
3308 3515 3467 3573 simul

1875 3627 2016 3668 vera:
2028 3627 2149 3668 esse
2163 3621 2409 3682 possunt,
2426 3611 2633 3669 idcirco
2660 3612 2804 3681 quod
2818 3612 3046 3682 lapidem
3070 3612 3246 3666 inesse
3264 3609 3469 3666 homini

1876 3702 2195 3758 naturaliter
2235 3702 2569 3772 impossibile
2611 3711 2714 3759 est.
2733 3702 2886 3768 Quod
2912 3703 2958 3757 si
2997 3701 3303 3772 hujasmodi
3344 3710 3469 3762 sunt

1876 3811 1997 3867 qua:
2020 3795 2310 3851 noniusint
2329 3796 2665 3862 naturaliter,
2682 3796 2777 3852 sed
2799 3797 2979 3852 inesse
2999 3794 3361 3865 possint,utin
3385 3793 3470 3851 his

1876 3906 1995 3960 quae
2027 3905 2188 3960 supra
2222 3890 2502 3960 posuimus
2528 3890 2812 3961 exemplis,
2855 3891 3141 3961 angulares
3179 3904 3322 3945 verae
3344 3897 3469 3951 sunt

1874 3998 2106 4053 semper.
2124 3983 2305 4039 Potest
2326 3985 2467 4039 enim
2490 3999 2616 4040 vera
2641 3998 2761 4041 esse
2791 3992 2846 4040 et
2871 4000 2934 4041 ea
2953 3999 3074 4055 quae
3104 3982 3254 4048 dicit,
3278 3991 3359 4038 est
3384 3980 3470 4053 ja-

1874 4084 1991 4130 stus
2006 4075 2186 4142 homo,
2201 4086 2255 4131 et
2269 4091 2328 4132 ea
2343 4092 2461 4147 quae
2483 4076 2633 4143 dicit,
2653 4087 2734 4132 est
2756 4092 2860 4131 non
2874 4076 3050 4146 justus
3070 4074 3468 4131 homo.Rursus

1876 4178 2051 4238 potest
2084 4184 2209 4223 vera
2249 4184 2369 4226 esse
2404 4186 2523 4240 quae
2551 4170 2701 4238 dicit,
2737 4184 2843 4225 non
2875 4180 2958 4225 est
2993 4169 3170 4240 justus
3201 4169 3386 4233 homo,
3419 4167 3467 4224 si

1874 4260 1976 4316 hoc
2019 4262 2085 4316 de
2117 4262 2263 4331 Sylla
2295 4262 2534 4327 dicatur,
2567 4273 2623 4318 et
2652 4278 2713 4318 ea
2742 4278 2862 4333 quae
2902 4261 3066 4329 dicit,
3098 4276 3205 4316 non
3247 4270 3330 4316 est
3360 4273 3471 4316 non

1870 4353 2049 4423 justus
2096 4354 2279 4420 homo,
2314 4355 2356 4409 si
2404 4353 2504 4409 hoc
2534 4354 2614 4420 Ide
2658 4352 2861 4409 Catone
2906 4351 3250 4423 praedicetur.
3283 4351 3339 4406 ln
3384 4350 3468 4407 his

1873 4446 2034 4517 igitur
2080 4462 2200 4515 qua:
2230 4456 2356 4502 sant
2398 4444 2712 4510 indeﬁnitae,
2746 4445 2792 4499 si
2837 4460 2899 4500 ea
2943 4459 3062 4515 qua:
3107 4442 3470 4512 praedicantur

1874 4538 2187 4592 naturaliter
2215 4553 2321 4592 non
2357 4537 2561 4602 insunt,
2606 4536 2699 4591 sed
2728 4550 2791 4591 ea
2838 4535 3021 4592 inesse
3066 4534 3322 4605 possibile
3359 4542 3465 4601 est,

1872 4644 2088 4701 semper
2123 4631 2411 4701 angulares
2453 4629 2614 4684 simul
2656 4644 2812 4684 veras
2842 4643 2963 4686 esse
2993 4629 3278 4698 contingit.
3314 4627 3469 4697 Quod

1881 4730 1926 4783 si
1953 4726 2258 4796 ltujusmodi
2284 4726 2680 4797 propositiones
2703 4740 2825 4780 cum
2843 4725 3157 4781 deﬁnitione
3177 4740 3463 4792 ponamus,

1880 4820 1951 4874 ita
1986 4816 2273 4873 dicendum
2305 4826 2386 4871 est
2412 4834 2425 4869 :
2457 4824 2540 4871 est
2568 4817 2744 4871 omnis
2773 4815 2935 4869 homo
2965 4814 3166 4885 justus,
3194 4815 3350 4885 hujus
3379 4829 3471 4870 nea

1876 4908 2039 4978 gatio,
2059 4922 2166 4961 non
2197 4914 2279 4962 est
2308 4909 2484 4961 onmis
2508 4905 2669 4961 homo
2691 4905 2891 4975 justus.
2923 4906 3153 4973 Rursus,
3179 4915 3264 4962 est
3291 4904 3469 4960 omnis

1880 5000 2040 5053 homo
2063 5013 2167 5051 non
2194 4994 2391 5067 justus,
2425 4996 2584 5067 hujus
2613 4997 2850 5067 negatio,
2869 5011 2975 5052 non
3000 5005 3083 5053 est
3113 4995 3288 5051 omnis
3311 4993 3469 5048 homo

1879 5107 1985 5147 non
2025 5090 2233 5161 justas,
2265 5104 2385 5158 qua:
2413 5088 2776 5158 disponantur
2809 5088 2911 5146 hoc
2942 5089 3138 5156 modo,
3170 5098 3227 5143 nt
3257 5084 3469 5155 negatio

1882 5181 1982 5236 sub
2011 5178 2378 5234 afﬁrmatione
2406 5178 2497 5243 sit,
2527 5187 2580 5233 et
2605 5179 2706 5234 sub
2734 5179 3021 5253 negatione
3045 5177 3354 5235 afﬁrmatio.

1882 5318 2168 5368 Albrmatio.
2236 5314 2322 5366 Est
2360 5315 2517 5364 omnis
2556 5314 2701 5366 homo
2765 5314 2871 5365 Non
2909 5323 2985 5367 est
3024 5317 3179 5367 omnis
3240 5311 3468 5375 Negatio.

2366 5378 2549 5440 justas.
2800 5380 2948 5431 homo
2963 5380 3137 5442 justas.

2384 5482 2476 5547 non
2492 5520 2558 5577 εῖτ
2831 5536 2858 5574 q
2865 5500 2961 5563 θίβ

2386 5634 2542 5726 ςκωώ
2828 5652 2952 5727 ἐνδ

1877 5783 2103 5848 Negotia.
2142 5785 2245 5837 Non
2272 5792 2348 5835 ost
2367 5788 2524 5834 omnis
2547 5787 2690 5837 homo
2722 5784 2807 5836 Est
2829 5785 2984 5848 omnis
3006 5782 3149 5832 homo
3181 5780 3468 5839 Αωηηιιὶο.

2274 5862 2370 5899 non
2393 5849 2564 5899 iustus.
2785 5858 2881 5896 non
2907 5847 3073 5897 iustus.
