4022 6332
500 230 598 286 587

1709 236 1821 295 ΔΝ.
1864 235 2075 295 MANL.

2217 238 2276 297 ν.
2319 239 2545 301 ΒΟΕΤΙΙ
3645 259 3728 321 διε

500 341 555 452 l-n
605 345 688 450 bis
738 350 1198 452 ergnnquamdam
1250 349 1745 452 dissimilitudinem
1796 361 2079 452 monstrat.
2113 361 2168 422 Α
2193 358 2405 414 inﬁnito
2431 358 2676 430 subjecto
2711 375 2725 414 :
2760 358 2903 417 idem
2931 367 3017 418 est
3042 369 3098 423 et
3138 360 3192 421 in
3224 368 3491 437 negatione
3515 386 3622 444 quat
3647 390 3731 452 est,

502 435 636 494 Nam
665 440 717 494 in
744 440 1033 496 indeﬁnitis
1064 445 1106 497 si
1136 457 1197 497 ea
1226 457 1346 511 quae
1372 442 1731 512 praedicantur
1775 445 2092 502 naturaliter

504 543 613 582 non
648 530 908 595 inessent,
942 546 1063 587 esse
1095 540 1273 587 tamen
1316 533 1370 589 in
1394 532 1651 604 subjectis
1674 544 1913 604 possent,
1949 551 2093 590 sem-

507 631 605 685 per
628 620 912 689 angulares
939 619 1097 673 simul
1128 635 1281 675 veras
1310 636 1433 676 esse
1472 624 1590 677 sine
1618 623 1779 679 dubio
1810 626 2094 695 continge-

508 705 618 761 bat.
652 705 780 760 Nam
808 720 859 760 et
892 706 1277 763 alﬁrmationes
1301 710 1749 767 afﬁrmationibus
1777 721 1829 769 et
1857 713 2100 783 negatio-

506 811 603 852 nes
651 797 1026 866 negationibus
1064 798 1481 857 conveniebant.
1524 800 1580 856 In
1623 801 1708 857 bis
1747 811 1925 858 antem
1978 818 2098 874 quae

507 902 627 943 cum
655 886 979 942 dilﬁnitione
1009 891 1326 958 quantitatis
1360 891 1633 960 dicuntur,
1670 908 1775 948 non
1808 894 1951 949 idem
1984 909 2101 949 mo-

506 976 608 1032 dus
657 989 758 1031 est.
816 978 1218 1034 Allirtnationes
1265 982 1408 1035 enim
1459 982 1909 1039 aflirmationibus
1953 983 2096 1038 nulla

508 1068 717 1124 ratione
740 1071 1057 1139 junguntur.
1090 1069 1222 1125 Nnn
1255 1073 1298 1125 si
1329 1086 1457 1127 vera
1486 1072 1556 1127 sit
1581 1088 1645 1130 ea
1666 1090 1784 1144 qua:
1828 1074 1977 1142 dicit,
2012 1082 2097 1128 est

507 1162 684 1216 omnis
726 1161 888 1216 homo
913 1161 1109 1232 justus,
1126 1178 1397 1233 nunquam
1426 1180 1551 1219 vera
1568 1180 1687 1220 esse
1703 1175 1873 1234 potest
1894 1180 1960 1219 ea
1974 1182 2096 1236 qua:

511 1254 665 1322 dicit,
683 1264 737 1310 et
766 1255 938 1311 omnis
960 1256 1123 1311 hontu
1146 1270 1250 1311 non
1268 1256 1465 1326 justus,
1491 1273 1608 1327 qua:
1623 1268 1705 1313 est
1728 1259 2018 1326 angularis,
2044 1267 2100 1313 et

510 1345 610 1400 hoc
626 1346 933 1416 discrepare
950 1348 1003 1401 in
1019 1348 1161 1402 nullo
1176 1351 1473 1416 reperietur
1484 1349 1755 1418 exemplo.
1776 1348 2100 1420 Negationes

515 1450 694 1496 autem
725 1443 1095 1512 particulares,
1138 1459 1257 1514 qua:
1285 1452 1410 1499 sunt
1453 1445 1554 1499 sibi
1594 1446 1905 1514 angulares,
1934 1445 2100 1500 simul

511 1546 668 1587 veras
708 1547 827 1588 esse
852 1534 1137 1606 contingit.
1162 1534 1346 1590 Potest
1375 1536 1518 1591 enim
1558 1551 1742 1590 verum
1775 1552 1897 1593 esse
1928 1538 1982 1590 in
2012 1537 2095 1590 his

511 1638 634 1693 qua:
666 1626 981 1680 naturaliter
1009 1642 1114 1680 non
1154 1637 1309 1692 sunt,
1342 1637 1397 1682 et
1428 1627 1702 1697 possibilia
1744 1638 1868 1682 sunt
1900 1629 2099 1693 inesse,

513 1724 571 1769 ut
603 1716 821 1786 negatio
869 1717 1208 1786 particularis
1255 1720 1523 1790 negationi
1557 1720 1861 1791 particulari

515 1815 599 1859 est
638 1805 913 1876 angularis
944 1807 1249 1873 conveniat,
1283 1816 1340 1863 ut
1362 1824 1424 1865 ea
1445 1823 1567 1882 qua:
1606 1820 1707 1877 est,
1737 1826 1845 1866 non
1874 1819 1956 1867 est
1988 1827 2105 1867 om-

516 1894 601 1949 nis
630 1893 792 1950 homo
815 1897 1009 1965 justus,
1038 1898 1087 1953 ei
1109 1913 1226 1969 quze
1250 1908 1333 1954 est
1361 1901 1635 1972 angularis
1657 1902 1967 1967 conveniat,
1994 1919 2102 1958 non

513 1995 596 2042 est
622 1988 797 2043 omnis
827 1987 988 2044 homo
1016 1991 1333 2061 nonjustus,
1353 1992 1446 2047 sed
1468 1994 1569 2048 hoc
1586 1994 1861 2049 dissimilit
1883 2012 1922 2048 tr
1940 2009 2102 2064 quam

513 2082 567 2137 in
598 2082 914 2139 indeﬁnitis.
948 2084 1078 2141 Nam
1111 2087 1165 2140 in
1197 2086 1303 2141 illis
1329 2097 1384 2141 et
1414 2102 1476 2142 ea
1507 2103 1627 2161 qua:
1644 2088 1795 2155 dicit,
1824 2099 1906 2144 est
1928 2089 2103 2161 justus

514 2162 695 2243 b‘omo,
733 2176 782 2232 ei
817 2193 937 2248 qua:
982 2179 1134 2246 dicit,
1166 2189 1249 2235 est
1286 2197 1393 2234 non
1425 2179 1603 2251 justus
1645 2181 1829 2249 homo,
1868 2183 2107 2253 angulari

513 2268 745 2337 scilicet,
778 2270 1157 2326 conveniebat.
1211 2270 1419 2328 Rursus
1449 2288 1510 2327 ea
1551 2288 1671 2343 quae
1701 2274 1852 2340 dicit,
1879 2266 1984 2328 neu
2027 2284 2108 2329 est

515 2375 623 2416 tton
647 2360 824 2430 justus
857 2362 1044 2427 homo,
1076 2362 1123 2416 ei
1152 2377 1271 2433 qua:
1310 2371 1413 2432 est,
1463 2379 1568 2421 non
1604 2376 1686 2421 est
1711 2364 1889 2435 justus
1919 2365 2103 2435 homo,

515 2453 844 2523 singulariter
880 2453 1067 2523 positae
1107 2455 1459 2526 congruebat.
1494 2456 1552 2512 In
1590 2456 1674 2512 bis
1702 2468 1903 2526 autem,
1944 2458 1995 2513 id
2026 2472 2110 2515 eSt

516 2544 811 2599 secundum
862 2548 1214 2615 quantitatem
1264 2548 1520 2616 deﬁnitis,
1553 2549 1943 2606 alﬁrmationes
1974 2551 2106 2623 .qui—

516 2637 639 2693 dem
688 2638 809 2693 dua:
852 2638 1208 2708 universales,
1252 2655 1370 2709 qua:
1416 2649 1570 2710 sunt,
1613 2649 1698 2697 est
1740 2642 1918 2697 omnis
1947 2641 2109 2695 homo

516 2731 712 2802 justus,
737 2740 789 2787 et
818 2739 902 2788 est
934 2732 1110 2789 omnis
1148 2732 1312 2789 homo
1344 2749 1451 2790 non
1491 2735 1693 2806 justus,
1735 2752 2005 2808 nunquam
2037 2738 2109 2792 si-

517 2823 625 2877 mul
665 2837 805 2878 vera:
843 2835 963 2878 esse
995 2832 1240 2891 possunt,
1268 2825 1554 2895 angulares
1584 2836 1763 2882 autem
1798 2829 2109 2897 negationes

517 2930 638 2984 qua:
681 2913 1034 2989 particulares
1074 2921 1220 2978 sunt,
1256 2914 1308 2968 id
1339 2925 1443 2980 est,
1485 2931 1592 2972 non
1625 2926 1709 2972 est
1740 2920 1918 2972 omnis
1949 2918 2115 2972 homo

517 3004 709 3075 justus,
728 3016 914 3059 etnon
944 3012 1027 3063 est
1046 3004 1223 3058 omnis
1253 3004 1416 3061 homo
1442 3022 1549 3061 non
1569 3008 1767 3077 justus,
1790 3010 1841 3064 in
1872 3009 1956 3064 bis
1984 3024 2113 3079 quae

522 3112 570 3158 et
591 3116 711 3157 esse
740 3110 793 3155 et
824 3116 930 3154 non
961 3114 1081 3153 esse
1110 3099 1381 3167 possibilia
1409 3109 1555 3165 sunt,
1588 3102 1749 3155 simul
1778 3115 1920 3155 verte
1962 3109 2105 3154 sunt.
2139 3129 2186 3195 ο

520 3189 635 3246 Νοη
666 3204 795 3259 ergo
823 3189 1073 3244 similiter
1104 3190 1157 3242 in
1193 3189 1276 3244 his
1303 3205 1423 3259 quae
1448 3202 1574 3246 sunt
1599 3192 1857 3259 deﬁnitae,
1890 3192 2113 3259 angula-

523 3299 609 3340 res
633 3282 853 3337 sibimet
880 3291 1206 3349 congruunt,
1235 3290 1293 3338 ut
1333 3283 1387 3338 in
1419 3284 1502 3339 his
1531 3300 1652 3353 qua:
1693 3285 1927 3340 deﬁnitae
1965 3295 2110 3341 sunt.

522 3376 673 3446 Quod
700 3390 795 3446 per
832 3376 936 3432 hoc
974 3374 1313 3431 demonstrat
1337 3377 1479 3448 quod
1505 3378 1619 3433 ait:
1651 3379 1755 3435 Sed
1789 3396 1893 3433 non
1921 3378 2113 3434 simili.

523 3479 608 3524 ter
635 3468 922 3538 angulares
961 3468 1226 3537 contingit
1259 3484 1415 3525 veras
1448 3484 1589 3526 esse.
1633 3470 1690 3526 In
1720 3471 1829 3527 illis
1867 3473 2010 3528 enim
2043 3475 2113 3528 si-

524 3559 688 3615 bimet
717 3568 957 3626 utraeque
986 3559 1331 3615 consentiunt
1375 3560 1687 3631 angulares,
1721 3563 1774 3617 in
1810 3563 1895 3619 ltis
1921 3572 2105 3618 autem

526 3652 805 3721 angulares
833 3647 1048 3718 quidem
1077 3650 1426 3706 alﬁrmativas
1454 3667 1725 3721 nunquam
1754 3652 1915 3707 simul
1947 3668 2105 3710 veras

530 3759 645 3799 csse
681 3741 961 3811 contingit.
994 3742 1142 3797 Alias
1168 3759 1297 3799 vero
1325 3745 1607 3815 angulares
1643 3762 1762 3815 quae
1790 3757 1916 3803 sunt
1942 3749 2113 3817 parti-

532 3837 742 3893 culares
795 3836 1110 3905 negationes
1152 3836 1414 3908 contingit
1461 3839 1770 3908 aliquando.
1817 3839 1931 3896 Hoc
1971 3840 2116 3896 enim

532 3929 701 3999 ipsius
735 3928 1013 3984 declarant
1038 3929 1198 3983 verba
1242 3929 1471 3985 dicentis
1504 3947 1517 3983 :
1558 3930 1665 3986 Sed
1719 3945 1824 3987 non
1870 3932 2118 3988 similiter

534 4023 844 4091 angulares,
872 4022 1135 4092 contingit
1163 4036 1319 4078 veras
1340 4038 1482 4078 esse.
1504 4023 1777 4094 Contingit
1811 4036 1988 4081 autem
2020 4026 2120 4081 ali-

534 4112 767 4184 quando.
802 4115 920 4168 Non
961 4113 1211 4171 similiter
1240 4114 1455 4184 quidem
1486 4116 1750 4187 contingit
1790 4132 1945 4173 veras
1974 4132 2120 4184 esse,

535 4206 736 4262 ideirco
789 4204 931 4275 quod
991 4203 1379 4261 alﬁrmationes
1432 4207 1785 4276 universales,
1832 4209 2119 4279 angulares

536 4310 675 4352 verae
704 4311 974 4364 nunquam
995 4303 1136 4361 sunt,
1166 4296 1307 4366 quod
1330 4297 1382 4352 in
1406 4297 1489 4353 bis
1511 4314 1629 4368 qua:
1657 4298 1952 4355 indeﬁnitaa
1973 4309 2120 4364 sunt,

537 4389 902 4460 contingebat.
928 4386 1251 4458 Contingere
1279 4399 1454 4445 autem
1484 4389 1773 4461 aliquando
1809 4388 1965 4454 dixit,
1999 4405 2121 4445 cum

534 4481 892 4550 angulariutn,
925 4496 1045 4549 quae
1083 4490 1207 4535 sunt
1238 4482 1589 4551 particulares
1625 4485 1956 4553 negationes,
1986 4481 2123 4539 facio
2147 4511 2203 4574 Β

538 4588 659 4630 mus
680 4572 1158 4642 comparationem,
1188 4572 1234 4627 si
1263 4588 1322 4627 ea
1353 4589 1475 4643 quae
1500 4574 1859 4644 praedicantur
1889 4589 1995 4631 non
2017 4578 2127 4631 sint

536 4662 798 4719 naturalia
823 4662 1097 4731 subjectis.
1126 4662 1221 4718 sed
1244 4671 1423 4720 tamen
1445 4666 1624 4722 inesse
1647 4665 1942 4736 possibilia.

614 4753 714 4808 Ha:
755 4754 913 4824 igitur
952 4754 1070 4811 diu:
1115 4758 1363 4827 appositae
1405 4766 1522 4812 sunt
1547 4800 1563 4824 ,
1593 4759 1710 4813 alite
1752 4767 1924 4813 autent
1958 4761 2027 4812 ad
2074 4762 2127 4817 id

538 4846 677 4917 quod
703 4854 776 4900 est
803 4862 906 4899 non
929 4846 1101 4916 homo,
1125 4850 1273 4919 quasi
1290 4849 1574 4921 subjectum
1614 4850 1826 4921 aliquod
1853 4850 2126 4907 additum:

539 4945 614 4999 ut,
648 4944 723 4989 sst
755 4937 929 5007 justus
958 4952 1060 4992 non
1084 4937 1256 5004 homo,
1289 4956 1392 4994 non
1422 4950 1495 4996 est
1512 4943 1688 5013 justus
1709 4958 1811 4996 non
1837 4944 2006 4996 homo.
2034 4942 2129 4998 Est

538 5045 639 5082 non
662 5028 836 5098 justas
877 5044 980 5082 non
1022 5028 1193 5095 homo,
1224 5046 1328 5087 non
1353 5041 1556 5087 estnon
1592 5033 1766 5104 justus
1804 5048 1908 5086 non
1952 5033 2125 5089 homo.

541 5120 711 5191 Magis
739 5129 909 5175 autem
931 5121 1104 5192 plures
1123 5122 1202 5178 Itis
1236 5141 1339 5178 non
1368 5136 1485 5179 sunt
1508 5127 1881 5196 oppositiones,
1911 5127 1990 5181 lite
2034 5143 2129 5181 ass-

540 5224 635 5267 tem
657 5225 800 5269 extra
827 5214 944 5269 illas
968 5217 1093 5284 ipse
1114 5217 1395 5275 secundant
1425 5235 1477 5275 se
1504 5230 1652 5275 erant
1678 5227 1732 5273 ut
1755 5220 1961 5273 nomine
1979 5229 2126 5275 uten-

541 5316 611 5360 tes
642 5322 701 5360 eo
732 5308 967 5376 quodest
993 5324 1095 5363 non
1119 5309 1287 5365 homo.

609 5397 756 5453 Alias
800 5398 954 5454 nobis
1004 5414 1191 5463 rursus
1246 5414 1366 5455 esse
1416 5400 1813 5471 propositiones
1864 5399 2124 5464 ostendit,

539 5503 761 5558 quarum
794 5490 913 5546 aliis
943 5491 1157 5561 quidem
1182 5507 1287 5545 non
1321 5491 1800 5560 praedicatum,sed
1828 5492 2125 5561 subjectum

540 5578 807 5635 inﬁnitmn
842 5583 934 5648 sit,
958 5583 1077 5639 aliis
1105 5597 1411 5652 utrumque.
1447 5582 1503 5638 Si
1535 5584 1654 5653 quis
1682 5584 1822 5637 enim
1861 5585 2020 5648 dicat,
2047 5593 2129 5639 est

536 5669 713 5740 justus
737 5686 843 5726 non
880 5674 1062 5740 bomo,
1086 5674 1334 5743 quoniam
1365 5690 1467 5728 non
1503 5677 1661 5729 homo
1694 5675 1992 5742 subjectum
2022 5687 2127 5742 εει,

540 5770 597 5817 et
625 5771 708 5819 est
740 5761 1002 5818 inﬁnitum
1042 5780 1258 5833 nomen,
1292 5776 1510 5823 vocatur
1553 5765 1849 5838 propositio
1896 5766 2031 5822 facta
2061 5780 2131 5824 ex

2200 464 2307 505 non
2334 460 2418 507 est
2447 451 2627 523 justus
2657 465 2764 507 non
2793 452 2977 507 homo.
3007 453 3082 509 At
3106 468 3233 510 vero
3253 467 3374 514 sunt
3399 460 3509 517 alia:
3530 470 3733 536 ["0me

2201 543 2533 625 tionesque:
2561 553 2614 601 et
2655 559 2720 602 es
2764 544 3058 614 pradicato
3099 557 3155 603 et
3181 564 3245 607 ea
3285 553 3515 622 subjecto
3551 556 3737 623 inﬁnitis

2202 653 2325 695 esse
2354 639 2657 705 videantur,
2691 648 2749 695 ut
2769 649 2853 696 est
2896 655 3019 697 cum
3064 641 3316 710 dicimus,
3353 655 3433 703 est
3471 663 3567 707 non
3591 652 3737 720 justus

2202 748 2309 788 non
2344 734 2524 801 homo,
2552 746 2660 788 non
2689 740 2771 789 est
2794 747 2901 788 non
2924 732 3103 803 justus
3124 750 3229 790 non
3261 735 3435 793 homo.
3455 739 3507 795 In
3523 740 3597 796 his
3619 745 3737 801 enim

2202 838 2311 880 non
2345 823 2524 892 justus
2572 823 2923 894 praedicatum
2966 834 3070 891 est,
3102 841 3209 882 non
3259 830 3414 883 homo
3458 831 3736 901 subjectum.

2204 914 2312 975 Sed
2342 923 2567 985 utraque
2606 925 2736 971 sunt
2763 914 3007 984 inﬁnita;
3040 920 3184 975 unde
3214 920 3273 978 ﬁt
3301 929 3359 976 ut
3394 922 3443 977 in
3474 924 3549 978 his
3580 940 3742 994 propo-

2203 1009 2491 1066 sitionibus
2517 1008 2574 1065 in
2598 1010 2794 1079 quibus
2822 1019 2904 1066 est
2929 1010 3152 1067 verbum
3187 1014 3395 1070 tertium
3420 1016 3742 1086 praedicatum,

2203 1102 2372 1171 magis
2411 1102 2594 1170 plures
2621 1101 3018 1172 propositiones
3038 1119 3198 1174 quam
3224 1106 3305 1160 ba:
3344 1122 3459 1176 qua:
3477 1109 3621 1164 dictat
3646 1122 3746 1167 sunt

2205 1194 2435 1250 inveniri
2469 1210 2574 1249 non
2606 1195 2834 1266 possint.
2867 1199 2973 1251 Ant
3000 1197 3144 1253 enim
3174 1212 3238 1253 ex
3271 1200 3506 1270 utrisque
3533 1202 3624 1256 erit
3650 1203 3747 1257 ﬁni.

2206 1285 2297 1350 tis,
2331 1284 2620 1354 pradican
2661 1286 2868 1341 scilicet
2896 1295 2953 1341 et
2990 1287 3252 1357 subjecto,
3284 1298 3339 1344 ut
3368 1298 3448 1345 est
3486 1290 3631 1345 homo
3673 1292 3743 1361 ju-

2207 1388 2347 1443 stus,
2384 1391 2493 1433 non
2541 1386 2627 1434 est
2673 1376 2835 1434 homo
2880 1379 3082 1447 justus;
3112 1389 3206 1435 aut
3251 1381 3420 1439 solum
3452 1384 3747 1452 praedicatum

2206 1473 2428 1533 habebit
2476 1474 2765 1545 inﬁnitum,
2793 1487 2850 1534 ut
2890 1487 2973 1535 est
3004 1492 3110 1535 non
3148 1478 3323 1547 justus
3365 1478 3540 1546 homo,
3571 1497 3661 1537 non
3686 1491 3748 1536 est

2207 1582 2317 1623 non
2361 1568 2540 1638 justus
2584 1568 2778 1636 homo;
2813 1582 2905 1625 ant
2953 1572 3303 1641 praedicatqu
3345 1571 3552 1641 quidem
3581 1572 3750 1627 ﬁnitum

2207 1659 2333 1729 erit,
2349 1661 2614 1721 inﬁnitum
2640 1676 2770 1719 vero
2795 1662 3119 1734 subjectum,
3138 1672 3195 1719 ut
3218 1674 3300 1720 est
3311 1663 3591 1733 justusnon
3601 1665 3749 1725 homo.

1890 1721 1950 1828 ei_
1982 1736 2102 1828 9"“:
2132 1744 2182 1809 Β
2210 1772 2316 1813 non
2339 1765 2421 1812 est
2447 1756 2627 1827 justus
2655 1772 2761 1813 non
2789 1758 2987 1823 homo;
3016 1769 3105 1815 aut
3133 1769 3189 1813 et
3218 1758 3557 1828 praedicatum
3580 1767 3628 1813 et
3648 1757 3751 1813 sub-

2204 1854 2408 1925 jectum
2456 1853 2661 1911 inﬁnita
2704 1862 3101 1923 proponuntur,
3136 1862 3192 1908 ut
3224 1860 3312 1909 est
3342 1867 3446 1909 non
3472 1853 3635 1921 justus
3670 1866 3753 1906 non

2212 1947 2395 2011 homo,
2423 1960 2530 2000 non
2583 1953 2667 2001 ext
2716 1961 2823 2001 non
2847 1946 3029 2015 justus
3058 1960 3164 2001 non
3214 1946 3411 2011 homo;
3442 1944 3571 1999 ultra
3609 1951 3754 1997 autem

2213 2040 2625 2110 propositiones,
2642 2044 2694 2093 In
2717 2039 2910 2109 quibus
2935 2049 3018 2095 est
3038 2040 3263 2095 verbum
3294 2039 3508 2095 tertium
3539 2036 3754 2107 pnedica-

2212 2142 2323 2187 tum
2348 2132 2421 2188 sit
2447 2131 2671 2186 inveniri
2702 2146 2808 2187 non
2839 2141 3082 2202 possunt.
3112 2131 3220 2187 Sed
3244 2130 3329 2186 hac
3354 2145 3471 2202 qua
3500 2128 3755 2198 subjectum

2213 2225 2482 2280 inﬁnitum
2535 2224 2753 2290 habent,
2795 2225 2878 2280 vel
2930 2234 3221 2296 utrumque
3276 2223 3560 2287 inﬁnitum,
3601 2230 3758 2289 praeter

2215 2318 2334 2373 illas
2358 2316 2665 2385 superiores
2696 2326 2840 2385 sunt,
2872 2331 2992 2384 quae
3026 2326 3117 2371 aut
3155 2315 3509 2386 praedicatum
3536 2310 3760 2368 inﬁnitum

2216 2408 2434 2476 habent,
2450 2418 2540 2462 aut
2561 2416 2785 2477 utraque
2813 2408 2979 2473 ﬁnita,
3007 2416 3168 2478 atque
3193 2408 3324 2464 ideo
3352 2415 3508 2465 extra
3537 2406 3643 2461 illas
3667 2416 3762 2457 esse

2215 2500 2485 2566 dicuntur,
2508 2509 2564 2557 et
2589 2500 2788 2556 nullam
2818 2500 2886 2556 ad
2925 2515 3017 2556 eas
3065 2499 3519 2570 consequentiam
3562 2502 3762 2556 servant,

2214 2601 2270 2649 et
2294 2602 2375 2648 eSt
2404 2593 2475 2649 ita
2505 2594 2738 2663 positum
2770 2593 2823 2649 in
2852 2608 2914 2648 ea
2957 2592 3332 2663 propositione
3382 2605 3503 2661 quas
3539 2588 3671 2649 dicit,
3696 2592 3761 2638 est

2209 2685 2387 2755 iusms
2436 2700 2542 2744 non
2590 2683 2772 2751 homo,
2821 2698 3015 2741 nomen
3067 2683 3337 2739 inﬁnitum
3394 2680 3529 2751 quod
3571 2687 3644 2733 est
3681 2689 3763 2729 non

2216 2779 2399 2848 homo,
2425 2788 2675 2850 tanquam
2703 2778 2747 2834 si
2778 2777 2983 2833 linitum
3013 2790 3206 2835 nomen
3229 2773 3454 2846 aliquod
3492 2778 3761 2842 poneretur.

2215 2877 2392 2945 Atque
2422 2872 2525 2928 hoc
2550 2881 2631 2927 est
2656 2870 2796 2943 quod
2819 2872 2913 2937 ait,
2932 2868 3002 2924 Ut
3029 2870 3243 2924 nomine
3261 2876 3478 2923 utentes
3499 2879 3597 2919 non
3616 2862 3763 2915 homo.

2217 2965 2291 3018 lta
2320 2964 2460 3020 enim
2494 2961 2757 3018 inﬁnitum
2808 2976 3003 3016 nomen
3046 2960 3287 3030 positum
3335 2968 3442 3023 est,
3475 2967 3703 3025 tanquam
3735 2949 3769 3003 sl

2217 3055 2420 3111 ﬁnitum
2472 3070 2666 3111 nomen
2713 3062 2859 3110 esset
2893 3051 3142 3122 positum,
3175 3050 3415 3106 nominis
3456 3048 3593 3105 enim
3625 3045 3769 3098 locum

2240 3156 2391 3214 enet;
2425 3160 2728 3217 quanquam
2775 3146 2936 3200 etiam
2978 3159 3097 3199 cum
3132 3144 3203 3200 ita
3232 3144 3473 3216 positum
3501 3141 3586 3206 sit,
3614 3135 3772 3192 nihilo-

2217 3238 2395 3294 minus
2417 3248 2595 3294 tamen
2625 3252 2821 3293 nomen
2851 3237 2921 3290 sit
2950 3255 2961 3289 :
2989 3235 3252 3291 inﬁnitum
3285 3236 3433 3291 enim
3461 3246 3645 3288 nomen
3674 3228 3773 3281 licet

2217 3330 2535 3403 simpliciter
2565 3346 2760 3388 nomen
2811 3345 2916 3385 non
2948 3332 3038 3398 sit,
3071 3338 3246 3386 tamen
3292 3344 3417 3385 cum
3455 3325 3655 3383 inﬁnito
3676 3321 3776 3393 jun-

2217 3433 2361 3480 ctum
2400 3438 2595 3480 nomen
2626 3432 2728 3480 05‘.

2289 3536 2357 3593 In
2379 3539 2456 3592 Itis
2484 3553 2600 3593 vero
2630 3539 2681 3593 in
2707 3536 2891 3608 quibus
2912 3544 2985 3591 est
3014 3552 3115 3590 non
3136 3537 3403 3605 convenit,
3423 3544 3478 3590 ut
3503 3549 3560 3587 eo
3573 3530 3697 3603 quod
3721 3531 3780 3580 est

2220 3646 2445 3696 currere,
2464 3628 2542 3686 vel
2558 3628 2843 3698 ambulare,
2858 3629 2993 3683 idem
3007 3628 3127 3699 facit
3147 3628 3222 3684 sic
3237 3630 3491 3698 positum,
3504 3638 3563 3680 ac
3579 3624 3622 3679 si
3635 3631 3698 3677 est
3709 3620 3781 3673 ad-

2220 3723 2446 3788 deretur,
2463 3730 2540 3788 ut,
2560 3719 2732 3778 Currit
2761 3721 2926 3777 omnis
2939 3722 3109 3788 homo,
3136 3737 3237 3775 non
3264 3722 3433 3775 currit
3460 3719 3622 3774 omnis
3641 3716 3784 3768 homo.

2220 3811 2393 3867 Currit
2406 3813 2569 3867 omnis
2594 3828 2697 3866 non
2719 3813 3008 3879 homo,non
3022 3813 3180 3866 currit
3193 3814 3364 3867 omnis
3380 3828 3488 3891 non
3511 3812 3671 3864 homo.
3691 3804 3785 3860 Non

2221 3907 2357 3961 enim
2372 3905 2648 3959 dicendum
2659 3915 2732 3965 est
2758 3920 2863 3960 non
2883 3905 3046 3960 omnis
3059 3904 3233 3970 homo,
3261 3905 3357 3960 sed
3380 3920 3488 3959 non
3503 3899 3790 3972 negationem

2223 3998 2291 4052 ad
2305 3997 2357 4052 id
2368 3997 2501 4064 quod
2522 4006 2594 4052 est
2621 3996 2773 4052 homo
2795 3996 3096 4052 addendum
3116 4006 3209 4051 est.
3230 3996 3415 4051 Omnis
3427 3997 3564 4050 enim
3590 4007 3682 4046 non
3699 3986 3792 4040 uni-

2224 4088 2423 4144 versale
2448 4088 2732 4160 signiﬁcat,
2762 4089 2851 4144 sed
2898 4088 3139 4158 quoniam
3177 4088 3561 4143 universaliter.
3604 4077 3796 4146 Manil"

2224 4190 2360 4237 stum
2384 4190 2457 4233 est
2487 4190 2658 4235 autem
2680 4197 2744 4235 ea:
2760 4196 2817 4235 eo
2842 4181 2979 4251 quod
3001 4189 3074 4236 est
3097 4198 3108 4232 :
3134 4177 3309 4234 Currit
3342 4180 3525 4247 homo,
3542 4193 3641 4232 non
3666 4170 3799 4226 currit

2227 4272 2396 4329 homo.
2416 4267 2587 4326 Currit
2604 4288 2705 4327 non
2720 4273 2894 4338 homo,
2908 4281 3008 4326 non
3026 4274 3189 4327 currit
3211 4287 3316 4326 non
3338 4271 3523 4326 homo.
3544 4267 3590 4324 ιι
3597 4282 3665 4323 ωε
3689 4263 3802 4318 enim

2227 4372 2289 4426 ab
2312 4373 2417 4427 illis
2446 4371 2714 4439 (li/ferunt,
2736 4388 2792 4428 eo
2818 4373 2956 4443 quod
2977 4373 3335 4427 universaliter
3368 4389 3476 4425 non
3496 4380 3635 4426 sunt.
3662 4368 3805 4431 Quart

2229 4467 2393 4521 omnis
2437 4464 2513 4520 uel
2560 4465 2754 4531 nullus,
2799 4465 2926 4519 nihil
2964 4465 3323 4536 consigni/icat
3366 4464 3540 4530 aliud,
3571 4460 3669 4518 nisi
3693 4465 3808 4527 quod
3910 4530 3915 4537 t

2230 4564 2580 4619 uniuersaliter
2606 4565 2669 4618 de
2698 4564 2921 4631 nomine,
2950 4564 3025 4619 vel
3043 4565 3469 4634 epit-sationem,
3498 4564 3580 4619 uel
3608 4557 3812 4629 negatio-

2229 4674 2364 4711 nem.
2392 4656 2528 4727 Ergo
2552 4667 2599 4710 et
2625 4666 2807 4710 ratem
2837 4660 3015 4711 eadem
3043 4666 3241 4727 oportet
3285 4660 3512 4726 opponi.

2231 4760 2389 4826 Sunt,
2433 4758 2623 4829 inquit,
2659 4759 2902 4827 quadam
2955 4759 3376 4827 propositiones,
3425 4774 3555 4829 quae
3595 4768 3712 4811 cum
3749 4756 3817 4803 est

2234 4851 2614 4920 praedicantur.
2652 4849 2784 4905 Alia:
2824 4864 2949 4905 vero
2977 4865 3110 4917 quas
3151 4865 3273 4903 cum
3318 4864 3408 4907 est
3443 4851 3618 4905 verbo
3646 4840 3818 4916 prazdic

2231 4958 2356 4998 care
2384 4957 2488 4997 non
2522 4956 2829 5017 possumus,
2854 4950 2911 4995 ut
2938 4941 2990 4994 in
3011 4956 3076 4995 eo
3100 4941 3240 5010 quod
3262 4941 3508 4996 dicimus
3538 4941 3700 4995 homo
3725 4946 3821 4986 am-

2239 5035 2406 5102 bulat,
2451 5035 2612 5090 homo
2657 5035 2846 5089 currit.
2883 5033 2985 5090 Sed
3037 5036 3087 5088 in
3119 5035 3200 5091 bis
3252 5033 3391 5089 nihil
3440 5034 3628 5090 diﬁ‘ert
3655 5046 3720 5085 an
3762 5027 3822 5080 ita

2234 5126 2357 5195 quis
2386 5126 2548 5193 dicat,
2590 5135 2648 5191 ut
2684 5127 2901 5191 dicitur,
2936 5126 2987 5180 id
3026 5135 3109 5181 est
3144 5127 3305 5181 bomo
3336 5127 3547 5193 currit,
3579 5135 3636 5181 et
3682 5123 3825 5177 homo

2234 5217 2498 5282 ambulat,
2539 5231 2606 5271 an
2630 5232 2749 5273 cutn
2780 5225 2861 5272 est
2893 5216 3053 5271 verbo
3084 5231 3176 5271 eas
3207 5216 3495 5285 pradicet,
3526 5217 3669 5270 idem
3693 5225 3822 5266 nant-

2138 5340 2141 5341 ν
2234 5322 2338 5376 que
2364 5319 2447 5363 est
2485 5308 2685 5374 dicere,
2719 5307 2880 5363 homo
2916 5308 3086 5362 currit
3124 5319 3178 5362 et
3208 5307 3376 5362 homo
3413 5308 3690 5373 ambulat,
3720 5314 3828 5356 tan-

2232 5413 2391 5467 quam
2423 5400 2468 5454 si
2496 5398 2725 5459 dicatur.
2759 5398 2923 5453 homo
2950 5413 3176 5455 currens
3203 5409 3320 5464 est,
3352 5399 3531 5455 homo
3562 5395 3830 5453 ambulans

2233 5499 2336 5544 est.
2364 5489 2630 5556 Quocirca
2676 5488 2809 5544 nihil
2852 5489 3030 5546 dilert
3059 5491 3110 5545 in
3143 5490 3464 5560 hujustnodi
3523 5484 3835 5559 propositio-

2234 5582 2390 5639 nibus
2421 5594 2597 5637 utrum
2628 5596 2747 5636 cum
2776 5590 2858 5639 est
2888 5582 3080 5650 verbo,
3124 5596 3191 5637 an
3217 5589 3424 5653 praeter
3456 5591 3552 5636 est
3590 5580 3833 5648 adjuncto

2236 5676 2385 5730 verbi
2413 5685 2533 5728 actu
2555 5681 2902 5743 proponatur.
2921 5673 3062 5729 Idem
3083 5687 3292 5742 quoque
3305 5678 3402 5727 est
3428 5673 3606 5727 etiam
3641 5672 3697 5725 in
3722 5664 3835 5723 uni.

2237 5782 2302 5825 ve
2312 5767 2566 5826 rsalibus.
2580 5765 2715 5821 Nam
2743 5780 2863 5823 cum
2887 5764 3116 5821 dicimus
3130 5765 3304 5821 omnis
3325 5763 3508 5822 homo
3523 5762 3717 5830 currit,
3731 5769 3838 5816 om-
