4030 6336
189 202 295 260 549

1000 201 1067 259 ΙΝ
1106 201 1364 259 LIBRUM
1405 200 1494 256 DE
1534 197 2176 261 INTEBPRETATIONE
2219 193 2446 253 EDlTIO
2483 192 2715 252 PRIMA.

3384 182 3488 239 350

190 324 277 375 nis
306 319 465 373 homo
492 333 598 374 non
624 317 815 385 currit,
838 326 893 373 et
922 332 1113 373 rursus
1134 319 1309 374 omnis
1332 333 1437 374 non
1468 318 1632 372 homo
1663 330 1788 372 cur—
1814 320 1867 383 Α
1895 333 2025 389 mini
2048 332 2329 396 addemus,
2353 331 2544 386 eadem
2566 330 2617 384 in
2651 323 3021 398 propositione
3048 328 3241 383 cuneta
3270 334 3489 377 sema.

190 413 285 480 rit,
316 413 494 467 omnis
524 427 629 466 non
654 411 817 465 homo
843 425 948 464 non
984 410 1175 477 currit,
1212 410 1352 465 idem
1400 419 1483 466 est
1538 420 1786 480 tanquam

190 505 240 560 si
271 505 534 570 dicamus,
569 503 744 559 omnis
770 504 935 558 homo
964 517 1191 559 currens
1217 514 1320 571 est,
1344 514 1397 558 et
1429 502 1605 558 omnis
1627 502 1789 556 homo

189 610 421 651 currens
446 610 554 650 non
586 604 691 663 est,
723 604 776 651 et
814 611 1005 651 rursus
1033 596 1210 650 omnis
1241 612 1346 650 non
1374 595 1539 652 homo
1565 610 1792 651 currens

191 704 301 761 est,
330 692 508 749 omnis
535 708 640 748 non
671 692 832 748 homo
861 707 1086 750 currens
1128 708 1233 747 non
1265 701 1370 748 est.
1401 692 1566 747 Docet
1609 700 1790 746 autem

192 784 329 841 illud
373 799 588 854 quoque
616 784 841 839 multum
875 782 1095 839 differre
1132 799 1199 838 an
1231 783 1297 838 ad
1346 784 1575 853 positum
1611 784 1794 838 termi-

196 892 329 933 num
353 876 609 947 jungatur
640 877 877 947 negatio,
901 890 967 931 an
993 884 1142 932 certe
1164 875 1227 931 ad
1258 875 1787 935 determinationem:

195 986 324 1026 nam
353 972 397 1025 si
443 970 510 1026 ad
562 970 863 1040 subjectum
896 970 1184 1027 terminum
1232 969 1448 1038 dicitur,
1493 970 1552 1024 lit
1598 984 1793 1027 nomen

196 1063 486 1132 inﬁnitum,
522 1073 578 1118 ut
608 1073 693 1119 est
726 1063 902 1120 omnis
958 1078 1064 1120 non
1104 1064 1265 1119 homo
1294 1063 1482 1129 currit,
1525 1064 1570 1118 si
1602 1062 1667 1117 ad
1698 1064 1793 1118 de-

198 1161 633 1214 terminationem
687 1158 744 1213 ﬁt
783 1158 1017 1229 negatio,
1051 1166 1109 1213 ut
1152 1166 1234 1214 est
1278 1174 1383 1213 non
1426 1159 1601 1213 omnis
1634 1158 1796 1217 homo

195 1250 397 1311 currit;
434 1250 575 1303 unde
613 1249 672 1303 ﬁt
713 1258 771 1304 ut
812 1250 859 1305 si
900 1266 1004 1306 non
1051 1250 1118 1306 ad
1149 1250 1648 1307 determinationem
1680 1252 1798 1306 uiii-

196 1343 483 1410 versalem,
519 1342 613 1395 sed
644 1342 707 1396 ad
742 1357 855 1397 rem
882 1356 944 1397 ac
967 1343 1260 1398 terminum
1294 1342 1508 1413 negatio
1548 1353 1795 1413 ponatur,

197 1435 271 1490 sit
297 1436 560 1490 inlinitum
590 1451 807 1499 nomen,
841 1446 897 1489 ut
924 1444 1006 1490 est
1044 1451 1149 1490 non
1185 1434 1363 1491 homo.
1403 1434 1554 1502 Quod
1603 1435 1648 1489 si
1683 1452 1789 1489 non

199 1527 266 1580 ad
312 1542 424 1581 rent
473 1527 856 1595 universalem,
896 1526 991 1583 sed
1031 1526 1097 1581 ad
1142 1527 1644 1582 determinaliunem
1681 1527 1797 1580 uni-

196 1617 492 1682 versalem,
533 1618 743 1686 negatio
766 1626 889 1672 est:
920 1633 1042 1672 cum
1074 1618 1216 1672 enim
1245 1618 1491 1682 dicimus,
1539 1633 1641 1670 non
1681 1632 1797 1670 οπως

203 1708 315 1773 nis,
346 1709 521 1762 omnis
551 1707 764 1775 quidem
796 1708 1099 1762 universale
1131 1723 1236 1761 non
1261 1717 1365 1775 est,

201 1802 328 1857 licat
360 1802 606 1872 quoniam
642 1802 767 1855 illud
796 1802 863 1857 de
889 1817 995 1873 quo
1015 1801 1211 1857 dicitur
1251 1804 1638 1859 universalitcr
1668 1804 1798 1857 dici-

201 1903 310 1952 tur.
361 1903 418 1948 ut
462 1907 582 1946 cum
622 1892 871 1958 dicimus,
905 1894 1079 1947 omnis
1130 1892 1313 1953 homo.
1373 1894 1536 1949 homo
1585 1893 1797 1963 quidm

198 1990 377 2058 ipsum
417 1989 724 2042 universale
759 1998 863 2053 est,
905 2002 1081 2041 omnis
1128 2002 1258 2043 vero
1299 2003 1404 2041 non
1452 2000 1535 2043 est
1582 1986 1799 2057 quidem

199 2083 529 2147 universale,
574 2081 669 2135 sed
720 2080 1113 2149 ronsignilicat,
1154 2083 1407 2152 quoniam
1456 2097 1544 2136 res
1580 2082 1797 2136 univer-

90 2180 107 2192 ‘
198 2180 351 2243 salis,
387 2177 437 2231 id
466 2185 550 2231 est
581 2177 762 2241 homo,
790 2176 1160 2231 universaliter
1187 2176 1327 2230 dicta
1361 2184 1477 2241 est;
1515 2190 1642 2245 ergo
1675 2190 1802 2246 quo-

205 2272 307 2325 ties
338 2270 405 2324 ad
436 2269 946 2324 determinationem
978 2285 1097 2339 qua:
1121 2285 1232 2324 rem
1267 2268 1563 2339 quamlibet
1594 2268 1802 2323 univer-

202 2364 371 2418 salem
416 2363 795 2417 nniversaliter
825 2362 1022 2417 dictam
1057 2364 1414 2433 demonstrat,
1459 2363 1673 2429 negatio
1706 2377 1803 2433 po-

204 2456 371 2521 nitur,
388 2470 493 2509 non
511 2452 1009 2521 nomeninllnitum,
1025 2454 1118 2509 sed
1144 2454 1484 2525 negationem
1499 2454 1801 2520 constituit,

203 2560 367 2620 atque
396 2550 496 2606 hoc
522 2560 603 2605 est
624 2548 768 2619 quod
792 2550 865 2604 ait
890 2566 904 2604 :
934 2548 1049 2603 Non
1074 2550 1214 2604 enim
1245 2533 1662 2617 dicendum-est,
1697 2563 1802 2601 non

203 2646 386 2699 omnis
419 2644 603 2709 homo,
646 2644 739 2699 sed
782 2658 888 2700 n0n
938 2646 1278 2714 negationem
1316 2645 1385 2706 ad
1438 2642 1489 2699 id
1529 2644 1670 2715 quod
1722 2653 1806 2698 est

204 2736 373 2792 homo
425 2736 727 2791 addendum
778 2745 880 2803 est,
912 2737 1089 2791 omnis
1134 2737 1277 2792 enim
1330 2753 1436 2792 non
1502 2737 1807 2793 universale

205 2829 406 2898 signat,
446 2830 537 2884 sed
568 2828 821 2899 quoniam
855 2828 1252 2885 universaliter.
1303 2829 1480 2898 Ipsum
1514 2828 1655 2883 enim
1686 2842 1806 2882 om-

206 2923 294 2977 nis
326 2935 435 2975 non
465 2932 551 2976 est
570 2921 891 2975 universalis
922 2921 1206 2985 terminus,
1246 2936 1342 2977 nec
1375 2922 1595 2975 omnino
1625 2923 1806 2973 termi-

208 3024 338 3074 nus,
384 3010 478 3065 sed
529 3012 813 3066 universali
865 3011 1155 3082 praedicam
1195 3012 1458 3077 additum,
1510 3011 1637 3067 facit
1679 3010 1807 3065 illud

1897 439 1998 494 tes,
2034 426 2078 481 si
2134 426 2550 481 allirmationem
2604 421 2852 477 volumus
2891 433 2957 475 ex
3013 417 3224 479 inﬁnito
3272 414 3489 475 nomine

1896 523 2094 578 lacere.
2120 518 2275 588 Quod
2304 517 2347 572 si
2378 518 2443 571 ad
2487 514 2994 579 determinationem
3040 507 3360 567 universalis
3407 502 3486 567 rei

1896 616 2235 688 negationem
2265 620 2534 683 aptemus,
2568 610 2628 665 ﬁt
2659 623 2763 664 non
2786 603 3078 663 afﬁrmatio
3103 598 3339 663 nominis
3367 596 3489 652 ἱιιίὶρ

1896 714 2016 779 niti,
2045 711 2137 766 sed
2156 705 2543 779 propositionis
2564 718 2633 759 ex
2662 701 2881 763 nomine
2916 698 3071 759 ﬁnito
3106 692 3342 763 negatio.

1971 821 2226 889 Quoniam
2253 822 2370 875 vero
2404 814 2666 871 contraria
2692 821 2766 869 est
2789 810 2993 882 negatio
3015 809 3058 865 ei
3080 821 3193 876 qua:
3214 811 3310 867 est,
3340 816 3487 854 omne

1898 923 1970 970 est
1999 911 2194 969 animal
2206 913 2431 984 justum.
2458 908 2554 962 illa
2573 921 2688 977 qua
2716 904 2998 979 signiﬁcat,
3020 900 3265 972 quoniam
3286 894 3489 950 nullum

1899 1016 1969 1065 est
1998 1005 2193 1060 animal
2212 1005 2440 1077 justum,
2483 1001 2563 1059 ha:
2604 998 2809 1067 quidem
2855 995 3184 1063 manifestum
3211 999 3283 1045 est
3305 1030 3320 1054 ,
3352 984 3487 1057 quod

1900 1112 2161 1169 nunquam
2182 1102 2353 1163 eruat,
2373 1108 2533 1163 neque
2552 1106 2663 1146 uere
2682 1089 2854 1153 simul,
2887 1102 3047 1155 neque
3075 1086 3127 1138 in
3152 1082 3331 1139 eodem
3347 1080 3479 1150 ipso.

1905 1190 2001 1245 llis
2045 1206 2159 1244 vero
2215 1187 2467 1257 opposin
2533 1193 2681 1239 erunt
2743 1180 3059 1249 aliquando,
3092 1186 3146 1235 ut
3197 1190 3298 1234 non
3343 1185 3490 1227 omne

1901 1284 2092 1338 animal
2139 1266 2340 1359 justum
2388 1288 2499 1345 est,
2552 1286 2601 1332 et
2654 1284 2727 1330 est
2785 1272 2997 1344 aliquod
3031 1267 3227 1324 animal
3262 1268 3488 1337 justum.

1974 1384 2256 1457 Quoniam,
2303 1381 2495 1451 inquit,
2539 1380 2621 1435 lue
2655 1375 2940 1433 contrariae
2981 1378 3129 1436 sunt,
3159 1369 3317 1424 simul
3351 1379 3493 1457 vera

1904 1456 2026 1531 csse
2054 1489 2161 1529 uou
2192 1480 2437 1540 possunt,
2459 1482 2631 1538 neque
2657 1470 2709 1521 in
2729 1465 3017 1529 eodem,et
3036 1456 3491 1531 possuntquidem

1905 1565 2140 1621 vicissim
2165 1573 2362 1623 etcum
2384 1560 2641 1632 temporis
2669 1556 2982 1613 diversitate
3010 1566 3129 1607 esse
3154 1564 3317 1613 verte,
3335 1546 3496 1603 simul

1903 1664 2083 1712 autem
2114 1667 2236 1711 esse
2267 1668 2370 1709 non
2404 1656 2650 1721 possunt,
2685 1658 2740 1702 ut
2776 1647 2821 1700 si
2853 1644 2975 1715 quis
3018 1641 3160 1697 dicat
3187 1653 3353 1701 aureo
3375 1636 3496 1706 qui-

1400 1708 1494 1761 sed
1518 1721 1795 1805 tcons'l’im'
1831 1713 1878 1781 Β
1903 1749 2026 1804 dem
2058 1746 2256 1805 saeculo
2279 1708 2466 1800 omnes
2496 1739 2740 1795 homines
2765 1738 2930 1795 fuisse
2947 1736 3145 1805 justus,
3172 1730 3350 1787 t‘erreo
3370 1740 3501 1787 vero

1907 1840 2109 1893 nullout
2159 1835 2432 1891 hominem
2482 1846 2604 1888 esse
2638 1831 2879 1907 justum;
2915 1834 3156 1896 utraeque
3195 1837 3337 1878 vera:
3380 1833 3505 1881 esse

1908 1936 2151 1999 possunt,
2177 1925 2269 1979 sed
2301 1940 2407 1978 non
2436 1938 2468 1977 e
2506 1921 2626 1976 dem
2660 1929 2922 1988 tempore.
2949 1916 3059 1971 lloc
3080 1922 3163 1969 est
3188 1910 3333 1973 enim
3357 1907 3500 1981 quod

1906 2021 2002 2089 ait,
2022 2034 2196 2089 neque
2219 2032 2358 2070 verae
2389 2015 2567 2077 simul,
2586 2011 2730 2082 quod
2760 2019 2940 2064 autem
2963 2018 3182 2063 secutus
3202 2011 3311 2077 est,
3328 2015 3506 2071 neque

1908 2116 1961 2171 in
1992 2113 2185 2170 eodem
2227 2112 2277 2165 in
2308 2112 2424 2179 ipso
2456 2109 2666 2163 scilicet
2703 2105 2969 2175 subjecto,
3009 2111 3067 2158 ut
3091 2100 3378 2163 dicamus;
3411 2097 3508 2153 Est

1909 2219 2069 2260 omne
2098 2204 2287 2256 vivens
2314 2200 2541 2270 justum,
2576 2196 2620 2250 si
2651 2195 2951 2250 referamus
2977 2190 3045 2246 ad
3077 2190 3327 2246 caelestes
3355 2195 3507 2257 pote—

1910 2303 2097 2360 states,
2128 2306 2255 2347 vera
2285 2299 2388 2346 est.
2416 2288 2629 2343 Nullum
2660 2287 2844 2340 vivens
2864 2284 3068 2353 juswm
3091 2289 3197 2357 est,
3229 2280 3278 2335 si
3306 2276 3509 2335 relera-

1914 2402 2030 2442 mus
2056 2386 2121 2442 ad
2144 2400 2334 2454 equos,
2363 2391 2605 2453 utrmque
2635 2390 2761 2437 sunt
2792 2394 2958 2446 verae,
2988 2377 3082 2432 sed
3105 2391 3211 2431 non
3236 2373 3289 2429 in
3316 2369 3511 2433 eodem

1912 2480 2053 2548 ipso,
2087 2478 2218 2533 illud
2248 2478 2391 2533 enim
2424 2476 2474 2530 in
2506 2474 2727 2539 divinis,
2761 2471 2901 2527 istud
2931 2473 2979 2524 in
3015 2469 3167 2539 equis
3196 2465 3389 2527 retinet
3421 2476 3510 2521 ve-

1912 2569 2144 2624 ritatem.
2168 2567 2261 2622 llis
2284 2577 2462 2621 autem
2492 2579 2610 2635 qua:
2641 2572 2765 2618 sunt
2793 2559 3077 2632 oppositae,
3108 2557 3160 2613 id
3192 2563 3299 2619 εει,
3343 2550 3510 2624 parti-

1910 2660 2122 2714 cularcs
2150 2666 2377 2729 possunt
2400 2656 2559 2709 simul
2588 2669 2707 2709 esse
2728 2668 2892 2722 verae,
2915 2662 3039 2705 tunc
3062 2664 3183 2703 cum
3206 2644 3512 2715 superiores
3549 2657 3552 2661 '

1912 2747 2242 2803 universales
2291 2746 2399 2800 sint
2443 2744 2605 2799 simul
2657 2743 2823 2797 falsas.
2855 2743 2985 2808 Qum
3029 2747 3205 2793 autem
3248 2742 3375 2789 sunt
3406 2732 3511 2801 hac,

1914 2839 2029 2907 ipse
2069 2835 2381 2907 planissimo
2428 2832 2749 2888 monstravit
2801 2829 3053 2898 exemplo
3102 2827 3287 2881 dicens
3332 2841 3345 2878 :
3394 2822 3514 2877 Non

1914 2947 2076 2987 omne
2106 2930 2303 2985 animal
2328 2929 2530 2999 justum
2562 2937 2668 2995 est,
2700 2926 2841 2998 quod
2871 2935 2951 2981 est
2986 2921 3321 2994 particularis
3353 2932 3515 2988 nega~

1918 3025 2013 3094 tio,
2047 3033 2100 3080 et
2131 3031 2217 3078 est
2244 3021 2458 3091 aliquod
2491 3018 2689 3074 animal
2717 3017 2947 3087 justum,
2980 3014 3121 3086 quod
3164 3020 3247 3067 est
3278 3008 3512 3081 particu-

210 3102 598 3158 universaliter
640 3105 931 3171 enuntiari,
961 3106 1147 3174 probat
1186 3114 1367 3161 autem
1411 3106 1509 3159 hos
1554 3122 1658 3159 non
1687 3120 1809 3161 esse
1836 3102 1882 3166 C
1916 3120 2043 3175 mis
2070 3114 2377 3173 afﬁrmatio.

208 3198 547 3254 universales
588 3200 871 3268 terminos,
932 3199 1025 3255 sed
1078 3209 1284 3254 tantum
1334 3199 1809 3255 determinatiuncs

209 3292 595 3347 universaliter
636 3292 1108 3362 consigniﬁcantes
1136 3293 1236 3347 hoc
1268 3291 1429 3346 modo
1459 3309 1473 3346 :
1506 3291 1637 3346 Cum
1666 3293 1809 3345 cutim

210 3384 466 3450 dicimus,
492 3386 661 3439 currit
696 3387 875 3448 homo,
908 3401 1015 3439 non
1059 3387 1230 3441 currit
1263 3386 1448 3451 homo,
1490 3383 1657 3441 Currit
1706 3400 1810 3439 non

210 3477 400 3541 homo,
436 3493 540 3533 non
565 3477 734 3533 currit
756 3493 863 3533 non
896 3479 1076 3545 homo,
1096 3479 1419 3534 universalia
1442 3478 1659 3546 quidem
1690 3477 1814 3529 alii)-

211 3571 357 3643 jecta
388 3580 513 3625 sunt
543 3571 597 3625 in
629 3572 712 3625 his
742 3570 1231 3640 propositionibus,
1261 3571 1357 3626 sed
1391 3585 1493 3639 non
1537 3571 1816 3623 universa-

211 3663 347 3719 liter
372 3663 760 3733 praedicantur.
790 3662 999 3718 Distant
1029 3673 1208 3719 autem
1243 3664 1326 3718 ha:
1356 3664 1421 3717 ab
1452 3663 1534 3716 his
1564 3663 1802 3732 proposi-

214 3756 459 3812 tionibus
487 3756 540 3811 in
566 3756 764 3825 quibus
796 3736 875 3811 sic
904 3756 1131 3811 dicimus
1160 3775 1171 3808 :
1198 3756 1386 3811 Omnis
1432 3758 1593 3810 homo
1622 3756 1813 3820 currit,

215 3846 402 3903 nullus
424 3847 584 3901 homo
609 3848 800 3913 currit,
828 3862 894 3902 eo
919 3848 1061 3918 quod
1109 3849 1225 3903 istae
1250 3846 1468 3917 quidem
1512 3846 1821 3901 universale

229 3937 618 3993 universaliter
641 3938 955 4007 praedicant,
976 3939 1082 3993 illa:
1110 3954 1237 3994 vero
1260 3938 1561 3994 universale
1584 3954 1686 3993 non
1705 3939 1824 3992 uni-

214 4028 525 4084 versaliter.
567 4028 905 4084 Manifestum
953 4039 1036 4085 est
1078 4045 1208 4100 ergo
1249 4031 1509 4101 quoniam
1552 4029 1727 4085 omnis
1770 4040 1823 4084 ct

218 4120 413 4176 nullus
445 4133 548 4174 non
594 4130 715 4177 sunt
743 4122 1084 4188 universalia,
1115 4122 1209 4178 sed
1241 4123 1294 4176 id
1330 4121 1475 4192 quod
1506 4121 1814 4176 universale
1866 4142 1883 4152 ε

220 4213 563 4286 praedicatur
596 4213 866 4271 faciuntut
886 4217 1265 4277 animt-aliter
1285 4221 1619 4272 enuntietur.
1649 4218 1826 4283 Quare

221 4306 420 4362 eadem
466 4306 646 4365 omnia
684 4309 929 4378 ponenda
972 4321 1117 4375 sunt,
1165 4310 1332 4364 currit
1362 4309 1538 4364 omnis
1566 4309 1749 4374 homo,
1780 4310 1824 4362 si

221 4398 499 4456 inﬁnitum
525 4414 719 4459 nomen
764 4403 1011 4458 volumus
1047 4402 1246 4468 facere,
1281 4418 1387 4458 non
1419 4402 1684 4471 dicamus,
1709 4419 1829 4457 cur-

1988 3218 2284 3287 Sequuntur
2326 3231 2443 3269 vero
2473 3213 2573 3277 hw,
2616 3227 2727 3265 eam
2751 3209 2955 3280 quidem
2985 3222 3100 3279 qua?
3124 3215 3216 3271 est,
3242 3202 3417 3257 nullus
3444 3208 3519 3255 est

1916 3312 2065 3365 homo
2097 3313 2296 3381 justus,
2347 3307 2437 3361 illa
2463 3321 2576 3376 quw
2604 3314 2696 3368 est,
2727 3303 2891 3357 omnis
2922 3310 2994 3354 est
3022 3298 3173 3352 homo
3200 3313 3299 3350 non
3319 3298 3517 3369 justus.

1916 3398 2076 3455 Illam
2102 3415 2221 3453 vero
2250 3413 2363 3466 qua:
2396 3405 2488 3461 est,
2533 3394 2719 3463 aliquis
2750 3395 2899 3445 homo
2920 3392 3095 3457 justus
3134 3397 3230 3455 est,
3258 3384 3517 3456 opposita,

1917 3508 2021 3545 non
2048 3490 2215 3545 omnis
2247 3497 2321 3543 est
2350 3489 2500 3541 homo
2532 3502 2631 3539 non
2667 3489 2865 3554 justus.
2892 3480 3112 3535 Necesse
3142 3485 3213 3532 est
3243 3476 3377 3530 enim
3417 3474 3519 3525 ali-

1920 3600 2067 3654 quem
2096 3597 2223 3635 esse.

1992 3670 2239 3727 Ostendit
2262 3669 2507 3741 superius
2528 3667 2942 3721 allirmationem
2961 3660 3318 3718 universalem
3335 3668 3390 3715 et
3411 3656 3524 3714 uni-

1924 3769 2192 3825 versalem
2226 3766 2590 3837 negationem.
2607 3763 2859 3836 quoniam
2883 3760 2983 3815 sibi
3007 3765 3189 3813 essent
3214 3752 3522 3823 contrariae,

1926 3860 2087 3918 simul
2128 3873 2285 3915 veras
2318 3872 2439 3913 esse
2480 3872 2583 3911 non
2634 3869 2808 3925 posse.
2838 3852 2989 3907 Nunc
3038 3858 3215 3901 autem
3261 3852 3527 3899 monstrat

1929 3952 2215 4025 universali
2246 3949 2513 4021 negationi
2540 3947 2771 4002 nominis
2798 3945 2953 4009 ﬁniti,
2977 3937 3287 4027 consentire
3313 3936 3525 3991 univer-

1929 4045 2098 4099 salem
2139 4041 2556 4097 afﬁrmationem
2604 4036 2836 4091 nominis
2867 4025 3084 4095 inﬁniti,
3118 4038 3171 4083 et
3223 4025 3527 4098 particulari

1929 4133 2296 4199 allirmationi,
2337 4146 2456 4200 quae
2498 4140 2579 4183 est
2630 4128 2875 4196 Opposita
2927 4119 3210 4176 universali
3257 4116 3530 4188 negationi

1934 4224 2165 4279 nominis
2189 4222 2347 4287 ﬁniti,
2375 4221 2685 4275 consentire
2727 4233 2844 4272 eam
2877 4229 2996 4285 qua:
3028 4222 3103 4267 est
3138 4210 3383 4281 opposita
3406 4211 3527 4264 uni-

1936 4314 2129 4370 versali
2156 4312 2502 4367 afﬁrmationi
2542 4310 2773 4365 nominis
2817 4304 3033 4370 inﬁniti,
3063 4302 3269 4357 scilicet
3300 4300 3532 4370 particu-

1936 4407 2102 4461 larem
2135 4404 2475 4476 negationem
2512 4400 2857 4472 praedicatum
2892 4398 3210 4452 retinentem
3245 4391 3527 4448 inﬁnitum.

223 4489 301 4547 I'it
336 4507 444 4547 non
469 4492 646 4553 omnis
673 4493 857 4559 homo,
887 4496 981 4550 sed
1014 4496 1375 4566 negationem,
1402 4494 1451 4550 id
1478 4504 1557 4549 est
1582 4510 1708 4562 non,
1733 4512 1826 4550 no-
1861 4492 1909 4553 D
1936 4501 2003 4556 Et
2031 4502 2180 4572 prius
2212 4500 2588 4554 describantur
2616 4495 2722 4551 hoc
2742 4492 2901 4549 modo
2932 4509 2945 4545 :

661 4656 712 4696 ο
963 4686 1003 4696 η
1042 4686 1072 4696 __
1118 4624 1347 4696 N_egatio_.

649 4686 708 4753 εξ
963 4686 1138 4739 Nullus
1158 4686 1300 4738 homo
1323 4688 1486 4749 justus
1512 4698 1607 4753 est,

650 4733 711 4862 Ξ
1006 4784 1013 4791 ’
1152 4733 1437 4862 Aﬁirmatio.

664 4857 700 4904 ³
969 4857 1559 4937 Quidam—homicidam
1580 4881 1674 4926 est.

1573 4628 1949 4681 Consentanerc.

2246 4628 2529 4679 Aﬁirmatio.

1933 4692 2101 4743 Omnis
2138 4693 2281 4743 homo
2316 4704 2410 4740 non
2455 4692 2614 4753 justus
2653 4693 2731 4738 est

3040 4654 3102 4730 ε

3042 4733 3104 4901 ξ.

2210 4815 2433 4876 Negatio.

1934 4877 2040 4928 Non
2068 4879 2225 4928 omnis
2272 4874 2417 4927 homo
2455 4888 2547 4924 non
2566 4874 2725 4937 justus
2749 4879 2842 4924 est.

1621 4937 1997 4992 Consentaneae.

318 5085 415 5141 Est
438 5096 617 5141 autem
650 5084 968 5140 universalis
1000 5085 1214 5156 negatio
1237 5101 1304 5142 ea
1344 5102 1462 5157 qua:
1491 5087 1638 5155 dicit,
1664 5090 1841 5144 nullus

236 5179 410 5235 homo
452 5179 626 5249 justus
663 5186 768 5243 est,
816 5177 943 5233 huic
980 5179 1225 5249 opposita
1272 5187 1374 5245 est,
1414 5181 1843 5236 contradictoriaa

234 5270 587 5343 particularis
614 5269 925 5336 afﬁrmatio,
950 5270 1167 5339 quidam
1194 5270 1355 5325 homo
1375 5270 1552 5340 justus
1581 5281 1684 5326 est.
1710 5270 1843 5326 Rur—

238 5375 340 5417 sus
369 5363 691 5418 universalis
733 5360 1019 5417 afﬁrmatio
1057 5370 1139 5416 est
1177 5361 1442 5416 inﬁnitum
1475 5361 1677 5418 habens
1706 5379 1846 5433 prae-

559 5475 619 5511 ea
652 5472 770 5526 quae
801 5456 961 5524 dicit,
992 5456 1167 5512 omnis
1200 5458 1358 5511 homo
1402 5473 1506 5511 non
1533 5455 1709 5528 justus
1743 5468 1843 5521 est,

242 5544 379 5601 huic
418 5548 854 5605 contradictoriaa
888 5548 1223 5619 particularis
1264 5548 1552 5616 apponitur
1583 5548 1849 5602 inﬁnitum

245 5643 459 5699 habens
500 5644 871 5715 praedicatum,
912 5656 975 5696 ea
1015 5657 1135 5713 qua:
1162 5641 1314 5705 dicit,
1348 5656 1454 5694 nun
1483 5640 1662 5695 omnis
1693 5639 1853 5694 homo

247 5755 362 5799 ιιειι
398 5741 569 5797 'ustus
590 5751 691 5798 cst.
726 5741 816 5798 llzc
845 5739 1005 5813 igitur
1032 5753 1152 5796 sese
1181 5737 1471 5811 perimunt,
1500 5734 1597 5796 sed
1627 5734 1847 5793 univer-

1955 5091 2081 5146 salis
2109 5089 2397 5144 alﬁrmatio
2424 5088 2658 5143 nominis
2689 5087 2882 5141 inﬁniti
2902 5127 2915 5147 .
2956 5085 3004 5140 id
3035 5094 3137 5151 est,
3180 5083 3356 5139 omnis
3386 5081 3546 5134 Itmnn

1955 5198 2062 5241 non
2099 5183 2277 5253 justus
2316 5192 2419 5247 est,
2449 5183 2687 5251 sequitur
2720 5180 3062 5249 negationem
3090 5191 3207 5232 eam
3245 5189 3364 5244 quae
3393 5171 3545 5231 dicit.

1955 5277 2135 5331 nullus
2176 5276 2337 5330 homo
2379 5277 2557 5345 justus
2594 5284 2699 5329 est.
2746 5274 2877 5327 Nam
2917 5272 2961 5326 si
3004 5283 3197 5325 verum
3232 5278 3314 5323 est
3344 5263 3547 5322 milium

1959 5383 2078 5424 esse
2119 5367 2388 5423 hominem
2428 5368 2651 5437 justum,
2695 5380 2880 5420 verum
2907 5373 2990 5419 est
3029 5375 3243 5418 omnem
3276 5357 3545 5414 hominem

1961 5473 2082 5514 esse
2128 5474 2233 5513 non
2258 5458 2479 5527 justum.
2516 5458 2621 5511 Sed
2668 5456 2749 5510 his
2778 5454 3041 5524 opposita:
3086 5463 3275 5507 rursus
3316 5447 3550 5516 sibiipsre

1960 5552 2322 5606 consentiunt.
2373 5550 2500 5604 Nam
2532 5551 2574 5604 si
2608 5564 2790 5604 verum
2823 5554 2907 5601 est
2933 5545 3112 5599 dicere
3137 5540 3391 5609 quoniam
3428 5537 3551 5610 qui-

1962 5645 2083 5697 dam
2133 5644 2293 5699 homo
2331 5644 2505 5712 justus
2548 5650 2650 5708 est,
2686 5652 2867 5692 verum
2905 5644 2989 5690 est
3021 5633 3206 5686 dicere
3243 5646 3347 5687 non
3378 5632 3554 5686 omnis

1959 5736 2121 5795 homo
2174 5751 2282 5801 non
2329 5736 2510 5807 justus
2569 5740 2671 5790 est.
2712 5728 2771 5789 Si
2808 5727 2954 5787 enim
3000 5737 3111 5785 non
3163 5724 3345 5789 omnis
3393 5721 3561 5785 homo
