3982 6334
494 294 589 355 351

1738 302 1848 359 AN.
1893 301 2102 358 MANL.
2147 300 2297 358 SEV.
2342 298 2565 356 ΒΟΕἹῚΙ

3703 298 3803 355 352

495 432 601 470 non
637 415 816 486 justus
873 425 987 483 est,
1022 414 1251 485 aliquem
1289 415 1491 486 justum
1548 431 1670 473 esse
1719 434 1938 475 necesse
1992 428 2093 474 est.
2126 426 2178 484 Α
2273 416 2406 474 Cum
2436 419 2502 475 de
2531 417 2988 489 propositionibus
3014 434 3079 474 ex
3110 418 3331 474 inﬁnitis
3361 417 3678 488 loqueretur
3710 435 3806 473 no-

566 518 901 589 Manifestunt
928 528 999 573 est
1019 519 1259 588 quoniam
1287 519 1437 572 etiam
1468 521 1519 573 in
1551 520 1917 592 singularibus,
1943 525 1986 577 si
2018 532 2095 577 est

492 623 667 664 rerum
714 612 1083 679 interrogatum
1123 624 1332 680 negare,
1374 612 1512 681 quod
1548 621 1594 665 et
1638 614 1891 683 aﬁirmare
1918 630 2095 668 verum

493 715 588 770 est,
620 718 694 771 ut,
728 703 955 759 Putasne
997 704 1236 760 Socrates
1273 706 1476 774 sapiens
1515 708 1635 761 est?
1684 708 1823 763 Non.
1854 709 2094 764 Socrates

490 795 649 867 igitur
690 812 793 849 non
837 796 1037 866 sapiens
1075 806 1171 851 est.
1220 794 1287 850 In
1325 800 1690 853 universalibus
1729 816 1847 854 vero
1888 817 1990 856 non
2019 810 2094 856 est

489 916 604 950 rem
655 911 768 965 qua
801 895 1037 949 similiter
1067 897 1278 950 dicitur.
1319 895 1450 951 Vera
1479 909 1553 952 est
1586 909 1753 953 autem
1780 900 2003 970 negatio,
2038 910 2093 955 ut

492 983 721 1040 Putasne
757 989 919 1041 omnis
957 986 1110 1043 homo
1147 989 1349 1060 sapiens
1388 992 1508 1044 est?
1546 989 1687 1045 Non.
1731 990 1910 1045 Omnis
1935 994 2092 1063 igitur

490 1076 639 1131 homo
672 1098 773 1135 non
809 1081 1014 1150 sapiens
1043 1091 1143 1150 est,
1189 1082 1286 1136 hoc
1332 1085 1465 1138 euint
1500 1094 1573 1139 est
1603 1086 1827 1156 falsum;
1856 1090 1945 1141 sed
1988 1104 2091 1141 non

492 1171 646 1239 igitur
674 1176 841 1230 omnis
874 1177 1027 1231 homo
1049 1178 1252 1245 sapiens
1275 1190 1371 1247 est,
1403 1195 1520 1233 vera
1545 1192 1639 1235 est.
1675 1180 1805 1235 Η(εο
1830 1183 1967 1237 enim
1995 1198 2088 1250 op-

486 1265 650 1331 posita
676 1276 771 1332 est,
804 1270 898 1323 illa
926 1286 1042 1325 vero
1066 1274 1348 1328 contraria.

555 1365 776 1431 Quoties
805 1370 1018 1440 aliquis,
1038 1371 1229 1441 inquit,
1263 1373 1312 1425 in
1342 1372 1703 1442 singularibus
1727 1375 1885 1431 rebus
1917 1376 2085 1431 inter-

490 1468 670 1528 rogat.
694 1471 748 1515 et
779 1462 823 1515 is
848 1463 938 1531 qui
963 1463 1350 1532 interrogatur,
1373 1475 1553 1534 negat,
1587 1478 1711 1521 tunc
1743 1468 1787 1522 is
1807 1471 1895 1537 qui
1918 1470 2085 1525 inter-

484 1562 640 1620 rogat
690 1564 838 1610 recte
868 1557 1203 1626 negationem
1248 1573 1367 1612 cum
1417 1561 1674 1628 singulari
1715 1562 1968 1632 jungens,
2014 1580 2083 1619 ex

484 1644 701 1701 inﬁnito
747 1650 964 1704 nomine
1009 1652 1163 1705 faciet
1214 1651 1652 1718 afﬁrmationem,
1687 1664 1746 1708 ut
1795 1654 1842 1708 si
1891 1655 2082 1724 aliquis

482 1741 669 1796 dicat:
705 1743 936 1801 Putasne
983 1745 1232 1800 Socrates
1281 1748 1496 1816 sapiens
1542 1749 1670 1803 est?
1707 1759 1893 1803 contra
1941 1749 2079 1805 alius

2203 510 2437 566 minibus
2468 512 2581 580 ipse
2611 511 2813 566 infinita
2840 512 3058 566 nomina
3089 511 3204 566 sola
3243 512 3492 582 sumpsit,
3525 519 3585 565 et
3626 518 3694 566 de
3724 514 3805 566 his

2200 605 2379 677 qualia
2411 606 2698 663 videantur
2727 621 2847 662 esse
2879 614 3187 675 pertractat.
3220 606 3577 674 Semnonum,
3609 608 3801 677 inquit,

2198 701 2553 770 prolationes,
2605 717 2722 771 qua:
2770 699 3065 754 secundum
3110 699 3530 769 contrajaceutia
3585 701 3803 755 nomina

2198 795 2281 850 vel
2313 796 2473 850 verba
2510 796 2609 850 sibi
2644 796 2904 867 opposita:
2933 806 3081 861 sunt,
3113 804 3169 849 ut
3200 796 3254 850 in
3279 811 3344 850 eo
3370 796 3513 866 quod
3544 796 3799 864 dicimus,

2197 888 2378 956 homo,
2411 906 2514 944 non
2552 889 2740 956 homo;
2773 891 3085 958 currit,non
3113 894 3315 959 currit,
3339 893 3555 961 quaties
3585 890 3799 948 finitum

2195 980 2404 1037 inﬁnito
2434 992 2802 1051 comparatur,
2832 985 3080 1040 videntur
3106 986 3254 1056 quasi
3277 985 3522 1055 quaedam
3546 1000 3679 1041 esse
3713 1001 3800 1041 ne-

2192 1072 2457 1141 gatioues.
2492 1072 2597 1129 Sed
2629 1073 2697 1127 ita
2731 1089 2836 1128 non
2861 1082 2966 1139 est,
2995 1076 3172 1129 omnis
3199 1091 3432 1146 namque
3465 1077 3694 1145 negatio
3724 1076 3801 1129 Vel

2192 1178 2317 1217 vera
2347 1164 2433 1219 vel
2467 1162 2596 1219 falsa
2625 1174 2728 1220 est.
2761 1164 2858 1233 Qui
2887 1175 3066 1221 autem
3096 1166 3223 1220 dicit
3252 1183 3358 1222 non
3380 1170 3577 1231 currit,
3610 1179 3667 1221 et
3700 1185 3802 1221 non

2191 1254 2419 1322 laborat,
2445 1267 2497 1313 et
2524 1274 2627 1313 non
2652 1257 2834 1326 homo,
2864 1277 3039 1331 neque
3060 1277 3246 1316 verum
3268 1263 3469 1332 aliquid
3497 1262 3801 1317 cunntiawit

2190 1363 2366 1418 neque
2396 1350 2607 1413 falsum,
2643 1361 2695 1404 et
2722 1352 2950 1406 fortasse
2981 1353 3159 1407 minus
3189 1353 3392 1423 aliquid
3421 1356 3535 1409 veri
3564 1357 3657 1408 vel
3687 1354 3801 1409 falsi

2188 1440 2529 1511 signiﬁcavit,
2579 1458 2737 1512 quam
2771 1442 2817 1497 is
2847 1443 2937 1513 qui
2981 1444 3184 1498 finitum
3216 1460 3410 1499 nomen
3442 1445 3627 1515 ponit.
3671 1444 3801 1500 Nam

2188 1534 2279 1605 qui
2309 1535 2513 1589 ﬁnitutn
2540 1551 2735 1591 nomen
2760 1538 3061 1603 constituit,
3084 1538 3217 1591 nihil
3245 1538 3465 1608 quidem
3495 1539 3685 1593 adhuc
3714 1556 3802 1596 γε-

2187 1643 2304 1681 rum
2337 1627 2598 1684 falsumve
2620 1630 2937 1694 enuntiavit,
2970 1631 3066 1685 sed
3097 1632 3349 1700 quoniam
3379 1631 3649 1698 quiddam
3685 1634 3801 1687 lini~

2192 1730 2302 1775 tum
2352 1724 2550 1793 posuit,
2600 1724 2946 1794 prOpinquior
2974 1735 3057 1778 est
3099 1724 3403 1794 hujusmodi
3443 1727 3693 1795 prolatio
3736 1726 3799 1782 ad

481 1839 827 1905 respondeat,
868 1838 1007 1903 Non,
1040 1840 1145 1895 erit
1182 1852 1325 1896 recta
1365 1841 1640 1897 conclusio
1668 1842 1894 1897 dicentis
1923 1859 1939 1896 :
1971 1844 2067 1899 So-

2185 1813 2495 1880 veritalem,
2543 1829 2661 1883 qu;e
2704 1815 2903 1885 aliquid
2943 1815 3149 1870 ﬁnitum
3187 1818 3358 1887 ponit,
3390 1832 3449 1871 ea
3490 1819 3799 1886 prolatione

483 1938 661 1984 crates
693 1930 853 1999 igitur
880 1947 983 1985 non
1011 1933 1227 2001 sapiens
1262 1945 1364 1989 est.
1396 1935 1475 1989 Ex
1517 1937 1800 2005 negatione
1829 1951 1957 2005 ergo
1990 1954 2077 1993 re»

478 2020 799 2089 spondentis
828 2034 880 2079 et
907 2024 1118 2079 inﬁnito
1161 2026 1377 2083 nomine
1411 2043 1516 2082 non
1550 2031 1795 2098 sapiens,
1831 2032 1964 2084 facta
1993 2041 2077 2087 est

478 2110 767 2167 afﬁrmatio
788 2156 804 2181 ,
834 2115 1083 2173 Socrates
1113 2134 1218 2172 non
1250 2121 1464 2189 sapiens
1492 2130 1601 2187 est,
1638 2132 1796 2191 atque
1824 2123 1924 2178 hoc
1953 2126 2074 2193 qui-

478 2203 601 2260 dem
632 2205 683 2260 in
717 2207 1100 2279 singularibus.
1151 2211 1304 2279 Quod
1350 2214 1394 2267 si
1442 2215 1540 2268 hoe
1582 2214 1633 2269 in
1678 2215 2072 2273 universalibus

476 2296 569 2351 ﬁat
597 2300 976 2355 uuiversaliter
1010 2303 1336 2371 prtedicatis,
1372 2308 1712 2375 negationem
1746 2307 1923 2377 potius
1956 2308 2071 2363 ﬁeri

476 2390 735 2461 contingit
761 2408 920 2463 quam
949 2394 1383 2462 afﬁrmationetn,
1419 2408 1472 2452 ut
1504 2400 1549 2453 si
1581 2401 1702 2470 quis
1732 2401 2029 2471 interroget
2055 2420 2068 2457 :

476 2487 715 2545 Putasne
753 2493 928 2547 omnis
966 2492 1126 2549 homo
1152 2495 1409 2563 sapiens?
1440 2497 1527 2551 ille
1556 2499 1900 2565 respondeat,
1928 2499 2069 2568 Non,

474 2593 580 2636 non
612 2597 839 2639 necesse
859 2595 941 2640 est
972 2586 1045 2640 ita
1073 2588 1392 2644 concludere
1422 2600 1479 2642 ut
1508 2588 1735 2656 dicatur,
1768 2591 1941 2645 omnis
1970 2592 2071 2661 igi-

473 2678 560 2728 tur
605 2674 768 2731 homo
791 2692 893 2732 non
918 2679 1134 2748 sapiens
1165 2693 1266 2735 εει.
1304 2681 1406 2736 hoc
1441 2682 1583 2735 enim
1617 2682 1803 2737 falsum
1834 2692 1936 2749 est,
1974 2700 2072 2740 nec

473 2763 576 2823 hoc
598 2768 780 2824 evenit
810 2773 1115 2826 necessario
1137 2788 1205 2827 ex
1231 2775 1546 2844 interrogati
1572 2776 1945 2844 responsione.
1965 2774 2069 2831 Sed

471 2864 641 2931 magis
673 2863 826 2945 illud,
862 2880 964 2918 non
999 2866 1174 2919 omnis
1206 2865 1367 2921 homo
1394 2868 1608 2937 sapiens
1641 2877 1745 2923 est.
1780 2866 1912 2921 Nam
1946 2884 2067 2922 cum

470 2954 666 3025 aliquis
696 2956 1014 3027 interrogat,
1062 2958 1295 3013 Putasne
1321 2961 1496 3013 omnis
1529 2959 1689 3013 homo
1715 2960 1931 3029 sapiens
1962 2970 2064 3029 est,

469 3044 516 3099 si
549 3044 640 3100 ille
663 3054 839 3114 neget,
884 3047 1091 3114 dicens,
1122 3048 1258 3112 Non,
1295 3058 1346 3103 tu
1376 3049 1667 3103 concludas
1695 3060 1926 3119 Oportet,
1962 3067 2065 3105 nou

471 3136 646 3189 omnis
690 3134 850 3205 igitur
896 3136 1058 3192 homo
1099 3140 1314 3207 sapiens
1352 3149 1453 3194 est.
1489 3140 1600 3195 lloc
1638 3142 1780 3195 enim
1819 3157 1883 3196 ex
1922 3143 2064 3198 illius

2180 1921 2300 1976 qua:
2330 1906 2532 1974 aliquid
2565 1907 2851 1962 infinitum.
2886 1908 3036 1965 Sicut
3068 1909 3156 1963 illa
3187 1925 3304 1979 quzu
3332 1911 3535 1981 aliquid
3579 1913 3797 1980 signant

2180 1999 2566 2070 propiuquinra
2606 2010 2728 2055 sunt
2771 2000 2838 2055 ad
2888 2002 3314 2057 enuntiationem
3360 2002 3673 2057 faciendam
3716 2003 3795 2058 bis

2177 2107 2298 2161 qua:
2331 2092 2462 2145 nihil
2485 2092 2809 2163 signiﬁcant,
2852 2110 3021 2164 quare
3047 2096 3101 2149 in
3130 2096 3211 2150 his
3244 2110 3360 2165 quin
3386 2097 3597 2150 infinita
3634 2106 3791 2161 sunt;

2178 2187 2359 2240 minus
2400 2186 2487 2240 illa
2531 2187 2729 2242 veritas
2757 2187 3029 2243 falsitasve
3060 2188 3399 2258 perspicitur,
3426 2204 3593 2260 quam
3626 2189 3681 2242 in
3714 2190 3791 2243 his

2177 2279 2428 2334 omnibus
2454 2296 2573 2351 qum
2603 2290 2727 2335 sunt
2756 2280 2927 2336 ﬁnita.
2958 2283 3033 2336 Ac
3057 2283 3227 2336 multo
3253 2283 3423 2351 magis
3446 2281 3582 2335 nihil
3610 2281 3789 2336 adhuc

2175 2386 2362 2427 verum
2394 2372 2652 2428 lalsumve
2681 2374 2950 2443 designat,
2977 2374 3029 2428 id
3060 2358 3206 2444 quod
3236 2375 3428 2430 dicitur
3450 2390 3563 2429 non
3598 2377 3784 2441 homo,

2177 2464 2262 2519 vel
2292 2481 2396 2519 non
2426 2475 2618 2530 currit,
2652 2465 2753 2520 nisi
2780 2466 2980 2535 aliquid
3009 2468 3258 2535 addatur,
3286 2468 3425 2537 quod
3450 2468 3785 2522 enuntiatio-

2175 2570 2301 2611 nem
2333 2556 2504 2624 possit
2532 2559 2767 2613 efticere.
2813 2557 2966 2621 Quod
2997 2568 3175 2612 autem
3206 2557 3373 2625 dixit,
3414 2559 3572 2628 quasi
3626 2574 3784 2629 nega-

2176 2648 2352 2703 tiones
2381 2649 2500 2704 sine
2533 2651 2752 2705 nomine
2772 2659 2828 2705 et
2858 2649 3022 2705 verbo
3047 2665 3168 2705 esse
3200 2650 3544 2716 videbuntur,
3578 2652 3785 2707 idcirco

2174 2745 2322 2799 addit
2348 2747 2600 2815 quoniam
2634 2746 2840 2802 inﬁnita
2873 2747 3089 2801 nomina
3119 2747 3205 2802 vel
3237 2748 3422 2813 verba,
3472 2763 3661 2818 neque
3689 2764 3781 2803 no-

2173 2839 2317 2894 mina
2346 2851 2471 2896 sunt
2504 2841 2844 2912 simp‘iciter,
2879 2857 3053 2912 neque
3081 2843 3267 2908 verba,
3297 2854 3349 2898 et
3379 2842 3641 2898 videntur
3675 2860 3779 2899 nou

2174 2935 2357 2999 homo,
2384 2944 2439 2989 et
2466 2950 2570 2989 non
2602 2934 2788 3003 currit,
2819 2937 3133 3004 negationes
3160 2949 3300 2990 esse.
3328 2935 3478 3003 Quod
3503 2936 3548 2990 si
3576 2936 3651 2991 ita
3678 2948 3779 3002 est,

2173 3025 2289 3081 sine
2318 3027 2535 3082 nomine
2564 3037 2619 3081 et
2644 3027 2830 3094 verbo,
2863 3042 2985 3083 esse
3018 3029 3331 3097 negationes
3363 3026 3641 3081 videntur.
3676 3028 3783 3082 Ad-

2173 3118 2305 3174 didit
2336 3120 2497 3175 etiam
2536 3120 2663 3174 illud
2704 3120 2837 3176 nihil
2876 3122 3046 3192 magis
3077 3121 3146 3176 de
3185 3120 3426 3185 homine,
3473 3120 3574 3175 sed
3618 3124 3784 3177 etiam

470 3203 821 3301 responsione
844 3249 1067 3289 necesse
1081 3203 1417 3290 est-evenire.
1438 3236 1541 3292 Sed
1566 3236 1679 3291 haec
1695 3239 2067 3308 contrajacens
2098 3203 2142 3267 Ο
2174 3214 2350 3267 mim’s
2377 3228 2536 3308 Verus
2560 3214 2763 3308 (“Mel
2790 3214 2975 3270 falsus'
3002 3215 3102 3281 Qui
3134 3214 3280 3269 “im
3302 3214 3434 3269 die“
3456 3213 3647 3281 ¹¹⁰¹¹¹⁰ν
3670 3230 3780 3270 rem

469 3335 548 3380 est
582 3325 1007 3395 interrogationi,
1044 3326 1095 3380 id
1136 3338 1218 3383 est
1245 3330 1510 3398 opposita.
1545 3329 1892 3399 lnterrogasti
1922 3332 2063 3386 enitn

467 3417 825 3473 universalem
874 3419 1287 3475 afﬁrmationem
1339 3421 1559 3487 dicens,
1611 3422 1843 3477 Putasite
1888 3425 2065 3479 omnis

468 3510 629 3565 homo
657 3511 851 3567 animal
882 3513 1002 3567 est?
1030 3514 1327 3584 respondit,
1362 3513 1504 3580 Non,
1533 3514 1822 3570 concludes
1857 3524 1912 3569 tu
1944 3532 2065 3585 par-

466 3602 739 3658 ticularem
780 3605 1119 3676 negationem
1141 3647 1154 3669 ,
1189 3622 1293 3659 non
1320 3607 1497 3660 omnis
1527 3606 1688 3661 homo
1728 3606 1925 3660 animal
1956 3618 2059 3673 est,

464 3704 518 3751 et
544 3697 659 3752 haec
686 3698 877 3753 dividit
911 3714 1098 3753 verum
1128 3699 1212 3753 vel
1244 3699 1453 3753 falsum.
1487 3700 1618 3753 Nam
1649 3699 1692 3752 si
1724 3708 1912 3753 contra
1941 3714 2059 3753 eam

464 3788 942 3858 interrogationem
968 3808 1060 3859 per
1079 3807 1238 3861 quam
1264 3792 1622 3847 universalem
1646 3794 2058 3848 allirmationem

461 3878 831 3950 interrogasti,
858 3882 949 3936 ille
979 3894 1159 3952 neget,
1186 3895 1237 3938 et
1274 3893 1328 3937 tu
1358 3885 1647 3939 concludas
1677 3901 1792 3940 eam
1818 3889 2062 3957 proposi-

462 3973 661 4028 tionem
692 3990 810 4044 qua:
835 3975 983 4031 dicit.
1005 3977 1181 4029 omnis
1206 3977 1366 4030 homo
1394 3977 1553 4045 igitur
1577 3993 1683 4033 nou
1712 3983 1926 4049 sapiens
1954 3992 2057 4048 est,

464 4078 572 4117 non
617 4068 793 4133 ponus
822 4069 1276 4138 contrajaceutem
1306 4111 1320 4135 ,
1382 4071 1475 4125 sed
1515 4072 1837 4127 contrariam
1870 4072 2056 4140 facies,

461 4157 575 4211 luec
609 4160 750 4213 enim
793 4176 911 4230 qu;e
953 4159 1106 4224 dicit,
1152 4162 1330 4216 omnis
1368 4161 1526 4217 homo
1556 4180 1659 4219 non
1690 4166 1905 4234 sapiens
1949 4176 2052 4234 est,

460 4252 728 4303 consentit
756 4253 804 4305 ei
834 4267 953 4322 qua)
977 4254 1108 4306 dzcit
1133 4254 1308 4309 nullus
1334 4255 1493 4311 homo
1517 4258 1729 4328 sapiens
1758 4260 2054 4327 est.Quare

458 4343 594 4396 nihil
626 4344 823 4411 differt,
866 4357 1041 4400 utrum
1087 4348 1222 4403 hanc
1248 4350 1441 4420 aliquis
1478 4366 1542 4405 ex
1587 4352 1797 4405 inﬁnito
1835 4355 2053 4408 nomine

457 4433 867 4490 n'ﬁrmatiouem
908 4439 1252 4507 l‘CSpUﬂdeill,
1287 4457 1353 4494 an
1396 4457 1459 4495 ex
1496 4444 1644 4496 linito
1692 4444 1908 4497 nomine
1938 4445 2055 4497 titti-

455 4518 716 4584 versaletn
765 4535 1107 4602 negationem
1149 4551 1268 4604 qua:
1297 4552 1417 4591 cum
1450 4537 1807 4591 affirmatione
1840 4538 2053 4591 univer-

453 4620 574 4685 sali,
623 4637 781 4690 quam
814 4625 1178 4694 interrogasti,
1235 4644 1415 4683 verum
1452 4629 1752 4699 falsumque
1788 4646 1889 4683 non
1922 4630 2057 4685 divi-

453 4710 550 4763 dit.
584 4710 688 4765 Sed
724 4714 815 4766 illa
859 4717 972 4768 sola
1003 4717 1371 4773 concludenda
1401 4731 1546 4787 sunt,
1582 4721 1632 4774 in
1667 4722 1862 4790 quibus
1892 4739 2054 4777 unum

455 4819 642 4859 verum
682 4817 787 4873 est,
814 4809 1042 4863 alterum
1080 4810 1291 4866 falsum.
1323 4813 1434 4867 Non
1466 4815 1625 4882 igitur
1656 4816 1723 4869 ita
1748 4815 1909 4869 debet
1943 4816 2057 4870 fieri

454 4896 973 4965 iuvuniversalibus,
1011 4912 1069 4955 ut
1109 4903 1433 4974 interrogata
1478 4907 1763 4961 universali
1811 4908 2053 4962 affirma-

459 4990 627 5055 tione,
675 4994 718 5046 si
771 4995 906 5049 alius
955 4998 1291 5062 negationem
1334 5000 1679 5067 respondeat,
1731 5001 2054 5054 universalis

455 5082 747 5139 afﬁrmatio
777 5102 840 5141 ex
875 5088 1084 5143 inﬁnito
1115 5091 1329 5145 nomine
1359 5091 1727 5155 concludatur,
1752 5092 1847 5146 sed
1873 5094 2051 5162 potius

457 5181 795 5244 particularis
826 5185 1040 5250 negatio
1070 5199 1134 5239 ex
1170 5186 1389 5240 nomine
1420 5185 1587 5239 linito.

524 5271 639 5327 Iltw
668 5290 784 5328 vero
816 5292 928 5345 qua:
958 5287 1077 5331 sunt
1104 5277 1505 5347 contrajacentes
1537 5275 1818 5331 secundum
1848 5276 2051 5344 inﬁnita

449 5372 655 5422 nomina
686 5373 761 5425 vel
811 5366 980 5438 verba,
1032 5384 1084 5426 ut
1116 5375 1166 5429 in
1198 5392 1256 5428 eo
1299 5374 1434 5443 quod
1476 5384 1568 5440 est,
1617 5391 1717 5430 nou
1749 5375 1919 5438 homo,
1973 5375 2052 5427 vel

448 5477 550 5513 non
596 5462 793 5531 justus,
845 5467 991 5533 quasi
1047 5467 1338 5537 negationes
1393 5467 1502 5521 sine
1560 5467 1759 5521 nomine
1798 5476 1847 5521 et
1904 5467 2052 5521 verba

447 5570 555 5605 esse
607 5557 930 5627 videbuntur,
980 5561 1069 5615 sed
1126 5576 1227 5614 non
1286 5568 1403 5614 sunt
1458 5575 1475 5613 :
1531 5578 1729 5633 semper
1780 5563 1912 5615 enim
1975 5560 2052 5615 vel

447 5661 615 5697 rerum
657 5665 762 5702 esse
789 5652 866 5703 vel
898 5652 1082 5719 falsam
1109 5669 1309 5706 necesse
1332 5663 1404 5707 est
1440 5655 1777 5724 negationem.
1815 5653 1913 5718 Qui
1937 5669 2052 5706 vero

446 5737 578 5789 dixit
621 5757 720 5794 non
767 5744 949 5812 homo,
993 5764 1094 5799 non
1145 5747 1259 5817 plus
1289 5747 1489 5802 dicente
1544 5746 1718 5816 homo,
1771 5749 1860 5800 sed
1898 5749 2053 5801 etiam

445 5831 639 5893 minus.
689 5851 838 5892 verus
870 5838 946 5894 vel
989 5838 1159 5905 falsus
1184 5842 1304 5910 fuit,
1354 5842 1397 5899 si
1429 5856 1537 5898 non
1578 5838 1777 5911 aliquid
1805 5838 2052 5898 addatur.

2171 3306 2469 3369 constituit,
2501 3307 2591 3376 qui
2638 3305 2768 3362 dicit
2805 3324 2911 3361 non
2957 3308 3141 3375 homo,
3176 3307 3344 3377 ipsam
3389 3308 3613 3377 quidem
3666 3324 3779 3362 rem

2172 3399 2312 3461 tulit.
2330 3399 2424 3454 sed
2449 3400 2578 3454 nihil
2608 3401 2832 3455 addidit.
2850 3401 3113 3468 Quocirca
3136 3400 3293 3471 longe
3319 3399 3497 3455 minus
3518 3400 3781 3470 quiddam

2168 3492 2473 3547 enuntiavit
2504 3493 2572 3548 de
2603 3494 2843 3561 homine,
2868 3493 2959 3565 qui
2984 3492 3251 3549 inﬁnitum
3281 3493 3350 3548 de
3370 3494 3593 3549 homine
3613 3495 3777 3559 dixit,

2169 3601 2329 3655 quam
2357 3587 2447 3655 qui
2483 3586 2709 3642 ﬁnitum.

2239 3686 2512 3759 Signiﬁcat
2555 3696 2747 3758 autem,
2777 3696 2851 3742 est
2894 3688 3058 3742 omnis
3092 3704 3196 3742 non
3232 3687 3385 3743 homo
3420 3692 3602 3760 justus
3646 3687 3781 3743 nulli

2162 3778 2375 3833 illarum
2404 3780 2559 3845 idem,
2594 3796 2686 3833 nec
2729 3778 2851 3832 huic
2889 3780 3123 3849 opposita
3162 3795 3223 3832 ea
3259 3795 3376 3848 qua?
3411 3789 3502 3843 est,
3553 3796 3660 3833 non
3703 3788 3778 3833 est

2164 3876 2329 3930 omnis
2357 3891 2459 3929 nou
2492 3876 2641 3929 homo
2673 3877 2871 3947 justus.
2902 3871 3010 3926 Illa
3036 3888 3155 3927 vero
3196 3889 3312 3945 qua:
3342 3883 3435 3940 est,
3469 3874 3639 3926 omnis
3673 3890 3775 3925 non

2155 3973 2331 4041 justus
2361 3984 2463 4020 non
2492 3968 2643 4020 homo
2673 3976 2764 4031 est,
2792 3966 2870 4021 illi
2895 3981 3011 4037 quae
3037 3974 3135 4033 est,
3166 3966 3343 4021 nullus
3371 3974 3443 4020 est
3463 3966 3643 4037 justus
3672 3982 3772 4018 nou

2163 4061 2338 4126 homo,
2369 4061 2503 4114 idem
2529 4060 2806 4130 signiﬁcat.

2234 4164 2341 4219 Illa:
2382 4163 2779 4234 propositiones
2811 4164 2863 4217 in
2906 4163 3101 4233 quibus
3140 4163 3345 4219 inﬁnita
3378 4164 3597 4219 nomina
3628 4165 3765 4217 sub-

2154 4254 2297 4324 jecta
2311 4267 2457 4321 sunt,
2483 4255 2637 4323 longe
2650 4253 2816 4321 aliud,
2846 4254 3038 4325 inquit,
3064 4254 3461 4325 signiﬁcaut,et
3483 4271 3590 4309 non
3617 4255 3765 4309 idem

2168 4346 2254 4401 his
2281 4346 2739 4416 propositionibus
2768 4363 2888 4417 quae
2915 4348 3001 4403 vel
3030 4349 3325 4403 secundum
3360 4349 3527 4414 finita,
3558 4349 3644 4404 vel
3672 4364 3768 4404 se-

2159 4442 2391 4496 cundum
2425 4441 2633 4496 inf‘utita
2681 4440 2971 4510 prtedicata
3015 4443 3398 4508 dicuntur;ea
3445 4443 3590 4496 enim
3640 4458 3766 4511 qua:

2161 4535 2314 4600 dicit,
2361 4545 2440 4589 est
2469 4534 2647 4589 omnis
2677 4550 2781 4590 non
2816 4533 2979 4590 homo
3010 4535 3212 4604 justus,
3243 4536 3373 4590 nihil
3409 4535 3549 4590 idem
3590 4535 3766 4605 signi-

2084 4587 2137 4648 Β
2163 4628 2289 4681 ficat
2313 4626 2385 4681 illi
2408 4642 2527 4696 qua:
2555 4626 2709 4695 dicit,
2740 4636 2824 4682 est
2854 4628 3029 4683 omnis
3058 4627 3437 4697 homojustus,
3467 4629 3551 4682 vel
3579 4627 3766 4682 nullus

2164 4720 2326 4775 homo
2372 4720 2549 4790 justus
2592 4731 2696 4785 est,
2729 4722 2813 4776 vel
2852 4723 3071 4787 iterum,
3113 4731 3195 4777 est
3243 4722 3420 4777 omnis
3463 4721 3624 4776 homo
3653 4734 3769 4776 non

2156 4812 2356 4882 justus,
2393 4814 2478 4867 vel
2511 4813 2684 4868 nullus
2716 4813 2878 4869 homo
2910 4828 3016 4869 non
3045 4814 3244 4891 justus,
3276 4814 3406 4869 nulli
3440 4814 3584 4868 enim
3610 4812 3771 4867 simi-

2167 4907 2231 4959 Iis
2258 4915 2341 4961 est
2365 4921 2571 4971 earum,
2603 4921 2664 4961 ea
2694 4922 2814 4976 qua:
2845 4906 2993 4973 dicit,
3026 4916 3109 4962 est
3139 4906 3315 4962 omnis
3347 4921 3454 4961 non
3488 4905 3648 4960 homo
3679 4907 3769 4973 ju-

2162 5009 2295 5063 stus,
2332 5013 2430 5053 nec
2464 4997 2583 5053 huic
2614 4998 2860 5069 opposita
2898 4999 3108 5069 negatio
3154 5000 3513 5068 particularis,
3544 5014 3605 5053 ea
3635 5014 3766 5067 qua:

2164 5091 2316 5155 dicit,
2352 5106 2456 5143 non
2504 5099 2586 5145 est
2622 5091 2797 5145 onmis
2844 5108 2947 5146 non
3001 5091 3162 5147 homo
3209 5091 3407 5161 justus;
3441 5091 3534 5146 ulli
3572 5106 3763 5146 earum

2163 5184 2305 5240 idem
2338 5183 2604 5254 signiﬁcat
2633 5200 2750 5253 qua:
2781 5186 3033 5256 superius
3061 5185 3346 5254 descripta:
3378 5194 3522 5249 sunt,
3552 5183 3634 5237 vel
3662 5184 3762 5236 ali-

2161 5275 2245 5331 cui
2273 5291 2456 5329 earum
2498 5291 2617 5344 qua:
2647 5285 2773 5331 sunt
2799 5276 2850 5331 in
2881 5277 3129 5346 superius
3155 5277 3417 5347 opposita?
3447 5276 3760 5345 descriptis.

2161 5365 2269 5422 Illae
2297 5383 2422 5422 vero
2451 5383 2569 5437 qua:
2597 5384 2660 5423 ex
2694 5369 2903 5423 duobus
2933 5371 3175 5425 terminis
3200 5370 3425 5424 infinitis
3453 5372 3760 5424 constituta:

2159 5469 2304 5524 sunt,
2349 5460 2453 5516 illis
2492 5472 2617 5516 sunt
2647 5462 2870 5528 similes,
2919 5480 3038 5531 qua:
3071 5463 3406 5518 universales
3445 5463 3758 5533 negationes

2157 5566 2283 5612 sunt
2311 5557 2569 5614 habentes
2603 5559 2904 5627 subjectum
2938 5559 3233 5624 inﬁnitum,
3280 5567 3338 5612 ut
3366 5574 3428 5613 ea
3462 5572 3578 5627 qum
3605 5553 3755 5621 dicit,

2156 5662 2241 5707 est
2270 5653 2444 5708 omnis
2476 5670 2580 5709 nou
2608 5653 2786 5723 justus
2818 5669 2922 5709 non
2966 5654 3147 5720 homo,
3195 5654 3270 5708 illi
3302 5653 3444 5708 idem
3469 5650 3753 5722 signiﬁcat,

2157 5748 2315 5816 e'que
2336 5748 2606 5803 consentit
2629 5764 2746 5818 quae
2768 5748 2919 5815 dicit,
2936 5758 3018 5805 est
3040 5748 3218 5802 nullus
3238 5746 3416 5815 justus
3438 5762 3541 5801 non
3566 5744 3749 5807 homo,

2161 5851 2216 5900 et
2241 5842 2391 5913 prior
2416 5842 2632 5914 quidem
2665 5853 2915 5915 utrosque
2950 5843 3209 5900 terminos
3246 5840 3443 5899 retinet
3483 5837 3743 5908 inﬁnitos,
