3982 6334
154 262 257 319 .‘55
950 254 1015 311 IN
1051 252 1309 311 LIBRUM
1351 252 1438 310 DE
1478 248 2127 310 INTERPRETATIONE
2165 250 2394 311 EDI’l‘lO
2437 247 2669 307 PRIMA.

3337 247 3443 307 εει

155 382 273 432 Ιιτεε
306 386 437 429 vero
477 370 713 430 secunda
737 369 1084 443 praedicatum
1114 368 1330 440 quidem
1355 368 1586 432 ﬁnitum,
1617 366 1746 421 sub-
1772 366 1994 437 Agatio
2035 382 2155 421 nem
2185 381 2306 422 esse
2336 382 2455 437 ane
2483 366 2615 421 dicit
2670 371 2751 421 est
2798 364 2952 423 albus
2984 366 3165 434 homo,
3206 372 3450 438 utraeque

154 473 351 540 icclum
395 482 528 521 vero
567 464 869 529 inﬁnitum;
905 473 957 517 et
988 462 1076 516 illa
1107 461 1322 533 quidem
1353 470 1435 515 est
1464 458 1750 514 afﬁrmatio

154 578 219 618 cx
253 561 462 616 duobus
507 557 761 623 inﬁnitis,
798 556 914 610 haec
939 569 1069 609 vero
1096 570 1162 609 ex
1195 553 1345 608 ﬁnito
1376 551 1665 623 praedicato
1699 559 1753 607 et

156 654 396 727 subjecto
431 653 642 708 inﬁnito
668 650 883 721 negatio
910 649 1250 704 universalis.

227 754 559 827 Transposita
585 769 703 808 vero
728 752 937 806 nomina
957 760 1005 805 et
1030 749 1179 805 verba
1204 748 1338 804 idem
1363 749 1677 822 signiﬁcant,
1697 759 1750 799 ut

156 860 232 906 est
260 850 403 905 albus
432 849 607 914 homo,
639 856 713 901 est
740 845 891 900 homo
922 847 1089 899 albus.
1127 843 1266 897 Nam
1307 845 1351 899 si
1382 850 1480 897 hoc
1508 859 1611 897 non
1655 849 1751 907 est,

159 946 390 1018 ejusdem
411 944 583 996 multa:
598 950 749 996 erunt
776 940 1088 1010 negationes.
1116 937 1222 994 Sed
1244 949 1502 991 ostensum
1522 945 1596 990 est
1619 936 1755 1007 quod

158 1056 265 1094 una
295 1039 443 1093 unius
470 1045 562 1091 est.
595 1034 726 1106 Ejus
757 1035 892 1088 enim
920 1048 1036 1104 qua:
1061 1041 1155 1099 est,
1180 1040 1252 1085 est
1290 1030 1440 1084 albus
1463 1029 1636 1092 homo,
1669 1045 1755 1082 ne-

158 1131 295 1201 gatio
322 1138 432 1193 est,
481 1143 583 1180 non
612 1135 685 1179 est
714 1124 859 1178 albus
886 1123 1060 1193 homo,
1105 1125 1214 1192 ejus
1242 1138 1359 1175 vero
1387 1138 1501 1192 qua:
1539 1131 1636 1187 est,
1684 1131 1757 1176 est

159 1225 313 1276 homo
342 1222 510 1286 albus,
538 1220 583 1274 si
628 1235 732 1272 non
782 1218 954 1271 eadem
1001 1225 1075 1271 est
1124 1216 1169 1269 ei
1212 1232 1327 1286 qua:
1371 1225 1462 1280 est,
1491 1225 1564 1270 est
1611 1214 1759 1269 albus

161 1314 337 1382 homo,
384 1313 477 1367 erit
520 1311 725 1382 negatio
766 1307 844 1362 vel
884 1325 942 1363 ea
971 1324 1084 1375 qua:
1118 1316 1212 1373 est,
1246 1324 1347 1361 non
1379 1319 1450 1361 est
1482 1323 1581 1360 non
1608 1304 1758 1359 homo

162 1405 333 1471 albus,
364 1404 442 1458 vel
469 1419 531 1458 ea
558 1418 673 1471 qua:
698 1409 792 1466 est,
834 1415 935 1453 non
966 1408 1040 1453 est
1085 1399 1234 1453 homo
1262 1400 1429 1453 albus.
1465 1399 1569 1453 Sed
1599 1399 1761 1452 aftera

163 1497 370 1566 quidem
399 1505 472 1549 est
503 1494 705 1566 negatio
744 1494 858 1563 ejus
898 1507 1013 1562 qua!
1054 1500 1148 1560 est,
1177 1500 1251 1545 est
1278 1507 1379 1544 non
1409 1490 1559 1543 homo
1590 1490 1757 1554 albas,

165 1591 333 1644 altera
361 1603 476 1643 vero
504 1588 612 1656 ejus
641 1600 757 1657 qua:
784 1592 877 1651 est,
910 1592 981 1638 est
1010 1582 1154 1635 albus
1197 1582 1369 1635 homo.
1416 1581 1585 1646 Quare
1615 1588 1761 1633 erunt

167 1680 311 1744 dum,
363 1679 533 1732 unius.
593 1676 847 1744 Quoniam
895 1675 1052 1745 igitur
1102 1674 1415 1742 transposi'o
1460 1674 1663 1727 nomine
1713 1682 1762 1725 et

169 1774 324 1828 verbo
352 1770 527 1826 eadem
554 1770 612 1840 ﬁt
637 1768 905 1839 afﬁrmatio
930 1775 976 1820 et
999 1766 1563 1837 negatio,manifestum
1593 1772 1687 1818 εει.

245 1852 490 1942 ρυοίῑεε,
516 1872 706 1943 inquit,
734 1871 951 1925 nomina
979 1868 1421 1939 pcrmutanturiet
1447 1868 1632 1932 verba,
1657 1882 1761 1921 ere-

168 1968 295 2023 dem
339 1964 765 2037 propositionum
809 1962 1224 2031 signiﬁcationes
1253 1968 1589 2030 permanent.
1620 1959 1764 2028 Quo-

171 2063 274 2118 ties
308 2071 487 2115 autem
516 2059 729 2128 negatio
765 2064 1121 2127 permutatur,
1160 2070 1263 2109 non
1301 2052 1530 2120 eaedem,
1564 2068 1685 2107 nam
1718 2052 1764 2106 si

171 2154 293 2227 quis
344 2152 487 2207 dicat
520 2167 534 2204 :
583 2152 679 2205 Est
707 2164 812 2204 non
860 2149 1021 2203 homo
1052 2148 1225 2213 albus,
1271 2156 1323 2201 et
1355 2161 1458 2201 non
1491 2155 1573 2201 est
1602 2144 1765 2199 homo

174 2248 350 2310 albus,
374 2259 478 2298 non
502 2241 641 2297 idem
669 2241 938 2310 signiﬁcat
961 2249 1258 2309 permutata
1282 2238 1489 2293 scilicet
1510 2246 1562 2293 et
1588 2247 1763 2291 trans-

174 2338 350 2407 posita
399 2316 970 2404 negatione.°Qnolies
1016 2341 1193 2385 autem
1245 2330 1458 2396 dicitur,
1491 2338 1574 2385 est
1613 2329 1765 2383 albus

176 2429 365 2491 homo,
399 2435 455 2480 et
498 2437 683 2477 rursus
723 2432 805 2476 est
850 2424 1008 2477 homo
1050 2422 1225 2488 albus,
1267 2421 1407 2477 idem
1442 2421 1767 2490 transposita

175 2520 343 2574 verba
385 2517 711 2586 nominaque
737 2515 1059 2585 signiﬁcant,
1093 2525 1147 2570 et
1174 2525 1330 2571 erunt
1372 2516 1575 2571 eaedem
1621 2514 1771 2569 afﬁr-

174 2611 444 2665 tnationes
471 2628 482 2660 :
515 2620 635 2663 nam
665 2608 709 2662 si
741 2607 860 2678 quis
892 2610 994 2662 hoc
1022 2616 1203 2678 negat,
1236 2609 1498 2677 contingit
1528 2619 1585 2662 ut
1613 2609 1771 2663 unius

175 2700 571 2767 afﬁrmationis,
612 2699 735 2753 duae
760 2701 1069 2779 negationes
1098 2700 1225 2755 sint.
1271 2701 1385 2755 Hoc
1412 2709 1590 2755 autem
1621 2715 1773 2755 mon-

175 2808 411 2851 stratum
433 2804 515 2850 est
529 2793 774 2864 superius
799 2795 911 2848 ﬁeri
934 2810 1041 2848 non
1070 2809 1243 2862 ι;οεεε,
1261 2794 1355 2849 sed
1377 2809 1593 2864 semper
1616 2795 1772 2849 unius

176 2887 563 2944 afﬁrmationis
592 2902 750 2942 unam
788 2900 910 2942 esse
939 2887 1301 2957 negationem.
1343 2887 1491 2942 Illius
1540 2901 1773 2957 namque

179 2980 558 3035 aflirmationis
584 2994 700 3048 quia
727 2979 879 3046 dicit,
903 2988 986 3033 est
1022 2980 1175 3033 albus
1208 2980 1386 3045 homo,
1429 2980 1520 3034 illa
1559 2980 1774 3050 negatio

178 3083 289 3137 εει,
320 3086 440 3142 qua:
469 3070 614 3136 dicit,
643 3086 745 3126 non
769 3078 853 3127 est
878 3072 1032 3127 albus
1064 3073 1253 3135 homo;
1288 3072 1428 3126 illius
1453 3080 1630 3127 autem
1658 3088 1776 3143 quas

1853 464 1996 518 enim
2028 478 2213 517 verum
2239 463 2377 516 inter
2399 477 2457 516 se
2489 462 2789 531 falsamque
2809 461 3073 514 dividunt.
3102 460 3284 530 Neque
3306 466 3449 517 enim

1856 555 1970 611 ﬁeri
1995 564 2173 626 potest
2200 565 2258 608 ut
2280 556 2322 609 si
2348 555 2414 609 de
2435 569 2544 608 uno
2567 554 2864 623 eodemque
2890 554 3104 607 homine
3126 554 3454 622 dicatur,est

1855 647 2005 702 albus
2037 646 2218 713 homo,
2247 654 2301 700 et
2339 660 2444 700 non
2474 656 2559 699 est
2588 646 2747 699 homo
2776 645 2953 711 albus,
2987 655 3045 699 ιιι
3075 654 3315 716 utraeque
3342 647 3453 702 sint
3495 618 3539 709 τῖ’

1854 755 1997 795 verte
2027 758 2040 795 ε
2074 739 2215 809 q’uod
2260 738 2307 793 si
2339 738 2409 792 ita
2439 748 2497 793 ut
2537 752 2680 796 nunc
2715 747 2840 791 sunt
2871 740 3056 807 posita:
3086 739 3371 809 aliquando
3400 740 3453 795 in

1857 834 2081 888 veritate
2115 833 2467 894 concordant,
2515 831 2614 885 hoc
2661 829 2863 885 idcirco
2896 831 3077 909 e‘venit
3106 832 3227 900 quia
3265 830 3456 886 indeﬁ-

1860 927 1985 981 nitze
2013 936 2156 994 sunt,
2182 939 2289 979 non
2320 924 2443 994 quia
2467 924 2647 980 verbis
2677 924 2811 978 ﬁunt
2837 924 3252 995 nominibusque
3283 935 3459 979 trans-

1863 1020 2069 1091 positis:
2093 1034 2261 1090 quare
2286 1019 2468 1075 evenit
2497 1026 2553 1071 ut
2585 1018 2741 1072 unius
2766 1016 3139 1073 afﬁrmationis
3166 1018 3361 1086 duplex
3387 1019 3461 1073 sit

1861 1112 2092 1180 negatio.
2144 1109 2298 1177 Quod
2333 1118 2509 1163 autem
2553 1106 2789 1162 diximus
2820 1106 3065 1163 inferiori
3095 1106 3459 1178 descriptione

1863 1207 2032 1276 magis
2071 1201 2315 1274 liquebit.

2488 1355 2844 1410 Contradictio.

1989 1423 2075 1475 list
2096 1422 2237 1472 albus
2254 1419 2400 1471 homo
2868 1419 2978 1470 Non
2996 1425 3073 1471 est
3095 1418 3235 1501 albus
3255 1420 3397 1472 homo

2351 1544 2513 1664 ϐοηθεῖ
2840 1547 2977 1638 δύ’κο

2342 1791 2510 1894 ῢοῦᾳθ
2844 1802 2985 1898 σίρηο

1991 1965 2077 2016 Est
2100 1965 2244 2015 homo
2264 1963 2404 2013 albus
2870 1966 2974 2017 Non
3004 1974 3081 2017 est
3102 1968 3245 2019 homo
3265 1966 3404 2017 albus

2484 2025 2837 2084 Contradictio.

2014 2196 2433 2251 DB‘CONJUNCTlS
2475 2211 2544 2250 ΕΤ
2598 2210 2781 2253 υινιειε
2821 2212 3318 2254 εΝυΝτιΑτιοΝιευε.

1940 2321 2004 2375 Αι
2032 2336 2147 2375 vero
2168 2337 2322 2375 unum
2345 2324 2407 2374 de
2428 2321 2779 2391 pluribus,rel
2802 2324 2954 2391 plura
2981 2329 3044 2376 de
3063 2338 3167 2376 uno
3194 2324 3447 2393 afﬁrmare

1870 2413 1949 2469 vel
1977 2431 2182 2486 negare,
2216 2415 2260 2468 si
2288 2431 2390 2468 non
2422 2425 2494 2468 est
2525 2432 2685 2469 unum
2712 2432 2776 2470 ea:
2805 2416 3061 2485 pluribus,
3111 2433 3214 2470 non
3242 2427 3313 2472 est
3338 2434 3367 2469 a
3384 2419 3448 2485 ππ

1871 2512 2030 2566 matio
2060 2527 2184 2576 una,
2232 2527 2392 2580 neque
2435 2514 2658 2582 negatio.
2705 2511 2834 2566 Dico
2878 2520 3047 2565 autem
3089 2529 3270 2580 unum,
3301 2530 3400 2566 non
3430 2516 3471 2569 si

1872 2622 2030 2660 unum
2065 2621 2246 2659 nomen
2266 2606 2489 2676 positum
2515 2606 2622 2659 sit:
2660 2621 2760 2659 non
2786 2606 2843 2675 fit
2872 2615 3042 2659 autem
3069 2622 3226 2659 unum
3256 2622 3318 2660 ex
3346 2608 3471 2672 illis,

1875 2710 1933 2755 ut
1962 2702 2114 2753 homo
2137 2708 2209 2754 est
2237 2700 2455 2771 fortasse
2476 2708 2523 2753 et
2549 2700 2763 2762 animal,
2786 2708 2835 2753 ει
2862 2699 3022 2770 bipes,
3051 2707 3098 2753 et
3128 2710 3471 2764 mansuetum;

1875 2794 2048 2866 sed.e:r
2074 2792 2154 2847 his
2179 2794 2334 2846 etiam
2362 2809 2522 2846 unum
2553 2793 2633 2861 fit.
2666 2791 2751 2846 Ea:
2775 2792 2890 2846 albo
2914 2802 3083 2846 autem
3113 2801 3161 2845 et
3187 2793 3403 2859 homine,
3431 2800 3475 2845 et

1878 2886 2142 2941 ambulare
2178 2902 2279 2939 non
2310 2886 2368 2952 ﬁt
2399 2901 2578 2940 unum.
2629 2890 2801 2957 Quare
2828 2902 2914 2939 nec
2939 2885 2985 2939 si
3013 2901 3169 2939 unum
3196 2884 3392 2955 aliquid
3416 2882 3477 2937 de

1880 2980 1961 3033 his
1992 2980 2203 3050 aﬂirmet
2234 2978 2443 3049 aliquis,
2474 2980 2571 3032 erit
2592 2979 2863 3050 afﬁrmatio
2886 2995 3014 3047 una,
3040 2980 3129 3033 sed
3150 2994 3249 3033 vox
3274 2979 3477 3048 quidem

1879 3087 2005 3136 una,
2037 3072 2398 3141 amrmationes
2428 3085 2544 3125 vero
2575 3072 2771 3126 multa}.
2805 3069 2918 3125 Nec
2947 3072 2989 3123 si
3024 3071 3088 3124 de
3110 3086 3212 3124 uno
3242 3072 3357 3137 ista,
3390 3071 3480 3127 sed

177 3167 457 3239 proponit,
491 3174 573 3220 est
598 3166 760 3220 homo
787 3167 963 3231 albus,
995 3167 1037 3221 si
1068 3181 1172 3221 non
1202 3176 1285 3221 est
1306 3166 1496 3221 eadem
1530 3166 1603 3220 illi
1630 3166 1777 3221 allir-
1805 3173 1851 3237 (ς
1881 3164 2115 3218 similiter
2140 3165 2335 3234 plures.

179 3260 409 3316 mationi
439 3274 557 3330 quae
584 3261 846 3323 enuntiat,
877 3268 959 3313 est
984 3258 1138 3313 albus
1169 3258 1350 3323 homo,
1382 3260 1476 3313 sed
1506 3268 1589 3314 est
1618 3259 1685 3314 ab
1715 3274 1778 3314 ca

179 3354 419 3421 diversa,
462 3353 532 3406 sit
578 3352 793 3422 negatio
840 3352 924 3407 vel
976 3367 1037 3406 ea
1077 3367 1196 3422 quae
1244 3351 1391 3418 dicit,
1429 3366 1533 3406 non
1562 3363 1644 3407 est
1672 3369 1780 3409 non

178 3447 347 3503 homo
376 3445 560 3514 albus,
593 3446 681 3500 vel
711 3460 775 3500 ea
802 3460 919 3515 quae
951 3445 1114 3513 dicit,
1148 3460 1256 3499 non
1288 3454 1370 3499 est
1399 3445 1560 3499 homo
1590 3447 1778 3513 albus;

179 3541 281 3596 sed
303 3540 393 3593 illa
419 3553 539 3609 qum
565 3536 839 3608 praponit,
860 3554 966 3592 non
989 3547 1070 3592 est
1099 3552 1203 3592 non
1224 3537 1388 3592 homo
1418 3538 1594 3603 albus,
1620 3538 1783 3594 habet

179 3649 337 3689 suam
370 3632 785 3687 afﬁrtnationem
806 3632 872 3686 ad
899 3646 1058 3702 quam
1081 3631 1270 3687 referri
1299 3632 1648 3699 debeat,eatn
1677 3634 1783 3689 sci-

179 3725 311 3781 licet
331 3740 446 3795 quaa
474 3724 738 3787 enuntiat,
763 3733 844 3778 est
866 3739 973 3778 non
998 3723 1161 3778 homo
1189 3724 1362 3778 albus.
1383 3724 1473 3779 Illa
1508 3740 1637 3782 vero
1664 3742 1783 3796 quae

180 3818 338 3880 dicit,
373 3833 476 3870 non
508 3825 592 3871 est
619 3816 779 3869 homo
808 3816 985 3882 albus,
1020 3817 1233 3887 negatio
1266 3828 1348 3872 est
1376 3817 1495 3887 ejus
1520 3834 1639 3888 qua:
1662 3834 1787 3889 pro-

180 3910 363 3982 ponit,
413 3919 497 3963 cst
526 3909 686 3963 homo
713 3908 890 3963 albus.
935 3909 1041 3966 Sed
1088 3909 1133 3963 si
1166 3909 1551 3965 afﬁrmationes
1592 3926 1781 3966 eorum

180 4003 418 4057 diversae
444 4010 586 4067 sunt,
611 4001 839 4055 diversae
867 4009 1026 4055 erunt
1051 4000 1213 4055 etiam
1238 4001 1645 4070 negationes.Si
1666 4007 1787 4073 quis

179 4106 323 4163 ergo
366 4092 511 4146 dicat
556 4090 965 4146 afﬁrmationem
1016 4108 1133 4163 quae
1180 4094 1449 4163 proponit,
1503 4104 1588 4150 est
1632 4096 1788 4149 albus

180 4188 379 4249 homo,
427 4183 687 4239 diversam
718 4200 836 4240 esse
864 4186 931 4240 ab
954 4200 1038 4248 ea,
1071 4201 1189 4255 qua:
1218 4188 1482 4254 enuntiat,
1515 4198 1599 4244 est
1627 4188 1787 4243 homo

180 4280 367 4341 albus,
400 4275 530 4331 illud
557 4292 765 4348 quoque
799 4278 1061 4334 concedat
1088 4293 1308 4333 necesse
1338 4289 1419 4334 est
1458 4290 1515 4334 ut
1546 4282 1789 4350 negatio-

118 4414 125 4415 ,
179 4387 288 4427 nes
319 4384 533 4441 quoque
567 4370 799 4440 ipsarum
832 4370 1061 4425 diversae
1090 4371 1219 4437 sint,
1253 4380 1337 4426 est
1371 4382 1546 4427 autem
1578 4376 1790 4443 negatio

181 4464 335 4517 illius
360 4477 479 4531 quae
504 4462 651 4529 dicit,
678 4474 757 4516 est
780 4462 930 4515 albus
958 4462 1141 4530 homo,
1169 4464 1258 4517 illa
1291 4464 1496 4520 scilicet
1521 4481 1638 4536 qua:
1661 4483 1787 4536 pro-

180 4555 364 4625 ponit,
395 4568 501 4607 non
532 4563 609 4607 est
642 4553 795 4606 albus
826 4554 1008 4608 homo.
1047 4554 1254 4609 Rursus
1300 4554 1442 4609 illius
1471 4572 1592 4626 qua:
1618 4572 1791 4613 enun-

181 4650 311 4713 tiat,
346 4654 430 4701 est
457 4646 617 4700 homo
644 4646 819 4710 albus,
843 4656 925 4701 est
948 4648 1181 4714 negatio,
1201 4663 1303 4701 non
1329 4657 1411 4703 est
1434 4649 1593 4703 homo
1614 4651 1790 4706 albus.

180 4742 372 4810 Quare
406 4730 495 4792 ἰιτε
537 4739 657 4792 dna:
698 4740 1035 4808 negationes,
1069 4754 1174 4793 non
1224 4749 1306 4795 est
1338 4733 1498 4795 homo
1527 4744 1705 4810 albus,
1738 4753 1794 4799 et

183 4849 300 4889 non
331 4847 413 4887 εει
445 4832 594 4885 albus
628 4832 789 4885 homo
821 4846 849 4884 a
885 4845 944 4886 se
972 4830 1200 4887 diversa:
1238 4843 1384 4888 sunt.
1433 4834 1639 4890 Rursus
1669 4850 1790 4891 cum

178 4927 422 4981 dicimus
449 4965 463 4989 ,
505 4935 589 4977 est
613 4924 767 4977 albus
799 4923 994 4991 homo,
1027 4932 1081 4980 et
1110 4935 1335 4995 negatur
1362 4942 1467 4981 non
1500 4937 1583 4995 est
1633 4928 1786 4983 albus

176 5023 381 5085 homo,
411 5022 455 5074 si
488 5020 554 5075 de
595 5020 786 5074 eodem
818 5020 1035 5075 homine
1064 5031 1303 5091 utrasque
1331 5022 1601 5090 dicantur,
1630 5040 1789 5078 unam

178 5128 374 5171 Veram
407 5114 627 5167 alteram
661 5113 849 5165 falsam
881 5127 1000 5167 esse
1029 5128 1248 5168 necesse
1292 5124 1406 5177 est;
1444 5124 1498 5167 ut
1526 5115 1569 5167 si
1597 5115 1662 5170 de
1693 5116 1793 5172 So-

179 5216 343 5261 erate
372 5204 608 5270 dicatur,
651 5216 734 5258 εει
768 5205 920 5259 albus
951 5205 1132 5269 homo,
1173 5221 1278 5259 non
1313 5215 1396 5259 est
1426 5205 1579 5259 albus
1608 5206 1790 5277 homo,

179 5313 309 5369 qua:
348 5312 469 5351 cum
511 5298 582 5352 ita
628 5300 757 5364 sint,
809 5313 1031 5353 necesse
1068 5307 1152 5353 est
1192 5307 1250 5352 ut
1281 5298 1398 5368 ejus
1428 5314 1546 5368 qua:
1587 5302 1664 5354 ait
1713 5311 1796 5356 est

178 5391 348 5445 albus
394 5390 557 5443 homo
611 5394 824 5460 negatio
854 5392 923 5444 sit
954 5407 1013 5444 ea
1046 5406 1165 5459 qua:
1195 5391 1327 5444 dicit
1372 5404 1476 5443 non
1518 5401 1602 5446 est
1641 5393 1792 5448 albus

179 5490 403 5551 homo;
432 5483 526 5539 sed
557 5488 724 5553 posita
757 5494 838 5539 est
861 5484 1075 5553 quidem
1102 5484 1247 5551 prius
1278 5482 1491 5552 negatio
1515 5499 1635 5552 quae
1662 5485 1795 5540 dicit

180 5594 298 5633 non
327 5588 410 5632 est
450 5579 601 5631 albus
630 5578 788 5631 homo
812 5578 927 5648 ejus
944 5575 1319 5630 afﬁrmationis
1346 5590 1468 5631 esse
1491 5591 1611 5646 quae
1662 5578 1794 5634 dicit

179 5679 275 5727 est
302 5672 456 5726 albus
484 5670 666 5725 homo.
694 5669 846 5724 Nunc
866 5684 997 5724 vero
1022 5676 1388 5722 monstramus
1411 5668 1556 5723 illam
1580 5685 1793 5740 quoque

180 5780 312 5833 quae
341 5764 464 5819 dicit
497 5776 601 5816 non
631 5771 714 5818 est
736 5763 890 5819 albus
920 5762 1081 5820 homo
1106 5759 1223 5835 ejus
1274 5759 1647 5818 afﬁrmationis
1702 5777 1792 5818 no-

1960 3258 2124 3312 Mulia
2153 3257 2523 3326 Peripateticis
2550 3257 2617 3313 de
2639 3235 3009 3315 discernendis
3030 3260 3481 3331 propositionibus

1886 3365 2004 3417 quae
2034 3357 2218 3404 essent
2246 3366 2369 3415 una,
2400 3365 2521 3420 qua:
2556 3352 3129 3417 multae,consideratio
3163 3353 3279 3409 fuit.
3312 3358 3483 3424 Atque

1887 3443 2010 3498 ideo
2042 3457 2183 3497 nunc
2217 3444 2319 3497 hoc
2349 3444 2499 3508 dicit,
2532 3451 2587 3499 et
2615 3444 2660 3498 si
2706 3459 2805 3498 una
2840 3440 2949 3511 res,
2990 3447 3179 3515 inquit,
3224 3447 3290 3500 de
3323 3447 3484 3512 pluri-

1889 3534 1992 3590 bus
2022 3536 2344 3605 praedicetur
2382 3535 2434 3591 in
2485 3537 2941 3605 propositionibus
2987 3539 3069 3593 vel
3122 3538 3483 3609 afﬁrmativis,

1887 3627 1975 3681 vel
2019 3628 2305 3697 negativis,
2338 3628 2421 3683 vel
2464 3644 2648 3683 rursus
2691 3644 2778 3683 res
2818 3630 3000 3699 plures
3048 3630 3113 3685 de
3155 3646 3258 3684 una
3291 3632 3483 3687 iterum

1889 3720 2270 3790 praedicentur,
2304 3730 2360 3775 et
2393 3721 2436 3776 si
2482 3721 2729 3791 pluribus
2768 3722 2873 3778 illis
2903 3724 3064 3778 rebus
3095 3741 3255 3779 unum
3289 3740 3483 3782 nomen

1890 3811 1959 3865 sit
1985 3812 2237 3881 positum,
2262 3812 2344 3867 vel
2368 3828 2467 3866 una
2494 3816 2581 3868 res
2622 3815 2689 3867 de
2722 3830 2828 3869 uno
2861 3815 3078 3869 nomine
3110 3816 3255 3885 plura
3278 3818 3488 3886 signiﬁ~

1890 3904 2032 3956 canti
2084 3903 2427 3972 przedicetur,
2460 3905 2503 3959 si
2547 3920 2613 3959 ex
2663 3906 2766 3961 illis
2817 3907 3066 3962 omnibus
3116 3909 3276 3963 rebus
3325 3925 3485 3965 unum

1891 3995 2093 4065 aliquid
2121 4011 2227 4050 non
2256 3996 2346 4061 ﬁt,
2380 4012 2487 4051 non
2521 4007 2604 4051 est
2634 3986 2739 4051 una
2769 3998 3079 4063 afﬁrmatio,
3121 4015 3221 4056 nec
3264 4016 3365 4055 una
3394 4017 3489 4057 ne-

1890 4088 2033 4157 gatio
2059 4104 2070 4139 :
2103 4088 2146 4141 si
2172 4088 2291 4157 quis
2315 4088 2456 4142 enim
2474 4088 2614 4143 dicat
2635 4089 2832 4142 animal
2860 4089 3124 4144 rationale
3154 4091 3304 4159 bipes
3326 4091 3487 4149 homo

1893 4188 1997 4244 est,
2031 4194 2192 4232 unum
2238 4179 2508 4233 hominem
2555 4179 2798 4248 pluribus
2844 4182 3189 4250 prtedicando
3219 4184 3485 4252 subjecit;

1894 4273 1987 4327 sed
2039 4273 2151 4326 haec
2200 4273 2471 4341 sigillatim
2521 4273 2737 4343 quidem
2777 4274 2916 4329 dicta
2946 4276 3105 4345 lplura
3147 4286 3292 4342 sunt,
3327 4295 3487 4334 unam

1894 4379 2025 4419 vero
2053 4364 2340 4434 quamdam
2394 4365 2745 4419 substantiam
2797 4365 3110 4421 informant.
3157 4367 3488 4427 Coeuntibus

1897 4474 2129 4529 namque
2155 4459 2393 4525 animali,
2425 4460 2692 4525 rationali,
2727 4468 2779 4514 et
2809 4461 3002 4530 bipede
3033 4464 3092 4517 ﬁt
3114 4478 3216 4516 una
3248 4464 3493 4520 substan-

1818 4555 1964 4637 Dtia
2018 4556 2214 4609 animal
2270 4555 2531 4610 rationale
2598 4558 2786 4625 bipes,
2851 4557 2991 4627 quod
3045 4566 3127 4612 (νει
3184 4557 3366 4613 homo.
3427 4560 3493 4614 Et

1898 4664 2202 4719 quanquam
2254 4648 2369 4703 haec
2419 4647 2688 4718 sigillatim
2739 4648 2878 4703 dicta
2936 4650 3100 4703 multa
3129 4651 3257 4718 sint,
3292 4653 3336 4705 si
3375 4651 3494 4722 quis

1899 4746 2040 4800 enim
2073 4744 2215 4799 dicat
2239 4744 2459 4808 animal,
2493 4753 2547 4798 et
2573 4758 2759 4799 rursus
2787 4745 3067 4807 rationale,
3101 4755 3154 4799 et
3184 4746 3494 4801 intermisso

1900 4846 2141 4905 tempore
2165 4836 2339 4905 bipes,
2370 4835 2641 4892 discretim
2693 4837 2859 4891 multa
2906 4837 3283 4907 signiﬁcantia,
3317 4851 3491 4892 tamen

1898 4935 2079 5004 juncta
2113 4933 2164 4986 in
2207 4948 2367 4986 unum
2400 4948 2560 4986 unam
2601 4932 2799 4986 faciunt
2846 4941 3113 5001 naturam,
3164 4943 3215 4988 ct
3262 4933 3363 4988 Itoc
3413 4943 3497 4987 cst

1902 5024 2042 5096 quod
2074 5026 2187 5078 ait:
2218 5024 2288 5079 Ut
2319 5024 2481 5078 homo
2519 5034 2601 5079 est
2644 5026 2868 5079 fortasse
2894 5032 2947 5078 et
2975 5024 3196 5089 animal,
3237 5038 3287 5079 et
3321 5026 3493 5093 bipes,

1900 5130 1955 5175 et
1979 5120 2345 5181 mansuetum;
2380 5117 2472 5172 sed
2495 5132 2559 5172 ex
2587 5118 2670 5173 bis
2698 5134 2859 5172 unum
2891 5118 2966 5182 ﬁt,
2998 5128 3246 5189 tanquam
3277 5119 3321 5172 si
3354 5117 3499 5171 dice-

1902 5220 2025 5269 ret:
2060 5212 2230 5266 llomo
2259 5211 2401 5265 enim
2432 5211 2583 5280 plura
2615 5209 2896 5277 signiﬁcat,
2927 5210 3020 5263 sed
3068 5211 3157 5273 ita,
3201 5208 3245 5262 si
3279 5224 3339 5263 ea
3376 5224 3497 5277 qua:

1905 5303 2275 5374 signiﬁcantur
2303 5302 2611 5373 discerptim
2641 5302 2906 5356 dicantur.
2951 5301 3083 5356 Nam
3114 5308 3167 5354 et
3195 5300 3415 5365 animal,
3443 5308 3498 5354 et

1905 5398 2078 5467 bipes,
2111 5404 2165 5451 et
2193 5404 2525 5450 mansuetum
2571 5394 2837 5465 designat.
2872 5393 3109 5448 Dicimus
3135 5391 3281 5446 enim
3324 5391 3498 5446 hami-

1905 5504 2025 5544 nem
2076 5502 2197 5544 esse
2241 5486 2462 5552 animal,
2507 5495 2561 5541 et
2608 5486 2879 5555 bipedem,
2909 5496 2963 5540 et
2991 5492 3364 5547 mansuetum;
3398 5484 3495 5539 sed

1902 5580 2019 5636 brcc
2053 5580 2234 5652 juncta
2278 5579 2331 5634 in
2365 5594 2525 5633 unum
2571 5594 2768 5648 corpus
2809 5577 3046 5632 efﬁciunt
3087 5590 3249 5628 unum
3295 5576 3495 5633 animal

1907 5683 2245 5728 mansuetum
2278 5672 2452 5739 bipes,
2483 5670 2623 5739 quod
2652 5679 2733 5725 cst
2770 5670 2949 5723 bomo.
2983 5669 3158 5735 Quare
3188 5681 3495 5738 quanquam

1904 5765 1971 5821 de
1996 5782 2100 5822 uno
2128 5766 2276 5834 plura
2300 5763 2590 5834 praedicata
2616 5764 2741 5831 sint,
2768 5771 2945 5841 tamen
2968 5760 3220 5835 quoniam
3243 5775 3308 5815 ex
3321 5764 3499 5823 omni-
