4022 6332
562 335 667 395 355

560 554 795 623 negatio.
822 546 973 619 Quod
1006 565 1049 603 ει
1080 547 1197 601 (inte
1226 562 1313 603 res
1338 559 1470 601 tates
1520 548 1776 617 subjecta:
1797 550 1905 602 sint
1934 549 1999 602 de
2028 550 2147 617 qui-

557 647 658 702 bus
691 661 791 701 una
822 659 908 700 res
932 642 1272 713 przedicetur,
1301 651 1357 695 ut
1387 642 1455 696 de
1483 641 1567 696 his
1594 658 1755 695 unum
1790 642 1903 695 fieri
1944 642 2144 712 aliquid

556 746 804 809 nequeat,
838 752 945 792 non
976 744 1061 791 est
1088 750 1190 789 una
1217 734 1523 795 affirmatio,
1569 749 1666 787 nec
1693 749 1796 787 una
1823 735 2053 804 negatio.
2091 734 2144 789 Si

554 836 672 905 quis
700 832 841 887 enim
874 830 1102 885 candido
1151 828 1330 898 aliquo
1379 828 1594 882 homine
1637 827 1942 882 ambulante
1980 827 2141 895 dicat,

552 929 727 980 album
760 934 813 980 et
843 922 1126 977 ambulans
1156 920 1318 975 homo
1350 930 1452 985 est,
1484 920 1661 973 album
1695 929 1746 975 et
1774 919 2049 974 ambulare
2093 921 2143 973 in

552 1034 709 1073 unam
743 1027 985 1071 naturam
1019 1032 1125 1069 non
1154 1013 1500 1078 conveniunt,
1535 1028 1634 1067 nec
1683 1012 1739 1066 fit
1788 1028 1851 1066 ex
1900 1013 2141 1081 utrisque

548 1112 743 1183 aliquid
767 1128 954 1177 unum,
986 1113 1053 1164 ita
1087 1120 1144 1164 ut
1165 1109 1388 1180 alicujus
1420 1109 1531 1162 haec
1559 1108 1664 1161 duo
1684 1108 1868 1176 juncta
1895 1106 2143 1159 substan-

548 1207 674 1261 tiam
702 1206 952 1261 forment.
979 1204 1155 1272 Quare
1184 1204 1297 1257 sive
1325 1202 1685 1265 afﬁrmentur,
1718 1201 1831 1255 sive
1856 1212 2137 1270 negentur,

547 1301 664 1355 sive
694 1299 931 1368 subjecta
962 1298 1086 1360 sint,
1114 1297 1227 1350 sive
1258 1295 1563 1364 prazdicata,
1597 1310 1700 1348 non
1733 1294 1836 1348 erit
1863 1309 1962 1347 una
1989 1295 2138 1347 afﬁr-

546 1394 732 1459 matio,
753 1408 850 1447 nec
877 1406 980 1446 una
1016 1389 1247 1459 negatio,
1276 1390 1371 1445 sed
1404 1403 1503 1443 vox
1538 1389 1753 1457 quidem
1779 1404 1879 1441 una
1913 1397 2012 1442 est.
2040 1388 2140 1441 Tot

546 1497 721 1541 autem
747 1486 798 1539 in
825 1498 887 1541 ea
909 1492 1033 1538 sunt
1053 1481 1439 1537 afllrmationes
1462 1490 1513 1535 ct
1532 1480 1863 1550 negationes,
1882 1489 2009 1549 quot
2033 1488 2133 1532 ter-

546 1578 675 1634 mini
702 1587 827 1633 sunt
864 1576 1022 1645 positi
1060 1591 1125 1630 ex
1158 1574 1350 1644 quibus
1379 1589 1540 1628 unum
1574 1584 1676 1626 non
1710 1572 1786 1637 fit,
1820 1572 1935 1626 sive
1957 1580 2133 1625 autem

545 1671 610 1725 de
645 1670 883 1739 pluribus
901 1683 1063 1721 unum
1085 1666 1423 1736 praedicetur,
1448 1665 1563 1719 sive
1592 1665 1740 1732 plura
1773 1664 1840 1718 de
1873 1679 1977 1717 uno
2004 1679 2128 1732 pra:-

545 1762 807 1826 tlieentur,
824 1762 960 1815 idem
978 1760 1165 1814 modus
1184 1766 1286 1824 est,
1307 1766 1364 1812 ut
1380 1757 1423 1811 si
1442 1758 1562 1827 quis
1578 1757 1740 1821 dicat,
1758 1757 1916 1811 homo
1937 1754 2134 1810 animal

544 1855 803 1913 rationale
850 1855 998 1923 bipes
1031 1863 1133 1919 est,
1164 1853 1419 1923 quoniam
1450 1867 1513 1905 es
1556 1851 1636 1905 Itis
1679 1865 1838 1904 unum
1883 1848 2133 1917 quiddam
2168 1845 2213 1908 Β
2244 1866 2343 1909 nec
2392 1852 2490 1906 hoc
2522 1853 2691 1921 ipsum
2726 1854 2852 1924 quid
2885 1863 2969 1909 est
2994 1896 3007 1917 ,
3040 1854 3322 1910 dialectica
3350 1867 3432 1911 est
3454 1856 3810 1929 interrogatio,

545 1951 621 2015 fit,
658 1964 759 2002 una
788 1957 873 2002 est
901 1946 1215 2015 propositio.
1248 1944 1341 1999 Sin
1364 1958 1494 1998 vero
1517 1943 1635 2012 quis
1664 1942 1844 2004 ducat,
1879 1942 2039 1993 homo
2060 1940 2137 1991 al-

543 2042 639 2097 bus
690 2041 968 2096 ambulans
1015 2047 1119 2106 est,
1169 2038 1421 2108 quoniam
1472 2051 1537 2091 ex
1587 2035 1669 2087 his
1704 2034 1831 2087 nihil
1866 2038 2024 2085 unum
2057 2035 2131 2094 tit,

541 2152 644 2189 non
676 2146 755 2190 est
784 2148 887 2188 una
920 2130 1237 2202 prepositio.
1274 2129 1517 2197 Amplius
1543 2142 1757 2197 quoque
1787 2128 1829 2180 si
1864 2125 1931 2179 dc
1964 2125 2133 2193 pluri-

541 2233 640 2285 bus
668 2230 830 2285 rebus
856 2243 1020 2284 unum
1056 2241 1249 2282 nomen
1280 2226 1350 2281 sit
1388 2225 1644 2295 positum,
1679 2238 1744 2276 ex
1775 2221 1968 2290 quibus
2000 2236 2130 2272 con-

540 2326 733 2396 iunctis
781 2324 923 2380 nulla
976 2338 1077 2377 una
1135 2331 1323 2376 natura
1358 2321 1453 2384 sit,
1479 2326 1535 2374 et
1564 2320 1629 2371 de
1660 2317 1749 2370 illo
1780 2332 1884 2369 uno
1915 2316 2131 2368 nomine

539 2434 699 2472 unum
733 2416 1009 2487 quodlibet
1048 2414 1188 2468 aliud
1222 2413 1566 2483 praedicetur,
1600 2425 1705 2465 non
1738 2418 1822 2464 est
1851 2425 1950 2461 una
1981 2408 2126 2460 affir-

538 2511 721 2578 tnatio,
757 2525 854 2565 nec
884 2524 989 2564 una
1032 2506 1266 2577 negatio.
1302 2506 1539 2560 Marinus
1588 2518 1818 2572 minque
1847 2511 1900 2554 et
1934 2501 2021 2553 hic
2054 2500 2129 2552 la-

536 2608 745 2662 trabilis
776 2621 882 2660 uno
927 2602 1188 2659 vocabulo
1220 2616 1384 2656 canes
1412 2608 1689 2653 vocantur.
1722 2600 1774 2650 Si
1820 2596 1940 2665 quis
1971 2595 2129 2661 igitur

535 2699 696 2767 tlicat,
723 2700 871 2753 canis
893 2697 1090 2751 animal
1120 2693 1486 2764 est,quoniam
1516 2706 1582 2746 ex
1614 2690 1697 2745 his
1723 2705 1841 2760 qum
1865 2685 2052 2757 signli'
2073 2694 2128 2739 at

535 2795 683 2847 canis
715 2794 763 2846 in
799 2808 959 2846 unum
988 2790 1190 2861 juncus
1221 2788 1348 2843 nihil
1384 2802 1545 2841 unum
1576 2784 1810 2839 efficitur
1852 2784 1939 2851 (ex
1992 2798 2126 2838 cane

534 2886 676 2941 enim
706 2895 759 2941 et
785 2885 1013 2941 latrabili
1046 2892 1100 2938 et
1123 2884 1332 2937 marino
1352 2881 1552 2950 junctis
1582 2879 1719 2933 nulla
1746 2893 1845 2931 una
1876 2878 2127 2931 substan-

534 2980 603 3034 tia
633 2978 758 3047 cst),
796 2979 884 3031 illa
917 2974 1210 3045 pronositio
1242 2972 1519 3039 multiplex
1548 2980 1656 3047 est,
1688 2978 1742 3023 et
1775 2969 1935 3021 multa
1960 2967 2123 3035 signi-

535 3068 721 3133 ficans,
750 3079 930 3121 etnon
963 3081 1087 3119 una.
1120 3065 1297 3131 Quare
1325 3046 1775 3132 quemadmodum
1809 3060 1852 3113 si
1884 3060 2001 3130 quis
2028 3059 2124 3113 hu-

535 3154 763 3213 ‘usmodi
793 3157 1189 3226 pr0positiones
1222 3154 1535 3222 interroget,
1560 3150 1755 3206 debeat
1780 3149 2119 3219 responderi,

534 3251 688 3305 docet
715 3250 899 3304 dicens
924 3264 939 3303 :

608 3340 669 3397 Si
702 3358 822 3415 ergo
849 3341 1115 3394 dialectica
1148 3338 1479 3408 interrogatio
1509 3336 1855 3407 responsionis
1887 3346 1959 3390 est
1993 3337 2123 3403 prti-

533 3442 624 3498 tto,
655 3432 728 3486 vel
751 3429 1137 3502 pr0positionis,
1165 3429 1237 3483 vel
1260 3429 1474 3483 alterius
1499 3430 1658 3499 partis
1681 3426 2119 3491 contradictionis,

531 3523 815 3597 propositio
853 3538 968 3576 vero
1022 3521 1171 3575 unius
1230 3520 1655 3574 contradictionis
1699 3536 1816 3588 pars
1868 3526 1971 3582 est,
2020 3535 2120 3572 non

530 3621 620 3674 erit
649 3635 752 3673 una
773 3617 1036 3687 responsio
1063 3616 1131 3669 ad
1159 3614 1285 3671 haec.
1316 3612 1493 3684 Neque
1524 3615 1657 3667 enim
1680 3624 1752 3667 est
1780 3630 1879 3666 una
1904 3613 2119 3666 interro-

529 3722 689 3783 gato,
710 3727 797 3764 nec
826 3710 867 3762 si
882 3711 945 3763 sit
972 3725 1109 3763 vero.
1132 3700 1337 3761 Dictum
1357 3717 1611 3761 estautem
1633 3706 1697 3761 de
1717 3706 1796 3761 his
1818 3707 1869 3760 in
1888 3705 2116 3776 Tapicis,

528 3801 681 3856 simul
710 3810 880 3855 autem
922 3799 1251 3868 manifestum
1282 3809 1383 3864 est,
1408 3802 1649 3871 quoniam
1684 3816 1773 3853 nec
1804 3800 1898 3852 hoc
1929 3801 2117 3869 ipsum,

529 3894 650 3963 quid
672 3900 767 3958 est,
788 3891 1057 3944 dialectica
1077 3890 1407 3961 interrogatio
1430 3902 1520 3944 est.
1552 3891 1760 3961 Oportet
1783 3894 1912 3946 enim
1941 3893 2120 3944 datum

528 4001 632 4039 esse
662 3992 716 4037 ut
758 3997 821 4036 ex
849 3982 1246 4055 intermgatione
1272 3982 1454 4054 eligat,
1481 3990 1648 4035 utram
1689 3984 1805 4035 velit
1829 3982 2121 4036 contradic-

528 4077 679 4132 tionis
728 4083 922 4144 portent
973 4075 1262 4128 enuntiare.
1299 4073 1405 4130 Sed
1444 4084 1639 4146 Oportet
1688 4075 2115 4146 interrogantem,

527 4170 893 4236 determinare,
926 4179 1096 4223 utrum
1123 4168 1218 4223 hoc
1245 4170 1309 4224 sit
1337 4167 1510 4236 homo,
1544 4186 1733 4223 annon
1761 4169 1875 4223 hoc.

595 4261 797 4318 Sensus
846 4260 1150 4332 huiusmodi
1197 4271 1309 4327 εει,
1363 4254 1672 4332 quicunque
1726 4263 2020 4333 interrogat
2073 4260 2119 4317 si

525 4355 591 4411 ab
621 4363 736 4411 arte
780 4352 1063 4411 dialectica
1107 4369 1212 4409 non
1250 4353 1525 4420 declinet,
1574 4354 1776 4409 idcirco
1824 4357 2119 4425 interrogat

526 4456 581 4502 ut
624 4448 673 4502 ei
723 4446 1132 4517 respondeatur.
1184 4445 1598 4516 Respondeatur
1639 4455 1814 4500 autem
1869 4456 1957 4499 aut
2009 4457 2116 4500 tota

527 4538 845 4608 propositio,
874 4546 965 4593 aut
986 4536 1429 4593 contradictionis
1468 4553 1571 4591 una
1606 4537 1881 4607 particula.
1914 4537 1967 4591 Si
1996 4536 2116 4606 quis

1755 333 1861 393 AN.
1906 332 2113 392 MANL.
2154 335 2305 396 sev.
2352 340 2569 399 coern
3351 324 3357 330 ’
3727 352 3812 409 336

559 450 663 509 bus
692 465 853 507 unum
884 449 1082 522 aliquid
1114 448 1283 515 fit,ex
1306 449 1407 504 hoc
1431 463 1534 504 una
1565 457 1649 504 est
1669 449 1958 505 affirmatio
1988 460 2148 516 atque
2173 448 2229 517 Α
2255 460 2704 528 propositionibus
2761 477 2864 519 una
2905 466 3007 523 erit
3043 465 3414 522 contradictio.
3467 467 3645 537 Quare
3683 471 3808 541 quis-

2253 553 2374 622 quis
2404 555 2553 624 plura
2602 556 2991 627 signiﬁcantem
3036 562 3454 630 propositionem
3491 564 3707 625 dixerit,
3738 565 3815 622 ille

2254 660 2357 699 non
2407 646 2533 703 facit
2580 652 2996 720 propositionem
3054 653 3121 709 ad
3149 670 3309 725 quam
3346 655 3416 710 sit
3445 672 3546 711 una
3595 658 3806 729 negatio.

2250 740 2511 805 Quocirca
2544 743 2846 812 hujusmodi
2874 745 3279 817 interrogationi
3302 763 3421 817 qua:
3451 748 3601 817 plura
3632 750 3811 819 signiﬁ-

2249 843 2354 899 cat,
2386 849 2483 888 nec
2504 835 2546 887 si
2576 849 2697 889 vera
2722 837 2829 903 sit,
2853 836 3013 892 debet
3040 853 3158 893 esse
3184 854 3285 893 una
3310 841 3610 908 responsio.
3642 841 3693 897 Si
3715 843 3815 910 quis

2250 926 2542 996 interroget
2584 930 2953 985 substantiane
3005 929 3073 984 sit
3103 932 3282 997 canis,
3313 947 3615 1003 quanquam
3649 949 3812 989 verum

2247 1019 2315 1070 sit
2360 1018 2538 1074 dicere
2589 1021 2885 1075 substantia
2949 1030 3061 1089 est,
3094 1023 3345 1091 quoniam
3383 1032 3437 1078 et
3485 1021 3742 1078 latrabilis
3774 1035 3817 1080 et

2245 1110 2482 1165 marinus
2536 1110 2847 1167 substantia;
2898 1121 3059 1176 sunt,
3106 1124 3280 1167 tamen
3312 1130 3416 1168 non
3459 1126 3540 1169 est
3583 1113 3647 1167 ad
3699 1114 3816 1171 hanc

2245 1216 2345 1255 una
2400 1202 2637 1255 facienda
2674 1205 2976 1273 responsio.
3021 1202 3123 1259 Sed
3155 1202 3443 1260 dicendum
3486 1214 3569 1260 est
3613 1204 3682 1261 de
3728 1222 3816 1276 quo

2242 1308 2376 1348 cane
2422 1296 2749 1365 interroget,
2797 1296 2939 1366 quod
2967 1297 3011 1351 si
3035 1296 3120 1352 ille
3154 1297 3354 1353 dixerit
3380 1299 3447 1354 de
3477 1301 3718 1362 marino,
3750 1301 3815 1353 vel

2242 1402 2426 1441 rursos
2452 1386 2519 1441 de
2543 1387 2793 1457 Iatrabili,
2825 1399 2950 1443 tunc
2979 1406 3101 1445 cum
3128 1406 3222 1460 per
3245 1391 3389 1445 illius
3420 1390 3813 1446 determinatio-

2242 1494 2360 1533 nem
2404 1479 2873 1551 definitionemque
2900 1480 3338 1553 interrogationis
3364 1483 3500 1538 facta
3535 1482 3696 1539 fuerit
3728 1501 3813 1539 una

2242 1577 2565 1644 propositio,
2600 1592 2882 1647 unumque
2921 1578 3256 1647 significans,
3289 1574 3585 1633 adhibenda
3615 1590 3702 1633 est
3729 1594 3813 1633 una

2240 1669 2539 1736 responsio.
2574 1666 2648 1722 lie
2676 1670 2757 1721 bis
2786 1681 2961 1723 autem
2988 1669 3038 1723 in
3064 1668 3281 1738 T0picis
3304 1668 3503 1723 dictum
3531 1685 3655 1725 esse
3684 1686 3813 1725 cont-

2239 1769 2521 1812 memorat.
2555 1759 2817 1815 Similiter
2848 1769 3025 1815 autem
3060 1762 3403 1817 manifesmm
3433 1772 3546 1828 est,
3575 1764 3811 1833 quoniam

2240 1946 2412 2015 qualis
2456 1946 2617 2000 debet
2663 1962 2783 2002 esse
2823 1948 3012 2003 modus
3052 1948 3348 2004 dialectica:
3396 1951 3811 2022 interrogationis

2239 2039 2569 2109 exsequitur.
2624 2040 2712 2093 Ait
2752 2042 2935 2106 enim,
2977 2039 3031 2095 Si
3076 2042 3195 2111 quis
3230 2043 3518 2112 interroget
3561 2043 3690 2114 quid
3745 2054 3813 2099 est

2237 2128 2456 2195 animal,
2489 2132 2605 2185 haec
2638 2147 2741 2185 non
2775 2140 2856 2186 est
2883 2132 3160 2187 dialectica
3200 2132 3565 2204 interrogatio.
3598 2135 3812 2205 Oportet

2237 2222 2379 2276 enim
2420 2238 2516 2291 per
2543 2223 2879 2278 dialecticam
2924 2225 3395 2295 interrogationem
3432 2224 3708 2295 optionem
3745 2243 3814 2282 rc-

2236 2313 2519 2383 Spondenti
2539 2314 2690 2380 dare,
2715 2323 2891 2368 utrum
2918 2314 3189 2369 affirmare
3208 2314 3355 2382 velit,
3374 2329 3441 2368 an
3466 2322 3663 2386 negare
3686 2316 3812 2387 quod

2236 2405 2451 2469 dicitur,
2484 2414 2540 2458 ut
2561 2406 2604 2459 si
2629 2408 2749 2475 quis
2772 2406 2849 2461 sic
2869 2408 3184 2477 interroget,
3211 2406 3443 2462 Putasne
3464 2411 3667 2465 bonum
3687 2412 3814 2467 malo

2234 2499 2563 2552 contrarium
2639 2499 2756 2552 est?
2819 2508 2943 2554 tunc
3016 2496 3359 2569 respondenti
3419 2494 3575 2555 datur
3624 2502 3807 2558 electio

2235 2599 2409 2644 utrum
2435 2590 2706 2645 affirmare
2738 2590 2869 2645 velit
2900 2606 2969 2645 an
3001 2606 3215 2661 negare.
3247 2591 3383 2646 Dicit
3408 2592 3554 2646 enim
3582 2593 3705 2659 ille,
3736 2600 3814 2647 aut

2234 2692 2334 2749 est,
2363 2693 2455 2738 aut
2488 2699 2595 2737 non
2629 2693 2711 2738 est
2750 2683 2849 2752 Qui
2879 2693 3057 2739 autem
3088 2685 3157 2739 ita
3206 2686 3497 2755 interrogat
3524 2727 3536 2749 ,
3573 2684 3708 2756 quid
3738 2694 3812 2742 est
3994 2710 3995 2753 ι

2238 2772 2474 2831 animal?
2514 2776 2716 2831 nulloin
2752 2777 2827 2831 illi
2859 2777 3033 2831 locum
3078 2785 3167 2831 aut
3192 2776 3566 2832 affirmationis
3597 2790 3692 2833 aut
3733 2795 3812 2835 ue-

2230 2870 2458 2938 gationis
2482 2870 2762 2938 relinquit;
2788 2870 2914 2939 quid
2933 2869 3075 2924 enim
3098 2869 3340 2924 dicturus
3353 2880 3435 2927 est
3459 2870 3813 2941 interrogante

2230 2962 2442 3031 aliquo,
2475 2960 2610 3028 Quid
2642 2970 2723 3016 est
2752 2961 2989 3015 animal?
3015 2961 3254 3017 dicturus
3288 2960 3397 3027 est,
3432 2962 3584 3017 Non?
3636 2965 3813 3035 incon-

2230 3056 2451 3111 veniens
2481 3054 2585 3111 erit
2610 3058 2913 3126 responsio.
2942 3056 3142 3113 Eodem
3176 3058 3335 3113 modo
3363 3074 3572 3129 quoque
3612 3063 3659 3114 si
3687 3062 3815 3115 dicat

2228 3157 2309 3202 est
2332 3148 2561 3211 animal,
2590 3149 2654 3203 ad
2687 3163 2924 3203 causam.
2963 3144 3087 3204 Sola
3121 3148 3278 3220 igitur
3306 3150 3391 3205 illa
3421 3162 3504 3206 est
3538 3151 3814 3208 dialectica

2157 3236 2202 3305 C
2237 3242 2611 3313 interrogatio,
2664 3244 2713 3297 in
2746 3259 2848 3313 qua
2893 3242 3049 3298 datur
3088 3244 3432 3314 respondenti
3477 3262 3542 3300 ex
3595 3248 3817 3302 interro-

2222 3337 2434 3405 gatione
2483 3338 2632 3407 optio
2690 3345 2865 3391 utrum
2917 3338 3046 3392 velit
3114 3349 3317 3407 partem
3370 3338 3816 3394 contradictionis

2225 3429 2464 3497 eligere,
2508 3443 2735 3499 eamque
2785 3431 3069 3485 enuntiare
3115 3431 3197 3485 Vel
3240 3428 3561 3486 alfirmando
3610 3430 3819 3489 scilicet

2224 3523 2308 3578 vel
2350 3521 2614 3592 negando.
2656 3521 2882 3593 Oportet
2917 3525 3064 3578 enim
3105 3525 3523 3595 interrogantem
3563 3526 3818 3583 determi-

2225 3632 2375 3683 narc,
2414 3625 2615 3680 utrum,
2646 3615 2794 3671 verbi
2824 3616 2995 3686 gratia
3018 3658 3030 3680 ,
3062 3615 3260 3672 animal
3293 3616 3451 3674 homo
3473 3619 3562 3685 sit,
3590 3636 3660 3675 an
3694 3638 3820 3685 non,

2226 3716 2282 3761 ut
2310 3724 2373 3763 ex
2405 3707 2505 3762 illa‘
2528 3708 2982 3779 interrogatione,
3014 3723 3172 3777 quam
3201 3709 3330 3765 velit
3368 3712 3571 3780 partem
3605 3722 3821 3769 contra-

2224 3800 2473 3855 dictionis
2507 3804 2698 3871 possit,
2733 3801 2778 3856 is
2810 3802 2901 3873 qui
2936 3802 3228 3873 respondet
3250 3802 3469 3874 eligere.

2299 3892 2555 3959 Quoniam
2587 3908 2703 3947 vero
2746 3892 2855 3949 lucc
2890 3895 3095 3963 quidem
3130 3895 3479 3964 prwdicantur
3506 3899 3823 3965 composita,

2223 3986 2282 4038 ut
2308 4001 2468 4037 unum
2497 3986 2562 4039 sit
2591 4002 2737 4039 omne
2765 3986 3223 4059 prtedicamentum
3252 4004 3426 4042 eorum
3453 4004 3569 4059 qua
3602 4006 3831 4059 separa-

2225 4079 2313 4131 tint
2345 4078 2714 4147 pradicantur,
2739 4080 2846 4131 alia
2876 4094 2993 4132 vero
3020 4095 3142 4144 non,
3166 4095 3280 4150 qua:
3299 4076 3591 4147 differentia
3618 4090 3724 4133 est.
3755 4079 3831 4135 De

2226 4169 2425 4222 nomine
2460 4170 2592 4223 enim
2622 4185 2794 4224 verum
2822 4178 2896 4223 est
2919 4170 3085 4224 dicere
3128 4180 3176 4225 et
3214 4172 3492 4241 separatim
3517 4173 3725 4226 animal
3745 4216 3761 4239 ,
3787 4180 3833 4228 ct

2222 4264 2496 4335 separatim
2520 4262 2676 4335 bipes,
2703 4273 2747 4317 et
2772 4260 2878 4317 [nec
2903 4273 2955 4316 ut
2980 4280 3169 4331 unum;
3186 4273 3233 4317 et
3255 4264 3528 4330 hominem,
3551 4273 3598 4318 et
3616 4258 3832 4332 album,

2223 4367 2267 4409 et
2296 4355 2403 4409 Iure
2430 4365 2485 4408 ut
2512 4371 2689 4410 unum.
2717 4354 2823 4409 Sed
2841 4371 2940 4409 non
2963 4356 3007 4409 si
3027 4355 3336 4411 cithartedus
3358 4366 3432 4410 est
3457 4364 3505 4409 et
3527 4357 3723 4425 bonus,
3758 4364 3837 4413 est

2223 4459 2273 4502 et
2304 4448 2609 4503 citharoedus
2632 4449 2813 4502 bonus.
2838 4448 2899 4503 Si
2922 4448 3057 4503 enim
3084 4450 3326 4518 quoniam
3356 4451 3669 4504 alterutrum
3698 4452 3837 4506 dici-
3874 4445 3895 4454 ’

2224 4551 2328 4608 tnr,
2360 4551 2406 4595 et
2451 4552 2720 4612 utrumque
2756 4543 2972 4611 dicetur,
3014 4544 3177 4597 multa
3203 4545 3609 4599 inconvenientia
3641 4556 3840 4602 erunt.

523 4635 668 4690 enim
704 4634 783 4689 sic
808 4632 951 4687 dicat
978 4632 1341 4703 interrogans,
1367 4632 1632 4688 Animane
1657 4632 1969 4687 immortalis
1992 4633 2107 4687 est?
2137 4632 2188 4697 ι)
2217 4630 2291 4687 De
2320 4633 2522 4686 homine
2545 4632 2677 4687 enim
2698 4650 2871 4687 verum
2896 4643 2967 4687 est
2997 4645 3044 4687 et
3074 4635 3330 4689 hominem
3351 4645 3397 4688 et
3428 4633 3598 4689 album
3623 4634 3838 4693 dicere.

523 4725 673 4781 Tunc
738 4725 1072 4796 respondens
1128 4732 1221 4781 aut
1270 4735 1354 4782 est
1423 4726 1806 4795 respondebit,
1847 4735 1930 4781 aut
1983 4742 2108 4779 non.

522 4819 632 4876 lloc
661 4828 838 4895 autem
884 4829 967 4876 est
1007 4819 1169 4875 totius
1199 4820 1649 4877 contradictionis
1682 4836 1783 4873 una
1829 4819 2110 4889 particula.

518 4912 884 4969 Contradictio
914 4912 1058 4968 enim
1084 4922 1199 4978 est,
1233 4912 1410 4966 anima
1445 4910 1765 4965 immortalis
1794 4926 1870 4965 εει
1893 4952 1907 4976 ,
1934 4911 2113 4965 anima

518 5006 836 5064 immortalis
868 5022 975 5062 non
1003 5014 1123 5075 εει,
1148 5019 1279 5076 ergo
1301 5016 1416 5073 εει,
1451 5016 1504 5061 et
1535 5019 1642 5060 non
1669 5005 2113 5060 contradictionis

516 5109 641 5157 sunt
681 5098 978 5171 particulas.
1026 5096 1181 5166 Quod
1225 5096 1271 5153 si
1313 5099 1434 5169 quis
1465 5100 1798 5170 interroget,
1845 5097 2108 5152 Animane

517 5184 837 5249 immortalis
875 5200 961 5248 est
1005 5206 1073 5247 an
1106 5188 1249 5247 non?
1298 5200 1423 5249 tunc
1472 5194 1561 5249 ille
1604 5193 1673 5249 ita
1702 5192 2026 5266 respondeat
2060 5191 2106 5247 si

516 5285 643 5343 velit
703 5294 865 5342 totam
929 5282 1349 5355 propositionem
1404 5283 1590 5340 dicens
1624 5325 1639 5351 ,
1689 5283 1915 5339 Videtur
1977 5281 2107 5337 mihi

516 5378 834 5436 immortalis
874 5390 1017 5446 esse,
1059 5375 1144 5431 vel
1176 5390 1393 5442 rursus,
1431 5372 1649 5431 Videtur
1682 5376 1812 5429 mihi
1850 5391 1954 5430 non
1985 5389 2108 5430 esse

514 5471 857 5528 immortalis.
892 5464 1033 5542 Ergo
1056 5468 1299 5542 quisquis
1326 5467 1399 5524 ita
1428 5468 1835 5537 reSponsionem
1867 5470 2021 5540 petit,
2049 5474 2109 5523 ut

514 5567 606 5624 illa
644 5567 1013 5639 responsionis
1045 5567 1235 5639 petitio
1275 5564 1357 5620 vel
1388 5563 1768 5635 propositionis
1794 5566 1983 5635 petitio
2015 5565 2107 5629 sit,

515 5666 594 5719 vel
642 5664 799 5720 unius
851 5664 1019 5734 partis
1066 5659 1531 5718 contradictionis.
1577 5659 1882 5729 Propositio
1930 5668 2108 5714 autem

517 5757 675 5813 unius
696 5755 1139 5813 contradictionis
1164 5770 1288 5826 pars
1312 5763 1419 5819 est,
1446 5753 1495 5807 id
1526 5761 1627 5817 est,
1663 5752 1838 5806 onmis
1870 5750 2109 5807 affirma-

512 5854 589 5911 tio
642 5868 745 5908 una
815 5865 973 5907 unam
1021 5850 1240 5909 habebit
1279 5849 1651 5922 negationem,
1696 5860 1748 5905 et
1799 5849 1848 5903 in
1899 5848 2107 5905 duabus

2223 4725 2396 4791 Quare
2425 4736 2469 4779 et
2502 4742 2668 4781 omne.
2704 4725 2900 4781 Rursus
2931 4728 2975 4781 si
3002 4727 3174 4782 album
3194 4768 3210 4795 ,
3253 4739 3302 4783 et
3324 4745 3503 4797 omne,
3536 4747 3705 4800 quare
3732 4732 3839 4787 erit

2218 4817 2367 4871 homo
2393 4817 2541 4871 albus
2572 4818 2742 4884 albus,
2767 4828 2812 4873 et
2845 4817 2939 4873 hoc
2968 4821 3019 4873 in
3046 4820 3326 4889 inﬁnitum.
3356 4819 3424 4873 Et
3446 4836 3629 4877 rursus
3655 4826 3843 4879 musi-

2220 4924 2307 4961 cus
2339 4907 2485 4963 albus
2516 4910 2806 4977 ambulans,
2842 4920 2887 4965 et
2917 4911 3025 4965 haec
3046 4913 3222 4966 eadem
3253 4912 3540 4983 frequenter
3566 4915 3842 4984 implicita

2219 5002 2269 5054 in
2301 5003 2581 5070 inﬁnitum.
2617 5004 2853 5072 Amplius
2886 5003 3149 5060 Socrates.
3185 5004 3425 5061 Socrates
3444 5017 3543 5077 est,
3565 5016 3611 5062 et
3632 5008 3845 5081 homo,

2220 5106 2264 5148 et
2290 5095 2531 5149 Socrates
2553 5094 2791 5151 Socrates
2819 5096 2989 5150 homo.
3016 5084 3144 5151 Etsi
3164 5096 3316 5152 homo
3340 5105 3388 5151 et
3410 5097 3571 5167 bipes,
3594 5108 3638 5153 et
3665 5098 3845 5155 homo

2220 5186 2369 5241 homo
2414 5188 2571 5259 bipes.
2618 5188 2873 5255 Quoniam
2927 5205 3049 5260 ergo
3078 5189 3123 5243 si
3168 5190 3281 5260 quis
3319 5191 3618 5261 simpliciter
3683 5195 3853 5249 dicat

2219 5284 2589 5354 coiitplexiones
2644 5283 2757 5351 ﬁeri
2805 5286 3028 5355 plurima
3062 5284 3518 5350 inconvenientia,
3565 5288 3851 5359 contingit

2219 5378 2416 5441 dicere,
2446 5378 2771 5446 manifestum
2812 5385 2902 5430 est.
2934 5376 3379 5443 Quemadmodum
3407 5386 3580 5434 autem
3615 5395 3856 5446 ponetu-

2218 5470 2337 5523 dunt
2368 5469 2463 5536 sit,
2494 5486 2630 5524 nunc
2661 5470 2890 5524 dicamus
2915 5486 2933 5523 :

2291 5564 2579 5637 Postquam
2630 5565 2698 5621 de
2752 5566 2956 5622 unitate
2987 5565 3373 5638 propositionis
3421 5569 3739 5641 esplicuit,
3789 5581 3861 5632 et

2216 5661 2339 5732 quid
2372 5670 2515 5716 esset
2549 5660 2829 5715 dialectica
2865 5660 3165 5730 propositio
3206 5662 3534 5717 terminavit.
3566 5660 3743 5719 Nune
3772 5663 3857 5721 ad

2218 5756 2307 5810 illa
2342 5755 2483 5810 venit
2542 5753 2592 5808 in
2642 5754 2835 5824 quibus
2886 5755 3037 5823 plura
3086 5768 3232 5824 saepe
3273 5753 3341 5809 de
3379 5771 3486 5810 uno
3537 5753 3862 5824 sigillatim

2220 5848 2480 5906 veraciter
2509 5848 2821 5918 praedicant,
2854 5860 2973 5919 qua:
2997 5847 3154 5904 simul
3180 5848 3643 5919 prtedicata,‘alias
3690 5865 3863 5911 vera
