3982 6334
206 329 305 387 5"?

996 332 1061 388 IN
1101 332 1358 390 LIBRUM
1397 330 1483 388 DE
1523 328 2171 388 INTERPRETATIONE
2210 331 2442 391 EDlTlO
2480 315 2713 392 PRIMA;

3383 335 3489 393 558

208 458 365 515 sunt,
398 448 533 502 alias
566 447 713 500 falsa.
752 445 806 501 Si
833 445 950 515 quis
981 447 1123 500 enim
1150 448 1225 500 sic
1254 446 1395 501 dicat
1428 462 1440 497 τ
1472 447 1667 501 Marius
1695 460 1811 501 ma-
1837 443 1893 505 Α
1918 446 2212 514 praedicare
2240 461 2423 501 verum
2470 456 2555 503 est
2576 489 2590 513 ,
2622 448 2724 503 erit
2766 446 2927 518 igitur
2956 449 3113 505 tertio
3140 449 3302 504 homo
3341 452 3497 509 albus

215 543 306 597 lus
338 552 440 605 est,
484 540 711 594 fortasse
734 555 917 592 verum
949 550 1051 593 cst.
1078 540 1281 593 Rursus
1317 539 1547 594 :Marius
1567 540 1672 593 dux
1704 550 1806 606 est,

214 646 271 690 et
307 632 408 689 hoc
439 651 631 689 verum
665 645 767 689 est.
802 636 930 699 Qua:
961 635 1243 702 conjuncta
1282 635 1330 687 in
1364 650 1525 688 unum
1558 635 1694 688 nulla
1730 649 1812 687 ra-

209 728 367 783 tione
396 739 520 821 sunt
564 742 727 789 vera,
779 727 922 781 velut
952 727 996 780 si
1040 726 1156 795 quis
1196 720 1335 780 dicat
1377 728 1613 781 :Marius
1644 727 1812 781 malus

207 821 322 877 dux
359 820 473 886 est,
515 829 599 876 est
642 834 869 887 namque
908 820 1139 888 optimus
1162 820 1266 872 dux
1315 820 1574 875 omnium.
1611 820 1813 875 Rursus

209 910 380 968 homo
405 912 601 967 animal
647 920 758 977 est,
783 926 966 965 verum
993 922 1096 971 est,
1140 922 1187 965 et
1220 912 1379 964 homo
1407 911 1560 980 bipes
1587 922 1688 975 est,
1718 927 1811 967 ve-

210 1021 333 1062 rum
381 1014 495 1071 est,
539 1014 593 1059 et
626 1005 738 1058 lucc
770 1006 948 1069 iuncta
996 1020 1120 1057 vera
1171 1018 1355 1057 rursus
1396 1016 1541 1059 sunt.
1585 1003 1641 1060 Si
1695 1005 1813 1074 quis

210 1100 359 1157 enim
382 1100 521 1154 dicat
547 1100 710 1153 homo
734 1099 931 1153 animal
961 1099 1113 1166 bipes
1145 1109 1251 1163 est,
1278 1113 1462 1154 verum
1485 1108 1587 1155 est.
1615 1100 1811 1154 Horum

213 1210 345 1263 ergo
366 1194 454 1260 qui
488 1192 678 1247 modus
705 1191 797 1257 sit,
827 1193 905 1245 vel
939 1192 1157 1260 quando
1179 1207 1239 1247 ea
1274 1208 1393 1263 quia
1425 1193 1630 1261 singula
1662 1202 1813 1248 extra

216 1287 601 1357 praedicantur,
628 1286 834 1355 jnncm,
860 1301 985 1339 vera
1012 1286 1094 1341 vel
1126 1284 1256 1340 falsa
1284 1286 1411 1349 sint,
1447 1288 1686 1355 regulam
1715 1287 1812 1343 da-

217 1390 375 1434 turus
406 1380 743 1449 aggreditur,
777 1387 831 1433 et
860 1393 1052 1433 sensus
1099 1378 1315 1447 quidem
1358 1378 1665 1449 huiusmodi
1706 1390 1811 1434 est.

219 1474 367 1528 Ordo
414 1480 591 1526 autem
624 1486 931 1525 sermonum
959 1470 1075 1523 talis
1099 1480 1199 1524 est.
1236 1471 1502 1536 Quoniam
1533 1485 1689 1533 vera,
1736 1473 1815 1523 in-

223 1568 386 1634 quit,
438 1563 680 1633 quaedam
731 1572 890 1628 sunt,
924 1579 1042 1633 quin
1085 1563 1152 1616 ita
1188 1563 1476 1631 conjuncta
1521 1563 1589 1617 de
1638 1564 1814 1630 aliquo

222 1656 606 1727 praedicantur,
637 1664 693 1708 ut
720 1668 905 1709 eorum
943 1654 1413 1722 prmdicamcntnm
1444 1670 1604 1709 unum
1638 1656 1734 1716 sit,
1760 1664 1816 1709 et

234 1750 292 1802 in
336 1765 497 1803 unum
528 1755 781 1817 congruat
811 1746 979 1801 forma
1011 1761 1199 1800 eorum
1239 1763 1358 1817 quae
1387 1757 1539 1803 extra
1568 1762 1695 1802 vere
1724 1764 1815 1815 po-

1916 538 2070 593 albus
2094 538 2264 603 albus,
2309 548 2361 592 et
2390 539 2491 595 hoc
2522 543 2572 595 in
2605 540 2867 595 infinitum
2898 542 3255 611 progreditur.
3287 543 3353 598 Et
3381 559 3497 599 rur-

1917 644 2010 685 sus
2038 630 2086 687 si
2121 646 2305 687 verum
2330 640 2412 687 est
2439 632 2617 689 dicere
2645 632 2713 689 de
2740 633 2955 689 homine
2982 636 3230 703 quoniam
3260 637 3498 691 musicus

1920 736 2036 787 est,
2066 734 2119 780 et
2141 739 2325 779 rursus
2348 725 2600 793 quoniam
2641 726 2796 781 albus
2820 734 2922 789 est,
2954 735 3007 781 et
3032 726 3283 796 quoniam
3313 727 3498 783 ambu-
3560 747 3568 755 '

1918 816 2036 871 lans
2080 826 2187 883 est,
2217 826 2272 871 et
2298 816 2414 871 hzrc
2436 831 2619 873 rursus
2664 818 2715 871 in
2745 834 2908 874 unum
2936 819 3216 885 dicuntur,
3243 821 3497 889 quenism

1921 898 2082 962 homo
2111 909 2346 963 musicus
2373 908 2524 964 albus
2546 909 2828 966 ambulans
2843 921 2945 966 est.
2982 911 3184 967 Rursus
3209 912 3301 981 qui
3330 915 3499 968 musi-

1918 1017 2012 1057 cus
2035 1001 2191 1057 albus
2219 1002 2502 1058 ambulans
2529 1012 2635 1071 est,
2664 1010 2718 1058 et
2739 1004 2891 1059 albus
2907 1014 2990 1060 est
3017 1011 3073 1061 et
3094 1005 3371 1062 ambulans
3394 1015 3495 1073 est,

1919 1101 1973 1148 et
1986 1093 2221 1149 musicus
2238 1103 2340 1149 est.
2367 1094 2627 1150 Dicuntur
2649 1096 2763 1151 haec
2783 1096 2944 1166 igitur
2961 1111 3147 1154 rursus
3165 1098 3319 1153 simul
3341 1097 3499 1153 homo

1919 1186 2073 1242 albus
2085 1187 2236 1241 albus
2262 1188 2498 1243 musicus
2515 1189 2773 1259 musicus,
2801 1190 3080 1246 ambulans
3096 1191 3375 1247 ambulans
3395 1202 3497 1260 est,

1918 1290 1971 1335 et
1985 1281 2101 1337 haec
2113 1281 2327 1337 assidue
2348 1282 2626 1353 complexa
2646 1284 2834 1340 eadem
2858 1283 3061 1339 faciunt
3082 1286 3402 1356 superﬂuam
3429 1289 3498 1343 lo.

1918 1374 2212 1429 cntionem.
2247 1373 2355 1429 Nec
2383 1390 2488 1430 non
2508 1375 2560 1429 in
2589 1376 2949 1446 singularibus
2970 1390 3183 1446 quoque
3213 1378 3352 1433 idem
3376 1395 3498 1435 eve~

1918 1467 2020 1521 nit.
2037 1467 2091 1521 Si
2122 1469 2263 1523 enim
2287 1467 2540 1525 Socrates
2556 1478 2608 1525 et
2623 1467 2873 1525 Socrates
2891 1478 2975 1526 est
3001 1478 3057 1524 et
3080 1468 3261 1537 homo,
3284 1472 3387 1528 erit
3406 1473 3497 1530 So-

1917 1569 2094 1615 crates
2126 1559 2378 1615 Socrates
2405 1559 2591 1626 bomo,
2620 1570 2676 1616 et
2707 1561 2752 1617 si
2780 1560 3032 1618 Socrates
3057 1562 3311 1618 Socrates
3341 1575 3424 1619 est
3449 1574 3498 1624 et

1920 1652 2083 1707 homo
2108 1662 2164 1707 et
2191 1652 2375 1720 bipes,
2408 1652 2514 1707 erit
2538 1652 2792 1708 Socrates
2832 1653 3083 1709 Socrates
3132 1653 3293 1709 homo
3318 1644 3499 1724 bipes;

1916 1754 1970 1797 et
1992 1758 2179 1798 rursus
2207 1743 2253 1798 si
2286 1744 2373 1798 hic
2401 1743 2542 1799 idem
2566 1743 2718 1814 bipes
2742 1754 2823 1801 est
2850 1753 2905 1800 et
2932 1744 3116 1812 homo,
3139 1744 3500 1803 eritSocrates

226 1849 405 1894 terant
460 1839 733 1909 praedicari
759 1882 772 1905 ,
801 1850 855 1893 nt
888 1840 940 1892 in
972 1854 1038 1893 eo
1062 1838 1201 1908 quod
1226 1850 1307 1893 est
1339 1839 1539 1893 animal
1568 1839 1718 1909 bipes
1744 1839 1811 1894 de
1841 1837 1890 1900 B
1916 1833 2172 1890 Socrates
2202 1834 2366 1891 homo
2397 1834 2560 1891 homo
2588 1835 2741 1906 bipes
2777 1836 2946 1907 bipes.
2972 1836 3104 1905 Quae
3132 1840 3310 1893 omnia
3341 1853 3499 1911 quam

222 1932 443 1987 homine
494 1932 674 2002 iuueta
724 1935 1134 2004 compositaque
1182 1935 1465 1999 dicuntur,
1506 1945 1559 1989 et
1600 1935 1656 1989 lit
1707 1951 1810 1989 una

222 2027 623 2098 quodammodo
655 2027 964 2096 praedicatio
986 2045 997 2079 :
1023 2042 1144 2082 cum
1168 2028 1365 2082 animal
1392 2038 1442 2083 et
1474 2028 1624 2098 bipes
1660 2037 1810 2082 extra

225 2119 500 2188 sigillatim
563 2119 769 2173 valeant
820 2118 1133 2186 praedicari,
1181 2120 1408 2174 dicimus
1460 2120 1604 2175 enim
1651 2119 1812 2174 homo

225 2212 426 2264 animal
458 2220 560 2273 est,
597 2220 649 2265 et
679 2226 861 2266 rursus
891 2212 1051 2266 homo
1082 2213 1234 2282 bipes
1267 2224 1347 2267 est
1370 2255 1383 2277 ,
1417 2214 1519 2268 alia
1544 2229 1669 2269 vero
1694 2229 1813 2284 quae

225 2319 331 2358 non
363 2314 486 2358 sunt
517 2319 584 2359 eo
609 2305 794 2369 modo,
838 2321 957 2375 qum
989 2306 1261 2376 sigillatim
1289 2309 1504 2376 quidem
1536 2308 1813 2377 praedicari

224 2413 413 2453 verum
461 2407 565 2461 est,
592 2397 889 2467 composita
929 2413 1056 2453 vero
1100 2399 1292 2453 falsum
1315 2442 1327 2463 ,
1358 2399 1452 2455 sed
1475 2415 1592 2469 quae
1622 2400 1811 2455 horum

225 2490 527 2545 dill‘ercntia
551 2499 656 2555 est,
684 2490 766 2543 vel
791 2491 1005 2558 quando
1035 2491 1186 2559 illud,
1210 2492 1425 2561 quando
1451 2491 1552 2545 hoc
1580 2491 1811 2557 eveniat,

224 2584 513 2641 dicendum
555 2591 668 2646 est,
718 2591 770 2637 et
816 2584 915 2635 hoc
957 2584 1115 2637 docet
1144 2585 1429 2653 exemplis.
1479 2585 1551 2639 De
1601 2586 1816 2642 homine

227 2675 370 2728 enim
398 2718 413 2742 ,
444 2675 649 2745 inquit,
687 2691 870 2731 verum
912 2685 995 2730 est
1018 2676 1199 2731 dicere
1227 2687 1376 2730 extra
1410 2677 1635 2744 animal,
1666 2686 1815 2733 extra

227 2766 411 2834 bipes,
441 2775 577 2821 etut
607 2782 793 2833 unum,
844 2777 897 2820 ut
923 2767 989 2821 de
1019 2782 1082 2821 eo
1125 2767 1354 2831 dicatur,
1399 2768 1593 2822 animal
1643 2768 1811 2838 bipes.

231 2858 464 2913 Rursum
496 2859 787 2929 quemlibet
842 2859 1141 2924 hominem,
1201 2870 1255 2913 ut
1302 2861 1576 2915 Socratem
1626 2875 1817 2931 possu-

228 2965 351 3004 mus
381 2950 557 3007 dicere
582 2990 595 3015 ,
647 2952 737 3007 ille
783 2952 943 3005 homo
970 2951 1121 3005 albus
1149 2962 1225 3005 est
1245 2992 1259 3016 ,
1289 2965 1476 3005 rursus
1509 2952 1596 3005 ille
1655 2952 1817 3007 homo

237 3042 401 3097 homo
422 3051 523 3107 est,
545 3053 597 3097 et
620 3044 732 3099 haec
754 3051 812 3097 ut
837 3059 999 3097 unum
1022 3042 1205 3111 juncta
1229 3042 1473 3099 dicentes
1500 3063 1510 3098 :
1539 3043 1628 3099 ille
1656 3044 1817 3098 homo

232 3135 398 3189 homo
450 3136 602 3190 albus
645 3145 747 3191 est.
797 3136 903 3192 Sed
947 3136 1231 3205 aliquoties
1277 3137 1459 3193 evenit
1514 3146 1573 3193 ut
1624 3138 1818 3209 aliquis

1916 1927 2022 1981 sint
2051 1926 2487 1985 inconvenientia
2520 1929 2698 1986 nullus
2733 1931 2964 2002 ignorat.
2986 1932 3102 1989 Non
3132 1934 3295 2005 igitur
3318 1935 3501 1991 dicen-

1916 2020 2043 2074 dum
2075 2029 2159 2076 est
2185 2023 2436 2091 quoniam
2468 2024 2651 2079 omnia
2682 2039 3013 2096 quaecunque
3042 2027 3319 2098 sigillatim
3368 2045 3501 2099 pra»

1914 2111 2179 2179 dicantur,
2218 2114 2408 2170 eadem
2436 2113 2622 2187 juncta
2649 2130 2867 2190 semper
2916 2128 3169 2189 poterunt
3190 2122 3500 2191 'przedicari;

1915 2219 2045 2275 ergo
2068 2206 2388 2276 quaejuncta
2414 2222 2541 2263 vere
2572 2208 2679 2264 dici
2709 2220 2959 2279 possunt,
2991 2220 3046 2268 et
3078 2228 3200 2283 qua
3226 2213 3382 2281 falso,
3414 2230 3500 2272 eo.

1917 2312 2037 2352 rum
2063 2313 2186 2369 quas
2216 2300 2488 2369 sigillatim
2514 2310 2677 2371 atque
2703 2311 2857 2360 extra
2894 2313 3020 2361 ante
3058 2314 3185 2362 vere
3229 2306 3500 2381 dicuntur,

1917 2392 2155 2460 exponit.
2209 2392 2319 2448 Hoc
2361 2393 2505 2448 enim
2547 2395 2720 2450 solum
2772 2396 3035 2454 hactenus
3078 2398 3502 2460 demonstratum

1918 2490 2001 2536 est
2039 2483 2293 2552 quoniam
2343 2484 2389 2540 si
2418 2485 2538 2556 quis
2569 2486 2885 2557 simpliciter
2910 2498 2968 2545 et
3004 2492 3151 2546 omni
3190 2492 3350 2548 modo
3388 2493 3502 2553 ﬁeri

1917 2576 2320 2644 complexiones
2367 2577 2552 2642 dicat,
2596 2580 2762 2636 multa
2804 2580 3240 2640 inconvenientia
3289 2586 3503 2647 evenire

1920 2682 2144 2723 necesse
2167 2678 2271 2723 est.
2304 2669 2763 2736 Quemadmodum
2794 2681 2973 2728 autem
3019 2675 3150 2730 ﬁant
3173 2677 3502 2748 complexio-

1922 2776 2039 2827 nes,
2085 2762 2390 2832 ponendum
2422 2774 2583 2834 atque
2616 2765 2952 2821 tractandum
2986 2774 3087 2823 est.

1998 2851 2194 2907 Eorum
2220 2855 2378 2925 igitur
2404 2870 2519 2924 qua:
2548 2856 2915 2927 pradimtur,
2937 2869 2987 2913 et
3014 2860 3079 2915 de
3098 2861 3277 2929 quibus
3316 2864 3503 2935 pradi-

1920 2957 2123 3013 mntur,
2152 2963 2462 3019 quiscunque
2502 2952 2786 3006 secundum
2812 2953 3048 3009 accidens
3076 2955 3319 3011 dicuntur
3336 2958 3414 3013 vel
3441 2959 3504 3015 ds

1917 3038 2115 3106 eodem,
2149 3040 2226 3093 vel
2251 3040 2469 3094 alterum
2500 3042 2562 3096 de
2591 3043 2776 3109 altera,
2804 3043 2914 3097 Ιιωσ
2937 3059 3041 3099 non
3064 3056 3211 3101 erant
3240 3061 3419 3116 unum,
3450 3060 3503 3105 ιιι

1919 3129 2070 3183 homo
2090 3130 2235 3184 albus
2263 3140 2338 3184 est
2364 3142 2410 3185 et
2440 3133 2683 3186 musicus.
2724 3133 2830 3188 Sed
2860 3151 2961 3189 non
2991 3144 3067 3190 est
3094 3136 3230 3191 idem
3252 3140 3427 3194 album
3459 3151 3503 3196 et

231 3228 391 3283 homo
419 3228 745 3284 είιιιπωάυε
772 3231 840 3283 si;
868 3230 1081 3299 quidem
1111 3240 1161 3284 ei
1191 3231 1489 3299 imperitus,
1525 3232 1702 3287 Βοηιιε
1724 3248 1816 3287 au-
1845 3214 1892 3278 C
1922 3224 2190 3276 mus’cum.
2222 3223 2516 3278 Arcidentia
2541 3226 2672 3279 enim
2695 3235 2908 3293 utraque
2937 3227 3122 3295 eidem,
3152 3245 3242 3284 nec
3261 3232 3308 3284 si
3328 3232 3502 3289 album

232 3328 339 3375 tem
355 3318 607 3385 homo,et
632 3321 675 3375 si
699 3320 765 3375 de
796 3320 913 3389 ipso
948 3320 1155 3376 dicatur
1180 3322 1428 3390 quoniam
1456 3332 1538 3378 est
1568 3323 1819 3379 cithara:-

230 3416 350 3479 dus,
393 3431 575 3471 verum
602 3426 704 3484 est,
741 3424 795 3471 et
818 3406 940 3487 quia
972 3418 1143 3471 bonus
1166 3420 1369 3473 esthoc
1397 3430 1607 3488 quoque
1635 3432 1816 3475 verum

230 3519 332 3566 est.
359 3509 461 3564 Sed
484 3524 591 3565 non
612 3517 667 3566 et
684 3509 726 3564 si
747 3509 1079 3565 citharmdus
1094 3518 1176 3564 est
1198 3519 1252 3565 et
1277 3511 1467 3577 bonus,
1485 3509 1686 3566 idcirco
1706 3511 1816 3581 jam

230 3602 402 3657 bonus
430 3611 512 3656 est
543 3600 704 3656 etiam
724 3600 1081 3667 citharmdus,
1117 3601 1342 3658 fortasse
1369 3602 1509 3657 enim
1539 3610 1625 3659 est
1650 3603 1817 3673 impe-

228 3694 553 3761 ritissimus,
610 3694 773 3748 homo
803 3701 982 3747 autem
1025 3693 1218 3748 bonus.
1265 3691 1321 3748 Si
1372 3693 1513 3748 enim
1564 3692 1815 3764 quoniam

225 3785 541 3841 alterutrum
570 3784 794 3852 dicitur,
826 3793 880 3838 et
924 3793 1212 3854 utrumque
1265 3783 1497 3853 dicetur,
1530 3786 1694 3841 multa
1734 3787 1818 3842 in-

227 3877 604 3932 convenientia
633 3885 810 3931 erunt.
840 3875 895 3931 Si
926 3877 1047 3945 quis
1077 3877 1218 3931 enim
1240 3876 1307 3931 sit
1330 3877 1418 3946 qui
1447 3876 1609 3944 dicat,
1636 3879 1817 3934 omnia

233 3984 570 4041 quacunque
596 3969 870 4039 sigillatim
894 3983 1020 4023 vere
1049 3968 1321 4034 dicuntur,
1350 3984 1410 4025 ea
1439 3970 1620 4041 juncta
1650 3971 1814 4027 etiam

234 4076 365 4116 vere
394 4070 618 4130 possunt
646 4062 782 4124 dici,
835 4063 997 4116 multa
1026 4063 1058 4116 iv
1084 4063 1459 4118 convenientia
1486 4074 1539 4118 et
1568 4064 1818 4134 impossi-

235 4155 364 4209 bilia
381 4156 711 4224 contingunt.
745 4155 854 4211 lloc
870 4163 954 4210 est
975 4156 1119 4209 enim
1150 4156 1288 4224 quod
1310 4156 1401 4221 ait,
1427 4155 1483 4212 Si
1509 4158 1649 4211 enim
1676 4173 1812 4227 quo-

230 4246 376 4301 niam
401 4246 710 4301 alterutrum
733 4246 952 4313 dicitur,
980 4256 1033 4301 et
1057 4256 1347 4315 utrumque
1372 4246 1584 4309 dicitur;
1604 4248 1648 4302 si
1670 4250 1812 4304 enim

225 4342 428 4410 aliquis
450 4341 589 4396 dicat
616 4343 863 4412 quoniam
889 4343 1206 4397 alterutrum
1232 4350 1383 4397 extra
1414 4356 1540 4396 vere
1586 4341 1811 4408 dicitur,

224 4444 280 4489 et
329 4441 621 4504 utrumque
650 4433 806 4489 simul
834 4446 961 4489 vere
1002 4449 1214 4502 semper
1244 4448 1402 4503 posse
1443 4434 1550 4487 dici
1578 4477 1593 4500 ,
1650 4435 1813 4490 multa

224 4536 352 4584 sunt
376 4528 723 4596 impossibilia
746 4544 865 4598 qum
885 4529 1220 4598 contingunt;
1239 4542 1359 4598 quae
1381 4537 1558 4582 autem
1583 4530 1688 4583 sint
1708 4529 1809 4583 im-

227 4619 506 4688 possibilia
560 4634 678 4687 quae
722 4620 1077 4690 contingunt,
1129 4618 1242 4673 haec
1289 4628 1432 4673 sunt.
1481 4617 1558 4672 De
1598 4618 1812 4675 homine

223 4713 369 4766 enim
396 4726 680 4780 possumus
706 4711 891 4766 dicere
921 4712 1171 4780 quoniam
1207 4711 1364 4763 homo
1395 4720 1505 4775 est,
1535 4720 1588 4763 et
1630 4724 1814 4766 rursus

224 4818 513 4874 possumus
541 4804 720 4858 dicere
746 4804 999 4872 quoniam
1039 4802 1191 4856 albus
1222 4811 1333 4866 est;
1379 4800 1611 4856 dicimus
1655 4802 1814 4870 igitur

222 4908 277 4953 et
327 4896 490 4952 simul
530 4895 598 4950 de
645 4895 899 4959 homine,
934 4893 1093 4948 homo
1143 4893 1298 4946 albus
1341 4900 1443 4946 est.
1493 4892 1695 4948 Rursus
1743 4893 1812 4950 de

224 4991 443 5045 homine
483 4990 606 5044 albo
637 5003 923 5056 possumus
962 4988 1147 5042 dicere
1199 4988 1448 5057 quoniam
1480 4990 1642 5042 homo
1692 4996 1802 5053 est,

222 5097 509 5153 possumus
566 5083 744 5137 dicere
781 5080 1033 5150 quoniam
1067 5080 1219 5134 albus
1250 5088 1361 5143 est;
1405 5078 1565 5148 igitur
1603 5088 1655 5133 et
1693 5079 1806 5134 hzrc

220 5175 402 5244 juncta
436 5176 705 5241 dicuntur,
738 5172 898 5227 homo
929 5172 1089 5225 homo
1118 5172 1270 5225 albus
1291 5170 1442 5225 albus
1472 5182 1570 5225 est.
1605 5171 1733 5225 Nam
1763 5170 1810 5227 si

220 5283 407 5319 verum
439 5275 521 5322 est
568 5266 746 5320 dicere
776 5265 843 5319 de
872 5263 1085 5318 homine
1112 5260 1363 5331 quoniam
1398 5260 1558 5315 homo
1595 5270 1674 5317 est
1695 5305 1708 5327 ,
1753 5269 1808 5317 et

218 5359 289 5411 de
319 5357 441 5409 albo
482 5357 733 5425 quoniam
766 5355 918 5408 albus
946 5362 1062 5415 est,
1094 5363 1151 5409 et
1179 5368 1338 5408 omne
1386 5352 1486 5407 hoc
1534 5368 1658 5409 vere
1702 5353 1807 5410 dici

222 5457 418 5515 potest.
442 5447 489 5500 id
510 5456 590 5500 cst
622 5446 780 5502 homo
804 5447 963 5500 homo
984 5446 1135 5500 albus
1161 5446 1315 5500 albus
1342 5452 1440 5498 est.
1470 5443 1533 5498 Et
1554 5445 1596 5498 si
1620 5444 1687 5499 de
1704 5444 1806 5501 hoc

224 5541 415 5593 iterum
446 5538 658 5592 homine
682 5537 825 5602 albo,
853 5552 1037 5590 verum
1058 5545 1140 5589 est
1160 5535 1341 5589 dicere
1374 5535 1625 5605 quoniam
1653 5537 1806 5592 albus

221 5644 325 5699 est,
369 5643 424 5688 ει
451 5648 633 5689 verum
662 5641 745 5687 est
770 5633 837 5685 de
868 5646 933 5687 eo
973 5629 1152 5684 album
1186 5628 1501 5697 praedicare,
1525 5639 1580 5683 et
1621 5645 1806 5685 rursus

221 5725 291 5780 de
345 5726 557 5779 homine
587 5725 882 5794 praedicare
922 5722 1096 5776 album
1153 5736 1337 5775 verum
1368 5733 1483 5787 est;
1533 5724 1636 5776 erit
1678 5738 1807 5793 ergo

224 5814 387 5872 homo
412 5816 565 5872 albus
611 5815 802 5881 albus,
835 5822 888 5869 et
918 5824 1103 5867 rursus
1132 5810 1203 5864 de
1234 5810 1334 5865 hoc
1367 5810 1585 5867 homine
1626 5812 1803 5868 album

1923 3314 2171 3367 niitsicum
2197 3330 2367 3367 verum
2408 3324 2482 3369 est
2507 3317 2703 3380 dicere,
2734 3327 2901 3371 ισιιιεη
2934 3320 3029 3372 erit
3057 3321 3228 3374 album
3254 3323 3502 3378 musth

1922 3419 2080 3458 unum
2121 3406 2339 3475 aliquid.
2375 3405 2671 3462 Secundum
2714 3409 2945 3463 accidens
2974 3411 3109 3464 enim
3151 3412 3321 3466 album
3348 3416 3502 3469 musi-

1919 3513 2033 3550 cum
2063 3498 2269 3552 dicitur.
2307 3497 2476 3564 Quare
2506 3514 2607 3552 non
2636 3500 2730 3551 erit
2751 3500 2924 3553 album
2949 3504 3196 3555 musicum
3228 3519 3388 3557 unum
3407 3506 3501 3560 ali-

1918 3587 2066 3656 quid.
2115 3588 2367 3651 Quocirca
2396 3604 2485 3642 nec
2522 3589 2827 3643 citharmdus
2861 3589 3017 3644 bonus
3065 3592 3386 3661 simpliciter,
3413 3598 3501 3652 sed

1918 3683 2115 3735 animal
2154 3685 2312 3752 bipes.
2344 3683 2462 3737 Non
2490 3684 2622 3737 enim
2648 3696 2764 3738 sunt
2803 3685 3077 3738 secundum
3104 3687 3357 3742 accidens.

1992 3774 2045 3827 In
2073 3774 2175 3838 bis,
2210 3776 2400 3844 inquit.
2439 3791 2555 3844 quae
2585 3776 2966 3844 praedicantur,
2994 3787 3051 3833 et
3074 3780 3141 3834 de
3182 3781 3263 3834 his
3297 3781 3362 3837 de
3386 3785 3501 3854 qui-

1918 3868 2019 3924 bus
2051 3869 2139 3924 illa
2164 3871 2277 3938 ipsa
2308 3870 2689 3940 praedicantur,
2715 3870 2909 3941 duplex
2932 3873 3072 3927 ratio
3101 3884 3202 3929 est.
3230 3877 3334 3929 Ant
3360 3878 3501 3935 enim

1919 3958 2028 4015 duo
2057 3961 2353 4017 accidentia
2388 3962 2455 4017 de
2498 3978 2602 4016 uno
2634 3962 2880 4030 subjecto
2908 3963 3177 4030 dicuntur,
3210 3975 3265 4021 ut
3310 3967 3501 4027 Marius

1919 4055 2091 4109 malus
2112 4064 2215 4119 est,
2244 4055 2440 4110 Marius
2464 4055 2570 4109 dux
2600 4064 2710 4119 est;
2736 4063 2992 4111 autunum
3037 4058 3286 4113 accidens
3308 4060 3374 4115 de
3397 4076 3501 4117 uno

1919 4147 2163 4216 subjecto
2206 4148 2528 4216 praedicatur
2562 4188 2576 4209 ,
2634 4148 2779 4201 aliud
2818 4162 2946 4202 vero
2996 4149 3244 4205 accidens
3296 4152 3363 4206 de
3408 4154 3501 4209 illo

1920 4239 2215 4308 praedicata
2266 4238 2532 4293 accidenti
2585 4240 2939 4305 prmdicatur,
2985 4250 3041 4295 ut
3079 4242 3122 4293 si
3151 4243 3268 4310 quis
3306 4243 3444 4297 dicat
3484 4263 3497 4300 :

1917 4330 2109 4385 Cicero
2139 4340 2221 4385 est
2249 4331 2456 4394 calvus,
2486 4330 2667 4385 calvus
2697 4340 2878 4386 orator
2903 4342 3002 4387 est.
3034 4334 3128 4388 llic
3152 4335 3292 4388 enirr-
3320 4338 3501 4395 calvus

1918 4422 1983 4475 de
2033 4422 2274 4492 subjecto
2312 4421 2605 4489 Cicerone,
2638 4432 2820 4477 orator
2848 4424 2915 4479 de
2961 4425 3113 4479 calvo
3155 4428 3500 4494 praedicatur.

1919 4515 2030 4569 Hoc
2055 4526 2137 4570 est
2164 4515 2304 4569 enim
2342 4514 2482 4583 quod
2516 4515 2588 4568 ait
2621 4514 2999 4585 :Quazcunque
3026 4519 3318 4573 secundum
3352 4538 3498 4577 acci-

1840 4592 1895 4652 D
1917 4610 2049 4664 (lens
2080 4610 2349 4675 dicuntur,
2385 4608 2467 4662 vel
2498 4608 2564 4663 de
2595 4609 2806 4674 eodem,
2841 4610 2921 4663 vel
2946 4609 3176 4665 alterum
3205 4612 3272 4667 de
3318 4615 3489 4669 altero

1917 4702 1983 4756 de
2010 4701 2198 4756 eodem
2224 4742 2239 4765 ,
2273 4710 2330 4754 nt
2378 4701 2421 4754 si
2459 4714 2562 4769 qua
2591 4700 2696 4753 duo
2721 4701 3015 4758 accidentia
3065 4703 3132 4759 de
3169 4721 3273 4759 uno
3305 4708 3498 4773 prmdi-

1916 4803 2146 4855 centur;
2200 4795 2425 4846 alterum
2456 4792 2522 4846 de
2557 4792 2758 4857 altero,
2786 4794 2919 4857 utsi
2946 4809 3107 4849 unum
3148 4798 3396 4852 accidens
3432 4801 3499 4858 de

1914 4885 2087 4939 altero
2133 4884 2393 4938 accidenti
2437 4884 2664 4949 dicatur,
2715 4892 2772 4939 ut
2798 4885 2970 4956 ipsum
3005 4888 3255 4944 accidens
3290 4891 3358 4945 de
3392 4906 3498 4960 quo

1912 4978 2106 5034 dicitur
2155 4978 2221 5032 de
2259 4978 2428 5031 altero
2468 4991 2655 5032 rursus
2680 4978 2923 5047 subjecto
2967 4980 3303 5047 praedicetur.
3345 4982 3497 5048 Quo‘d

1916 5072 1961 5127 si
1994 5071 2067 5126 ita
2100 5070 2190 5123 liat
2218 5070 2547 5138 prredicatio,
2579 5068 2631 5124 in
2657 5085 2818 5124 unum
2837 5068 2989 5140 jungi
3014 5072 3312 5126 accidentia
3334 5087 3497 5140 copu-

1913 5163 2118 5233 larique
2149 5179 2254 5218 non
2277 5172 2537 5233 possunt;
2565 5162 2767 5218 etenim
2796 5165 2843 5219 si
2868 5166 2990 5234 quis
3018 5166 3095 5220 sic
3118 5164 3291 5233 dicat,
3326 5167 3488 5221 homo

1916 5255 2067 5310 albus
2121 5264 2236 5320 est,
2292 5255 2454 5309 homo
2501 5256 2740 5311 musicus
2795 5264 2911 5323 est,
2961 5256 3076 5311 haec
3114 5257 3295 5326 juncta
3334 5257 3493 5314 simtu

1916 5362 2078 5401 unum
2105 5362 2209 5400 non
2235 5345 2459 5411 faciunt,
2483 5355 2540 5401 ut
2558 5356 2643 5401 est
2666 5349 2904 5402 musicus
2924 5348 3099 5413 albus,
3127 5348 3209 5402 vel
3239 5348 3282 5403 si
3312 5364 3495 5407 rursus

1918 5440 2176 5495 musicum
2202 5440 2518 5510 praedicetur
2545 5440 2613 5496 de
2642 5441 2799 5505 albo,
2839 5449 2897 5495 ut
2936 5440 3113 5495 album
3161 5440 3230 5495 de
3277 5442 3495 5500 homine

1911 5535 2230 5606 praedicetur
2273 5543 2329 5589 et
2365 5534 2592 5599 dicatur,
2638 5543 2695 5589 ut
2720 5533 2848 5589 illud
2875 5533 3053 5587 album
3085 5534 3368 5601 musicum,
3406 5547 3493 5593 est

1911 5643 2014 5682 non
2048 5628 2186 5683 idem
2216 5636 2299 5683 est
2326 5627 2500 5681 album
2524 5627 2809 5691 musicum,
2841 5641 2939 5680 nec
2960 5626 3010 5679 in
3049 5640 3208 5681 unam
3243 5633 3493 5687 substan-

1914 5724 2039 5777 tiam
2067 5732 2261 5777 coeunt
2304 5736 2635 5790 quaecunque
2670 5734 2794 5775 vere
2826 5719 3101 5787 praedicari
3142 5734 3364 5790 possunt
3416 5727 3492 5781 si.

1911 5810 2172 5881 gillatim:
2212 5812 2411 5867 idcirco
2440 5810 2580 5866 enim
2624 5810 2738 5864 hac
2769 5809 2838 5866 de
2873 5824 2934 5867 se
2974 5810 3207 5869 invicem
3245 5815 3489 5874 videntur
