4022 6332
518 294 624 354 555

1754 285 1865 342 AN.
1907 283 2114 342 MANL.
2155 282 2305 358 ssv.
2345 283 2567 342 socru

3694 290 3806 349 360

518 432 677 491 posse
731 414 1006 486 praedicari
1076 412 1198 482 quia
1254 410 1323 467 de
1356 423 1460 465 uno
1508 406 1804 477 eodemque
1870 406 2111 474 subjecto
2137 407 2190 469 Α
2216 408 2367 481 Quod
2390 409 2435 463 si
2462 425 2560 466 nec
2592 411 2885 467 accidentia
2912 413 3054 479 sint,
3080 428 3180 471 nec
3203 414 3429 471 alterum
3457 414 3509 469 ῑη
3533 412 3725 475 altera.
3751 420 3806 467 οι

522 513 899 585 praedicantur,
965 523 1069 561 non
1101 505 1242 575 quod
1289 520 1351 559 ex
1397 503 1480 557 his
1527 518 1689 555 unum
1739 500 1938 569 aliquid
1985 501 2099 569 ﬁat,

523 603 819 665 accidentia
852 600 991 654 enim
1028 606 1151 651 sunt
1182 605 1428 663 utraque.
1460 595 1638 661 Quare
1662 608 1767 647 non
1799 593 1902 648 erit
1927 594 2105 649 album

517 699 806 754 musicum:
827 693 918 748 sed
942 691 1192 762 quoniam
1224 692 1384 744 homo
1406 689 1558 743 albus
1581 688 1719 743 idem
1746 689 1979 741 musicus
2001 695 2104 752 est,

516 806 612 862 per
638 791 687 844 id
711 786 850 859 quod
881 794 1107 855 utraque
1130 785 1220 839 uni
1254 782 1501 837 accidunt
1526 797 1621 851 pcr
1648 780 1898 835 accidens
1928 780 2105 835 albqu

514 885 581 939 de
614 881 816 937 musico
845 879 1191 950 praedicatur.
1225 876 1334 930 Nec
1362 888 1547 929 rursus
1579 872 1621 926 si
1668 872 2001 927 citharoedus
2026 880 2109 926 est

513 988 566 1033 et
596 976 789 1041 bonus,
823 971 1026 1028 idcirco
1052 970 1161 1040 jam
1190 969 1362 1023 bonus
1392 966 1498 1020 dici
1527 965 1725 1035 poterit
1752 963 2104 1030 citharmdus,

510 1085 685 1140 neque
712 1068 857 1123 enim
885 1067 1059 1121 bonus
1089 1072 1141 1118 et
1164 1060 1497 1117 citharcedus
1535 1059 1655 1113 talia
1692 1067 1819 1112 sunt
1847 1067 1905 1113 ut
1930 1073 1994 1113 ex
2025 1058 2107 1113 his

511 1179 671 1220 unum
703 1162 818 1217 ﬁeri
848 1161 1036 1229 possit.
1064 1157 1169 1213 Sed
1201 1156 1457 1227 quoniam
1493 1162 1720 1222 utraque
1757 1152 1936 1208 eidem
1966 1150 2105 1206 acci-

510 1260 657 1320 dunt,
695 1256 893 1309 idcirco
921 1253 987 1308 de
1019 1267 1077 1307 se
1101 1249 1396 1305 secundum
1432 1246 1684 1301 accidens
1711 1244 2095 1314 prmdicantur.

511 1352 615 1408 Sed
659 1349 830 1420 magis
863 1347 1095 1401 fortasse
1128 1355 1410 1412 possumus
1442 1340 1623 1394 dicere
1656 1356 1671 1392 :
1703 1338 1877 1392 Homo
1904 1336 2100 1391 animal

510 1456 587 1500 est
608 1488 621 1509 ,
650 1445 808 1497 homo
840 1441 994 1509 bipes
1024 1447 1125 1504 est,
1173 1446 1229 1490 ut
1254 1436 1366 1489 lucc
1390 1434 1577 1504 juncta
1610 1432 1881 1496 dicamus,
1907 1428 2103 1483 animal

510 1540 689 1608 bipes,
713 1547 765 1592 ει
799 1535 881 1589 Ιιὶε
916 1532 1115 1604 junctis
1143 1528 1438 1585 secundum
1472 1526 1829 1582 substantiam
1876 1539 1981 1579 non
2010 1538 2101 1579 se-

511 1608 740 1685 cundum
774 1625 1023 1681 accidens
1053 1632 1135 1679 est
1167 1621 1301 1676 facta
1346 1619 1678 1690 praedicatio.

580 1721 813 1791 Amplius
834 1735 922 1771 nec
941 1729 1253 1787 quiscunque
1276 1713 1450 1766 insunt
1466 1713 1520 1764 in
1539 1712 1720 1765 altero.
1743 1710 1920 1776 Quare
1932 1724 2092 1780 neque

2215 524 2274 563 ea
2300 507 2574 576 sigillatim
2607 508 2990 577 prtedicentnr,
3023 519 3170 565 recte
3199 512 3380 580 juncta
3412 509 3804 577 prmdicantur;

2216 602 2260 655 si
2288 601 2406 671 quis
2436 602 2577 656 enim
2616 601 2763 655 dicat
2804 600 2873 657 de
2918 602 3136 656 homine
3166 604 3418 670 quoniam
3449 601 3641 655 animal
3687 609 3805 665 est,

2217 710 2404 749 verum
2437 693 2651 757 dixerit,
2686 702 2739 749 et
2765 709 2953 749 rursus
2983 695 3235 765 quoniam
3269 695 3453 763 bipes,
3479 708 3664 777 verum
3702 690 3809 746 hoc

2215 802 2424 858 quoque
2450 786 2665 842 dixerit.
2694 788 2819 841 Haec
2840 786 2881 840 si
2906 786 3115 857 jungat,
3154 785 3335 851 faciet,
3363 787 3525 841 homo
3550 795 3635 840 est
3687 785 3807 838 ani-

2217 881 2320 935 mal
2346 880 2520 949 bipes,
2555 880 2642 934 hic
2671 889 2818 935 recte
2848 881 3191 950 prtcdicatur.
3217 879 3348 934 Nam
3368 894 3542 949 neque
3556 877 3810 932 acciden-

2218 974 2284 1028 tia
2342 973 2625 1039 dicuntur,
2678 987 2778 1027 nec
2824 976 3051 1027 alterum
3083 972 3236 1026 alteri
3272 973 3433 1025 inest.
3490 969 3603 1025 Non
3654 968 3806 1023 enim

2216 1065 2446 1117 sumitur
2475 1065 2527 1118 in
2558 1063 2871 1118 definitione
2893 1063 3093 1117 animal
3117 1079 3142 1117 ε
3171 1063 3340 1132 bipes,
3367 1078 3432 1117 ac
3453 1077 3546 1131 per
3568 1067 3669 1116 hoc
3702 1074 3809 1113 non

2212 1159 2352 1212 inest
2397 1158 2469 1210 illi
2519 1157 2968 1213 substantialiter.
3016 1156 3108 1210 Illa
3150 1164 3328 1211 autem
3376 1155 3488 1208 sola
3538 1151 3810 1223 al'quibus

2211 1253 2391 1304 insunt
2422 1248 2851 1304 substantialitcr
2907 1261 3243 1319 quaecunque
3287 1248 3339 1300 in
3381 1260 3563 1300 eorum
3604 1243 3808 1297 deﬁni-

2210 1341 2357 1395 tione
2386 1348 2702 1407 sumuntur,
2743 1349 2804 1396 ut
2848 1339 2902 1395 in
2942 1338 3259 1395 deﬁnitione
3305 1337 3537 1392 hominis
3575 1335 3809 1389 sumitur

2213 1433 2452 1500 animal,
2497 1442 2552 1488 et
2602 1435 2654 1487 in
2702 1432 3017 1489 deﬁnit'one
3057 1446 3248 1488 rursus
3294 1430 3526 1484 hominis
3574 1428 3808 1483 sumitur

2213 1526 2392 1595 bipes:
2423 1526 2564 1583 inest
2589 1543 2721 1598 ergo
2747 1537 2803 1583 ει
2831 1528 2984 1596 bipes
3010 1528 3061 1583 in
3095 1528 3333 1582 homine.
3363 1527 3538 1593 Quare
3568 1525 3655 1578 illa
3692 1523 3807 1579 sola

2208 1621 2479 1691 sigillatim
2523 1621 2813 1691 pranlicata
2854 1630 3005 1677 recte
3042 1620 3227 1690 juncta
3271 1617 3647 1689 praedicantur,
3686 1631 3806 1685 qua:

2174 1744 2177 1745 ν
2205 1731 2381 1788 noque
2409 1715 2704 1770 accidentia
2728 1725 2872 1780 sunt,
2910 1729 3010 1770 nec
3034 1714 3263 1768 alterum
3287 1713 3339 1767 in
3370 1712 3541 1766 altero
3560 1719 3674 1774 est,
3727 1709 3806 1765 vel

509 1776 689 1868 album,
718 1814 1022 1882 frequenter,
1071 1821 1231 1876 neque
1262 1807 1414 1857 homo
1435 1845 1450 1869 ,
1491 1802 1644 1856 homo
1669 1801 1864 1855 animal
1900 1811 1975 1854 est
2021 1800 2095 1855 vel
2124 1776 2174 1836 Β
2212 1776 2511 1876 prdlatione
2531 1805 2615 1860 vel
2645 1813 2832 1859 natura
2860 1820 2874 1856 :
2910 1804 3070 1874 idque
3102 1804 3191 1859 ﬁet
3214 1801 3551 1857 manilestum
3575 1841 3591 1866 ,
3618 1802 3664 1855 si
3718 1816 3805 1856 eo-

510 1907 668 1972 bipes,
694 1914 812 1959 sunt
840 1904 974 1957 enim
1003 1903 1054 1955 in
1080 1899 1285 1955 homine
1312 1898 1450 1969 bipes
1476 1905 1523 1950 et
1552 1896 1768 1949 animal.

577 1999 919 2066 Quaecunque
946 1994 1219 2064 sigillatim
1249 1991 1540 2047 secundum
1565 1988 1819 2043 accidens
1841 1987 2101 2057 praedica-

508 2104 626 2147 mus
647 2105 709 2145 ea
740 2089 895 2143 simul
937 2086 1219 2157 przcdicari
1243 2100 1348 2139 non
1384 2098 1541 2153 posse
1574 2082 1915 2136 monstravit.
1945 2080 2100 2136 Nunc

509 2192 684 2239 autem
733 2179 865 2235 illud
896 2179 1056 2233 etiam
1083 2178 1277 2242 docet,
1324 2175 1577 2246 quoniam
1610 2174 1697 2228 illa
1735 2187 1950 2243 quoque
1977 2186 2098 2242 quae

508 2273 930 2331 substantialiter
951 2269 1330 2341 praedicantur,
1360 2283 1465 2322 non
1490 2281 1706 2336 semper
1729 2265 1889 2319 simul
1912 2264 2099 2333 juncta

509 2366 884 2437 prtedicentur,
910 2373 964 2417 ει
988 2363 1102 2416 haec
1122 2361 1259 2416 ratio
1286 2369 1341 2415 et
1360 2360 1729 2414 accidentibus
1756 2357 2016 2413 convenit
2041 2366 2096 2412 et

510 2455 947 2514 substantialibus
978 2454 1158 2509 rebus.
1190 2453 1415 2519 Quoties
1443 2455 1585 2507 enim
1628 2453 1766 2506 inest
1798 2451 2090 2519 praedicata

511 2548 730 2620 aliquid,
759 2556 813 2603 et
836 2563 935 2603 nos
967 2547 1092 2601 illud
1121 2555 1271 2602 extra
1304 2548 1551 2601 volumus
1582 2545 1881 2615 praedicare
1912 2554 2012 2615 ,et
2042 2543 2097 2598 in

510 2657 671 2698 unum
702 2656 887 2696 rursus
917 2641 1024 2695 duo
1056 2639 1340 2709 praedicata
1373 2642 1722 2708 conjungere,
1760 2645 1889 2691 tunc
1918 2636 1978 2690 ﬁt
2016 2636 2100 2691 in-

510 2748 739 2804 congrua
769 2732 1098 2801 przcdicatio;
1125 2739 1182 2785 et
1203 2733 1317 2785 hmc
1343 2730 1630 2799 aliqu0ties
1660 2729 1876 2800 quidem
1903 2729 1958 2784 in
1983 2730 2099 2798 ipsa

510 2826 783 2883 hominum
822 2824 1125 2893 prolatione
1154 2822 1498 2893 perspicitur,
1526 2822 1822 2892 aliqumies
1852 2836 1981 2876 vero
2018 2822 2101 2876 in-

509 2919 718 2975 venitur
739 2918 790 2971 in
816 2917 1113 2981 intellectu,
1141 2925 1302 2984 atque
1332 2917 1383 2968 in
1413 2914 1629 2969 termini
1658 2915 2013 2969 continentia.
2040 2913 2098 2969 Si

511 3012 626 3081 quis
660 3009 803 3064 enim
857 3008 926 3062 sit
957 3008 1115 3060 homo
1143 3007 1297 3061 albus
1325 3047 1340 3072 ,
1386 3014 1440 3060 et
1487 3006 1554 3059 de
1581 3021 1646 3059 eo
1684 3005 1915 3072 dicatur,
1951 3005 2099 3060 verbi

511 3102 676 3172 gratia
704 3119 716 3153 :
750 3100 946 3155 Callias
974 3100 1134 3153 homo
1159 3099 1313 3152 albus
1345 3107 1448 3165 est,
1480 3108 1535 3151 et
1556 3112 1743 3152 rursus
1765 3100 1831 3153 de
1860 3113 1925 3153 eo
1954 3098 2101 3152 dica-

512 3205 613 3258 tur,
640 3193 837 3248 Callias
867 3192 1018 3245 albus
1043 3199 1146 3254 εει,
1174 3191 1216 3244 si
1248 3190 1367 3260 quis
1393 3190 1444 3244 id
1469 3191 1595 3245 velit
1634 3190 1961 3261 adjungere,
2016 3190 2098 3243 in-

512 3282 1019 3340 convenientissime
1048 3281 1452 3351 prmdicabitur.
1486 3282 1622 3337 Dicit
1646 3283 1790 3337 enim
1836 3300 1850 3336 :
1901 3282 2098 3338 Callias

513 3374 670 3432 homo
698 3375 853 3430 albus
879 3374 1031 3429 albus
1065 3384 1169 3439 est,
1201 3374 1402 3429 idcirco
1439 3376 1695 3445 quoniam
1727 3376 1881 3431 albus
1914 3377 1966 3430 in
2003 3378 2097 3429 ho-

514 3471 650 3527 mine
679 3470 804 3524 albo
823 3470 1220 3534 continebatur,
1256 3468 1400 3540 quod
1441 3480 1567 3525 ante
1598 3470 1667 3526 de
1696 3470 1864 3525 Callia
1898 3472 2094 3540 prmdi-

507 3575 681 3623 catum
721 3576 823 3621 est.
873 3569 1044 3634 Atque
1094 3563 1196 3618 hoc
1239 3572 1322 3618 est
1364 3564 1504 3633 quod
1548 3563 1622 3619 ait
1656 3583 1667 3617 :
1701 3564 1880 3631 Quare
1922 3579 2095 3633 neque

510 3660 688 3717 album
720 3659 1049 3728 frequenter.
1088 3658 1210 3714 Alia
1244 3673 1373 3711 vero
1409 3669 1533 3711 sunt
1560 3675 1677 3727 qua!
1701 3658 1878 3713 hocin
1915 3659 2095 3728 prola-

508 3753 652 3807 tione
686 3764 788 3803 non
838 3749 1071 3814 habent,
1106 3742 1200 3802 sed
1251 3748 1303 3802 in
1356 3759 1546 3803 natura
1573 3792 1586 3815 ,
1632 3749 1675 3803 si
1701 3750 1819 3819 quis
1850 3752 2096 3805 enimsic

508 3843 646 3897 dicat
698 3857 710 3892 :
766 3840 1016 3894 Socrates
1053 3839 1305 3893 Socrates
1348 3851 1465 3907 cst,
1518 3850 1572 3895 et
1612 3857 1798 3896 rursus
1844 3843 2095 3898 Socrates

509 3940 667 3989 homo
698 3940 810 3997 est,
857 3940 909 3984 ct
958 3930 1073 3985 lucc
1103 3932 1260 3985 simul
1288 3932 1498 4003 jungat,
1536 3943 1602 4003 ut
1645 3934 1790 3989 dicat
1845 3935 2095 3990 Socrates

510 4031 758 4086 Socrates
791 4026 951 4080 homo
973 4033 1077 4091 est,
1112 4040 1217 4079 non
1249 4036 1392 4081 recte
1411 4027 1599 4081 fecerit
1633 4028 2094 4094 praedicationem.

509 4122 637 4176 Nam
667 4119 829 4173 homo
877 4120 927 4172 in
972 4117 1197 4173 Socra'e
1241 4119 1448 4184 inerat,
1493 4129 1546 4175 et
1587 4135 1770 4175 rursus
1811 4120 1970 4177 homo
2030 4122 2099 4176 de

509 4213 725 4267 Socrate
774 4209 1116 4279 praedicatum
1170 4217 1269 4264 est.
1324 4211 1471 4265 'I‘alfs
1528 4224 1611 4266 est
1665 4227 1794 4283 ergo
1844 4217 1931 4284 qui
1984 4215 2101 4271 hmc

507 4307 708 4376 juncta,
744 4304 792 4359 id
823 4316 934 4368 εει,
966 4305 1238 4359 Socratem
1267 4312 1321 4359 ct
1366 4306 1666 4371 hominem,
1694 4308 1928 4362 voluerit
1957 4324 2095 4376 prte-

509 4400 686 4455 dicat'e
714 4397 781 4452 de
807 4397 1057 4461 Socrate,
1083 4407 1334 4467 tanquam
1378 4398 1421 4451 si
1471 4399 1615 4453 dicat
1652 4399 1905 4456 Socrates
1935 4401 2100 4457 homo

2124 3149 2172 3214 C

2210 1915 2329 1953 rum
2358 1899 2587 1953 alterius
2616 1897 2859 1952 deﬁnitio
2889 1905 3158 1961 sumatur,
3187 1896 3334 1951 velut
3357 1896 3399 1950 si
3432 1904 3709 1966 quaeratur
3739 1910 3801 1949 an

2203 1995 2276 2049 .de
2300 1994 2519 2049 homine
2562 1993 2724 2048 homo
2748 2002 2805 2049 et
2846 1991 2998 2062 bipes
3030 1982 3310 2062 praedicari
3358 1990 3516 2043 simul
3553 1988 3799 2058 possint,

2207 2084 2645 2140 dil'ﬁniendusest
2660 2084 2845 2149 homo,
2861 2094 2912 2138 et
2931 2084 2976 2138 si
2992 2084 3043 2137 in
3062 2081 3295 2137 hominis
3314 2080 3625 2136 deﬁnitione
3645 2080 3802 2149 bipes

2209 2178 2536 2245 incurrerit,
2580 2177 2863 2232 dicendum
2905 2185 2991 2232 est
3036 2176 3188 2247 bipes
3246 2177 3425 2230 inesse
3461 2173 3659 2227 homini
3686 2215 3702 2237 ,
3750 2182 3801 2228 et

2209 2279 2494 2341 utrumque
2518 2270 2764 2340 junctum
2794 2269 2860 2326 de
2892 2269 3111 2324 homine
3149 2283 3255 2324 non
3291 2280 3447 2339 posse
3475 2266 3797 2336 praedicari,

2203 2365 2324 2434 quia
2355 2378 2476 2419 cum
2519 2363 2719 2419 dixeris
2762 2363 2923 2417 homo
2955 2364 3115 2417 homo
3143 2362 3318 2431 bipes,
3361 2359 3469 2414 tale
3498 2368 3579 2414 est
3637 2358 3792 2428 quasi

2205 2458 2385 2524 dicas,
2422 2457 2586 2512 homo
2614 2457 2767 2527 bipes
2789 2455 2958 2526 bipes,
2992 2455 3135 2526 quod
3164 2462 3247 2510 est
3293 2455 3665 2524 incongruum.

2283 2548 2478 2604 Verum
2506 2560 2577 2604 est
2607 2559 2779 2604 autem
2808 2549 2974 2603 dicere
3002 2549 3065 2603 de
3091 2548 3266 2619 aliqua
3301 2555 3350 2601 et
3377 2546 3702 2615 simpliciter,
3742 2555 3795 2598 ut

2206 2644 2478 2715 quemdam
2509 2642 2766 2696 hominem
2795 2642 3071 2711 hominem,
3101 2650 3193 2695 aut
3220 2640 3489 2710 quemdam
3510 2638 3685 2692 album
3709 2637 3796 2691 ho-

2209 2740 2391 2792 minem
2416 2738 2673 2791 hominem
2702 2737 2899 2792 album.

2284 2833 2490 2889 Dudum
2521 2833 2771 2904 qumsivit
2794 2843 2970 2887 utrum
3011 2832 3193 2886 omnia
3216 2845 3335 2901 quae
3370 2828 3641 2901 sigillatim
3667 2841 3794 2882 vere

2212 2928 2572 2998 praedicantur
2614 2943 2675 2982 ea
2724 2926 2909 2997 juncta
2961 2926 3227 2981 veraciter
3268 2923 3596 2978 dicerentur.
3647 2919 3795 2975 Nunc

2208 3032 2386 3075 autem
2411 3019 2715 3075 considerat
2738 3027 2899 3088 atque
2926 3018 3208 3089 perpendit
3236 3025 3415 3071 utrum
3446 3015 3627 3069 omnia
3650 3028 3792 3083 qute-

2208 3132 2421 3186 cuuque
2443 3115 2599 3171 simul
2627 3129 2754 3171 vere
2782 3113 3055 3177 dicuntur,
3079 3122 3135 3168 et
3164 3111 3484 3182 simpliciter
3510 3123 3639 3165 vere
3660 3122 3795 3177 prte-

2206 3213 2476 3268 dicentur.
2510 3213 2748 3267 Dicimus
2791 3212 2935 3266 enim
2978 3211 3258 3267 Socratem
3290 3208 3574 3281 quemdam
3618 3206 3791 3261 homi-

2207 3322 2326 3361 nem
2369 3320 2510 3373 esse,
2560 3314 2615 3361 et
2659 3321 2845 3360 rursus
2890 3304 3207 3374 simpliciter
3250 3303 3476 3359 dicimus
3519 3302 3794 3359 Socratem

2208 3401 2479 3455 hominem
2530 3409 2671 3454 εεεε.
2718 3398 2924 3453 Rursus
2965 3397 3210 3465 dicimus,
3246 3396 3392 3453 verbi
3437 3396 3631 3467 gratia,
3680 3393 3794 3449 Cal-

2208 3492 2331 3546 liam
2356 3491 2535 3546 album
2563 3491 2832 3545 hominem
2857 3503 2998 3555 esse,
3023 3498 3077 3545 et
3095 3489 3162 3545 de
3186 3504 3251 3544 eo
3277 3484 3456 3544 albuin
3481 3488 3795 3558 simpliciter

2208 3584 2584 3654 praedicamus,
2619 3580 2849 3635 dicimus
2894 3581 3062 3647 enim,
3093 3580 3293 3636 Callias
3324 3580 3475 3634 albus
3505 3588 3609 3635 est.
3638 3580 3796 3645 Qua:-

2210 3677 2279 3732 rit
2318 3692 2447 3747 ergo
2496 3687 2674 3731 utrum
2721 3674 2822 3729 hoc
2863 3674 2913 3728 in
2965 3673 3216 3728 omnibus
3259 3687 3377 3728 esse
3421 3672 3687 3738 videatur,
3740 3680 3796 3727 ut

2206 3785 2537 3842 quaecunque
2566 3782 2749 3825 verum
2780 3779 2864 3824 est
2886 3768 3074 3839 juncta
3101 3768 3417 3837 praedicare,
3441 3766 3627 3822 eadem
3661 3780 3794 3835 quo-

2206 3878 2309 3932 que
2336 3877 2521 3917 verum
2578 3862 2647 3915 sit
2695 3861 3012 3931 simpliciter
3056 3860 3273 3925 dicere;
3321 3860 3417 3913 sed
3464 3859 3565 3915 hoc
3600 3859 3792 3914 nonin

2206 3955 2454 4010 omnibus
2485 3954 2717 4009 eveniet.
2760 3953 2890 4007 Nam
2943 3957 2987 4007 si
3018 3968 3119 4022 qua
3156 3951 3461 4023 hujusmodi
3508 3953 3579 4006 sit
3607 3950 3796 4022 pracdi-

2207 4047 2365 4111 catio,
2394 4046 2447 4101 in
2477 4060 2580 4116 qua
2620 4044 2819 4119 aliquid
2849 4045 3150 4115 oppositum
3195 4045 3423 4099 addatur
3471 4045 3572 4113 ipsi
3606 4044 3796 4114 praedi-

2208 4139 2425 4204 cationi,
2456 4147 2652 4207 praeter
2681 4138 2808 4192 illud
2842 4139 3166 4208 oppositum,
3201 4138 3520 4207 simpliciter
3542 4137 3628 4191 illa
3656 4152 3794 4206 prae-

2209 4232 2405 4287 dicatio
2434 4248 2538 4287 non
2578 4241 2753 4303 potest
2776 4232 3081 4303 praedicari,
3117 4241 3173 4286 ut
3202 4233 3245 4286 si
3276 4232 3394 4302 quis
3422 4232 3563 4286 dicat
3595 4231 3657 4285 de
3690 4231 3796 4287 So-

2209 4338 2357 4382 crate
2400 4328 2507 4398 jam
2551 4338 2787 4395 mortuo,
2834 4330 3087 4399 quoniam
3134 4330 3238 4384 hoc
3270 4329 3409 4397 quod
3436 4328 3599 4399 jacet,
3634 4329 3795 4383 homo

2206 4430 2450 4476 mortuus
2478 4430 2580 4490 εει,
2607 4435 2733 4476 vere
2753 4420 2904 4488 dicit,
2934 4422 3253 4491 simpliciter
3276 4431 3451 4475 autem
3478 4422 3655 4475 dicere
3685 4435 3791 4473 non

509 4493 669 4546 homo
698 4501 801 4586 εει.
825 4489 970 4586 ‘Nam
994 4490 1043 4543 in
1070 4491 1292 4586 Socrate
1319 4491 1460 4545 inest
1486 4491 1720 4586 hominis
1751 4506 1962 4547 natura.
1996 4494 2095 4549 ναι
2130 4527 2183 4586 D
2209 4523 2404 4581 potest,
2451 4513 2552 4567 hoc
2582 4512 2724 4582 quod
2763 4512 2908 4583 jacet
2959 4489 3120 4567 homo
3172 4525 3273 4568 est.
3309 4513 3510 4567 “circa
3541 4512 3793 4582 quoniam

508 4602 692 4641 rursus
738 4583 873 4639 side
902 4584 1083 4654 aliquo
1133 4583 1380 4649 hom’ne,
1424 4585 1554 4639 velit
1583 4585 1774 4656 aliquis
1822 4586 2095 4641 hominem

507 4681 823 4753 praedicare,
868 4688 922 4733 et
952 4694 1135 4733 rursus
1162 4679 1392 4743 animal,
1440 4692 1493 4733 et
1523 4679 1688 4741 dicat,
1722 4680 1902 4745 humu,
1937 4679 2099 4735 homo

508 4785 609 4837 εει,
641 4783 695 4826 ct
733 4774 953 4826 animal.
990 4772 1158 4826 llomo
1203 4770 1344 4826 enim
1384 4770 1524 4826 idem
1566 4771 1817 4841 estquod
1867 4773 2092 4838 animal;

507 4880 633 4936 ergo
657 4865 745 4934 qui
776 4863 892 4917 lucc
922 4862 1029 4918 duo
1048 4863 1229 4931 juncta
1257 4864 1548 4931 componit,
1576 4864 1709 4918 nihil
1735 4864 1913 4939 diﬁ‘ert
1938 4880 2098 4934 quam

508 4958 549 5009 si
603 4960 781 5021 dicat,
828 4955 987 5009 homo
1032 4955 1227 5008 animal
1258 4955 1453 5009 animal
1502 4965 1603 5009 εει.
1646 4957 1689 5010 Η
1730 4973 1816 5009 mo
1867 4972 2099 5028 namque

510 5049 703 5103 animal
727 5059 831 5103 est.
867 5048 1065 5102 Eodem
1094 5047 1255 5102 modo
1286 5056 1338 5102 ει
1368 5050 1412 5109 si
1444 5048 1507 5103 .le
1532 5049 1714 5117 aliquo
1760 5049 2099 5119 humineho-

512 5143 708 5195 tuinem
754 5139 1010 5210 praedicet
1051 5139 1277 5209 aliquis,
1309 5149 1365 5195 et
1407 5156 1593 5195 rursus
1638 5141 1906 5212 bipedem,
1940 5151 2099 5213 atque

515 5234 627 5289 haec
650 5236 830 5303 juncta
861 5232 988 5286 velit
1014 5232 1216 5294 dicere.
1246 5232 1598 5302 incongruam
1643 5234 1809 5290 faciet
1832 5234 2097 5303 praedica-

515 5328 735 5381 tionem.
768 5324 909 5379 Nihil
947 5323 1088 5377 enim
1138 5324 1282 5378 aliud
1326 5323 1485 5391 dicit,
1540 5325 1625 5394 qui
1659 5324 1893 5393 dixerit,
1940 5327 2102 5382 homo

517 5420 677 5475 homo
695 5418 845 5488 bipes
874 5426 975 5481 est,
1004 5431 1161 5487 quam
1186 5416 1230 5471 si
1263 5417 1427 5483 dicat,
1462 5420 1621 5473 homo
1648 5419 1797 5488 bipes
1822 5421 1969 5491 bipes
1994 5431 2096 5491 est,

519 5515 716 5569 etenim
745 5515 904 5567 homo
930 5511 1081 5581 bipes
1110 5522 1210 5565 εει.
1247 5510 1426 5579 Quare
1457 5528 1626 5581 neque
1653 5529 1713 5567 ea
1744 5530 1863 5582 qua:
1893 5515 1943 5569 in
1988 5516 2103 5583 ipsa

520 5607 817 5679 prolatione
849 5607 902 5661 in
964 5606 1133 5661 altero
1168 5605 1347 5659 insunt
1390 5621 1508 5660 cum
1554 5618 1706 5661 extra
1748 5608 2106 5677 prmdicantur

522 5711 667 5756 reete
702 5697 1018 5769 junguntur,
1065 5712 1165 5754 nec
1195 5712 1255 5755 ea
1293 5712 1414 5768 quae
1466 5701 1515 5752 in
1550 5699 1849 5769 prolatione
1890 5700 2104 5772 quidem

524 5811 631 5851 non
670 5802 828 5859 sunt,
875 5792 970 5847 sed
1015 5803 1217 5848 tantum
1266 5793 1318 5851 in
1358 5802 1545 5856 natura
1585 5802 1746 5870 atque
1784 5795 2101 5855 substantia.

2209 4607 2447 4661 additum
2479 4616 2561 4661 cst
2607 4606 2914 4677 prmdicato,
2961 4607 3011 4661 id
3043 4618 3127 4663 est
3172 4608 3396 4671 homini,
3442 4608 3491 4661 id
3530 4607 3664 4676 quod
3700 4606 3795 4661 bo-

2210 4699 2339 4753 mini
2366 4699 2671 4770 oppositum
2696 4707 2798 4763 est,
2825 4698 2875 4753 id
2906 4710 2988 4754 est
3012 4708 3274 4754 mortuus.
3313 4700 3522 4754 Dictum
3555 4709 3633 4752 cst
3654 4698 3793 4751 enim

2210 4794 2311 4847 hoc
2339 4793 2478 4863 quod
2503 4792 2647 4862 jacet
2674 4792 2834 4846 homo
2858 4801 3100 4847 mortuus
3130 4801 3233 4847 est.
3267 4791 3508 4846 Mortuus
3537 4800 3705 4844 autem
3739 4797 3794 4843 et

2210 4878 2372 4941 homo
2396 4887 2639 4957 opposita
2664 4886 3058 4956 quodammodo
3085 4896 3229 4941 sunt.
3260 4885 3389 4940 Nam
3419 4885 3463 4939 si
3495 4899 3673 4940 eorum
3698 4884 3793 4937 de-

2210 4980 2481 5035 ﬁnitiones
2512 4994 2807 5046 sumamus,
2835 4978 2991 5035 facile
3014 4979 3115 5034 hoc
3143 4979 3373 5049 perspici
3402 4988 3598 5049 potest.
3621 4975 3794 5030 llomo

2210 5089 2442 5144 namque
2491 5081 2575 5127 est
2623 5073 2918 5137 animatus,
2972 5081 3215 5127 mortuus
3262 5087 3391 5127 vero
3438 5080 3631 5141 praeter
3670 5066 3791 5120 ani-

2210 5183 2395 5223 mam:
2442 5176 2602 5237 atque
2648 5168 2769 5223 ideo
2821 5168 3071 5237 quoniam
3119 5167 3362 5237 quardam
3412 5176 3494 5222 est
3533 5162 3793 5234 oppositio

2210 5261 2502 5316 secundum
2550 5258 2903 5330 privationem
2949 5269 3111 5329 atque
3160 5260 3420 5327 habitum,
3469 5257 3694 5314 hominis
3735 5264 3792 5310 et

2210 5355 2408 5408 mortui
2464 5364 2518 5408 et
2570 5363 2792 5421 utraque
2836 5352 2995 5407 simul
3036 5367 3163 5408 vere
3210 5352 3587 5421 praedicantur,
3628 5362 3790 5403 uuutn

2212 5450 2471 5519 ipsorum,
2505 5447 2646 5518 quod
2680 5455 2762 5502 est
2794 5446 2974 5513 homo,
2994 5447 3309 5518 simpliciter
3340 5457 3393 5503 et
3422 5457 3617 5517 praeter
3644 5456 3790 5499 utor-

2211 5552 2359 5595 tnum
2401 5543 2467 5596 de
2508 5540 2771 5596 cadavere
2802 5556 2906 5596 non
2956 5550 3131 5611 potest
3160 5541 3462 5613 praedicari,
3506 5550 3660 5612 atque
3687 5536 3790 5591 hoc

2210 5635 2618 5762 eilllflltiltfdam‘em
2649 5723 2867 5780 semper,
2899 5726 2987 5764 sea
3029 5710 3236 5779 quando
3262 5711 3317 5762 in
3359 5710 3565 5781 adjecto
3600 5700 3788 5774 aliquid
3842 5742 3855 5752 .

2211 5799 2415 5868 quidem
2470 5800 2825 5873 apparitorum
2854 5801 2984 5865 inest
3013 5802 3151 5875 quod
3171 5802 3494 5874 consequitur
3531 5792 3787 5855 contradi-
