3982 6334
178 315 267 366 5ὗ1

896 315 901 320 “
938 311 1003 368 ΙΝ
1046 312 1297 370 UERUM
1336 309 1425 368 DE
1464 297 2108 366 INTERPRETATIONE
2150 305 2377 363 ΕΒΙΤΙΟ
2416 305 2648 364 PRIMA.

3338 310 3439 364 1362

177 428 293 490 ctio,
317 439 416 478 non
444 436 637 489 verum,
660 422 751 477 sed
777 424 968 493 falsum
997 434 1093 489 est,
1115 434 1167 479 ut
1193 426 1446 479 hominem
1467 431 1747 485 mortuum,
1779 414 1842 483 Α⁹
1857 418 2089 477 fortasse
2117 420 2343 489 dixerit,
2375 431 2429 478 et
2456 438 2643 479 rursus
2661 413 2751 480 hic
2778 409 2933 481 albus
2952 433 3055 481 est.
3091 425 3203 481 Hoc
3226 441 3439 496 ququ

179 520 425 574 hominem
442 518 625 571 dicere.
657 516 875 582 Quando
896 528 1067 572 autem
1091 534 1193 573 non
1213 530 1309 584 est,
1338 534 1512 573 verum
1533 524 1627 570 est.
1656 514 1751 570 Vel

175 612 320 664 etiam
362 608 567 678 quando
606 608 759 675 inest,
804 624 1004 680 semper
1047 625 1151 665 non
1183 626 1358 664 verum
1396 618 1505 674 est;
1547 606 1752 678 quando

176 716 285 755 vero
308 717 410 754 non
444 702 598 764 inest,
636 716 736 754 non
766 716 964 769 semper
988 718 1165 756 verum
1192 710 1287 767 est,
1316 710 1372 755 ut
1406 699 1661 755 Homerus
1682 706 1756 752 est

178 792 392 863 aliquid,
431 802 487 844 ut
525 802 694 863 poeta,
725 808 847 861 ergo
874 794 1026 846 etiam
1059 802 1153 860 est,
1202 810 1268 847 an
1300 807 1436 857 non;
1473 792 1755 846 secundum

179 887 406 941 accidens
455 886 591 938 enim
632 885 945 956 praedicatur
988 901 1093 940 esse
1135 888 1199 939 de
1239 884 1467 939 Homero
1509 884 1755 955 quon’am

179 988 247 1032 est
269 986 435 1047 poeta,
459 976 548 1030 sed
579 992 681 1029 non
713 976 997 1031 secundum
1018 992 1071 1031 se
1100 977 1411 1046 prtedicatur
1434 974 1498 1030 de
1526 973 1755 1029 Homero

179 1069 416 1137 quoniam
444 1074 537 1122 est.

246 1158 376 1227 Qua:
409 1170 656 1231 utraque,
687 1159 739 1215 id
768 1170 853 1217 est
878 1170 934 1216 et
963 1160 1306 1231 praedicatum
1347 1169 1402 1215 et
1426 1160 1569 1229 quod
1603 1158 1757 1215 addi-

185 1263 266 1307 tur
296 1252 605 1322 praedicata,
648 1267 711 1308 ex
755 1254 868 1321 ipsa
896 1254 1234 1323 oppositione
1273 1251 1628 1307 contradictio
1667 1265 1761 1305 co-

183 1347 419 1413 mitatur,
449 1355 506 1402 ut
530 1346 781 1418 quoniam
805 1347 969 1402 homo
999 1354 1056 1402 et
1077 1357 1320 1402 mortuus
1346 1346 1590 1417 Opposita
1614 1353 1757 1407 sunt,

183 1456 243 1497 ea
266 1439 508 1510 quaedam
544 1439 832 1495 comitatur
861 1449 1021 1510 atque
1047 1439 1399 1509 consequitur
1420 1454 1515 1508 per
1545 1436 1763 1507 opposi-

186 1534 381 1589 tionem
399 1531 773 1588 contradictio.
801 1531 1038 1588 Dicimus
1066 1531 1232 1598 enim,
1265 1531 1356 1601 qui
1390 1531 1551 1585 homo
1577 1539 1659 1584 est
1686 1528 1761 1583 vi-

188 1629 284 1693 vit,
323 1628 415 1696 qui
441 1636 682 1682 mortuus
709 1636 792 1681 est
836 1639 940 1680 non
980 1625 1140 1690 vivit;
1172 1623 1305 1678 vivit
1336 1631 1515 1678 autem
1561 1630 1615 1677 et
1653 1633 1761 1677 non

189 1721 342 1788 vivit,
372 1718 611 1790 quaedam
655 1718 1011 1775 contradictio
1049 1728 1149 1775 est.
1186 1716 1329 1789 Ergo
1369 1718 1422 1772 in
1456 1715 1760 1787 hujusmodi

1857 528 2042 570 verum
2084 523 2167 570 est
2206 513 2407 584 dicere,
2439 517 2641 573 idcirco
2676 520 2925 588 quoniam
2966 518 3034 573 de
3073 533 3139 573 eo
3178 533 3281 572 non
3315 519 3439 573 ideo

1858 604 2036 660 album
2079 605 2423 677 praedicavit,
2454 608 2578 677 quia
2619 609 2755 665 dixit
2781 610 2927 665 illum
2975 624 3096 664 esse
3140 608 3437 677 hominem,

1857 698 1999 754 sicut
2023 698 2091 754 de
2120 698 2375 766 Homero,
2400 700 2600 754 idcirco
2626 716 2744 755 esse
2774 701 3113 769 prmdicatur,
3136 701 3259 769 quia
3283 708 3440 770 poeta

1857 802 1978 843 esse
2006 788 2223 857 dicitur,
2248 789 2345 846 sed
2378 791 2519 861 quod
2554 805 2649 862 per
2676 807 2734 847 se
2757 792 2911 847 albus
2936 802 3047 855 est;
3079 792 3173 847 sed
3203 792 3307 846 hoc
3332 805 3441 845 non

1858 881 2151 936 secundum
2201 881 2450 938 accidens
2490 884 2838 952 praedicatur,
2877 884 2973 940 sed
3014 900 3107 954 per
3150 899 3230 939 se.
3266 884 3446 951 Quare

1859 981 2009 1029 recte
2052 973 2251 1029 dictum
2289 983 2374 1031 est
2412 975 2466 1030 in
2507 976 2698 1047 quibus
2733 978 2933 1048 junctis
2971 977 3445 1049 praedicationibus

1860 1080 2038 1136 neque
2079 1069 2349 1139 oppositio
2387 1071 2630 1141 quaedam
2670 1072 2827 1136 inest,
2869 1087 2969 1127 nec
3011 1073 3124 1143 ipsa
3167 1089 3261 1142 per
3303 1073 3445 1129 acci-

1862 1160 1996 1217 dens
2019 1162 2334 1232 praedicatio
2354 1171 2457 1230 est,
2487 1165 2575 1218 illa
2599 1165 2914 1235 simpliciter
2935 1166 3098 1220 etiam
3124 1180 3279 1237 posse
3293 1179 3446 1236 pra-

1862 1254 2056 1311 dicari.
2086 1254 2239 1321 Quod
2268 1267 2445 1312 autem
2476 1273 2580 1312 non
2620 1267 2724 1327 est,
2766 1258 3018 1328 quoniam
3052 1259 3317 1328 opinabile
3336 1266 3443 1323 est,

1861 1360 1972 1401 non
2020 1354 2105 1402 est
2149 1362 2334 1403 verum
2381 1347 2562 1405 dicere
2609 1354 2731 1406 esse‘
2754 1349 2977 1421 aliquid.
3008 1349 3256 1420 Opinatio
3303 1351 3448 1405 enim

1863 1451 1968 1493 non
1998 1447 2101 1504 est,
2128 1440 2378 1509 quoniam
2403 1450 2507 1506 est,
2540 1441 2633 1495 sed
2662 1442 2918 1513 quoniam
2954 1457 3059 1497 non
3087 1451 3187 1496 est.
3218 1441 3448 1509 Quidam

1863 1535 2106 1589 volentes
2144 1533 2194 1588 id
2228 1534 2369 1604 quod
2418 1549 2527 1589 non
2566 1545 2668 1602 est,
2712 1537 2892 1606 aliquo
2935 1536 3095 1591 modo
3135 1550 3256 1589 esse
3294 1548 3448 1588 mon-

1863 1636 2057 1696 strare,
2087 1626 2176 1681 tali
2202 1627 2486 1683 utebantur
2518 1628 2845 1700 syllogismo,
2875 1631 3017 1701 quod
3046 1639 3151 1694 est,
3176 1626 3449 1698 opiuabile

1866 1729 1972 1775 est.
2004 1719 2411 1777 Concludebant
2435 1723 2576 1793 quod
2614 1738 2720 1777 non
2752 1733 2835 1778 est
2863 1723 3023 1793 igitur
3058 1732 3162 1790 est,
3195 1722 3451 1776 docentes

191 1811 656 1882 praedicationibus
709 1826 814 1867 non
862 1823 944 1867 est
999 1826 1186 1866 verum
1242 1826 1406 1866 unum
1450 1810 1773 1880 simpliciter
1798 1793 1850 1856 Β
1877 1827 1939 1868 ea
1969 1828 2089 1884 quae
2128 1827 2333 1882 essent,
2367 1816 2570 1870 scibilia
2608 1816 2806 1898 potius,
2848 1832 2951 1871 non
2979 1814 3265 1886 opinabilis
3295 1826 3446 1878 esse;

188 1901 491 1973 praedicari.
521 1902 745 1971 Quando
785 1910 964 1959 autem
1002 1901 1307 1972 hujusmodi
1347 1902 1673 1974 oppositioni
1718 1900 1769 1957 ei

188 1994 330 2065 quod
378 1994 723 2066 praedicatur,
776 2010 882 2050 non
929 1995 1195 2067 jungitur,
1241 2004 1416 2064 potest
1456 1993 1773 2065 simpliciter

190 2103 318 2144 vere
351 2087 657 2158 praedicari,
685 2087 780 2143 sed
814 2101 914 2143 nec
942 2088 1044 2142 hoc
1068 2102 1304 2159 semper,
1337 2088 1613 2157 magisque
1639 2082 1773 2140 illud

191 2183 369 2239 verius
396 2181 613 2248 dicitur,
645 2183 899 2253 quoniam
930 2197 1053 2237 cum
1093 2183 1191 2237 ista
1218 2180 1487 2250 oppositio
1506 2187 1610 2245 est,
1636 2193 1775 2233 nun-

191 2288 350 2345 quam
378 2288 564 2329 verum
602 2284 686 2330 est
721 2289 909 2331 eorum
947 2289 1068 2344 quae
1094 2274 1279 2345 juncta
1313 2288 1439 2329 vere
1469 2271 1772 2342 praedican-

195 2377 302 2434 tur,
343 2367 661 2437 simpliciter
692 2384 816 2424 vere
858 2369 1057 2440 aliquid
1100 2368 1380 2438 appellari.
1420 2368 1554 2423 Cum
1597 2377 1775 2421 autem

199 2462 303 2515 ista
329 2462 600 2530 oppositio
627 2477 733 2516 non
759 2462 918 2527 inest,
943 2477 1047 2517 non
1076 2476 1289 2532 semper
1311 2476 1438 2517 vere
1463 2459 1777 2530 simpliciter

198 2552 480 2622 pradicari
510 2568 694 2609 eorum
735 2552 957 2624 aliquid,
982 2568 1101 2624 quae
1127 2553 1194 2609 de
1228 2554 1410 2623 aliquo
1439 2568 1565 2609 vere
1593 2555 1777 2622 juncta

198 2645 472 2701 dicuntur.
499 2647 553 2702 Si
577 2647 696 2717 quis
723 2647 865 2703 enim
895 2647 972 2703 sic
1001 2648 1177 2703 dicat:
1204 2646 1468 2703 Homerus
1494 2657 1648 2718 poeta
1672 2655 1776 2713 est,

195 2753 383 2795 verum
413 2738 643 2804 dixerit;
675 2739 815 2809 quod
850 2738 895 2794 si
924 2740 1104 2795 dicat:
1128 2739 1389 2795 Homerus
1410 2748 1493 2795 est
1520 2738 1778 2807 simpiici-

196 2843 283 2891 ter
308 2844 505 2905 praeter
535 2843 768 2904 poetam,
800 2834 988 2889 falsum
1013 2844 1120 2888 est.
1156 2831 1318 2904 Atqui
1348 2846 1467 2888 esse
1514 2842 1569 2888 et
1600 2842 1777 2902 poeta,

196 2946 311 2984 non
340 2938 467 2984 sunt
493 2930 758 2998 opposita.
785 2928 925 2998 Ergo
954 2942 1061 2984 non
1085 2942 1300 2998 semper
1321 2925 1535 2998 quando
1567 2927 1783 2996 opposi-

201 3021 282 3074 tio
313 3035 417 3074 nou
448 3027 531 3074 est
560 3020 609 3072 in
639 3018 963 3088 praedicatis,
1006 3032 1191 3073 verum
1234 3026 1317 3071 est
1353 3015 1552 3088 aliquid
1575 3013 1779 3085 simpli-

197 3114 345 3169 citer
369 3112 663 3183 praedicari.
694 3114 828 3168 Cum
864 3120 1040 3167 autem
1070 3110 1339 3181 oppositio
1371 3111 1532 3175 inest,
1563 3124 1780 3178 semper
1814 3138 1823 3183 ς

198 3204 399 3261 falsum
436 3215 517 3261 est
557 3220 719 3261 unum
760 3203 1295 3273 prmdicamcntorum
1337 3218 1457 3272 quae
1493 3202 1673 3272 juncta
1705 3200 1788 3255 di-

198 3307 422 3367 cuntur,
452 3296 767 3367 simpliciter
794 3306 847 3352 et
879 3305 1073 3366 printer
1098 3294 1242 3350 aliud
1270 3293 1472 3351 dicere.
1496 3293 1629 3349 Nam
1664 3306 1786 3347 cum

200 3390 273 3445 de
305 3389 538 3445 Homero
563 3389 792 3444 dicimus
814 3388 1066 3459 quoniam
1090 3396 1173 3442 est
1200 3385 1419 3457 aliquid,
1457 3384 1509 3439 id
1540 3395 1624 3441 est
1650 3400 1788 3454 quo-

199 3484 350 3539 niam
379 3484 645 3541 Homerus
674 3492 833 3554 poeta
862 3493 968 3552 est,
999 3497 1182 3537 verum
1213 3492 1317 3538 est.
1352 3481 1602 3551 Nunquid
1628 3478 1788 3535 etiam

199 3573 494 3631 dicendum
530 3584 614 3630 est
657 3590 753 3646 per
797 3588 857 3630 se
885 3576 1138 3644 quoniam
1188 3581 1291 3637 est,
1334 3589 1401 3628 an
1451 3575 1629 3643 potius
1670 3587 1791 3627 esse

200 3667 687 3739 nonsimpliciter,
718 3667 814 3722 sed
841 3666 1134 3724 secundum
1176 3665 1427 3721 accidens
1452 3666 1517 3720 de
1561 3666 1791 3719 Homero

201 3759 558 3829 praedicatum
596 3768 699 3817 est.
734 3758 848 3813 Non
880 3760 1021 3815 enim
1054 3758 1177 3829 quia
1220 3768 1322 3821 est,
1359 3756 1453 3813 sed
1482 3758 1603 3827 quia
1637 3765 1791 3827 poeta

200 3860 315 3921 est,
351 3860 406 3907 et
429 3854 680 3923 quoniam
706 3851 755 3908 ei
776 3860 832 3907 et
863 3860 1015 3921 poeta
1044 3865 1164 3906 esse
1192 3850 1404 3905 accidit.
1437 3850 1644 3905 Idcirco
1674 3863 1795 3906 esse

204 3942 433 4014 quoque
458 3946 748 4001 Homerum
773 3944 995 4016 aliquid,
1020 3943 1072 3999 id
1100 3954 1178 3999 est
1211 3952 1445 4014 poetam,
1479 3959 1585 3998 non
1618 3957 1715 4013 per
1737 3956 1797 4000 se

202 4051 340 4091 esse
362 4038 749 4105 praedicamus;
777 4037 1044 4093 concludit
1066 4037 1225 4107 igitur
1250 4038 1350 4092 hoc
1377 4037 1537 4092 modo
1563 4054 1576 4090 :

296 4129 468 4196 Quare
502 4131 555 4184 in
590 4131 965 4202 quibuscunque
1008 4132 1301 4199 prtedicatis
1330 4130 1658 4184 contrarietas
1698 4144 1800 4183 non

203 4226 381 4286 inest,
432 4222 476 4275 si
515 4221 826 4289 deﬁnitiones
873 4238 968 4294 pro
1009 4223 1297 4276 nominibus
1337 4222 1586 4282 dicantur,
1627 4229 1677 4273 et
1719 4234 1801 4273 se-

202 4314 448 4385 cundum
487 4332 541 4370 se
579 4316 958 4383 pmdicantur,
1002 4324 1049 4370 et
1102 4333 1203 4370 non
1244 4316 1521 4371 secundum
1563 4314 1802 4369 accidens

202 4410 285 4463 in,
307 4409 388 4462 Isis
422 4410 642 4479 aliquid,
674 4419 719 4465 et
751 4411 1051 4481 simpliciter
1088 4427 1262 4465 verum
1310 4410 1400 4465 erit
1432 4410 1618 4463 dicere.
1652 4408 1803 4475 Quod

203 4508 391 4552 autent
416 4515 516 4553 non
557 4510 657 4570 est,
691 4502 931 4568 quoniam
962 4502 1215 4573 opinabile
1254 4512 1346 4569 est,
1388 4518 1486 4555 non
1524 4510 1598 4555 est
1629 4515 1800 4554 verum

203 4590 395 4646 dicere
425 4608 532 4649 esse
569 4593 788 4663 aliquid.
822 4593 1063 4664 Opinatio
1091 4596 1225 4647 enim
1256 4595 1367 4665 ejus
1409 4602 1500 4656 est,
1541 4607 1642 4646 non
1674 4607 1803 4662 quo-

204 4685 365 4737 niam
389 4693 481 4747 est,
509 4684 599 4738 sed
618 4684 861 4754 quoniam
890 4701 995 4738 non
1022 4697 1114 4739 est.

297 4772 356 4826 In
383 4772 700 4843 quibusdam
737 4776 879 4829 enim
911 4775 1215 4830 nominibus
1253 4774 1409 4829 dictis
1440 4790 1542 4829 non
1588 4782 1811 4843 apparet

205 4866 529 4936 oppositio:
556 4867 697 4936 quod
721 4866 767 4921 si
796 4866 1140 4935 deﬁniantur,
1174 4882 1295 4922 mox
1326 4881 1447 4922 sese
1469 4866 1560 4920 illa
1585 4865 1809 4935 opposi-

208 4958 305 5012 tio
330 4957 600 5026 patefacit,
624 4958 757 5012 utin
789 4973 856 5013 eo
881 4957 1020 5026 quod
1042 4968 1128 5015 est
1155 4960 1315 5013 homo
1341 4970 1395 5014 et
1421 4967 1686 5019 mortuus,
1714 4970 1812 5011 no.

209 5048 379 5104 mina
423 5046 638 5118 quidem
670 5049 785 5118 ipsa
834 5050 1081 5119 opposita
1121 5067 1224 5104 non
1266 5061 1408 5114 sunt,
1458 5049 1553 5105 sed
1589 5048 1809 5105 delinita

207 5138 579 5195 inveniuntur
601 5150 869 5210 opposua.
896 5140 955 5196 In
986 5140 1289 5211 hujusmodi
1324 5142 1484 5212 igitur
1512 5142 1810 5211 oppositio-

211 5232 397 5287 nibus
420 5232 501 5287 vel
529 5231 740 5302 quoties
762 5247 867 5287 non
897 5233 1192 5287 secundum
1221 5232 1472 5288 accidens
1491 5233 1815 5303 praedicatur

204 5322 453 5393 aliquid,
486 5333 542 5378 ut
566 5338 688 5379 esse
719 5326 786 5380 de
818 5324 1052 5380 Homero
1080 5324 1374 5380 secundum
1398 5332 1632 5393 poetam,
1666 5322 1816 5377 scili-

207 5427 322 5475 cet
345 5418 487 5489 quod
524 5418 755 5473 Ilomero
794 5418 1051 5474 accidens
1079 5427 1183 5483 est,
1215 5417 1313 5473 sed
1347 5432 1440 5487 per
1466 5431 1526 5472 se
1555 5426 1607 5471 et
1632 5431 1818 5470 secun-

211 5514 366 5566 dum
414 5512 587 5580 ipsum
635 5511 973 5583 subjectum,
1035 5510 1377 5566 manifestum
1433 5518 1517 5567 est
1566 5509 1820 5579 quoniam

210 5600 499 5675 quidquid
529 5600 816 5671 conjuncte
848 5617 974 5656 vere
1005 5602 1108 5657 dici
1133 5608 1331 5672 potest,
1360 5599 1508 5656 idem
1538 5614 1664 5654 vere
1694 5598 1825 5653 dici-

215 5705 329 5751 tur
367 5704 419 5749 et
448 5693 760 5761 simplicucr
801 5694 1172 5763 praedicatum,
1206 5702 1266 5750 ut
1318 5694 1366 5750 si
1402 5693 1523 5764 quis
1568 5693 1712 5747 dicat
1757 5690 1826 5747 de

211 5788 420 5853 aliquo
465 5786 680 5841 nomine
711 5788 968 5856 quoniam
1001 5788 1088 5844 hic
1119 5791 1281 5847 homo
1308 5788 1461 5844 albus
1494 5798 1599 5853 cst,
1641 5802 1824 5843 verum

523 5880 798 5947 ΡΑτιιοιορ
843 5875 1065 5944 LXIV.

1872 1904 2015 1975 quod
2072 1913 2249 1960 autem
2292 1920 2402 1963 non
2457 1919 2560 1976 εει,
2600 1907 2839 1980 opinioni
2889 1916 3093 1963 tantum
3139 1907 3451 1977 subiacere,

1875 1997 2016 2051 nulla
2064 1996 2227 2052 etiam
2272 1998 2493 2054 scientia
2550 1990 2747 2054 claudi.
2792 2000 2942 2067 Quod
2994 1998 3309 2054 Aristoteles
3350 1995 3453 2053 hoc

1873 2088 2035 2144 modo
2061 2088 2284 2145 discntit
2311 2107 2325 2143 :
2357 2090 2433 2145 ait
2457 2091 2625 2157 enim,
2656 2108 2763 2146 non
2799 2093 2998 2147 idcirco
3037 2102 3118 2148 est
3160 2088 3455 2161 opinabile.

1875 2184 2128 2254 quoniam
2154 2195 2258 2247 est,
2292 2183 2387 2239 scd
2419 2183 2620 2240 idcirco
2651 2186 2923 2256 opinabile
2943 2196 3045 2250 est,
3072 2185 3322 2256 quoniam
3347 2197 3456 2238 non

1874 2289 1992 2343 est;
2028 2276 2122 2333 sed
2147 2276 2248 2332 boc
2278 2276 2419 2347 quod
2456 2293 2560 2332 non
2604 2287 2704 2345 est,
2742 2289 2825 2335 est
2858 2278 3073 2349 quidem
3110 2276 3330 2347 aliquid,
3361 2273 3456 2330 sed

1875 2379 1960 2427 est
2000 2383 2105 2425 non
2152 2383 2249 2439 per
2291 2384 2383 2430 se.
2428 2369 2521 2425 sed
2561 2370 2853 2439 opinabile.
2896 2369 2959 2425 Et
3007 2366 3456 2440 quemadmodum

1877 2462 2138 2517 Homerus
2163 2460 2374 2530 quidem
2405 2470 2488 2515 est
2516 2461 2794 2530 quiddam,
2834 2461 2884 2515 id
2922 2471 3004 2516 est
3039 2469 3219 2529 poeta,
3250 2474 3359 2513 non
3384 2467 3459 2514 ta-

1880 2568 2002 2608 men
2024 2561 2109 2607 est
2137 2567 2233 2621 per
2262 2566 2342 2618 se,
2369 2552 2439 2606 ita
2482 2551 2534 2607 id
2559 2552 2699 2623 quod
2728 2568 2833 2605 non
2871 2561 2971 2617 est,
2996 2559 3080 2606 est
3106 2550 3325 2621 quidem
3358 2549 3461 2603 ali-

1879 2644 2029 2715 quid,
2071 2644 2123 2699 id
2156 2655 2239 2699 est
2266 2644 2555 2713 opiuabile,
2600 2644 2684 2698 vel
2722 2644 3039 2714 ignorabile,
3068 2644 3153 2699 vel
3180 2641 3463 2707 nescibile.

1881 2753 1986 2793 non
2015 2746 2190 2791 tamen
2219 2746 2302 2792 est
2325 2736 2523 2805 aliquid
2555 2750 2648 2805 per
2673 2750 2733 2791 se
2760 2737 2810 2790 in
2835 2744 3045 2790 natura.
3228 2748 3273 2785 \

1883 2846 1950 2885 DE
1997 2843 2470 2886 ENUNTIATIONIBUS
2501 2842 2774 2895 HOIIORUII,
2800 2832 3108 2893 .POSSIBILIS,
3144 2841 3464 2884 CONTINGEK-

2193 2936 2299 2986 TIS,
2344 2932 2699 2984 IIIPOSSIBILIS,
2732 2934 2797 2973 ΕΤ
2830 2932 3154 2973 Νεοεεελιιιι.
3211 2956 3221 2966 .

1958 3011 2060 3067 His
2099 3027 2216 3066 vero
2253 3010 2445 3066 determ
2470 3012 2626 3077 natis,
2662 3011 3071 3082 perspiciendum
3106 3018 3180 3065 est
3221 3006 3466 3081 quemad-

1892 3104 2097 3159 modum
2144 3119 2251 3159 sese
2290 3103 2473 3157 habent
2502 3102 2861 3173 afﬁrmationes
2895 3112 2943 3155 et
2982 3102 3273 3172 negationes
3309 3099 3377 3153 ad
3415 3115 3467 3154 ss

1889 3197 2124 3261 invicem,
2156 3193 2238 3249 Ita:
2272 3194 2463 3248 scilicet
2494 3207 2607 3261 quae
2633 3200 2753 3247 sunt
2784 3193 2846 3247 de
2872 3192 3100 3264 possibili
3136 3206 3243 3244 esse
3282 3199 3326 3243 et
3369 3204 3468 3243 non

1890 3286 2138 3356 possibili,
2173 3285 2236 3337 de
2257 3284 2571 3354 contingenti
2606 3292 2653 3337 et
2684 3298 2783 3336 non
2816 3282 3152 3353 contingenti,
3180 3281 3243 3335 de
3278 3278 3469 3351 impos-

1889 3379 2027 3435 sibili
2058 3389 2105 3433 et
2136 3377 2437 3432 necessario.
2470 3373 2676 3429 Habent
2711 3375 2843 3429 enim
2876 3373 3075 3443 aliquas
3105 3373 3472 3426 dubitationes.

1965 3470 2398 3539 Propositionum
2420 3468 2537 3522 aliae
2559 3474 2685 3521 sunt
2706 3480 2826 3534 quae
2847 3464 3162 3533 simpliciter
3182 3462 3471 3531 proferun-

1895 3571 2001 3627 tur,
2045 3561 2163 3616 alias
2195 3560 2388 3631 quibus
2429 3559 2618 3628 aliquis
2652 3557 2843 3611 modus
2880 3555 2934 3608 in
2977 3555 3341 3609 enuntiatione
3369 3553 3472 3607 mi-

1893 3665 2091 3709 scetur.
2128 3653 2183 3709 Si
2215 3657 2334 3723 quis
2372 3652 2515 3705 enim
2556 3650 2734 3705 dicat:
2764 3648 3014 3720 Socrates
3040 3646 3300 3715 disputat,
3336 3644 3472 3699 sim-

1895 3748 2087 3817 plicem
2131 3742 2552 3816 propositionem
2597 3740 2754 3806 fecit;
2791 3740 2835 3793 si
2875 3752 3004 3793 vero
3053 3737 3247 3806 aliquis
3288 3735 3471 3790 dicat:

1896 3841 2146 3896 Socrates
2180 3826 2320 3892 bene
2368 3835 2627 3904 diSputat,
2660 3831 2877 3886 modum
2922 3827 3271 3900 propositioni
3307 3842 3469 3897 quam

1897 3932 2214 3989 enuntiabat
2252 3928 2524 3999 adjunxit;
2548 3925 2818 3999 quomodo
2858 3926 3000 3980 enim
3049 3924 3347 3993 disputaret
3375 3935 3475 3991 ap-

1898 4026 2093 4097 posuit,
2138 4039 2259 4078 cum
2312 4022 2442 4077 dixit
2473 4021 2628 4077 bene.
2668 4019 2819 4075 Nunc
2857 4033 2983 4087 ergo
3029 4017 3132 4071 hoc
3170 4016 3479 4087 speculatur

1898 4113 2350 4187 quemadmodum
2373 4129 2431 4167 sc
2455 4112 2649 4168 habent
2679 4109 3064 4163 alﬂrmationes
3087 4116 3143 4163 et
3166 4108 3477 4178 negationes

1902 4226 2084 4266 earum
2119 4207 2567 4278 propositionum,
2597 4219 2718 4274 qua:
2753 4217 2874 4257 cum
2907 4202 3068 4255 modo
3097 4200 3277 4271 aliquo
3304 4198 3484 4271 proice

1903 4312 2114 4366 runtur,
2145 4308 2204 4354 ut
2225 4301 2271 4353 si
2295 4299 2413 4367 quis
2434 4297 2596 4362 dicat,
2624 4295 2877 4366 possibile
2901 4304 2979 4349 est
2998 4294 3098 4348 hoc
3129 4294 3266 4358 lieri,
3292 4305 3481 4348 etrur-

1905 4408 2021 4459 sus,
2065 4407 2170 4445 non
2196 4389 2451 4461 possibile
2480 4397 2561 4444 est
2589 4388 2689 4441 hoc
2720 4386 2857 4452 ﬁeri,
2882 4384 3331 4455 quemadmodum
3364 4398 3486 4441 sese

1911 4488 1965 4542 in
1989 4485 2073 4541 his
2097 4484 2475 4540 aiﬁrmatiouis
2510 4483 2707 4536 habeat
2736 4480 3137 4549 ni-gationisque
3160 4488 3366 4533 natura.
3403 4480 3486 4533 Si-

1827 4555 1884 4617 Ῑ)
1910 4582 2105 4638 militer
2136 4589 2315 4636 autem
2356 4588 2414 4634 et
2440 4578 2494 4633 in
2530 4592 2596 4631 eo
2616 4574 2757 4647 quod
2794 4583 2875 4630 est
2911 4572 3239 4644 impossibile
3263 4587 3406 4641 esse,
3432 4580 3487 4627 et

1910 4676 1965 4731 in
1996 4690 2062 4730 eo
2101 4672 2243 4745 quod
2272 4682 2353 4728 est
2388 4684 2611 4725 necesse
2655 4684 2796 4735 esse,
2837 4676 2889 4724 et
2925 4667 2976 4721 in
3013 4681 3078 4722 eo
3115 4667 3255 4737 quod
3295 4664 3489 4719 dicitur
3550 4668 3551 4671 ‘

1912 4770 2224 4839 contingere
2270 4780 2413 4831 esse,
2455 4771 2511 4818 et
2555 4777 2658 4818 non
2705 4761 3016 4829 contingere
3059 4774 3197 4814 esse.
3255 4759 3490 4827 Qtta'que

1913 4860 2105 4917 borum
2157 4859 2264 4914 sint
2312 4856 2732 4923 alﬂrmationes,
2781 4868 2969 4924 quieve
3016 4852 3344 4923 negationes,
3400 4857 3492 4902 aut

1916 4970 2073 5023 quam
2114 4950 2525 5006 alﬂrmationem
2566 4948 2651 5003 cui
2690 4944 2959 5017 negatioui
3000 4953 3142 5000 recte
3168 4942 3359 5009 aliquis
3396 4954 3493 5007 0p-

1912 5057 2117 5120 ponat:
2152 5047 2228 5101 De
2275 5044 2356 5101 his
2400 5042 2649 5098 omnibus
2680 5038 3133 5111 perspiciendum,
3167 5034 3354 5103 inquit.
3384 5041 3486 5097 est,

1915 5142 2169 5213 quoniam
2200 5154 2259 5193 ea
2291 5153 2410 5208 qua:
2435 5138 2503 5192 de
2530 5134 2834 5205 conjunctis
2859 5142 2913 5187 ει
2939 5130 3268 5199 simplicibus
3299 5124 3492 5196 praedi-

1917 5229 2217 5286 cationibus
2260 5224 2483 5281 dicenda
2518 5224 2753 5289 fuerant,
2787 5222 3065 5276 terminata
3094 5228 3236 5273 sunt.
3270 5217 3397 5268 bam
3424 5214 3495 5269 de

1919 5338 2102 5380 earum
2146 5321 2566 5391 propositionum
2606 5333 2726 5386 qua:
2766 5329 2890 5368 cum
2931 5312 3089 5366 modo
3134 5307 3493 5378 proteruntur,

1921 5414 2366 5487 Oppositionibus,
2413 5411 2577 5467 multa
2602 5406 2838 5465 causatio
2872 5416 2973 5460 est.
3006 5406 3136 5471 Quae
3172 5410 3352 5455 autem
3396 5400 3501 5453 siut

1924 5511 2303 5572 dubitationes.
2335 5504 2419 5561 vel
2456 5499 2903 5574 quemadmodum
2944 5496 2998 5550 in
3028 5495 3113 5548 his
3141 5490 3505 5561 oppositiones

1926 5598 2259 5658 invenienda!
2293 5602 2439 5664 sunt,
2477 5592 2727 5649 continua
2763 5585 3125 5656 diSputatione
3149 5581 3502 5651 persequitur.

2002 5692 2140 5747 Nam
2170 5692 2212 5745 si
2246 5705 2416 5743 eorum
2447 5700 2562 5755 qua:
2594 5682 2999 5752 complectuntur
3028 5677 3133 5730 illa:
3161 5676 3255 5729 sibi
3297 5675 3505 5727 invicem

1931 5786 2176 5858 opposita:
2224 5790 2341 5838 sunt
2382 5774 2830 5839 contradictiones,
2883 5783 3192 5842 quiscunque
3234 5766 3508 5823 secundum

3203 5855 3277 5919 Η
