3982 6334
85 410 176 466 563i

845 402 916 462 IN
951 400 1212 461 ιιιιιιιιιι
1254 400 1340 459 DE
1376 377 2024 459 lN’lEBPBE’i‘ATlONE
2062 376 2293 446 sumo
2330 376 2565 446 pinus.

3243 380 3348 438 566

87 530 163 589 rit,
191 523 332 596 quod
362 537 459 578 nos
488 523 556 580 ab
579 521 679 578 bat:
701 519 958 590 Opinione
984 519 1274 575 dimoveat.
1314 517 1370 573 ln
1403 512 1659 572 omnibus
1690 509 1739 570 Α
1768 506 2072 583 eligendum
2092 515 2149 561 ut
2175 520 2280 561 non
2305 503 2595 585 secundum
2621 514 2744 557 esse
2766 506 2954 596 etnon
2973 512 3094 596 esse
3115 499 3349 596 liatcon-

90 621 219 674 enim
249 628 335 673 aut
365 615 649 671 afﬁrmatio
665 630 788 670 vera
812 623 914 683 est,
942 623 1033 669 aut
1056 613 1293 685 negatio.
1324 612 1381 668 ln
1409 612 1493 668 his
1509 609 1656 667 enim

89 722 315 779 utraeque
355 719 480 764 sunt
530 723 695 776 verae,
739 722 863 762 nam
911 706 1054 777 quod
1103 706 1356 772 possibile
1389 714 1473 762 est
1516 719 1659 771 esse,

87 801 329 872 possibile
356 811 435 856 est
472 815 575 855 non
604 813 744 865 esse,
770 808 828 854 ut
848 799 972 867 qttia
1004 798 1257 867 possibile
1276 809 1359 855 est
1388 798 1660 852 hominem

86 893 377 947 ambulare.
406 892 661 961 possibile
692 901 774 947 est
816 892 1088 947 hominem
1128 906 1232 946 non
1283 890 1582 956 ambulare,
1608 896 1665 945 et

88 986 224 1051 quod
264 985 514 1055 possibile
554 993 641 1040 εει
666 985 857 1051 videri,
896 985 1154 1054 possibile
1197 994 1283 1040 est
1328 999 1434 1039 non
1467 983 1662 1040 videri.

86 1077 283 1132 Rursus
304 1078 443 1149 quod
478 1078 732 1147 possibile
761 1086 844 1132 est
870 1079 1041 1133 secari
1064 1089 1118 1135 et
1147 1078 1333 1144 dividi,
1365 1086 1547 1133 etnon
1573 1091 1664 1133 se-

85 1171 187 1225 cari
229 1182 283 1226 et
320 1186 425 1225 non
470 1170 633 1225 dividi
682 1170 933 1238 possibile
964 1178 1065 1225 est.
1105 1172 1282 1237 Quare
1325 1181 1567 1241 utrmque
1611 1170 1667 1224 in

87 1263 270 1319 eodem
301 1279 439 1318 verm
465 1273 611 1328 sunt,
638 1263 890 1332 po~sihile
918 1272 1001 1317 est
1028 1278 1147 1318 esse
1196 1273 1251 1321 et
1285 1263 1543 1333 possibile
1584 1270 1669 1320 est

88 1370 190 1408 non
218 1352 519 1409 esse.’Nam
549 1354 690 1422 quod
710 1352 961 1421 dicimus,
991 1354 1250 1423 possibile
1279 1365 1361 1409 est
1388 1371 1493 1409 non
1523 1358 1665 1420 cisse,

86 1448 153 1503 ita
191 1449 595 1521 intelligendum
622 1459 706 1504 est
755 1450 887 1504 utsi
929 1448 1255 1514 diceremus,
1286 1448 1545 1520 possibile
1587 1456 1672 1503 est

88 1540 246 1595 hodie
271 1542 497 1610 pluviam
526 1557 630 1596 non
659 1554 804 1607 esse,
838 1555 959 1595 cum
989 1542 1053 1596 sit
1086 1542 1340 1610 possibile
1367 1551 1424 1598 ut
1452 1542 1540 1597 sit.
1564 1540 1672 1597 Cur

84 1644 175 1687 aut
215 1650 265 1686 ιιι
295 1632 400 1688 hoe
427 1635 497 1688 ita
527 1634 760 1697 eveniat,
802 1634 914 1702 ipse
942 1632 1301 1701 demonSIrat,
1332 1633 1518 1689 dici-ns
1546 1650 1559 1686 :

162 1728 317 1784 Ratio
341 1737 506 1782 autem
526 1738 597 1782 est
616 1730 851 1797 quoniam
876 1744 1024 1783 omne
1049 1730 1187 1799 quod
1217 1728 1291 1782 sic
1314 1726 1555 1795 possibile
1574 1735 1669 1793 est,

84 1837 187 1874 non
209 1836 407 1888 semper
425 1820 479 1873 in
506 1828 623 1873 actu
638 1828 731 1873 est.
756 1818 928 1887 Quare
958 1821 1108 1872 inerit
1134 1818 1233 1889 ipsi
1255 1819 1412 1872 etiam
1434 1818 1673 1889 negatio;

1766 601 2040 667 tradictio,
2071 599 2164 655 sed
2192 600 2370 670 potius
2396 598 2690 654 secundum
2719 594 2958 651 modum.
2989 594 3142 662 Quod
3170 602 3350 649 autem

1766 693 1922 762 dixit,
1952 695 1997 750 si
2018 709 2148 764 ergo
2183 694 2313 751 illud
2350 692 2732 761 impossibilius
2769 700 2871 756 est,
2906 688 3010 744 hoc
3045 699 3147 745 erit
3182 689 3353 758 magis

1767 786 2095 857 eligendum,
2137 800 2243 840 non
2275 786 2355 842 sic
2378 785 2580 839 dictum
2612 792 2694 839 est
2722 783 2862 854 quod
2894 793 3117 853 utraque
3151 785 3350 848 impos-

1767 882 1938 938 sibilia
1967 883 2075 937 sint
2090 891 2144 938 et
2158 881 2569 939 allirmatinuem
2585 889 2638 934 et
2660 878 2994 948 negationem
3014 892 3192 933 veram
3210 890 3350 939 esse,

1768 983 1823 1030 ει
1853 988 1959 1028 non
1989 973 2284 1028 secundum
2315 986 2457 1037 esse,
2491 971 2572 1025 Vel
2618 985 2722 1023 non
2753 984 2872 1024 esse
2916 966 3032 1023 ﬁeri
3079 965 3352 1022 cutttradi'

1769 1067 2030 1120 stionem.
2082 1062 2215 1119 illud
2252 1063 2421 1128 enim,
2465 1062 2517 1116 id
2556 1070 2639 1117 est
2674 1059 3152 1115 contradictionem
3195 1058 3355 1111 simul

1768 1171 1955 1214 veram
1998 1170 2143 1221 esse,
2182 1154 2510 1224 impossibile
2537 1163 2641 1209 est.
2675 1152 2980 1208 Secundum
3022 1166 3143 1206 es~e
3176 1161 3356 1206 autem

1774 1258 1829 1305 et
1857 1264 1965 1304 non
1993 1264 2115 1304 esse
2145 1246 2558 1302 allirmatiouem
2605 1261 2710 1301 non
2759 1246 2872 1301 ﬁeri
2921 1255 2976 1301 et
3017 1246 3357 1315 negationem

1763 1359 1883 1405 non
1908 1357 2034 1399 esse
2060 1341 2392 1409 impossibile
2423 1351 2524 1406 εει,
2556 1339 2650 1394 εεά
2674 1338 2739 1393 ad
2770 1340 2871 1394 hoc
2887 1339 3086 1403 retulit,
3116 1339 3357 1407 impossi.
3402 1408 3403 1411 η

1776 1435 1937 1491 bilius
1963 1444 2067 1502 est,
2100 1443 2350 1503 tanquam
2377 1433 2419 1486 si
2443 1433 2666 1496 diceret,
2695 1432 2870 1486 minus
2889 1433 3161 1502 possibile.
3189 1432 3359 1487 Minus

1777 1529 1919 1584 enim
1956 1527 2211 1597 pessihile
2240 1537 2322 1581 est
2348 1535 2406 1580 ut
2436 1526 2693 1595 opposita:
2727 1527 2777 1579 in
2815 1526 3009 1581 eodem
3043 1530 3361 1595 prepositio-

1779 1635 1877 1676 nes
1900 1634 2043 1673 verae
2069 1618 2197 1681 sint,
2228 1633 2387 1688 quam
2416 1628 2473 1671 ιιι
2504 1633 2608 1671 non
2650 1618 2943 1672 secundum
2997 1634 3117 1674 esse
3160 1629 3214 1675 et
3256 1638 3361 1676 non

1779 1726 1901 1767 esse
1940 1711 2251 1780 negationes
2296 1719 2583 1778 ponantur.
2627 1709 2885 1775 Quocirca
2936 1710 3239 1780 eligendum
3285 1723 3365 1766 est

1783 1803 1887 1859 hoc
1912 1803 2053 1873 quod
2083 1812 2164 1858 εει
2189 1800 2521 1871 possibilius,
2548 1812 2601 1856 ut
2626 1803 2919 1857 secundum
2946 1804 3161 1857 modum
3192 1806 3367 1874 potius

88 1924 257 1985 potest
293 1914 455 1984 igitur
470 1922 519 1969 et
544 1930 645 1968 non
681 1913 947 1969 ambulare
975 1914 1112 1984 quod
1142 1923 1213 1968 est
1257 1912 1586 1978 ambulabile,
1631 1920 1681 1967 et
1707 1898 1757 1961 Β
1783 1913 1943 1968 quam
1977 1894 2271 1951 Semildum
2301 1908 2422 1949 esse
2455 1904 2509 1949 ει
2553 1909 2660 1949 non
2700 1910 2821 1951 esse
2864 1896 3173 1966 ηεεειιίοιιεε
3217 1896 3369 1954 “amo

88 2024 188 2061 non
218 2010 377 2062 videri
400 2010 537 2079 quod
564 2018 637 2062 est
669 2008 883 2062 uisibile.
923 2009 983 2060 At
1014 2023 1131 2061 vero
1160 2006 1471 2079 impossibile
1511 1992 1680 2067 estde

87 2102 264 2155 eodem
300 2102 565 2171 appositas
594 2082 700 2155 esse
742 2117 884 2154 veras
917 2101 1179 2154 dictiones.
1226 2099 1347 2153 Non
1382 2100 1539 2171 igitur
1568 2100 1681 2166 ejus

89 2207 199 2260 qua:
221 2202 328 2254 est,
354 2191 597 2260 possibile
624 2199 698 2246 est
725 2207 861 2256 esse,
893 2192 1094 2260 negatio
1116 2200 1191 2245 est
1215 2189 1453 2259 possibile
1483 2199 1556 2243 est
1582 2204 1682 2241 non

99 2302 232 2338 isse.
263 2284 523 2353 Contingit
545 2284 678 2337 enim
709 2298 773 2337 ea:
791 2284 870 2336 Itis
894 2294 985 2337 aut
1013 2282 1147 2335 idem
1173 2282 1341 2351 ipsum
1363 2280 1616 2351 aﬂirmare
1634 2287 1684 2334 et

89 2392 274 2447 negare
301 2378 456 2430 simul
485 2378 548 2430 de
568 2375 767 2440 eodem,
793 2385 880 2428 aut
923 2391 1025 2429 non
1062 2373 1341 2428 secundum
1369 2388 1475 2428 esse
1504 2381 1552 2425 et
1581 2387 1686 2427 non

1786 1990 1938 2058 Quod
1963 1989 2081 2059 ipse
2109 1989 2317 2058 planius
2341 1988 2652 2059 exsequitur
2683 1988 2905 2045 dicens:

1862 2082 1951 2136 Es!
1986 2082 2143 2153 igitur
2166 2082 2372 2152 negatio
2402 2080 2513 2151 ejus
2534 2097 2650 2153 qua
2668 2092 2743 2136 est
2769 2082 3007 2154 possibile
3027 2101 3154 2151 esse,
3187 2100 3370 2155 sequia

1789 2184 1864 2229 εει
1893 2190 1993 2227 non
2019 2172 2256 2244 possibile
2279 2190 2358 2229 ess
2378 2195 2408 2240 υ,
2451 2183 2499 2230 ει
2529 2190 2628 2229 nou
2666 2190 2727 2228 ea
2751 2191 2863 2245 qua:
2892 2185 2966 2229 est
2998 2177 3236 2246 possibile
3268 2194 3372 2233 non

1792 2280 1921 2319 esse.
1956 2263 2149 2318 Eadem
2173 2280 2374 2336 quoque
2394 2268 2527 2319 ratio
2548 2276 2619 2321 est
2642 2268 2694 2321 in
2718 2284 2775 2323 eo
2804 2272 2939 2340 quod
2961 2280 3035 2324 est
3078 2272 3374 2342 conlingens

1793 2372 1917 2423 esse,
1948 2358 2131 2412 etenim
2159 2358 2359 2427 negatio
2382 2359 2492 2427 ejus
2520 2367 2596 2414 est
2623 2376 2724 2414 non
2754 2363 3047 2435 contingens
3064 2381 3191 2419 esse.

1870 2449 1963 2505 Hie
1990 2464 2217 2518 namque
2236 2448 2396 2505 simul
2435 2466 2573 2523 vere
2597 2453 2819 2508 inveniri
2842 2470 2946 2510 non
2974 2466 3228 2526 possunt;
3252 2474 3377 2515 nam

1795 2542 1841 2597 si
1873 2540 2000 2612 quid
2030 2554 2111 2597 εει
2144 2541 2397 2609 ιιοεειιιίιε
2423 2558 2567 2611 εεεε,
2608 2556 2667 2598 ιιι
2712 2545 2855 2600 idem
2887 2547 3018 2602 illud
3050 2551 3379 2618 impossibile

1797 2636 1889 2697 sit,
1928 2634 2044 2690 ﬁeri
2086 2650 2193 2690 non
2242 2644 2437 2706 potest,
2485 2652 2585 2694 nec
2625 2637 2729 2694 hoc
2770 2639 2823 2695 in
2862 2641 2991 2696 solis
3037 2644 3380 2712 possibilibus

1798 2726 2185 2797 speculandum
2214 2737 2315 2794 est,
2346 2730 2439 2785 sed
2470 2732 2521 2786 in
2551 2732 2800 2787 omnibus
2832 2749 3045 2805 quoque
3077 2737 3264 2793 eadem
3295 2756 3382 2796 ra-

1802 2819 1878 2876 tio
1906 2831 2010 2876 est.
2039 2821 2170 2877 Nam
2193 2821 2248 2877 in
2274 2837 2338 2878 eo
2360 2824 2503 2895 quod
2535 2835 2617 2881 est
2640 2828 2955 2898 contingere
2978 2844 3121 2894 esse,
3158 2847 3261 2887 non
3300 2840 3382 2889 est

1802 2912 1894 2967 illa
1942 2911 2155 2985 negatio
2195 2914 2336 2985 quod
2378 2915 2504 2971 dicit
2552 2920 2865 2990 contingere
2921 2938 3026 2977 non
3069 2939 3209 2979 esse.
3263 2926 3385 2982 Haec

1803 3005 1949 3060 enim
1980 3009 2255 3062 consentit
2284 3008 2333 3063 ei
2362 3009 2503 3078 quod
2527 3020 2632 3079 est,
2664 3013 2975 3083 contingere
3004 3030 3144 3083 esse,
3174 3018 3265 3072 sed
3297 3019 3385 3073 illa

96 2488 209 2524 esse
237 2485 353 2538 quo
371 2481 720 2542 opponuntur,
755 2469 868 2538 fieri
906 2470 1263 2540 amrmntiones
1288 2478 1335 2523 et
1369 2469 1684 2539 negationes.

88 2560 151 2615 Si
177 2576 300 2633 ergo
314 2560 448 2614 illud
470 2558 838 2627 impossibilius
855 2571 951 2623 est,
967 2561 1061 2614 hoc
1082 2562 1174 2614 erit
1195 2561 1355 2631 magis
1374 2559 1685 2632 eligendum.

162 2653 279 2707 Hoc
307 2650 610 2724 huiusmodi
656 2662 760 2719 est,
793 2666 1123 2722 quaecunque
1154 2653 1227 2707 ita
1257 2662 1383 2706 sunt
1415 2651 1688 2721 possibilia

87 2752 146 2801 ut
179 2745 290 2801 sint
327 2759 449 2802 actu
473 2756 527 2801 et
557 2760 744 2815 opere,
781 2746 865 2799 illa
896 2745 1036 2799 nulla
1080 2746 1287 2799 ratione
1319 2752 1541 2812 possunt
1580 2759 1689 2799 non

85 2856 240 2907 esse,
272 2849 331 2895 ut
353 2842 494 2896 ccelo
515 2855 729 2910 semper
746 2851 869 2894 actu
892 2841 1037 2894 inest
1058 2840 1282 2895 moveri.
1299 2839 1525 2909 Semper
1546 2838 1689 2893 enim

84 2945 372 3001 movetur,
390 2944 446 2989 et
474 2933 721 3002 dicimus,
749 2934 1004 3003 possibile
1031 2944 1109 2987 est
1139 2932 1332 2987 ctelum
1357 2933 1583 2997 moveri,
1606 2930 1687 2985 id-

84 3030 252 3084 circo
278 3028 533 3095 quoniam
562 3029 680 3084 εωιί
722 3039 896 3083 motus
942 3036 1061 3082 actu
1101 3037 1205 3089 est,
1247 3026 1347 3081 hoc
1376 3035 1479 3090 est,
1520 3027 1572 3081 id
1616 3025 1691 3081 illi

85 3136 322 3190 semper
350 3120 545 3187 agit"...
592 3122 827 3175 “ovem,
858 3120 999 3174 enim
1042 3134 1290 3189 semper;
1337 3118 1389 3172 in
1436 3118 1535 3172 hac
1562 3131 1693 3188 ergo
1802 3096 1963 3190 quod
1995 3100 2244 3169 proponit
2281 3116 2385 3157 non
2412 3102 2724 3170 contingere
2759 3121 2899 3163 esse.
2944 3109 3051 3165 Has
3076 3113 3218 3167 enim
3254 3111 3387 3169 duas

88 3188 466 3285 possibilitate
491 3213 611 3267 talis
639 3212 933 3283 proiinsitio
956 3229 1058 3267 non
1088 3188 1262 3282 potest
1290 3212 1597 3275 convenire,
1636 3219 1679 3266 ιιι

1803 3188 1967 3244 Simul
1989 3204 2145 3246 veras
2172 3189 2402 3248 inieniri
2431 3193 2760 3263 impossibile
2782 3207 2883 3255 εει.

90 3308 373 3373 dicamus,
405 3305 659 3376 possibile
687 3315 771 3361 est
795 3306 988 3362 caelum
1018 3321 1123 3360 nun
1164 3303 1387 3369 moveri,
1420 3304 1521 3360 hoc
1549 3304 1692 3359 enim
1718 3282 1772 3351 α
1876 3307 1945 3362 Et
1972 3311 2025 3363 in
2063 3310 2181 3365 aliis
2210 3328 2407 3382 quoque
2436 3313 2595 3368 simili
2630 3316 2800 3376 modo.
2844 3326 2903 3370 ut
2939 3318 2992 3371 in
3031 3320 3312 3373 necessario
3342 3330 3390 3373 et

90 3398 442 3465 impossibile
479 3407 581 3453 est.
632 3398 774 3466 Ergo
814 3398 865 3451 in
909 3396 990 3451 itis
1016 3411 1347 3468 quascunque
1389 3408 1507 3451 aetu
1546 3405 1692 3459 sunt,
1803 3400 2129 3470 impossibili.
2164 3401 2330 3458 Fiunt
2356 3406 2493 3459 enim
2529 3407 2960 3474 quemadmodum
2986 3410 3037 3462 in
3068 3410 3171 3462 illis
3206 3427 3314 3464 esse
3345 3419 3392 3464 et

92 3491 185 3544 hic
220 3491 350 3544 dua:
379 3487 769 3559 propositiones
792 3488 1045 3557 possibile
1065 3497 1307 3553 estesse,
1339 3486 1592 3557 possibile
1614 3495 1697 3542 est
1806 3511 1912 3550 non
1939 3512 2047 3549 esse
2093 3495 2458 3565 oppositiones,
2489 3496 2718 3568 subjecta
2756 3514 2872 3553 vero
2909 3515 3009 3568 res,
3058 3505 3152 3553 hoc
3193 3502 3394 3569 quidem

94 3597 212 3635 non
238 3596 386 3647 esse,
417 3581 558 3635 nulla
591 3579 796 3635 ratione
825 3579 1169 3635 conveniunt.
1194 3580 1247 3633 ln
1279 3579 1362 3633 liis
1384 3588 1558 3632 autem
1582 3592 1700 3648 quae
1806 3586 2005 3653 album,
2036 3586 2166 3640 illud
2191 3603 2306 3641 vero
2331 3589 2511 3642 homo.

94 3690 215 3729 non
254 3688 474 3742 semper
499 3682 622 3728 actu
653 3683 798 3737 sunt,
842 3684 895 3727 et
924 3684 1048 3727 sunt
1091 3672 1361 3741 possibilia
1391 3686 1533 3735 esse,
1562 3685 1703 3726 con-
1886 3677 1951 3731 Et
1986 3678 2039 3732 in
2069 3677 2209 3740 aliis,
2245 3678 2439 3748 inquit,
2470 3679 2721 3735 omnibus
2759 3678 2901 3734 idem
2944 3681 3243 3736 faciendum
3276 3691 3397 3738 est:

94 3767 303 3820 venire
335 3775 561 3835 possunt
608 3764 1025 3835 propositiones,
1070 3766 1120 3819 id
1169 3773 1271 3832 est,
1318 3763 1573 3833 possibile
1619 3770 1707 3818 est
1810 3752 2117 3827 ~secundum
2149 3771 2365 3826 modum
2392 3775 2535 3826 enim
2573 3775 2786 3837 negatio
2821 3772 3065 3843 ponenda
3105 3782 3204 3837 est,
3255 3784 3313 3829 ut
3352 3774 3400 3828 si

93 3875 236 3916 esse
268 3868 327 3915 et
357 3860 610 3929 possibile
642 3868 724 3915 εει
753 3876 855 3913 non
887 3874 1028 3915 esse.
1063 3860 1175 3913 Non
1204 3869 1283 3913 est
1304 3848 1455 3912 cnim
1493 3870 1705 3925 semper
1812 3864 2137 3935 contingens
2162 3871 2248 3919 est
2278 3863 2345 3918 ad
2371 3863 2703 3933 contingere,
2738 3864 2781 3917 si
2816 3864 3084 3934 possibilia
3128 3865 3193 3919 ad
3232 3865 3401 3934 possi.

94 3960 237 4006 actu
287 3950 583 4019 pluviafet
627 3952 878 4021 possibile
918 3961 1001 4005 est
1041 3966 1160 4006 esse
1206 3951 1510 4022 aliquando,
1540 3963 1708 4019 quare
1817 3955 1949 4024 bile,
1978 3956 2022 4011 si
2051 3954 2397 4026 impossibilia
2415 3955 2482 4009 ad
2510 3955 2858 4022 impossibile.
2883 3956 2926 4009 si
2952 3956 3311 4009 necessarium
3334 3953 3403 4009 ad

93 4042 388 4112 possibile
411 4052 495 4097 est
519 4057 637 4096 eam
668 4042 953 4113 aliquando
986 4058 1090 4097 non
1114 4057 1255 4098 esse.
1285 4042 1409 4097 Huic
1437 4041 1596 4111 igitur
1622 4054 1710 4095 ra-
1818 4048 2188 4105 necessarium
2248 4049 2463 4118 negatio
2510 4046 2884 4117 coniungatur.
2944 4046 3405 4113 Quemadmodum

94 4137 185 4191 tio
225 4142 325 4187 est
355 4148 448 4187 cur
491 4143 724 4203 utrmque
760 4134 1103 4189 inveniuntur
1130 4148 1293 4200 verae,
1340 4133 1479 4204 quod
1525 4133 1576 4188 in
1626 4131 1712 4188 his
1818 4142 1990 4205 enim,
2048 4140 2239 4210 inquit,
2286 4140 2338 4194 in
2381 4139 2463 4193 his
2499 4154 2618 4209 qua:
2668 4148 2861 4209 praeter
2914 4138 3127 4192 modum
3172 4137 3405 4207 aliquem

87 4223 604 4296 poss-bilitatibus,
632 4242 747 4294 quae
790 4242 894 4280 non
925 4241 1139 4294 semper
1168 4235 1293 4280 sunt
1319 4239 1461 4292 actu,
1496 4236 1549 4281 et
1588 4240 1712 4281 esse
1824 4240 1973 4297 sunt,
2008 4241 2062 4286 et
2100 4231 2298 4301 aliquid
2330 4244 2450 4284 esse
2481 4240 2804 4301 proponunt,
2838 4245 2957 4285 esse
2986 4230 3199 4298 quidem
3228 4239 3407 4285 etnon

91 4318 356 4389 aliquid.
388 4326 440 4371 οι
469 4333 573 4372 ηοη
601 4334 719 4374 esse
745 4320 1036 4389 citnlingil;
1062 4335 1225 4389 quare
1254 4319 1296 4373 εἰ
1325 4318 1439 4390 eius
1466 4318 1604 4389 quod
1629 4329 1715 4373 est
1822 4339 1949 4380 esse
1974 4324 2339 4394 appositiones
2355 4323 2510 4394 quarti
2548 4338 2621 4391 ιιι,
2652 4323 2701 4376 id
2726 4332 2809 4377 est
2837 4322 3243 4392 praedicationes
3259 4331 3407 4389 sunt,

90 4413 388 4485 possibile
410 4423 490 4468 est
513 4429 655 4477 esse,
688 4415 897 4483 negatio
920 4426 996 4470 est
1029 4431 1089 4469 ea
1120 4430 1239 4486 quae
1276 4414 1423 4481 dicit,
1459 4413 1715 4484 possibile
1827 4431 1917 4471 res
1954 4431 2083 4472 vero
2122 4415 2399 4489 subjectae,
2434 4426 2488 4470 ut
2534 4416 2587 4470 in
2635 4428 2702 4470 eo
2750 4415 2887 4483 quod
2914 4424 3019 4481 est,
3054 4415 3213 4469 homo
3233 4424 3333 4481 est,
3354 4423 3412 4470 et

91 4514 191 4561 cst
233 4522 356 4559 non
388 4520 530 4574 esse,
554 4505 606 4559 in
631 4506 823 4561 eodem
854 4498 1012 4563 simul
1043 4519 1095 4562 et
1119 4508 1401 4563 allirmatio
1430 4516 1479 4563 et
1504 4507 1717 4577 negatio
1828 4509 1993 4564 homo
2033 4523 2137 4564 non
2185 4518 2286 4576 εει,
2323 4508 2482 4563 homo
2531 4506 2673 4576 quod
2714 4515 2796 4561 est
2838 4517 2925 4563 re‘s
2987 4506 3288 4577 subjectum
3327 4516 3413 4564 est

88 4608 286 4657 erunt
321 4614 485 4662 verae,
519 4608 573 4655 et
601 4600 684 4653 cui
728 4600 807 4655 rei
854 4600 991 4655 inest
1031 4601 1335 4667 afﬁrmatio,
1378 4610 1436 4655 ut
1481 4601 1550 4655 sit
1594 4615 1716 4655 esse
1741 4660 1790 4673 _
1826 4603 2115 4673 Appositio
2155 4612 2335 4658 autem
2370 4600 2612 4672 quaedam
2658 4609 2714 4655 et
2757 4600 3060 4666 praedicatio
3110 4610 3269 4658 estet
3304 4617 3413 4658 non

85 4689 413 4763 possibile,
437 4692 607 4746 eidem
638 4707 820 4746 rursus
842 4692 1001 4747 inerit
1033 4694 1260 4763 negatio,
1294 4704 1347 4747 ιιι
1377 4692 1441 4746 sit
1465 4691 1717 4762 possibile
1740 4689 1796 4723 ν
1829 4707 1937 4766 εει,
1975 4697 2062 4752 vel
2091 4696 2144 4751 in
2173 4711 2239 4751 eo
2267 4695 2411 4765 quod
2438 4694 2633 4750 dicitur
2660 4693 2840 4751 album
2867 4702 2952 4751 est
2999 4704 3055 4752 et
3093 4695 3273 4750 album
3306 4711 3414 4751 non

86 4802 218 4840 non
254 4797 425 4847 esse,
456 4800 619 4853 quare
646 4794 699 4839 et
722 4785 861 4854 quod
894 4784 1215 4840 ambulabile
1245 4793 1350 4850 est,
1378 4784 1430 4839 id
1462 4793 1544 4838 est
1572 4783 1714 4856 quod
1831 4796 1940 4855 est,
1971 4788 2148 4842 album
2176 4786 2390 4858 quidem
2421 4801 2508 4842 res
2537 4786 2772 4857 subjecta
2796 4788 3213 4856 est,appositnm
3237 4797 3415 4842 autem

85 4876 412 4931 ambulare
434 4883 626 4945 potest,
659 4885 832 4945 potest
868 4891 973 4930 non
1003 4877 1301 4940 ambulare,
1330 4888 1383 4931 et
1414 4876 1553 4945 quod
1584 4876 1714 4931 visi-
1836 4892 1895 4940 et
1930 4881 2297 4953 praedicatum,
2321 4889 2404 4936 est
2424 4891 2477 4937 et
2498 4896 2603 4936 non
2630 4889 2732 4936 est.
2765 4881 2836 4935 Ita
2864 4895 3074 4950 quoque
3105 4883 3155 4936 in
3190 4880 3271 4937 his
3297 4896 3417 4949 quas

84 4968 221 5024 bile
258 4974 380 5029 est,
405 4965 454 5019 id
482 4977 561 5021 est
590 4973 731 5038 quod
764 4967 935 5022 videri
978 4974 1172 5037 potest,
1205 4976 1375 5039 potest
1415 4972 1575 5025 etiam
1611 4985 1716 5025 non
1837 4974 2130 5030 secundum
2172 4970 2401 5044 aliquem
2451 4972 2665 5028 modum
2714 4969 2984 5038 dicuntur,
3034 4986 3155 5025 esse
3201 4970 3417 5040 quidem

82 5061 343 5125 videri;
373 5059 463 5114 sed
505 5061 836 5131 impossibile
862 5072 943 5117 est
976 5071 1031 5118 ut
1055 5063 1122 5119 de
1152 5064 1339 5120 eodem
1379 5065 1640 5134 oppositae
1665 5074 1722 5121 et
1836 5067 2139 5138 subjectum
2191 5077 2304 5135 est,
2356 5065 2500 5121 velut
2552 5063 2794 5135 quaedam
2848 5078 2954 5118 res.
3009 5062 3196 5118 Modus
3241 5069 3418 5114 autem

83 5150 566 5223 cuntrajacentes
596 5156 858 5211 dictiones
887 5155 1045 5211 simul
1072 5173 1210 5214 vera:
1238 5160 1364 5214 sint.
1393 5157 1446 5213 ln
1479 5158 1728 5214 omnibus
1840 5163 2035 5219 deesse
2058 5160 2411 5232 praedicatur;
2434 5174 2555 5214 nam
2584 5172 2705 5215 cum
2737 5157 2986 5224 dicimus,
3005 5155 3164 5211 hodie
3188 5154 3419 5224 pluviam

86 5249 266 5305 enim
322 5254 419 5299 aut
454 5247 737 5303 afﬁrmatio
773 5264 898 5304 vera
936 5260 1019 5306 est
1062 5262 1152 5307 aut
1199 5251 1434 5322 negatio.
1473 5250 1529 5308 Si
1598 5267 1729 5321 eigo
1839 5270 1967 5310 esse
1998 5251 2252 5322 possibile
2280 5257 2381 5315 est,
2407 5263 2527 5304 esse
2568 5247 2913 5317 subjecimus,
2947 5245 3202 5316 possibile
3236 5243 3423 5309 ι-ιεεάὶο

87 5340 283 5395 lat-tis
348 5339 717 5408 negatiouibus
754 5341 1050 5396 secundum
1097 5358 1214 5397 esse
1262 5353 1318 5398 et
1358 5359 1461 5397 nou
1493 5357 1632 5409 esse,
1674 5343 1729 5397 in
1840 5358 2052 5410 eamus,
2082 5351 2138 5397 et
2163 5343 2239 5397 sic
2267 5350 2428 5396 totam
2461 5340 2567 5393 vim
2601 5339 2654 5392 iu
2684 5335 3135 5408 protmsitionibus
3166 5330 3425 5402 prmdicao

86 5435 192 5488 his
224 5446 376 5500 quas
403 5432 695 5488 secundum
735 5434 968 5505 aliquem
1014 5436 1228 5491 modum
1268 5436 1541 5502 dicuntur,
1579 5437 1732 5491 al'lir-

82 5526 298 5584 matio
338 5533 399 5576 et
425 5527 636 5594 negatio
669 5538 907 5597 utrmque
937 5537 1063 5583 sunt
1103 5544 1259 5594 verte,
1294 5529 1435 5597 quod
1469 5528 1584 5584 fieri
1624 5546 1731 5585 non

82 5625 340 5692 potest,
377 5615 499 5671 illud
526 5619 694 5689 magis
720 5620 1006 5675 dicendum
1036 5628 1140 5688 est,
1184 5636 1288 5675 non
1330 5620 1603 5676 faciendas
1646 5636 1734 5677 se-

79 5712 382 5771 cundum
411 5725 529 5763 esse
562 5720 616 5766 et
653 5728 755 5767 non
783 5728 906 5768 esse
947 5715 1282 5783 negationes,
1314 5713 1407 5767 sed
1435 5711 1611 5780 potius
1648 5726 1738 5769 se-

79 5808 382 5864 cundum
414 5805 660 5868 modum;
693 5808 834 5876 quod
875 5808 918 5861 si
958 5807 1084 5863 illud
1110 5816 1191 5863 est
1225 5808 1628 5878 impo‘ssibilius,
1674 5817 1736 5861 ut

80 5896 442 5958 alﬁrmatio
472 5906 525 5951 et
547 5902 757 5959 nt-aatio
784 5899 940 5955 simul
967 5914 1107 5955 verae
1138 5900 1263 5967 sint,
1292 5900 1420 5957 illud
1453 5901 1622 5970 magis
1651 5904 1737 5957 εει

1850 5528 2051 5597 aliquid
2101 5540 2220 5582 esse
2266 5525 2638 5595 prtedic.imus,
2682 5530 2740 5575 ut
2788 5523 2841 5574 in
2879 5534 2946 5575 eo
2990 5514 3131 5587 quod
3178 5514 3429 5577 dicimus,

1848 5619 2022 5677 homo.
2045 5628 2149 5690 est,
2193 5627 2355 5671 totam
2389 5612 2764 5685 prepositionis
2794 5612 2896 5665 vim
2937 5607 3175 5664 continet
3211 5610 3432 5661 verbum

1847 5723 1957 5773 est,
1987 5712 2056 5764 i:a
2087 5725 2297 5779 quoque
2329 5710 2382 5761 in
2413 5707 2495 5760 bis
2526 5720 2642 5775 qua:
2670 5702 2959 5757 secundum
3001 5698 3217 5753 modum
3248 5698 3433 5750 dicun-

1848 5814 1960 5872 tur,
1989 5802 2238 5873 quoniam
2270 5809 2431 5853 totam
2479 5794 2897 5865 prepositiOnem
2941 5792 3181 5849 continet
3224 5788 3435 5850 modus,

1846 5905 1941 5952 aut
1964 5894 2249 5964 poSsibilis,
2283 5899 2375 5945 aut
2405 5888 2784 5959 contingeittis,
2816 5895 2904 5941 aut
2941 5881 3303 5954 itnpossibilis,
3335 5889 3425 5933 aut

1846 5438 1925 5493 tio
1959 5445 2121 5495 tenet.
2160 5444 2212 5489 et
2256 5432 2611 5501 simplicibus,
2648 5441 2699 5485 et
2747 5440 2941 5498 praeter
2969 5425 3185 5481 modum
3219 5421 3428 5492 quoties
3524 5482 3531 5495 ι
