4022 6332
650 291 750 343 367

1888 295 1997 354 AN.
2028 294 2233 353 MANL.
2272 294 2424 354 SEV.
2467 298 2687 357 BOETII
3747 316 3823 373 368

650 410 957 475 necessarii,
994 407 1106 463 haec
1150 407 1448 475 praedicari,
1508 423 1595 465 res
1637 423 1767 466 vero
1803 409 1924 465 alia:
1964 410 2221 482 subjectae
2246 412 2304 473 Α
2323 419 2381 467 ει
2404 425 2510 467 non
2542 411 2801 482 possibile
2822 419 2907 468 est
2930 427 3072 469 esse.
3098 412 3191 469 Hm
3216 415 3360 471 enim
3388 416 3455 472 ita
3476 432 3504 473 a
3528 435 3582 475 se
3605 418 3825 492 disjuncla:

650 517 768 557 esse
796 503 1062 557 dicuntur.
1090 501 1200 555 l'loc
1227 502 1367 556 enim
1396 502 1537 572 quod
1564 503 1679 585 ait;
1705 499 1711 503 ’

723 613 811 667 Sic
839 613 935 664 hoc
961 611 1088 674 loco,
1120 628 1227 665 esse
1252 611 1455 681 quidem
1480 621 1526 666 et
1552 628 1653 666 non
1680 628 1786 667 esse
1812 612 2041 684 subjecta
2069 612 2223 681 fiunt,

649 718 795 772 posse
832 716 946 754 vero
998 710 1044 753 et
1090 702 1382 772 contingere
1429 703 1772 773 appositiones
1832 702 2228 757 determinantes

646 791 1073 861 quemadmodum
1100 793 1153 844 in
1176 792 1281 845 illis
1301 807 1409 845 esse
1438 801 1483 845 et
1507 808 1610 845 non
1632 809 1741 847 esse
1767 793 2027 846 veritatem
2050 802 2096 845 et
2124 792 2229 862 [al-

646 882 865 949 sitatem,
896 884 967 935 sic
995 883 1076 936 Itic
1112 883 1166 936 in
1209 899 1267 937 eo
1295 882 1433 952 quod
1462 890 1556 950 est,
1590 899 1697 938 esse
1723 882 1984 954 possibile,
2024 893 2072 938 et
2114 897 2225 938 esse

648 988 748 1026 non
781 971 1036 1040 possibile.
1589 992 1597 999 '

715 1064 846 1118 Nam
887 1064 1333 1133 quemadmodum
1380 1066 1431 1119 in
1475 1064 1806 1136 simplicibus
1846 1067 1892 1123 si
1927 1066 1994 1123 ad
2024 1081 2144 1125 esse
2170 1075 2227 1125 et

647 1173 752 1212 non
779 1173 901 1213 esse
921 1160 1233 1228 negationes
1256 1160 1401 1225 fiant,
1428 1174 1527 1214 una
1551 1174 1765 1230 semper
1783 1176 1907 1217 vera
1928 1169 2031 1228 est,
2052 1161 2223 1217 altera

645 1264 858 1319 semper
886 1251 1037 1314 falsa,
1072 1251 1139 1305 ita
1165 1265 1380 1321 quoque
1412 1249 1464 1304 in
1508 1251 1591 1305 his
1626 1267 1747 1321 quae
1776 1253 2068 1309 secundum
2105 1267 2223 1308 mo-

645 1341 772 1395 dum
803 1341 1073 1407 tlicuntur,
1105 1342 1147 1395 si
1189 1342 1253 1395 ad
1288 1344 1458 1410 ipsum
1491 1342 1703 1397 modum
1733 1344 2031 1399 enuntiatio
2060 1358 2223 1414 nega-

646 1431 805 1486 tionis
833 1442 1063 1498 aptetur,
1094 1432 1242 1487 velut
1264 1432 1330 1486 ad
1355 1432 1613 1503 quasdam
1640 1431 2004 1502 appositiones
2031 1432 2225 1502 praedi-

644 1522 986 1592 cationesque
1016 1523 1217 1577 veritas
1244 1523 1295 1577 itt
1333 1523 1761 1591 appositionibus
1788 1531 1844 1578 et
1883 1524 2083 1579 falsitas
2111 1534 2220 1580 ter-

645 1617 839 1671 minata
870 1617 1147 1671 dividitur.
1195 1619 1367 1688 Atque
1408 1617 1511 1672 hoc
1538 1619 1785 1688 estquod
1818 1620 1913 1673 ait”.
1960 1617 2220 1673 Similiter

644 1710 728 1765 ba:
756 1712 914 1765 etiam
944 1712 997 1765 in
1030 1726 1094 1765 eo
1124 1712 1262 1780 quod
1292 1721 1374 1766 est
1416 1725 1536 1767 esse
1580 1712 1835 1779 possibile
1859 1720 1915 1767 et
1962 1726 2083 1767 esse
2110 1726 2215 1766 non

645 1802 923 1871 possibile.
957 1804 1213 1859 Similiter
1242 1805 1383 1859 enim
1414 1805 1707 1861 secundum
1741 1806 1998 1875 possibile
2032 1814 2089 1861 et
2115 1820 2220 1860 non
2251 1778 2298 1838 Β

644 1896 898 1965 possibile
928 1896 1061 1951 facta
1086 1899 1371 1967 oppositio,
1401 1900 1684 1954 veritatem
1716 1898 2104 1968 lalsitatemque
2129 1898 2224 1953 de-

647 1988 914 2053 terminat,
948 1988 1087 2043 sicut
1117 1989 1169 2043 in
1200 1988 1532 2058 simplicibus
1559 1997 1614 2044 et
1639 1997 1836 2060 praeter
1877 1988 2095 2043 modum
2131 2002 2228 2058 po-

642 2079 756 2135 sitis
776 2080 1067 2135 secundum
1093 2094 1214 2136 esse
1238 2090 1287 2134 et
1319 2095 1423 2135 non
1457 2095 1577 2136 esse
1605 2083 1837 2152 negatio.
1870 2080 2003 2135 llinc
2028 2080 2079 2133 in
2103 2094 2222 2134 om-

641 2172 797 2228 nibus
819 2172 1110 2228 secuudum
1134 2172 1349 2233 modum
1369 2172 1834 2238 afﬁrmationibus,
1856 2173 2223 2243 oppositiones

640 2264 837 2336 digerit
861 2264 1296 2321 convenientium
1328 2267 1695 2335 negationum,
1727 2266 1856 2321 dicit
1885 2265 2056 2321 enim:

712 2382 847 2456 Ejus
866 2400 982 2439 vero
1010 2400 1123 2454 qua:
1140 2393 1232 2449 est,
1261 2384 1499 2457 possibile
1519 2392 1591 2439 est
1618 2399 1718 2437 non
1745 2398 1870 2449 esse,
1900 2384 2100 2453 negatio
2121 2394 2216 2450 est,

642 2491 742 2530 non
765 2492 826 2530 ea
847 2491 961 2545 qua:
988 2484 1079 2541 est,
1112 2491 1215 2529 non
1242 2475 1482 2545 possibile
1503 2483 1578 2530 est
1601 2490 1727 2538 esse,
1757 2475 1845 2529 sed
1885 2492 1943 2529 ea
1975 2490 2089 2544 qua:
2126 2485 2219 2540 est,

640 2579 742 2622 non
771 2564 1014 2635 possibile
1034 2578 1106 2621 est
1130 2582 1231 2621 non
1251 2582 1378 2621 esse.
1408 2565 1472 2620 Et
1498 2568 1607 2637 ejus
1632 2581 1745 2634 quin
1768 2576 1863 2631 est,
1886 2567 2126 2635 possibile
2149 2575 2224 2621 est

641 2674 768 2727 esse,
797 2674 896 2712 non
925 2674 984 2712 ea
1011 2673 1125 2728 qute
1148 2667 1240 2724 est,
1274 2657 1514 2730 possibile
1536 2670 1608 2713 est
1632 2674 1732 2712 non
1762 2675 1889 2723 esse,
1917 2661 2005 2712 sed
2027 2676 2085 2713 ea
2110 2675 2224 2722 qua:

640 2761 733 2820 est,
760 2769 858 2806 non
887 2753 1126 2824 possibile
1148 2763 1368 2807 estesse.
1412 2752 1584 2819 Quare
1624 2763 1669 2808 et
1701 2755 1843 2824 sequi
1868 2771 1974 2809 sese
2012 2756 2222 2809 invicem

638 2844 961 2912 pidebuntur,
996 2843 1076 2897 ha:
1106 2843 1344 2904 possibile
1365 2854 1438 2898 est
1461 2860 1584 2910 esse,
1611 2846 1849 2915 possibile
1869 2853 1941 2899 est
1971 2862 2072 2899 non
2091 2861 2218 2901 esse.

640 2935 790 2990 Idem
820 2937 953 2990 enim
998 2937 1235 3003 possibile
1268 2946 1340 2989 est
1372 2952 1496 3002 esse,
1531 2948 1575 2990 et
1606 2954 1708 2991 non
1745 2954 1874 2992 esse.
1926 2937 2046 2993 Non
2086 2940 2221 2993 enim

640 3027 1067 3081 contradiciiones
1096 3036 1209 3081 sunt
1240 3027 1335 3080 sibi
1375 3028 1585 3081 invicem
1612 3027 1934 3101 ltujusmodi,
1986 3033 2223 3099 possibile

639 3134 751 3189 esse
794 3126 841 3172 et
886 3116 1124 3187 possibile
1171 3134 1268 3171 non
1311 3134 1436 3171 esse.
1481 3118 1584 3173 Sed
1623 3121 1862 3190 possibile
1897 3129 1970 3175 est
2012 3139 2139 3189 esse,
2175 3132 2295 3209 etc

640 3225 742 3264 non
766 3209 1004 3279 possibile
1044 3221 1115 3264 est
1148 3225 1273 3274 esse,
1312 3226 1575 3281 nunquam
1603 3212 1756 3265 simul
1791 3214 1842 3265 in
1872 3214 2046 3269 eodem
2092 3231 2224 3272 verte

640 3314 779 3371 sunt,
814 3314 1141 3375 opponuntur
1164 3306 1316 3359 enim.
1342 3305 1405 3357 At
1428 3320 1566 3371 vero,
1597 3319 1687 3359 nec
1724 3306 1965 3376 possibile
2005 3317 2079 3362 est
2120 3327 2222 3365 non

638 3411 765 3461 esse,
790 3405 835 3450 et
863 3412 963 3449 non
997 3395 1233 3464 possibile
1256 3404 1329 3450 est
1355 3412 1455 3449 non
1482 3412 1609 3463 esse,
1637 3412 1895 3468 nunquam
1920 3399 2224 3457 simulacra:

637 3498 773 3544 sunt.
807 3488 1058 3545 Similiter
1085 3500 1255 3543 autem
1281 3499 1329 3543 et
1359 3492 1471 3560 ejus
1490 3503 1605 3560 qua:
1628 3496 1703 3543 est
1727 3491 2062 3545 necessarium
2093 3508 2218 3559 esse,

637 3597 740 3633 non
770 3596 830 3633 ea
859 3596 970 3647 qua?
994 3589 1085 3645 est,
1119 3581 1458 3634 necessarium
1484 3597 1586 3636 non
1615 3597 1743 3647 esse,
1786 3582 1990 3654 negatio
2010 3594 2103 3650 est,
2132 3587 2222 3641 sed

634 3687 695 3725 ea
723 3688 837 3739 qua:
862 3681 955 3735 est,
1000 3688 1103 3725 non
1132 3672 1469 3726 necessarium
1511 3688 1639 3727 esse.
1676 3671 1809 3740 Eius
1834 3690 1951 3730 vero
1978 3692 2094 3747 qua
2122 3687 2218 3745 est,

602 3774 610 3785 '
636 3762 976 3815 necessarium
998 3773 1069 3815 est
1098 3778 1201 3815 non
1241 3778 1367 3826 esse,
1394 3779 1452 3817 ea
1473 3780 1587 3832 qua:
1610 3775 1706 3829 est,
1739 3781 1840 3820 non
1882 3770 2219 3823 necessarium

635 3864 707 3909 est
743 3871 847 3909 non
872 3871 997 3910 esse.
1030 3855 1097 3909 Et
1129 3860 1238 3928 ejus
1260 3872 1374 3925 qua:
1395 3867 1490 3923 est,
1523 3860 1834 3928 impossibile
1862 3878 1994 3929 esse,
2028 3880 2129 3918 non
2159 3880 2219 3919 ea

635 3960 746 4015 qua:
763 3956 858 4013 est,
891 3947 1205 4015 impossibile
1225 3962 1327 4001 non
1348 3963 1475 4013 esse,
1506 3948 1594 4002 sed
1624 3966 1727 4004 non
1752 3951 2061 4023 impossibile
2088 3966 2213 4022 esse,

634 4040 743 4109 ejus
766 4052 879 4091 vero
899 4054 1015 4109 qua:
1039 4047 1135 4104 est,
1162 4038 1472 4110 impossibile
1494 4056 1597 4095 non
1625 4057 1753 4110 esse,
1778 4058 1839 4097 ea
1859 4060 1974 4113 qua:
1993 4055 2088 4112 est,
2116 4062 2215 4102 non

633 4129 942 4209 impossibile
962 4141 1034 4186 est
1062 4148 1163 4185 non
1193 4148 1320 4187 esse.

707 4242 773 4299 Ut
816 4243 1146 4301 demonstret
1177 4261 1294 4302 eam
1335 4263 1453 4315 qute
1494 4249 1645 4316 dicit,
1699 4250 1953 4321 possibile
1985 4252 2071 4309 est
2106 4268 2214 4310 non

631 4349 775 4399 esse,
805 4351 910 4391 non
940 4339 1099 4393 modo
1129 4354 1233 4396 non
1265 4356 1386 4397 esse
1418 4342 1756 4411 negationem
1794 4344 1910 4413 ejus
1955 4361 2074 4416 qua:
2100 4356 2208 4415 est,

631 4430 886 4498 possibile
910 4440 991 4485 est
1022 4447 1163 4498 esse,
1187 4433 1280 4488 sed
1312 4433 1530 4488 omnino
1562 4434 1897 4505 negationem
1932 4451 2037 4492 non
2068 4452 2211 4507 esse,

630 4519 793 4591 hujus
817 4522 976 4577 aliam
1009 4525 1215 4580 invenit
1245 4527 1603 4597 negationem.
1636 4528 1765 4582 Nam
1802 4528 1919 4598 ejus
1956 4546 2074 4601 qua:
2109 4544 2212 4598 est,

630 4614 883 4681 possibile
907 4624 989 4670 cst
1035 4630 1138 4670 non
1168 4632 1312 4683 esse,
1343 4634 1501 4689 quam
1537 4618 1910 4676 aliirmatiouis
1950 4622 2069 4677 loco
2113 4640 2213 4693 po—

629 4706 757 4769 suit,
787 4707 999 4776 negatio
1030 4708 1297 4777 reperitur
1327 4710 1413 4765 illa
1444 4726 1562 4781 qua:
1596 4711 1761 4778 dicit,
1808 4728 1911 4767 non
1941 4716 2195 4783 possibile

628 4806 709 4851 est
734 4812 837 4850 non
866 4813 1005 4863 esse,
1036 4800 1328 4856 secundum
1356 4804 1572 4858 modum
1604 4805 1812 4860 scilicet
1839 4805 2017 4862 addita
2046 4822 2209 4878 nega-

628 4890 801 4954 tione;
835 4889 975 4945 unde
1007 4890 1080 4956 lit,
1112 4893 1300 4960 inquit,
1334 4902 1391 4947 ut
1415 4908 1477 4949 ea
1503 4909 1621 4964 quae
1644 4895 1794 4963 dicit,
1841 4898 2095 4966 possibile
2124 4909 2208 4955 εει

628 4996 766 5049 esse,
798 4990 852 5035 et
886 4983 972 5037 illa
1005 4998 1123 5053 quae
1173 4987 1456 5055 proponit,
1488 4989 1741 5057 possibile
1784 5000 1869 5046 est
1908 5006 2014 5046 non
2057 4982 2207 5059 esse,

627 5087 748 5128 sese
780 5073 1007 5130 invicem
1040 5090 1470 5144 consequantur;
1504 5080 1647 5136 idem
1695 5097 1922 5153 namque
1951 5084 2209 5153 possibile

625 5174 708 5219 est
736 5179 856 5221 esse
895 5166 1033 5236 quod
1061 5176 1144 5223 est
1176 5170 1430 5237 possibile
1479 5186 1585 5227 non
1624 5187 1764 5228 esse.
1797 5175 1903 5227 (Jur
1936 5184 2112 5230 autem
2147 5190 2208 5231 se

625 5256 879 5325 consequi
911 5271 1153 5326 possunt,
1186 5260 1299 5316 haec
1329 5276 1488 5318 causa
1519 5272 1623 5332 cst,
1656 5264 1908 5333 quoniam
1937 5280 2049 5319 non
2081 5276 2209 5321 sunt

624 5349 903 5416 oppositae.
930 5347 1064 5406 Nam
1092 5349 1138 5406 si
1167 5360 1350 5407 essent
1369 5355 1647 5423 opposita»,
1675 5356 2004 5423 perimerent
2030 5372 2091 5413 se
2111 5373 2208 5427 po-

625 5440 729 5493 tius
779 5455 935 5509 quam
980 5455 1467 5514 consequerentur,
1524 5453 1577 5500 et
1630 5446 1982 5505 dissentirent
2032 5453 2203 5522 magis

623 5549 778 5605 quam
820 5539 1207 5608 consentirent,
1238 5549 1297 5596 ut
1326 5549 1410 5598 est
1448 5541 1503 5597 in
1540 5541 1624 5596 bis
1653 5543 1906 5612 possibile
1948 5556 2200 5619 estesse,

693 5629 954 5708 Eossibile
981 5642 1065 5689 est
1093 5647 1214 5689 esse
1789 5636 2165 5708 Oppositiones

694 5700 966 5770 Contingit
994 5719 1116 5760 esse

696 5773 1032 5840 lmpossibile
1059 5785 1145 5831 est
1171 5790 1291 5832 esse

698 5840 1069 5901 Necessarium
1099 5857 1182 5904 est
1210 5863 1331 5905 esse

2329 510 2476 566 sunt,
2501 513 2557 558 ut
2592 502 2753 559 simul
2780 518 2901 560 esse
2940 520 3045 559 non
3095 506 3321 575 possint.
3350 506 3539 564 Idcirco
3564 521 3715 567 autem
3747 513 3822 569 hoc

2328 596 2527 659 evenit,
2549 599 2797 663 quoniam
2826 606 2950 651 sunt
2976 598 3271 665 oppositae;
3296 614 3501 669 semper
3522 601 3664 669 igitur
3681 617 3829 660 secun-

2327 688 2453 743 dum
2485 689 2699 745 modum
2723 690 2965 759 ponenda
2998 690 3212 760 negatio
3233 702 3331 759 est,
3352 692 3411 747 si
3451 682 3634 762 integra
3657 698 3827 766 opposi-

2327 778 2488 833 tionis
2515 788 2701 833 natura
2732 780 2971 836 facienda
3007 790 3111 845 est,
3139 782 3278 850 quod
3314 783 3607 851 planissime
3636 790 3829 858 exsequi-

2329 881 2434 936 tur,
2459 872 2685 941 singulis
2720 873 3149 941 propositionum
3166 873 3337 929 modis
3356 878 3643 946 negationes
3667 892 3828 933 accom-

2325 965 2570 1031 modans,
2613 974 2772 1037 atque
2810 966 3044 1038 integras
3072 969 3379 1024 naturaliter
3405 970 3638 1026 efficiens
3672 973 3835 1041 opposi-

2326 1058 2523 1115 tiones.
2551 1058 2621 1114 At
2643 1075 2791 1126 vero,
2819 1061 3010 1130 inquit,
3043 1075 3105 1115 ea
3134 1077 3252 1130 qua:
3282 1072 3363 1116 est
3393 1063 3629 1130 possibile
3661 1072 3732 1118 est
3755 1078 3831 1119 non

2325 1164 2466 1215 esse,
2494 1164 2616 1206 cum
2662 1166 2724 1206 ea
2767 1165 2886 1221 quae
2917 1151 3072 1218 dicit,
3106 1167 3212 1206 non
3241 1153 3489 1222 possibile
3516 1163 3589 1207 est
3618 1168 3708 1207 non
3731 1168 3836 1217 esse,

2325 1244 2486 1298 simul
2516 1258 2636 1299 esse
2664 1245 3013 1314 noupoterit.
3043 1243 3283 1315 Namque
3299 1245 3565 1315 oppositas
3592 1260 3698 1301 esse
3713 1245 3837 1299 mani-

2324 1334 2518 1391 festum
2547 1346 2656 1402 est,
2683 1336 2955 1406 siquidem
2986 1337 3174 1392 barum
3219 1338 3433 1406 negatio
3472 1338 3536 1392 ad
3578 1338 3762 1392 modum
3782 1350 3840 1393 est

2328 1428 2520 1496 posita,
2554 1428 2645 1498 qui
2681 1437 2764 1483 est
2806 1429 3062 1495 possibile
3098 1444 3241 1498 esse,
3284 1430 3403 1498 ejus
3449 1439 3615 1485 autem
3649 1446 3749 1500 quae
3780 1440 3841 1486 est

2327 1516 2692 1576 necessarium
2741 1531 2825 1576 est
2870 1536 3011 1589 esse,
3059 1538 3165 1578 non
3203 1531 3419 1593 oportet
3462 1522 3565 1579 dici
3611 1523 3842 1579 illamesse

2325 1614 2687 1683 negationem,
2720 1628 2816 1683 per
2842 1630 3004 1685 quam
3035 1615 3250 1682 dicitur,
3285 1615 3640 1671 necessarium
3673 1625 3741 1671 εει
3765 1630 3840 1669 non

2324 1697 2477 1770 εεῶς
2510 1704 2671 1775 hujus
2692 1706 2836 1760 enim
2880 1707 2980 1761 alia
3022 1709 3238 1777 negatio
3280 1708 3507 1763 inveniri
3551 1716 3724 1776 potest,
3748 1721 3843 1776 quo~

2328 1802 2469 1859 niam
2515 1812 2598 1858 est
2625 1802 2912 1858 afﬁrmatio
2932 1803 3201 1869 quaedam,
3230 1812 3317 1859 est
3345 1812 3521 1858 autem
3560 1803 3669 1871 ejus
3690 1800 3845 1872 negatio

2330 1908 2390 1949 ea
2425 1908 2546 1964 qua:
2570 1893 2697 1949 dicit
2722 1934 2737 1961 ,
2764 1911 2871 1948 non
2897 1896 3255 1950 necessarium
3280 1907 3364 1951 εει
3387 1910 3492 1949 non
3522 1908 3653 1949 esse.
3674 1886 3759 1948 Sed
3781 1905 3845 1960 po-

2330 1989 2434 2043 tius
2458 1989 2507 2044 ei
2540 2005 2658 2056 quae
2677 1989 2806 2044 dicit
2832 1990 3195 2045 necessarium
3228 1998 3318 2044 est
3343 2004 3489 2055 esse,
3520 2003 3580 2041 ca
3600 1982 3847 2056 opponenda

2326 2090 2409 2136 est
2443 2097 2561 2151 quae
2596 2081 2744 2147 dicit,
2788 2096 2891 2136 non
2922 2082 3289 2137 necessarium
3341 2080 3431 2136 est
3468 2093 3618 2143 esse;
3651 2076 3705 2131 ad
3742 2075 3849 2129 illam

2326 2188 2557 2243 namque
2583 2188 2703 2241 quae
2730 2173 2879 2241 dicit,
2916 2174 3283 2228 necessarium
3308 2182 3395 2227 est
3418 2186 3524 2227 non
3552 2184 3663 2226 esse
3686 2166 3852 2236 opponi-

2328 2276 2413 2322 tur
2445 2266 2524 2336 (ut
2555 2266 2754 2320 dictum
2785 2265 2917 2336 εει),
2970 2281 3074 2321 non
3108 2266 3485 2321 necessarium
3529 2271 3724 2319 estnon
3749 2272 3851 2314 esse.

2329 2359 2458 2429 Ejus
2508 2374 2722 2430 quoque
2750 2374 2870 2429 qum
2918 2370 3024 2426 est,
3053 2358 3399 2429 impossibile
3425 2368 3508 2415 est
3535 2372 3666 2423 esse,
3694 2368 3778 2409 non
3797 2350 3855 2406 di-

2325 2451 2494 2506 cenda
2534 2461 2615 2504 est
2660 2451 2747 2504 illa
2775 2465 2896 2505 esse
2936 2451 3150 2521 negatio
3182 2466 3281 2519 per
3310 2466 3475 2519 quam
3519 2449 3742 2512 dicimus,
3784 2444 3856 2498 im-

2328 2543 2584 2611 possibile
2621 2550 2707 2597 est
2740 2560 2842 2596 non
2870 2558 3012 2611 esse,
3063 2543 3157 2598 sed
3185 2558 3247 2599 ea
3283 2545 3468 2613 potius
3506 2558 3621 2613 qua:
3648 2536 3859 2611 proponil.

2326 2651 2431 2691 non
2464 2636 2798 2705 impossibile
2824 2646 2907 2691 est
2935 2651 3077 2692 esse.
3108 2637 3358 2707 Namque
3380 2636 3661 2691 afﬁrmatio
3674 2630 3858 2703 quedam

2326 2737 2430 2798 est,
2456 2729 2787 2799 impossibile
2815 2740 2898 2783 est
2941 2743 3047 2783 non
3079 2744 3220 2784 esse.
3258 2730 3442 2800 Hujus
3472 2729 3616 2784 enim
3651 2721 3860 2781 invenitur

2327 2822 2537 2891 negatio
2564 2836 2681 2892 quat
2702 2829 2806 2884 est,
2838 2836 2943 2876 non
2976 2822 3319 2890 impossibile
3346 2830 3439 2878 est
3464 2835 3569 2875 non
3597 2833 3724 2873 esse.

2400 2912 2764 2968 Universaliter
2788 2929 2903 2967 vero
2941 2914 3401 2982 (quemadmodum
3450 2914 3641 2966 dictum
3682 2908 3761 2975 est)
3785 2919 3861 2960 esse

2325 3004 2526 3071 quidem
2549 3013 2594 3057 et
2624 3020 2724 3057 non
2755 3020 2862 3058 esse
2890 3012 3086 3072 oportet
3126 3020 3325 3075 ponere
3375 3015 3623 3074 tanquam
3658 2999 3863 3069 subjecta.

2327 3095 2726 3165 afﬁrmationem
2768 3112 2886 3152 vero
2914 3106 2962 3149 et
3006 3098 3329 3169 negationem
3385 3099 3497 3152 lues
3551 3095 3791 3166 facientem
3817 3088 3866 3141 ad

2326 3202 2434 3241 esse
2459 3195 2505 3240 et
2538 3203 2638 3241 non
2665 3204 2775 3241 esse
2817 3204 3103 3258 apponere,
3143 3197 3188 3241 et
3226 3187 3331 3242 has
3369 3198 3557 3260 putare
3592 3191 3769 3255 oportet
3794 3191 3868 3232 esse

2326 3280 2587 3349 oppositas
2612 3279 2875 3344 dictiones,
2903 3278 3162 3350 possibile,
3185 3294 3295 3335 non
3315 3280 3588 3351 possibile,
3610 3276 3871 3345 contingens.

2326 3388 2426 3425 non
2454 3373 2783 3444 contingens,
2813 3373 3147 3443 impossibile,
3178 3389 3288 3429 non
3321 3373 3664 3443 impossibile,
3690 3380 3871 3426 necum-

2326 3463 2479 3529 rium,
2511 3479 2614 3517 non
2642 3465 3006 3528 necessarium,
3038 3480 3236 3531 verum,
3270 3482 3381 3519 non
3402 3480 3604 3520 verum.

2400 3554 2659 3625 Regulam
2680 3554 2769 3623 dat
2793 3554 3151 3610 universalem
3171 3555 3366 3612 dicens
3389 3573 3405 3609 :
3432 3556 3548 3610 Hoc
3566 3549 3877 3623 universaliler

2327 3642 2379 3697 itt
2407 3642 2657 3698 omnibus
2673 3643 2974 3699 faciendum
3000 3658 3141 3709 esse,
3164 3647 3312 3714 quod
3338 3660 3509 3713 supra
3532 3645 3641 3714 jam
3666 3642 3874 3697 diximus.

2327 3740 2383 3786 ut
2402 3733 2699 3800 subjectum
2721 3747 2842 3788 esse
2861 3742 2915 3788 et
2934 3747 3042 3788 non
3072 3747 3191 3789 csse
3219 3744 3491 3803 ponatur.
3512 3733 3883 3789 All‘trmationem

2325 3832 2502 3877 autem
2532 3833 2586 3878 et
2615 3824 2953 3892 negationem
2974 3825 3118 3895 ipsos
3145 3828 3346 3882 modos
3377 3826 3668 3882 faciamus.
3695 3823 3794 3878 Hoc
3823 3830 3884 3872 est

2324 3914 2464 3967 enim
2487 3911 2626 3981 quod
2646 3910 2739 3977 ait,
2755 3913 3087 3981 negationem
3122 3929 3249 3969 Vero
3279 3926 3350 3970 et
3374 3917 3471 3971 alii
3483 3915 3788 3971 rntationem
3805 3910 3891 3963 hit-‘6

2325 4003 2626 4064 facientem.
2647 4007 2835 4062 moilos
2854 4006 2999 4060 enim
3029 4004 3194 4073 ipsos,
3224 4006 3275 4060 id
3318 4020 3412 4064 est
3444 4007 3703 4078 possibile
3722 4013 3771 4060 et
3793 4014 3890 4056 con-

2327 4094 2535 4164 tingens
2558 4103 2612 4148 et
2640 4105 2867 4151 cmteros
2888 4111 2983 4165 pro
3006 4096 3486 4154 afﬁrmationibus
3510 4098 3832 4157 ordinantes,
3850 4098 3892 4145 ei

2324 4184 2390 4237 ad
2452 4187 2551 4239 hos
2588 4186 2833 4255 negativo
2869 4187 3123 4241 adverbio
3155 4187 3353 4257 juncto
3405 4206 3512 4260 pro
3562 4185 3895 4259 negationibus

2323 4276 2694 4346 disponentes,
2728 4286 2820 4333 aut
2839 4277 2905 4333 atl
2937 4277 2987 4333 id
3014 4280 3152 4348 quod
3183 4279 3431 4337 dicimus
3465 4293 3579 4349 est,
3614 4292 3674 4337 et
3701 4293 3801 4335 non
3815 4285 3899 4339 est.

2325 4380 2677 4435 apponamus,
2719 4377 2777 4422 ut
2807 4364 3252 4437 quemadmodum
3288 4372 3363 4426 ad
3404 4389 3580 4428 unam
3619 4388 3753 4436 retu,
3786 4364 3895 4436 quod

2326 4466 2409 4511 est
2441 4457 2622 4522 homo,
2664 4466 2748 4514 est
2781 4460 3005 4515 verbum
3037 4471 3089 4515 et
3122 4476 3223 4516 non
3253 4473 3342 4518 est
3378 4468 3639 4535 negatio,
3680 4456 3902 4534 praedica-

2243 4528 2299 4589 Ῑ)
2326 4554 2436 4602 tum
2470 4559 2552 4604 est
2588 4550 2640 4603 in
2676 4550 2758 4605 liis
2787 4552 3052 4621 quoddam
3080 4528 3567 4624 propositionibus
3595 4528 3718 4627 qua:
3750 4560 3906 4620 praeter

2326 4643 2543 4698 modum
2570 4653 2712 4708 sunt,
2742 4653 2801 4700 ut
2829 4646 2880 4699 in
2911 4661 2970 4699 ea
3001 4662 3097 4715 per
3127 4662 3282 4717 quam
3312 4648 3600 4716 dicimus,
3635 4648 3795 4702 homo
3823 4648 3905 4701 est.

2321 4736 2401 4791 sic
2457 4736 2508 4790 in
2539 4735 2623 4791 ltis
2650 4738 3099 4807 propositionibus
3136 4755 3254 4809 qum
3284 4754 3424 4795 cum
3466 4741 3647 4796 modo
3675 4749 3821 4801 sunt,
3850 4742 3913 4786 es!

2318 4830 2533 4898 quidem
2569 4838 2662 4883 aut
2694 4840 2933 4897 nonest,
2965 4828 3202 4900 subjecta
3234 4846 3524 4900 ponamus
3544 4871 3561 4896 ,
3600 4830 3789 4886 modos
3814 4836 3917 4878 vero

2319 4920 2462 4989 ipsos
2490 4928 2582 4973 aut
2610 4919 2902 4975 secundum
2945 4920 3382 4986 allirmationem,
3426 4922 3481 4976 si
3513 4923 3840 4992 simpliciter
3862 4914 3923 4965 di-

2318 5022 2529 5078 cantur,
2553 5021 2644 5066 aut
2672 5011 2967 5067 secundum
2994 5014 3359 5081 negationem,
3402 5014 3455 5068 si
3484 5030 3624 5070 cum
3660 5012 3917 5082 negatione

2316 5111 2602 5171 ponantur,
2646 5101 2902 5156 facientes
2937 5100 3003 5154 ad
3041 5100 3366 5170 subjectum,
3428 5104 3597 5172 quod
3647 5098 3924 5159 secundum

2314 5205 2435 5246 esse
2484 5200 2537 5246 et
2574 5205 2680 5245 non
2711 5205 2852 5258 esse,
2894 5190 3255 5260 disposuimus
3300 5192 3728 5259 prmdicemus,
3762 5198 3819 5244 ut
3851 5186 3927 5237 Im

2316 5284 2642 5339 arbitremur
2691 5298 2815 5338 esse
2855 5283 3132 5352 oppositas
3168 5282 3451 5337 dictiones
3491 5294 3559 5341 et
3601 5284 3930 5353 negationes.

2312 5389 2431 5443 quae
2456 5372 2751 5428 secundum
2778 5371 2964 5427 modos
2997 5370 3149 5426 facta:
3181 5372 3321 5435 sint,
3357 5386 3583 5428 eorum
3618 5384 3806 5428 autem
3833 5382 3929 5419 oms

2315 5465 2459 5518 nium
2485 5462 2795 5534 negationes
2810 5470 2864 5518 et
2891 5461 3281 5519 afﬁrmationes
3297 5463 3349 5517 in
3373 5467 3765 5521 contrarium
3783 5461 3937 5526 disp»

2310 5565 2528 5613 nantur.

2754 5644 2869 5703 Non
2901 5647 3156 5717 possibile
3184 5658 3269 5703 est
3295 5661 3429 5703 esse

2750 5717 2864 5772 Non
2887 5718 3148 5784 contingit
3170 5734 3291 5774 esse

2747 5787 2860 5842 Non
2881 5790 3212 5854 impossibile
3242 5796 3321 5843 est
3347 5802 3501 5843 esse

2754 5858 2865 5914 Non
2898 5859 3256 5914 necessarium
3288 5869 3371 5913 est
3415 5874 3568 5917 esse
