3982 6334
204 278 322 334 569

287 392 553 451 Possibile
580 399 667 449 est
694 405 801 447 non
832 403 957 446 esse

281 465 565 533 Contingit
588 478 696 518 non
724 477 844 517 esse

288 535 622 605 ltnpossibile
647 543 731 589 est
758 547 867 589 non
896 547 1017 590 esse

286 607 660 661 Necessarium
691 614 773 660 est
800 619 906 658 non
937 617 1058 659 esse

1384 386 1765 458 Oppositiones

995 275 1064 334 ιΝ
1100 273 1355 332 ιωιιυιι
1399 272 1485 328 DE
1523 270 2168 330 INTERPRETATIONE
2213 271 2441 331 EDlTlO
2478 272 2704 332 PRIMA.

3381 239 3485 327 διὸ

2339 387 2453 459 Non
2482 389 2738 459 possibile
2766 396 2848 444 est
2872 402 2978 444 non
3009 402 3132 446 esse

2330 458 2447 531 Non
2476 458 2737 531 contingit
2764 475 2867 514 non
2896 473 3016 515 esse

2330 529 2446 584 Non
2477 529 2811 600 impossibile
2836 540 2918 586 εει
2950 545 3056 585 non
3086 545 3206 586 esse

2328 600 2443 655 Non
2474 604 2834 658 necessarium
2860 610 2943 657 est
2968 616 3072 656 non
3095 616 3214 657 esse

284 700 438 764 Quod
477 709 654 753 autem
696 697 899 752 addidit
938 711 1145 759 verum,
1196 709 1303 751 non
1340 709 1554 761 verum,
1599 693 1667 750 ad
1707 693 1801 748 de-
1828 696 1885 757 Α
1908 710 2013 750 nou
2048 711 2188 763 esse,
2236 712 2343 751 non
2371 704 2455 751 est
2489 700 2853 754 necessarium
2885 714 2991 753 non
3021 715 3160 765 esse,
3195 710 3248 755 et
3291 714 3485 755 secun-

204 794 661 850 monstrationem
685 791 923 845 omnium
953 788 1234 844 modorum
1258 787 1424 842 valet.
1455 785 1585 842 Nam
1611 786 1656 840 si
1682 786 1801 855 quis

204 889 386 952 dicat,
440 899 625 939 verum
653 895 766 947 est,
798 897 905 937 non
935 890 1020 937 est
1046 880 1215 950 ipsius
1236 879 1447 948 negatio
1476 891 1662 931 verum
1695 891 1798 929 non

202 988 329 1041 est,
358 977 451 1032 sed
486 964 664 1044 potius
699 988 805 1028 non
832 987 1019 1027 verum
1050 980 1151 1026 est.
1182 968 1394 1040 Alioqui
1427 967 1545 1040 ejus
1573 982 1691 1039 quae
1720 975 1804 1022 est

203 1086 399 1125 verum
432 1084 536 1122 non
570 1075 674 1135 est,
704 1066 795 1120 illa
825 1063 1038 1134 negatio
1066 1071 1152 1120 est
1179 1060 1322 1133 quod
1350 1059 1519 1127 dicit,
1553 1072 1661 1114 non
1705 1072 1799 1112 ve-

204 1179 332 1216 rum
364 1177 467 1217 non
499 1170 602 1216 est.

286 1256 668 1323 Consequentia
694 1269 811 1308 vero
839 1252 1118 1306 secundum
1165 1251 1398 1305 ordinem
1418 1280 1419 1283 η
1440 1249 1570 1319 ﬁunt
1599 1249 1672 1303 ita
1701 1263 1795 1321 po-

201 1350 466 1405 nentibus.
495 1347 584 1402 Illi
623 1349 757 1402 enim
785 1363 898 1411 qut:
924 1354 1019 1410 est,
1047 1344 1285 1414 possibile
1314 1351 1389 1398 est
1416 1359 1547 1411 esse,
1576 1344 1802 1412 sequitur

201 1441 304 1494 illa
329 1456 441 1509 qua:
470 1450 562 1505 est,
593 1439 889 1508 contingens
915 1452 1045 1502 esse,
1089 1445 1137 1488 et
1162 1434 1269 1490 hac
1294 1433 1372 1489 illi
1402 1435 1730 1499 convertitur,
1754 1442 1803 1486 et

201 1548 315 1587 non
341 1532 655 1603 impossibile
685 1548 812 1597 esse,
845 1541 888 1583 rt
920 1547 1020 1583 uoti
1045 1530 1388 1584 necessarium
1424 1544 1551 1582 esse.
1577 1527 1667 1582 Illi
1687 1543 1802 1581 vero

202 1608 328 1696 qua
356 1635 454 1685 est,
487 1624 723 1695 possibile
748 1638 853 1677 non
895 1638 1023 1686 esse,
1053 1632 1099 1674 et
1125 1620 1422 1693 contingens
1446 1630 1550 1673 non
1580 1634 1707 1684 esse,
1741 1634 1800 1671 ea

203 1732 331 1787 qua
361 1728 457 1782 est,
489 1732 588 1769 non
618 1716 958 1769 necessarium
998 1729 1101 1767 non
1131 1729 1255 1778 esse,
1290 1720 1337 1765 et
1362 1727 1463 1765 non
1488 1709 1802 1778 impossibile

200 1824 314 1863 non
335 1823 463 1862 esse.
492 1806 583 1859 Illi
610 1823 724 1861 vero
755 1821 873 1877 quis
900 1817 1005 1875 est,
1038 1821 1141 1859 non
1170 1803 1408 1874 possibile
1440 1820 1544 1858 esse
1565 1845 1581 1870 ,
1611 1811 1659 1857 et
1694 1819 1797 1857 non

199 1900 510 1971 contingens
535 1916 663 1965 esse,
694 1916 754 1953 ea
796 1915 909 1967 qua:
954 1906 1049 1963 est,
1100 1898 1442 1952 necessarium
1466 1912 1568 1949 non
1598 1912 1720 1964 esse,
1752 1904 1801 1951 et

199 1991 521 2063 impossibile
560 2008 688 2047 esse.
719 1989 813 2044 Illi
851 2007 973 2044 vero
1020 1998 1254 2059 quaeest,
1286 2006 1386 2044 non
1418 1989 1655 2057 possibile
1696 2004 1797 2042 non

1908 788 2009 844 dus
2037 789 2253 859 quidem
2288 789 2422 845 ordo
2445 804 2565 867 sese
2593 791 2670 846 sic
2694 790 3050 847 habebﬂunc
3071 802 3247 846 autem
3280 792 3343 847 ad
3381 800 3486 848 ter-

1904 882 2033 935 tium
2067 890 2404 938 transeamus
2442 884 2621 953 :quod
2669 900 2775 938 non
2807 885 3061 954 possibile
3088 894 3173 941 est
3210 901 3351 954 esse,
3381 886 3484 942 boc

1906 972 2017 1028 lieri
2050 990 2155 1028 non
2194 983 2387 1044 potest,
2418 975 2559 1044 quod
2581 985 2763 1031 autem
2798 977 2911 1031 ﬁeri
2937 992 3043 1031 non
3076 989 3270 1048 putest,
3304 987 3361 1034 ut
3388 979 3484 1035 ali-

1903 1066 2116 1136 quando
2147 1067 2236 1133 sit,
2269 1082 2375 1121 non
2406 1067 2706 1138 contingit,
2730 1069 2871 1138 quod
2902 1084 3030 1141 ergo
3073 1086 3177 1125 non
3231 1071 3485 1141 possibile

1904 1167 1986 1212 est
2013 1174 2150 1225 esse,
2186 1159 2325 1215 idem
2356 1175 2460 1215 non
2481 1161 2740 1232 contingit
2763 1176 2920 1229 esse;
2953 1163 3044 1218 sed
3066 1163 3208 1234 quod
3238 1178 3341 1218 non
3358 1180 3486 1220 con-

1907 1249 2061 1318 tingit
2102 1265 2242 1314 esse.
2288 1265 2510 1307 necesse
2549 1260 2634 1307 est
2660 1261 2717 1308 ut
2758 1268 2864 1309 non
2911 1255 3003 1321 sit,
3040 1256 3180 1326 quod
3213 1271 3481 1327 nunquam

1904 1341 2181 1411 contingit,
2210 1357 2482 1413 nunquam
2510 1358 2632 1399 esse
2656 1353 2854 1413 potest,
2886 1347 3024 1415 quod
3059 1363 3483 1417 nunquamesse

1905 1441 2099 1500 potest,
2131 1448 2351 1490 necesse
2372 1444 2456 1491 est
2475 1451 2583 1491 non
2605 1450 2747 1503 esse;
2777 1438 2917 1507 quod
2954 1455 3058 1493 non
3086 1440 3249 1510 igitur
3276 1442 3482 1496 contin-

1902 1523 1978 1592 git
1997 1538 2137 1590 esse,
2162 1524 2299 1580 idem
2322 1540 2545 1584 necesse
2572 1537 2654 1583 est
2675 1543 2784 1583 non
2808 1544 2948 1596 esse,
2972 1529 3069 1585 sed
3095 1530 3235 1601 quod
3261 1546 3483 1589 necesse

1903 1624 1985 1670 est
2013 1631 2119 1670 non
2151 1632 2295 1684 esse,
2326 1617 2428 1673 ltoc
2456 1618 2569 1674 ﬁeri
2600 1635 2707 1676 non
2742 1630 2936 1690 potest,
2968 1621 3109 1692 quod
3147 1631 3323 1677 autem
3369 1623 3484 1683 ﬁeri

1903 1722 2010 1781 non
2040 1718 2239 1776 potest,
2283 1710 2613 1779 impossibile
2662 1720 2745 1767 est
2783 1720 2842 1767 ut
2890 1712 3001 1780 iiat,
3034 1712 3177 1784 quod
3204 1712 3363 1783 igitur
3388 1728 3483 1769 ne-

1903 1814 2054 1856 cesse
2102 1810 2207 1869 est,
2255 1818 2361 1858 non
2409 1804 2904 1876 esse'impossibile
2951 1815 3035 1861 est
3080 1821 3219 1862 esse.
3253 1808 3484 1875 Quartus

1903 1896 2064 1949 etiam
2097 1897 2228 1951 ordo
2280 1898 2379 1953 hoc
2424 1898 2583 1953 modo
2629 1909 2747 1955 est:
2798 1898 2937 1971 quod
2970 1914 3074 1955 non
3122 1900 3375 1970 possibile
3403 1907 3486 1958 est

1903 2002 2008 2041 non
2048 2002 2189 2056 esse,
2223 1988 2336 2043 fieri
2368 2005 2472 2045 non
2504 2000 2676 2060 potest
2705 2000 2761 2046 ut
2790 2006 2896 2046 non
2925 1992 3027 2058 sit;
3056 1991 3197 2062 quod
3233 1991 3346 2046 ﬁeri
3377 2006 3484 2047 non
3552 2046 3567 2053 ,

202 2101 319 2139 esse
343 2094 389 2139 et
414 2102 516 2139 non
544 2086 845 2156 contingens
878 2100 981 2137 non
1009 2098 1148 2149 esse,
1185 2084 1278 2138 illa
1317 2098 1433 2154 quis
1465 2092 1573 2141 est.
1602 2098 1801 2139 necesse
1831 2090 1879 2150 Β
1906 2088 2079 2149 potest
2106 2089 2164 2134 ut
2193 2096 2298 2135 non
2330 2082 2439 2148 sit,
2492 2097 2599 2138 non
2628 2083 2891 2151 contingit
2937 2098 3043 2138 non
3086 2098 3223 2140 esse.
3258 2083 3329 2141 Ut
3355 2098 3485 2155 quo-

203 2190 289 2234 est
312 2195 433 2245 esse,
465 2189 512 2233 et
542 2178 852 2249 impossibile
880 2195 983 2232 non
1011 2194 1138 2233 esse.

281 2268 571 2339 Ιῖιιρείιίιίε⁷
598 2269 848 2324 omnibus
878 2284 996 2338 quae
1023 2268 1091 2323 de
1120 2267 1405 2323 modorum
1443 2268 1799 2338 appositioni-

199 2357 309 2415 bus
332 2361 761 2430 disputabantur,
790 2360 855 2414 ad
883 2362 1295 2430 consequentias
1322 2358 1490 2413 venit.
1521 2359 1631 2415 Hoc
1653 2360 1795 2415 enim

201 2452 358 2521 dicit,
402 2469 521 2524 qua:
565 2454 963 2523 propositiones
1004 2452 1437 2521 supradictorum
1471 2451 1754 2506 modorum
1778 2495 1795 2521 ,

201 2560 340 2617 quas
362 2548 763 2617 propositiones
792 2556 1193 2615 consequuntur
1233 2536 1792 2614 quibusqueconsen-

202 2637 373 2691 tiuttt.
405 2636 517 2691 Nos
549 2647 728 2693 autem
756 2653 821 2692 ex
850 2637 933 2692 his
957 2648 1187 2707 quatuor
1218 2636 1441 2691 iecimus
1472 2636 1799 2702 ordines,“et

201 2728 623 2797 consequentiae
654 2727 1081 2797 propositionum
1109 2727 1213 2783 sub
1236 2742 1344 2781 una
1365 2728 1508 2781 serie
1533 2725 1799 2796 disposui-

201 2829 331 2872 mus
356 2833 373 2883 ;
403 2818 518 2873 hac
550 2829 729 2872 autem
765 2819 912 2888 prius
942 2828 1067 2871 nota
1098 2817 1226 2881 sint,
1261 2826 1318 2872 ut
1346 2818 1472 2887 quid
1504 2817 1573 2873 ab
1596 2817 1799 2872 Aristo-

200 2911 318 2967 ιειε
342 2912 569 2976 dicatur,
595 2912 803 2966 laeilius
833 2913 1001 2968 lector
1024 2912 1308 2981 intelligat.

280 3002 660 3061 Consitleretur
676 3014 852 3060 autem
876 3022 941 3061 ex
964 3005 1361 3074 subscriptione
1376 3005 1517 3072 quod
1536 3004 1793 3061 dicit-us:

279 3095 540 3152 Possibile
568 3105 807 3151 estesse.
1030 3095 1296 3151 Possibile
1326 3104 1410 3150 est
1431 3109 1537 3151 non
1569 3110 1708 3152 esse.

278 3186 553 3260 Contingit
579 3205 716 3263 esse.
890 3220 893 3221 ν
1028 3188 1305 3259 Contittgit
1336 3204 1439 3243 non
1462 3204 1602 3245 esse.

273 3279 389 3337 Non
404 3283 728 3353 impossibile
741 3293 823 3339 est
834 3280 1094 3338 esse.Non
1110 3281 1436 3351 impossibile
1446 3292 1527 3337 est
1538 3297 1643 3336 non
1656 3298 1793 3339 esse.

273 3374 388 3431 Non
417 3391 639 3432 necesse
668 3387 750 3444 est
778 3390 918 3431 esse.
1005 3373 1120 3429 Non
1153 3387 1375 3428 necesse
1403 3383 1487 3429 est
1514 3390 1618 3428 non
1641 3389 1781 3429 esse.

275 3463 391 3519 Non
410 3466 664 3535 possibile
679 3476 762 3521 est
782 3479 926 3520 esse.
942 3456 955 3463 ’⁷

275 3558 387 3612 Νοη
416 3558 678 3629 contingit
702 3572 844 3613 esse.

274 3652 507 3708 Necesse
539 3662 623 3706 est
643 3667 749 3707 non
780 3667 921 3707 esse.
1007 3650 1237 3707 Necesse
1268 3660 1513 3705 estesse.

277 3742 612 3811 lmpossibile
640 3751 723 3797 est
748 3756 888 3798 esse.
1013 3740 1347 3812 lmpossibile
1385 3750 1468 3795 est
1513 3755 1624 3815 non
1649 3754 1789 3795 esse.

279 3835 537 3906 Superius
564 3847 740 3890 autem
771 3836 1066 3905 descriptas
1090 3835 1504 3904 consequentias
1533 3834 1649 3904 ipse
1681 3835 1793 3889 dis-

203 3930 391 3999 ponit:
438 3930 593 3984 nobis
623 3939 802 3984 autem
831 3928 1103 3984 reddenda
1137 3937 1221 3983 est
1251 3929 1483 3983 breviter
1510 3928 1664 3993 ratio,
1696 3942 1792 3982 cur

202 4022 290 4078 ba:
320 4024 713 4092 propositiones
743 4039 864 4080 sese
894 4027 1121 4080 invicem
1173 4035 1591 4094 consequantur,
1644 4028 1786 4097 quod

204 4113 466 4184 possibile
492 4124 734 4180 estesse,
780 4117 1040 4187 contingit
1067 4116 1349 4186 aliquando
1389 4127 1446 4171 ut
1478 4119 1566 4184 sit,
1599 4129 1653 4173 et
1686 4120 1788 4174 ltoc

203 4217 289 4260 est
320 4206 577 4276 contingit
621 4222 774 4273 esse;
804 4208 944 4277 quod
987 4216 1160 4262 autem
1207 4208 1469 4278 contingit
1493 4224 1645 4275 esse,
1681 4224 1787 4264 non

202 4307 285 4354 est
301 4299 634 4368 impossibile
649 4315 788 4365 esse,
811 4311 865 4355 et
886 4300 1026 4368 quod
1052 4315 1156 4354 non
1182 4308 1263 4355 est
1290 4299 1618 4369 impossibile
1639 4316 1784 4367 esse,

203 4408 314 4447 non
343 4393 544 4448 idcirco
571 4392 682 4462 jam
715 4409 935 4449 necesse
966 4404 1048 4447 est
1077 4406 1219 4448 esse.
1250 4391 1367 4447 Non
1396 4400 1481 4447 est
1504 4393 1645 4447 enim
1684 4392 1786 4446 im-

201 4484 460 4555 possibile
508 4484 667 4539 hodie
717 4498 839 4540 esse
881 4485 1137 4552 pluviam,
1173 4483 1270 4539 sed
1303 4499 1406 4537 non
1438 4484 1641 4539 idcirco
1676 4484 1788 4554 jam

202 4590 326 4630 esse
352 4589 572 4631 necesse
593 4585 694 4630 est.
723 4576 875 4644 Quod
901 4591 1030 4646 ergo
1058 4590 1162 4630 non
1192 4584 1274 4631 est
1298 4575 1627 4646 impossibile
1647 4592 1786 4647 esse,

201 4683 308 4723 non
341 4682 561 4724 necesse
588 4679 837 4724 estesse.
875 4669 941 4724 Et
981 4669 1067 4723 hic
1116 4678 1200 4722 est
1244 4682 1382 4722 unus
1432 4667 1567 4722 ordo
1595 4683 1790 4725 conse-

202 4762 457 4831 quentiae.
485 4760 692 4816 Rursus
721 4762 988 4816 secundus
1008 4760 1140 4815 ordo
1172 4760 1591 4828 propositionum
1626 4760 1784 4814 talem

1010 3558 1127 3612 Non
1149 3557 1412 3626 contingit
1440 3573 1546 3612 non
1579 3570 1716 3611 esse.

1902 2172 2046 2225 niam
2078 2187 2183 2227 non
2231 2174 2482 2239 possibile
2517 2185 2599 2230 est
2629 2191 2737 2231 non
2781 2191 2903 2232 esse
2931 2187 3133 2234 motum
3175 2178 3334 2245 cosio,
3376 2193 3485 2237 non

1902 2263 2163 2332 contingit
2189 2264 2382 2320 coelum
2408 2280 2511 2322 non
2546 2268 2791 2334 moveri,
2816 2282 2981 2338 quare
3008 2268 3151 2339 quod
3178 2284 3283 2324 non
3311 2272 3487 2341 possi-

1903 2352 2010 2410 bile
2048 2366 2132 2411 est
2161 2372 2264 2411 non
2297 2372 2440 2425 esse,
2470 2360 2613 2416 idem
2644 2374 2749 2416 non
2781 2360 3044 2433 contingit
3083 2376 3189 2417 non
3219 2376 3360 2431 esse,
3384 2363 3483 2419 sed

1901 2448 2043 2517 quod
2069 2464 2173 2503 non
2205 2452 2464 2521 contingit
2499 2465 2603 2507 non
2634 2466 2777 2519 esse,
2812 2467 3032 2508 necesse
3059 2464 3142 2508 est
3172 2468 3312 2521 esse,
3346 2454 3483 2511 sicut

1903 2541 1971 2596 de
2007 2542 2165 2613 creto.
2212 2543 2442 2599 Necesse
2470 2554 2553 2601 est
2572 2546 2715 2601 enim
2742 2547 2937 2602 ctelum
2982 2547 3205 2611 moveri,
3232 2547 3483 2618 quoniam

1902 2649 2007 2690 non
2030 2636 2290 2705 contingit
2316 2638 2510 2694 cmlum
2540 2654 2647 2693 non
2690 2641 2918 2708 moveri,
2947 2639 3040 2694 sed
3083 2640 3225 2710 quod
3260 2633 3482 2695 necesse

1902 2738 1983 2783 est
2010 2744 2149 2795 esse,
2182 2740 2237 2784 ut
2276 2747 2379 2785 non
2410 2733 2480 2787 sit
2510 2731 2623 2787 ﬁeri
2656 2747 2761 2786 non
2793 2741 2988 2801 potest,
3031 2747 3196 2802 quare
3219 2734 3359 2802 quod
3390 2747 3481 2786 ne-

1902 2834 2056 2875 cesse
2084 2828 2165 2875 est
2192 2836 2310 2876 esse
2341 2821 2675 2891 impossibile
2708 2831 2792 2877 est
2818 2836 2924 2877 non
2951 2836 3091 2877 esse.
3117 2821 3185 2876 Et
3216 2822 3331 2878 hate
3368 2821 3481 2891 qui-

1901 2909 2021 2965 dem
2049 2923 2126 2966 est
2169 2913 2411 2966 ordinata
2444 2913 2511 2968 ab
2539 2913 2831 2969 Aristotele
2868 2914 3251 2984 consequentia
3291 2928 3480 2985 propo.

1900 3002 2176 3069 sitionum,
2209 3003 2275 3059 de
2305 3020 2404 3073 qua
2433 3005 2589 3072 paulo
2621 3014 2741 3074 post
2770 3004 2931 3059 latius
2951 3003 3263 3075 disputabit.

1977 3096 2115 3166 Ergo
2148 3097 2461 3166 impossibile
2498 3108 2546 3151 et
2582 3113 2687 3152 non
2734 3096 3048 3167 impossibile
3080 3098 3147 3151 ad
3176 3097 3308 3151 illud
3344 3096 3482 3168 quod

1903 3198 1979 3242 est
2012 3192 2309 3261 contingens
2349 3202 2395 3243 et
2435 3192 2705 3261 possibile,
2751 3202 2798 3245 et
2836 3208 2937 3245 non
2973 3191 3269 3263 contingens
3298 3205 3347 3246 et
3385 3208 3482 3246 non

1898 3284 2154 3353 possibile,
2175 3295 2458 3353 sequuntur
2484 3285 2688 3354 quidem
2718 3284 3131 3349 contradictoris,
3161 3285 3251 3339 sed
3275 3300 3480 3339 conver-

1900 3375 2019 3429 sim.
2049 3373 2189 3429 Illud
2215 3376 2353 3429 enim
2375 3374 2511 3446 quod
2538 3384 2631 3440 est,
2660 3376 2901 3446 possibile
2922 3393 3051 3443 esse,
3077 3377 3279 3448 negatio
3309 3377 3481 3449 sequi-

1012 3463 1128 3518 Non
1152 3463 1407 3533 possibile
1423 3472 1506 3518 est
1525 3480 1626 3519 non
1651 3479 1791 3521 esse.
1821 3464 1868 3529 C
1902 3472 1986 3518 tur
2010 3466 2341 3535 impossibilis
2361 3508 2375 3531 ,
2406 3468 2728 3536 negationem
2757 3482 2873 3521 vero
2915 3468 3207 3537 afﬁrmatio.
3239 3467 3320 3521 Ad
3348 3468 3481 3521 illud

1896 3556 2033 3609 enim
2069 3559 2206 3624 quod
2237 3566 2310 3610 est
2342 3573 2444 3610 non
2494 3557 2732 3625 possibile
2755 3575 2894 3623 esse,
2922 3560 3153 3629 sequitur
3177 3559 3309 3611 illud
3344 3560 3480 3628 quod

1894 3657 1969 3711 est
2025 3650 2341 3719 impossibile
2370 3665 2496 3703 esse.
2526 3650 2811 3719 Aﬁirmatio
2856 3651 2989 3705 enim
3026 3660 3129 3717 est,
3164 3649 3479 3720 impossibils

1895 3755 2024 3805 esse,
2056 3756 2158 3793 non
2188 3741 2506 3813 impossibile
2531 3758 2647 3796 vero
2676 3742 2902 3813 negatio.

1967 3833 2225 3900 Quaedam
2257 3834 2327 3890 de
2354 3834 2633 3905 superiore
2652 3835 3097 3905 consequentium
3126 3836 3334 3891 ratione
3356 3849 3477 3905 per-

1895 3934 2108 3981 tractat.
2155 3926 2209 3981 In
2258 3928 2627 3996 superioribus
2671 3928 2814 3983 enim
2864 3927 3313 3998 descriptionibus
3357 3942 3478 3986 sese

1893 4018 2273 4088 sequentium,
2327 4018 2743 4074 al‘lirmationem
2819 4019 3084 4089 possibilis
3153 4020 3479 4091 sequebatur

1894 4108 2245 4180 impossibilis
2285 4109 2519 4179 negatio.
2569 4111 2773 4166 Rursus
2820 4114 3156 4181 negationem
3210 4114 3478 4181 possibilis

1892 4202 2216 4272 sequebatur
2242 4201 2590 4271 impossibilis
2613 4202 2932 4267 affirmatio,
2965 4212 3020 4257 et
3045 4203 3112 4257 de
3143 4206 3476 4275 contingenti

1892 4294 2081 4349 eodem
2141 4292 2323 4359 modo,
2382 4292 2796 4347 altirmationem
2846 4307 3077 4362 namque
3130 4280 3476 4366 impossibilis

1891 4382 2157 4438 dicentem
2213 4382 2541 4453 impossibile
2569 4396 2712 4445 esse,
2764 4385 3087 4454 sequebatur
3114 4388 3326 4456 negatio
3352 4402 3475 4457 pos.

1891 4478 2058 4532 sibilis
2088 4480 2295 4543 dicens,
2354 4491 2456 4530 non
2490 4476 2742 4544 possibile
2778 4486 2862 4532 est
2911 4492 3053 4534 esse.
3094 4477 3301 4535 Rursus
3351 4495 3474 4536 cum

1891 4570 2224 4639 impossibile
2269 4578 2555 4639 negaretur
2595 4585 2688 4639 per
2736 4570 2788 4624 id
2836 4571 2980 4641 quod
3031 4572 3312 4629 dicebatur
3365 4590 3472 4632 non

1891 4659 2223 4727 impossibile
2246 4673 2389 4721 esse,
2418 4658 2555 4713 hanc
2573 4659 2857 4716 allirmatio
2888 4661 3157 4729 possibilis
3178 4665 3474 4735 subseque-

1891 4748 2064 4814 batur,
2125 4764 2186 4803 ea
2240 4749 2443 4805 scilicet
2481 4765 2602 4819 qua:
2644 4751 2775 4805 dicit
2824 4753 3077 4822 possibile
3126 4758 3473 4829 esse.Atquo

200 4851 361 4908 habet
390 4853 824 4922 consequentiam
851 4892 867 4919 ,
918 4854 1055 4923 quod
1090 4852 1344 4921 possibile
1388 4862 1471 4907 est
1502 4867 1606 4906 non
1638 4865 1779 4917 esse,
1812 4852 1865 4911 Ι)
1892 4839 1991 4896 hoc
2013 4840 2154 4895 idem
2182 4841 2251 4895 de
2274 4841 2622 4911 εοηιίηῧθιηίν
2653 4842 2935 4900 ζΙΙΪίΙΊη³1ίο
2965 4860 3195 4918 namque
3218 4849 3469 4919 imp088i-

201 4953 379 5013 potest
419 4943 534 4999 lieri
567 4955 620 4996 ut
645 4959 761 5011 non
777 4943 865 5005 sit,
910 4954 1075 5013 quare
1120 4941 1376 5010 contingit
1407 4941 1697 5011 aliquando
1727 4951 1784 4996 ιιι

200 5056 308 5097 non
337 5042 427 5107 sit,
458 5050 508 5096 et
530 5041 672 5110 quod
705 5040 959 5109 possibile
986 5049 1068 5095 est
1092 5054 1195 5094 non
1222 5053 1363 5105 esse,
1391 5038 1654 5108 conti~tgit
1676 5051 1780 5093 non

200 5148 349 5197 esse;
393 5135 530 5204 quod
559 5143 736 5187 autem
768 5133 1031 5202 contingit
1069 5146 1173 5185 non
1203 5144 1343 5193 esse,
1374 5138 1545 5196 potest
1578 5128 1693 5183 ﬁeri
1724 5136 1781 5182 ut

202 5240 304 5283 non
332 5227 418 5289 sit,
453 5226 545 5280 sed
579 5224 720 5295 quod
755 5232 928 5292 potest
958 5223 1072 5278 ﬁeri
1103 5232 1161 5276 ut
1191 5237 1295 5276 non
1318 5216 1409 5286 sit,
1443 5234 1548 5274 non
1576 5228 1658 5274 est
1681 5220 1782 5273 im-

198 5318 453 5388 possibile
471 5327 527 5369 ut
546 5331 650 5370 non
673 5316 743 5370 sit
766 5332 778 5368 :
803 5329 932 5384 ergo
957 5313 1097 5384 quod
1112 5312 1372 5382 contingit
1394 5326 1499 5365 non
1516 5325 1656 5371 esse.
1672 5325 1777 5364 non

197 5422 279 5465 est
317 5409 643 5481 impossibile
673 5418 729 5462 ut
772 5409 865 5475 sit,
908 5406 1000 5464 sed
1016 5407 1278 5476 quodnon
1323 5412 1406 5458 est
1448 5402 1779 5473 impossibile

198 5518 303 5558 non
355 5517 494 5567 esse,
546 5518 653 5556 non
697 5502 898 5555 idcirco
928 5499 1059 5553 illud
1100 5496 1212 5568 jam
1264 5510 1371 5551 non
1402 5510 1526 5551 esse
1556 5508 1780 5550 necesse

197 5606 317 5661 est;
345 5596 505 5650 hodie
533 5596 675 5650 enim
706 5593 935 5663 pluviam
964 5605 1068 5645 non
1099 5603 1220 5644 esse
1251 5604 1355 5642 non
1385 5595 1468 5643 est
1520 5585 1771 5655 impossi-

196 5687 322 5741 bile.
356 5686 530 5742 Ρυιεει
556 5687 698 5742 enim
724 5699 868 5746 esse.
893 5684 985 5739 sed
1014 5696 1119 5737 non
1142 5680 1342 5736 idcirco
1362 5695 1425 5735 ex
1461 5677 1780 5733 necessitate

209 5775 371 5835 bodie
405 5792 510 5845 non
556 5776 743 5848 pluet;
777 5789 944 5851 quare
987 5774 1124 5846 quod
1156 5787 1260 5831 non
1311 5782 1394 5833 est
1441 5770 1777 5843 impossibile

1888 4930 2011 4987 bilis
2040 4946 2103 4986 ea
2134 4947 2253 5001 qua:
2281 4940 2366 4986 est
2412 4932 2743 5001 impossibile
2785 4949 2929 5001 esse,
2982 4940 3306 5009 sequebatur
3335 4955 3466 4994 con-

1885 5026 2138 5095 tingentis
2185 5025 2518 5095 negationem
2550 5042 2667 5082 eam
2699 5044 2818 5097 quas
2871 5039 2990 5097 est,
3048 5048 3155 5087 non
3202 5035 3470 5104 contingit

1888 5132 2030 5174 esse.
2062 5117 2281 5189 Negatio
2332 5132 2459 5173 vero
2488 5117 2855 5187 impossibilis,
2893 5136 2953 5177 ea
3003 5139 3122 5193 quae
3170 5124 3321 5188 dicit,
3353 5140 3462 5180 non

1882 5209 2210 5281 impossibile
2228 5217 2463 5276 estesse,
2480 5208 2887 5266 al‘lirmationem
2907 5214 3263 5282 contingentis
3278 5227 3467 5281 seque-

1884 5303 2042 5360 batur
2070 5316 2187 5357 eam
2217 5314 2336 5370 quas
2358 5299 2525 5365 dicit,
2555 5300 2816 5372 contingit
2851 5315 3001 5368 esse;
3034 5317 3201 5373 quare
3229 5304 3311 5357 ba:
3336 5318 3470 5371 pro-

1887 5394 2184 5466 positiones
2220 5406 2341 5448 sese
2384 5391 2610 5447 invicem
2658 5400 2971 5461 sequuntur,
3019 5394 3116 5448 sed
3166 5408 3466 5452 conversae.

1884 5487 2121 5557 Namque
2150 5481 2432 5538 afﬁrmatio
2462 5483 2807 5553 impossibilis
2832 5483 3188 5553 contingentis
3223 5484 3466 5552 negatio.

1883 5593 2009 5637 nem
2036 5587 2091 5634 et
2110 5575 2381 5647 possibilis
2411 5574 2673 5643 sequitur.
2702 5573 2924 5645 Negatio
2949 5586 3081 5629 vero
3117 5574 3469 5643 impossibilia

1882 5670 2295 5726 altlrmationem
2322 5661 2594 5735 possibilis
2615 5672 2669 5721 et
2693 5662 3077 5733 contingentis,
3128 5673 3186 5721 ot
3221 5659 3465 5734 subjecta

1882 5762 2172 5839 descriptio
2209 5762 2389 5823 docet.
