4022 6332
456 176 550 233 In
1689 172 1799 230 AN.
1843 166 2051 226 MANL.
2088 165 2238 223 sev.
2281 168 2506 227 BOE'I‘II
3146 194 3151 197 Α
3197 183 3207 192 ·
3626 171 3730 226 δῖε

667 293 990 349 Allirmatio.
1169 288 1504 361 lmpossibile
1551 298 1633 345 est
1662 302 1784 345 esse
1836 279 2158 361 contradict.
2343 281 2457 361 gon
2477 283 2819 361 impossibile
2844 295 2927 344 est
2946 301 3086 347 esse.
3267 287 3513 361 Negatio.

668 365 908 435 Negatio.
1177 353 1291 435 Non
1321 360 1670 435 possibileest
1691 373 1813 415 esse
1837 353 2159 435 cantradjct.
2340 355 2599 435 {fossibile
2622 369 2705 413 est
2731 373 2871 414 esse.
3263 353 3587 435 Alﬁrmatio.

671 423 916 507 Negatio.
1183 423 1614 502 Non'contingit
1657 446 1779 486 esse
1834 423 2154 482 contradict.
2340 424 2613 499 Contingit
2640 444 2781 485 esse.
2850 456 2862 466 -
3262 431 3586 511 Afﬁrmatio.

459 551 667 608 Idcirco
689 562 918 619 namque
947 548 1056 605 ait:
1090 547 1399 621 Sequuntur
1436 548 1650 620 quidem
1680 543 2042 602 contradicto-
2069 540 2126 598 Δ
2154 542 2245 595 sed
2289 548 2561 601 contraria
2615 558 2917 617 sequuntur,
2971 549 3380 606 contrudit-write
3423 559 3589 615 autem
3617 560 3733 605 sunt

462 647 575 712 rite,
611 645 703 699 sed
730 644 1051 705 conversim,
1080 644 1218 713 quod
1251 660 1437 700 omnes
1457 645 1507 698 in
1534 645 1862 705 contrarium
1892 641 2041 695 loea-
2084 664 2097 679 -

462 747 529 793 tte
579 737 1027 792 contradictiones
1074 746 1215 791 sunt.
1272 736 1639 792 Contradictio
1680 748 1907 802 namque
1962 738 2045 787 est

463 812 792 896 impoSsibile
822 843 942 883 esse
968 837 1021 883 et
1052 845 1155 882 non
1206 829 1536 898 impossibile
1566 842 1708 892 esse,
1733 826 2045 895 contingere

466 934 585 973 esse
637 929 689 973 ct
720 935 822 974 non
873 919 1185 990 euntiugere
1207 936 1347 986 esse,
1380 920 1631 990 possibile
1677 933 1799 973 esse
1856 927 1909 973 et
1940 932 2044 973 non

462 1011 719 1084 possibile
749 1027 890 1067 esse.
919 1013 1206 1068 Conversa:
1236 1024 1415 1068 autem
1447 1029 1507 1069 se
1538 1022 1857 1079 sequuntur,
1906 1025 2045 1082 quo-

464 1104 603 1157 niam
634 1102 922 1158 al‘lirutatio
969 1120 1075 1159 non
1125 1108 1363 1174 sequitur
1399 1106 1829 1169 afﬁrmatiouem,
1865 1116 1919 1162 et
1954 1120 2050 1160 ne-

465 1195 606 1266 gatio
633 1198 993 1266 negationem,
1021 1198 1115 1252 sed
1144 1198 1552 1254 alﬁrntationem
1593 1200 1923 1265 negationes,
1959 1213 2052 1253 ue-

465 1290 730 1361 gatiouem
767 1304 895 1344 vero
918 1290 1329 1357 al‘lirmationes,
1387 1291 1526 1360 quod
1573 1290 1639 1345 ad
1687 1291 2051 1359 supradictam

466 1378 879 1449 descriptionem
914 1382 1305 1438 revertentibus
1362 1384 1570 1452 planius
1619 1383 1825 1455 liquet;
1857 1398 2051 1439 sensus

466 1486 593 1542 ergo
624 1471 709 1526 hic
730 1484 827 1527 est.
864 1473 1007 1528 Ordo
1039 1483 1217 1529 autem
1269 1476 1543 1545 seviesqtte
1592 1490 1900 1531 sermonum
1933 1489 2054 1529 sese

468 1563 547 1620 sic
580 1564 740 1619 habet
770 1582 783 1630 ;
843 1580 971 1635 ergo
1014 1566 1183 1635 inquit
1225 1566 1541 1623 Aristoteles
1574 1566 2052 1621 contradictionem

469 1668 587 1725 qua:
610 1667 691 1710 est
717 1656 1047 1725 impossibile
1100 1669 1151 1712 ει
1201 1674 1304 1712 non
1356 1658 1705 1728 impossibile,
1752 1659 1879 1714 illud
1913 1659 2053 1728 quod

470 1758 555 1804 est
581 1750 899 1819 contingens
930 1760 983 1804 et
1016 1751 1293 1819 possibile,
1351 1767 1468 1820 quis
1499 1752 1617 1807 duae
1669 1750 2056 1807 alﬁrmationes

469 1849 596 1907 sunt
627 1854 688 1895 ac
725 1855 844 1895 sese
875 1851 1193 1912 Sequuntur,
1228 1854 1281 1897 et
1326 1859 1431 1897 non
1478 1843 1798 1913 contingens
1853 1852 1908 1897 et
1951 1858 2055 1896 non

2146 646 2309 691 extra.
2337 636 2460 691 Non
2495 640 2629 692 enim
2655 653 2726 695 est
2751 643 2956 713 negatio
2985 643 3098 713 ejus
3124 641 3260 708 quod
3282 650 3378 707 est,
3408 656 3609 695 necesse
3632 655 3735 693 non

2146 748 2274 798 esse,
2311 750 2413 788 non
2458 750 2656 789 necesse
2690 745 2765 788 est
2806 752 2933 800 esse,
2977 736 3222 808 contingit
3262 734 3398 788 enim
3442 750 3550 787 esse
3588 749 3733 786 ceras

2152 833 2394 893 utrasque
2413 828 2465 880 in
2491 828 2687 893 eodem,
2711 828 2849 898 quod
2894 828 3027 883 enim
3048 836 3119 882 est
3148 826 3487 882 necessarium
3509 840 3613 878 non
3634 840 3737 880 esse

2150 936 2252 976 non
2275 932 2347 976 est
2375 924 2713 976 necessarium
2743 939 2868 978 esse.

2221 1012 2373 1081 Quod
2406 1014 2533 1068 dicit
2556 1013 2859 1083 huiusmodi
2887 1022 2970 1070 est
3000 1031 3013 1066 ε
3046 1014 3099 1068 in
3147 1012 3230 1066 bis
3271 1008 3738 1080 propositionibus

2151 1120 2268 1173 quae
2310 1113 2466 1158 erant
2507 1105 2853 1171 impossibilis
2884 1114 2937 1159 et
2977 1119 3083 1158 non
3126 1102 3497 1173 impossibilis,
3535 1112 3741 1157 conve-

2154 1194 2329 1257 niebat
2360 1210 2464 1249 non
2499 1196 2754 1263 possibile
2783 1197 2835 1251 ei
2860 1196 3002 1266 quod
3034 1207 3116 1251 est
3149 1195 3495 1264 impossibile,
3527 1204 3581 1249 et
3616 1207 3743 1260 pos~

2154 1290 2309 1347 sibile
2333 1292 2702 1347 consentiebat
2729 1293 2777 1345 ei
2802 1292 2939 1362 quod
2974 1301 3054 1345 est
3085 1307 3188 1345 non
3228 1290 3579 1361 impossibile,
3608 1302 3746 1342 con-

2157 1386 2531 1454 tradictionem
2577 1386 2787 1440 scilicet
2836 1384 3183 1452 impo~sibilis
3230 1382 3583 1438 contradictio
3636 1396 3748 1436 non

2161 1477 2431 1548 possibilis
2458 1477 2783 1547 sequebatur
2803 1476 2993 1532 ordine
3023 1490 3323 1540 converso;
3368 1475 3419 1531 in
3451 1475 3535 1529 his
3566 1483 3750 1532 autem

2158 1586 2277 1638 quas
2329 1572 2692 1634 necessarium
2772 1569 3062 1639 praedicant
3140 1567 3223 1621 vel
3291 1565 3614 1622 afﬁrmative
3665 1564 3750 1626 vel

2160 1662 2445 1730 negativc,
2496 1671 2545 1716 et
2597 1670 2895 1729 sequuntur
2947 1658 3253 1726 possibilem
3321 1658 3754 1727 propositionem

2164 1755 2280 1825 ejus
2310 1769 2429 1825 qua:
2459 1753 2701 1823 possibili
2731 1756 3021 1817 consentit,
3050 1748 3407 1805 contradictio
3436 1763 3543 1802 non
3568 1747 3755 1813 sequi.

2165 1858 2249 1901 tur
2278 1846 2753 1905 contradictionem
2788 1843 3081 1913 possibilis,
3112 1842 3207 1898 sed
3240 1851 3414 1914 potius
3439 1842 3755 1909 contraria;

470 1931 748 2003 possibile,
782 1948 900 2003 qua:
934 1932 1053 1986 dute
1076 1944 1202 1989 sunt
1233 1935 1567 2005 negationes,
1596 1943 1893 2003 sequuntur
1940 1934 2057 2003 qui-

2168 1939 2498 1996 necessarias
2528 1953 2659 1993 vero
2689 1952 2829 1991 nunc
2856 1935 3249 2006 propositiones
3279 1934 3422 1998 dico,
3455 1946 3575 2002 qua:
3605 1943 3758 1986 tarn-

471 2022 595 2078 dem
624 2025 845 2079 contrad
871 2027 1076 2091 ct0riae,
1108 2034 1165 2080 ut
1206 2026 1656 2087 contradictiones
1700 2026 1809 2081 sint
1840 2027 1891 2082 in
1924 2041 2058 2081 cou-

472 2118 696 2171 trarium
731 2116 928 2183 duelte,
972 2118 1067 2173 sed
1098 2120 1425 2185 conversim,
1481 2129 1537 2175 ut
1586 2120 1874 2175 afﬁrmatio
1904 2137 2066 2191 nega-

473 2207 697 2274 tionem,
730 2211 941 2281 negatio
972 2219 1229 2282 sequatur
1258 2210 1699 2269 afﬁrmationem.
1731 2214 1899 2284 Hujus
1941 2214 2064 2269 talis

473 2303 612 2365 ratio
644 2303 887 2359 redditur
918 2304 1081 2359 :illud
1110 2304 1252 2359 enim
1285 2305 1423 2375 quod
1471 2316 1554 2361 est
1612 2307 1868 2376 po~sibile
1918 2322 2062 2375 esse,

474 2394 679 2459 scilicet
711 2394 851 2465 quod
890 2394 1177 2449 afﬁrmatio
1208 2404 1309 2460 e~t,
1344 2399 1679 2466 negationem
1714 2397 2065 2465 intpossiltilis

476 2489 740 2554 sequitur,
763 2496 845 2541 est
872 2501 1047 2541 autem
1084 2486 1294 2556 negatio
1331 2487 1679 2556 impOSsiIJiliS
1713 2504 1821 2542 non
1866 2490 2064 2558 impos-

477 2578 633 2634 sibile
671 2594 833 2644 esse;
865 2580 1007 2650 quod
1049 2588 1129 2635 est
1175 2595 1302 2650 ergo
1349 2581 1601 2652 possibile
1652 2596 1792 2650 esse,
1824 2582 2067 2652 sequitur

477 2685 586 2729 non
620 2673 949 2739 impossibile
999 2688 1138 2742 esse,
1185 2672 1396 2743 negatio
1426 2688 1556 2728 vero
1599 2674 1865 2743 possibifis
1918 2672 2066 2729 afﬁr-

476 2765 770 2821 mationem
804 2766 1151 2835 impossibilis
1185 2767 1448 2837 sequitur,
1482 2766 1614 2822 illud
1660 2784 1890 2838 namque
1920 2768 2063 2838 quod

477 2867 563 2914 est
592 2874 697 2915 non
724 2859 978 2930 possibile
1004 2875 1146 2925 esse,
1190 2860 1431 2929 sequitur
1471 2858 1885 2915 afﬁrmationem
1945 2875 2065 2930 quae

478 2960 564 3007 est
585 2953 916 3023 impossibile
959 2968 1102 3028 esse,
1154 2955 1351 3009 etenim
1381 2953 1671 3010 afﬁrmatio
1698 2966 1781 3011 est
1813 2956 2062 3025 impossi-

480 3042 588 3101 bile
617 3059 759 3111 esse,
795 3060 899 3099 non
934 3045 1265 3114 impossibile
1292 3061 1411 3102 esse
1436 3049 1667 3117 negatio,
1698 3057 1753 3104 et
1779 3050 1832 3104 itt
1857 3050 2065 3103 contin-

446 3174 451 3180 -
481 3136 729 3208 gentibus
752 3137 941 3193 eodem
974 3139 1155 3206 modo,
1182 3150 1342 3209 atque
1368 3140 1469 3195 hoc
1497 3142 1714 3211 quidem
1738 3142 1805 3198 de
1841 3144 2065 3211 possibi-
2089 3158 2095 3164 '

481 3227 612 3283 lium
638 3240 690 3285 et
716 3230 1127 3298 impo-sibilium
1151 3237 1535 3303 consequentia
1558 3236 1757 3293 dictum
1785 3248 1887 3294 est.
1912 3238 2062 3296 Nunc

484 3317 549 3374 de
580 3323 869 3377 necessarii
909 3332 962 3378 et
995 3324 1262 3394 possibilis
1291 3330 1671 3397 consequentia
1704 3340 1913 3385 tractat.

554 3408 917 3469 Necessarium
934 3431 1049 3471 vero
1067 3418 1499 3489 quemadmodum
1526 3421 1591 3475 sit
1633 3423 2061 3479 considerandum

483 3512 573 3561 ut.
604 3502 938 3575 Manifestum
966 3516 1039 3561 est
1074 3517 1243 3563 autem
1270 3510 1513 3581 quoniam
1540 3527 1644 3565 non
1674 3514 1852 3567 eodem
1882 3516 2056 3584 modo,

1832 3653 2192 3713 Contradictio

695 3714 1015 3772 Alﬁrmatio.
1030 3714 1262 3774 Necesse
1282 3727 1364 3775 est
1384 3733 1526 3777 esse.

1835 3795 2028 3852 Contra
2037 3799 2113 3854 ria

706 3969 1030 4029 Afﬁrmatio.
1044 3972 1279 4032 Necesse
1298 3986 1500 4034 estnon
1523 3995 1663 4036 esse.
1755 3916 1776 4121 ἓ

485 4157 581 4221 llis
627 4158 788 4231 igitur
831 4162 1113 4218 commode
1167 4163 1504 4234 breviterque
1535 4166 1840 4239 descriptis,
1893 4172 1979 4239 qui
2014 4173 2065 4228 in

487 4266 672 4310 eorum
697 4256 1079 4325 consequentia
1109 4254 1175 4313 ad
1202 4256 1481 4325 possibiles
1522 4260 1917 4327 propositiones
1947 4276 2065 4317 mo-

487 4344 588 4403 dus
622 4347 789 4415 possit
819 4349 1034 4404 evenire
1062 4349 1466 4405 monstrandum
1509 4360 1611 4417 est,
1640 4352 1783 4407 illam
1835 4369 2068 4424 namque

488 4454 608 4511 quae
630 4450 730 4508 est,
763 4441 1017 4511 possibile
1051 4452 1298 4509 estesse,
1326 4443 1567 4513 sequitur
1594 4458 1655 4499 ea
1680 4461 1800 4515 quae
1829 4457 1931 4511 est,
1961 4462 2067 4504 non

489 4547 711 4591 necesse
741 4542 822 4589 est
850 4548 1007 4601 esse;
1038 4549 1163 4589 nam
1185 4534 1325 4605 quod
1349 4536 1600 4606 ροεεώἰΙε
1631 4548 1715 4593 εει
1761 4553 1899 4603 εεεε,
1958 4556 2065 4597 non

488 4639 714 4685 necesse
738 4634 819 4681 est
849 4639 986 4691 esse,
1033 4625 1175 4695 quod
1207 4627 1348 4681 enim
1381 4628 1634 4696 possibile
1661 4639 1913 4699 estesse,
1946 4646 2066 4702 pos-

490 4714 646 4773 sibile
692 4723 772 4771 est
801 4723 855 4769 et
884 4730 992 4770 non
1036 4729 1197 4780 esse;
1247 4717 1512 4787 sedquod
1547 4720 1802 4787 possibile
1848 4734 1929 4778 est
1959 4741 2067 4782 non

492 4823 634 4877 esse,
667 4824 771 4865 non
804 4823 1023 4865 necesse
1061 4818 1311 4866 estesse.
1342 4811 1516 4878 Quare
1544 4812 1595 4868 id
1625 4817 1767 4884 quod
1801 4826 1905 4882 est,
1939 4834 2068 4889 pos-

491 4901 646 4961 sibile
678 4909 760 4956 est
791 4914 932 4968 esse,
964 4910 1113 4957 recte
1143 4903 1401 4972 sequitur,
1435 4919 1540 4959 non
1574 4921 1800 4963 necesse
1821 4921 2065 4984 estesse,

495 4993 590 5049 sed
621 4993 959 5063 negationem
984 4996 1100 5062 ejus
1129 5009 1250 5064 quae
1271 4994 1418 5058 dicit,
1456 4997 1710 5065 possibile
1739 5009 1985 5067 estesse,
2018 5002 2071 5058 id

490 5093 711 5141 estnon
752 5084 1003 5154 possibile
1032 5093 1116 5140 est
1156 5100 1297 5154 esse,
1347 5101 1452 5141 non
1493 5089 1738 5157 sequitur
1785 5090 2071 5148 afﬁrmatio

491 5175 608 5244 ejus
634 5192 753 5247 qua:
783 5175 932 5241 dicit,
989 5190 1096 5230 non
1145 5191 1367 5233 necesse
1397 5191 1473 5233 est
1500 5193 1641 5245 esse,
1672 5195 1792 5249 qua:
1819 5192 1900 5237 est
1931 5183 2073 5238 scili-

491 5276 595 5331 cet,
629 5280 847 5321 necesse
866 5276 949 5322 est
979 5280 1134 5331 esse;
1167 5267 1286 5324 haec
1313 5268 1454 5324 enim
1487 5280 1571 5326 est
1594 5272 1949 5328 contradictio
1979 5289 2073 5330 ne-

490 5359 736 5414 cessaria
766 5358 1165 5425 aflirmationis,
1209 5377 1385 5430 neque
1423 5364 1565 5418 enim
1595 5365 1701 5419 dici
1737 5375 1913 5433 potest
1942 5382 2075 5423 con-

490 5451 692 5507 sentire
723 5452 1118 5521 propositiones
1148 5469 1269 5524 quae
1305 5454 1514 5516 dicunt.
1558 5469 1663 5511 non
1693 5458 1947 5526 possibile
1988 5465 2075 5515 est

489 5554 630 5609 esse,
653 5551 711 5598 et
735 5556 957 5600 necesse
989 5553 1073 5600 est
1094 5559 1237 5612 esse,
1260 5545 1355 5602 sed
1388 5545 1547 5617 hujus
1573 5550 1842 5605 contraria
1885 5550 2072 5619 sequi-

490 5641 601 5705 tur.
628 5647 863 5717 umque
910 5650 1031 5697 sem
1076 5651 1199 5713 quo
1227 5644 1332 5706 est,
1361 5651 1468 5693 non
1500 5635 1753 5709 possibile
1793 5646 1879 5695 est
1925 5654 2077 5713 esse.

1832 4054 2111 4114 Contraria

2165 2034 2263 2089 etsi
2294 2047 2398 2087 non
2431 2030 2729 2101 signiﬁcent
2766 2030 3167 2105 necessitatem,
3218 2037 3394 2083 tamen
3442 2028 3553 2082 sive
3599 2026 3759 2080 afﬁr-

2167 2128 2382 2191 mative,
2410 2128 2521 2179 sive
2549 2126 2792 2192 negative
2822 2125 3182 2179 necessarium
3207 2120 3525 2192 puaadicant;
3555 2133 3761 2176 sensus

2166 2234 2292 2290 ergo
2315 2219 2399 2273 Itic
2418 2225 2524 2283 est,
2549 2217 2594 2271 si
2621 2232 2723 2286 qua
2742 2232 2805 2271 ex
2833 2217 2914 2275 bis
2940 2231 3059 2284 quae
3078 2212 3437 2269 necessarium
3454 2211 3765 2279 praedicant

2166 2310 2431 2369 consentit
2458 2310 2695 2381 possibili
2722 2307 3087 2378 propositioni,
3114 2307 3231 2376 ejus
3246 2320 3364 2375 qua:
3386 2304 3767 2359 necessarium

2166 2404 2448 2477 praedicat,
2498 2402 2853 2457 contradictio
2885 2415 2987 2455 non
3036 2398 3278 2469 sequitur
3310 2397 3575 2466 possibilis
3616 2411 3767 2455 cons

2168 2496 2560 2557 tradtctionem,
2611 2493 2705 2547 sed
2764 2492 2883 2564 ejus
2930 2506 3047 2562 qua:
3088 2489 3447 2545 necessarium
3496 2488 3769 2560 prtedigt

2166 2586 2601 2644 contradictiouis
2630 2583 2897 2638 contraria
2924 2597 2987 2637 ea
3010 2580 3279 2637 consentit
3313 2579 3579 2649 pOSSlblllS
3608 2593 3762 2647 pro-

2168 2678 2451 2751 positionis
2497 2675 2958 2739 contradictioni;
3010 2673 3158 2743 prius
3188 2681 3365 2727 autem
3408 2671 3770 2741 disponamus

2168 2787 2287 2844 quas
2306 2780 2429 2825 sunt
2449 2768 2906 2835 contradictorite,
2929 2781 3118 2837 quasve
3138 2766 3445 2833 contrariae,
3469 2764 3582 2836 ejus
3602 2766 3770 2821 enim

2166 2881 2284 2934 quae
2313 2862 2441 2917 dicit
2468 2875 2689 2916 necesse
2718 2868 2803 2915 est
2836 2874 2979 2924 esse,
3012 2859 3361 2913 contradictio
3393 2868 3495 2925 est,
3523 2872 3630 2912 non
3661 2874 3772 2912 ne-

2166 2972 2317 3012 cesse
2348 2966 2428 3012 est
2449 2969 2590 3018 esse,
2614 2952 2885 3008 contraria
2918 2967 3069 3018 vero,
3102 2966 3325 3007 necesse
3355 2960 3440 3006 est
3462 2966 3566 3005 non
3592 2966 3770 3017 esse;

2170 3066 2353 3105 rursus
2378 3048 2494 3119 ejus
2525 3062 2644 3117 quae
2669 3054 2770 3109 est,
2806 3059 3029 3100 necesse
3058 3059 3163 3098 non
3206 3059 3347 3108 esse,
3397 3042 3772 3097 contradictio

2167 3155 2268 3209 est,
2306 3158 2410 3197 non
2434 3146 2663 3197 necesse
2712 3148 2797 3193 est
2850 3153 2955 3192 non
2982 3150 3125 3202 esse,
3153 3136 3420 3190 contraria
3462 3150 3611 3200 vero,
3672 3151 3772 3190 nc-

2167 3251 2319 3293 cesse
2349 3243 2431 3289 est
2477 3248 2616 3288 esse.
2675 3232 2851 3299 Quare
2903 3228 3277 3284 describantur
3322 3236 3377 3283 et
3424 3227 3567 3283 circa
3597 3241 3774 3283 unam

2089 3301 2135 3365 θ
2165 3328 2515 3397 eamdemque
2535 3324 2829 3387 contraria,
2855 3331 2907 3377 et
2931 3321 3153 3377 contrad
3178 3321 3346 3376 ctoria
3370 3320 3766 3388 diSponantur,

2168 3431 2225 3477 ut
2255 3419 2394 3489 quod
2447 3434 2475 3474 ε
2526 3417 2681 3472 nobis
2737 3413 3021 3470 dicendum
3064 3422 3186 3478 est,
3246 3411 3443 3467 clarius
3496 3410 3773 3481 possitli-

2166 3530 2351 3588 quere.
2730 3518 2733 3519 ⁷

2356 3651 2471 3707 Non
2507 3660 2728 3704 necesse
2762 3653 2848 3700 est
2890 3659 3031 3700 esse.
3321 3640 3543 3712 Negatio

2272 3659 2294 3863 ἑ
2349 3795 2579 3850 Necesse
2604 3799 2687 3847 est
2721 3803 2825 3844 non
2853 3798 2996 3844 esse.
3245 3646 3268 3855 ἱ
3322 3784 3539 3841 Afﬁrma

2349 3795 2579 3850 Necesse
2604 3799 2687 3847 est
2721 3803 2825 3844 non
2853 3798 2996 3844 esse.
3246 3784 3268 3850 (
3322 3784 3618 3841 Afﬁrmatio

1832 3913 2199 3971 Contradictio
2345 3910 2461 3966 Non
2494 3921 2718 3963 necesse
2743 3914 2827 3961 est
2856 3920 2963 3960 non
2983 3918 3125 3960 esse.
3326 3901 3548 3973 Negatio

1832 4054 2111 4114 Contraria
2267 3915 2293 4123 ἓ
2350 4053 2580 4110 Necesse
2603 4058 2685 4106 est
2714 4064 2851 4104 esse.
3248 3907 3269 4114 ι
3323 4043 3540 4100 Afﬁrma

3323 4043 3621 4100 Alﬁrmatio

2171 4170 2261 4228 illa
2292 4184 2410 4240 qure
2435 4166 2587 4231 dicit,
2623 4178 2846 4220 necesse
2873 4170 3081 4218 estnon
3129 4174 3268 4227 esse,
3324 4159 3630 4229 comitatur,
3672 4162 3785 4217 sed

2174 4276 2396 4323 necesse
2418 4268 2499 4316 est
2523 4273 2628 4313 non
2655 4271 2799 4319 esse,
2828 4269 2933 4309 non
2956 4263 3039 4311 est
3064 4250 3471 4307 contradictoria
3495 4251 3611 4320 ejus
3634 4267 3784 4319 qua:

2171 4363 2276 4418 est,
2311 4368 2417 4407 non
2446 4362 2667 4405 necesse
2690 4355 2775 4401 est
2801 4360 2957 4408 esse;
2993 4352 3216 4414 possunt
3244 4343 3385 4396 enim
3427 4350 3685 4408 utraeque
3728 4341 3788 4395 in

2173 4442 2362 4499 eodem
2405 4440 2563 4496 simul
2608 4453 2749 4495 verte
2776 4436 3025 4503 inveniri,
3086 4450 3208 4489 nam
3253 4436 3501 4511 quoniam
3536 4448 3786 4489 necesse

2175 4543 2257 4590 est
2303 4548 2407 4588 non
2441 4546 2561 4587 esse
2591 4530 2766 4600 ignem
2799 4528 3070 4596 frigidum,
3118 4543 3227 4582 non
3272 4539 3493 4580 neresse
3523 4535 3604 4579 est
3633 4538 3788 4580 esse

2171 4626 2347 4697 ignem
2397 4623 2662 4693 frigidum.
2728 4623 2989 4689 Quocirca
3039 4620 3121 4674 lue
3174 4617 3604 4674 contradictoris:
3651 4634 3785 4674 non

2172 4728 2317 4783 sunt.
2351 4719 2444 4774 sed
2471 4728 2555 4774 εει
2578 4718 2848 4773 contraria
2878 4730 2938 4769 ea
2961 4728 3083 4785 qua:
3120 4713 3268 4779 dicit,
3297 4725 3515 4768 necesse
3537 4719 3617 4765 est
3651 4728 3786 4770 non

2175 4828 2319 4878 esse,
2346 4812 2395 4869 ei
2424 4828 2541 4883 qua:
2565 4811 2714 4876 dicit,
2747 4823 2967 4863 necesse
2992 4817 3075 4862 est
3102 4822 3220 4861 esse
3245 4823 3259 4871 ;
3289 4821 3404 4875 quze
3434 4818 3659 4861 necesse
3689 4818 3790 4863 est

2173 4920 2318 4972 esse,
2342 4901 2697 4959 contradictio
2727 4910 2810 4956 est
2837 4898 2954 4969 ejus
3004 4914 3124 4970 qute
3173 4898 3339 4989 ppuit,
3390 4912 3493 4952 non
3536 4913 3791 4957 necesse

2185 5007 2265 5055 est
2296 5010 2417 5051 esse
2442 5012 2458 5062 ;
2488 5010 2652 5065 quare
2681 4994 3152 5048 contradictionem
3175 4990 3294 5060 ejus
3318 5007 3435 5060 qua:
3456 4989 3605 5054 dit-it,
3633 5006 3791 5060 pos.

2174 5088 2333 5144 sibilo
2359 5096 2442 5143 est
2471 5102 2613 5153 esse,
2655 5101 2771 5141 eam
2794 5084 3001 5141 scilicet
3024 5100 3142 5154 qua:
3175 5084 3438 5153 proponit.
3474 5098 3580 5136 non
3631 5098 3789 5152 pos-

2179 5182 2334 5238 sibile
2359 5191 2445 5239 est
2469 5197 2611 5247 esse,
2646 5196 2751 5237 non
2789 5182 3035 5250 sequitur
3064 5179 3415 5235 contradictio
3465 5177 3582 5248 ejus
3638 5192 3788 5248 qua

2176 5284 2278 5340 est,
2314 5291 2533 5330 necesse
2564 5282 2647 5329 est
2675 5289 2818 5338 esse,
2862 5275 2954 5329 sed
2985 5288 3045 5328 ea
3086 5287 3205 5340 qure
3252 5281 3356 5336 est,
3409 5286 3632 5325 necesse
3679 5280 3785 5325 est

2178 5382 2286 5422 non
2311 5382 2456 5432 esse,
2486 5382 2603 5436 qua:
2626 5365 2893 5421 contraria
2926 5365 3129 5420 scilicet
3157 5372 3240 5419 est
3266 5364 3313 5416 ei
3358 5377 3475 5427 qua:
3498 5370 3604 5426 εει,
3659 5375 3781 5415 ne-

2178 5471 2333 5514 cesse
2380 5468 2463 5513 est
2507 5472 2651 5524 esse,
2695 5473 2813 5527 quae
2842 5457 2956 5512 bac
2989 5457 3101 5527 ipsa
3149 5454 3501 5511 contradictio
3531 5462 3611 5509 est
3639 5452 3783 5522 ejus

2179 5566 2297 5623 quae
2327 5551 2597 5622 proponit,
2627 5567 2730 5606 non
2762 5564 2984 5608 necesse
3013 5563 3155 5607 esse.
3196 5548 3307 5607 Hoc
3336 5543 3513 5604 autem
3553 5546 3781 5603 descri-

2177 5645 2363 5711 ptione
2388 5643 2581 5705 melius
2603 5642 2820 5717 patebit.

2350 4053 2580 4110 Necesse
2603 4058 2685 4106 est
2714 4064 2851 4104 esse.

2776 5832 2807 5849 ο

3982 0 3995 57 ξ

3982 68 3993 95 ιζ

3980 104 3991 191 ,ξ

3980 216 3991 289 ξ

3980 292 3993 361 t’

3982 366 3995 511 ἒ
