4022 6332
526 300 630 361 375

1752 309 1867 367 ΑΝ.
1908 306 2121 364 MANL.
2162 308 2319 371 SEV.
2362 311 2586 371 BOETII
3679 330 3759 383 576

525 422 791 478 redditum
820 421 1175 478 necessarium
1193 463 1208 488 ,
1238 420 1379 477 idem
1406 422 1571 478 valet.
1600 422 1851 495 Sequitur
1879 424 1937 480 id
1960 425 2105 495 quod
2138 422 2193 480 Α
2218 436 2359 490 εεεε,
2384 424 2486 481 hoc
2516 442 2642 483 vero
2670 427 2799 485 illud
2827 432 2967 500 quod
2989 431 3183 487 dicitur
3201 446 3306 487 non
3331 432 3648 503 impossibile
3666 454 3761 496 esse

528 524 607 571 est
642 514 971 583 impossibile
992 522 1070 568 εει
1100 527 1203 569 non
1234 527 1376 580 esse,
1396 515 1445 569 id
1474 515 1613 585 quod
1633 517 1863 574 dicimus
1884 534 2111 576 necesse

525 614 612 661 est
637 620 779 669 esse,
807 612 862 659 et
901 604 1036 659 banc
1074 620 1283 674 quoque
1318 607 1557 676 sequitur
1590 607 1642 662 id
1677 609 1819 678 quod
1855 613 2108 681 proponi-

523 714 665 765 mus,
700 713 805 753 non
845 698 1176 766 impossibile
1205 708 1289 754 est
1319 715 1422 755 non
1452 715 1595 768 esse,
1625 717 1732 758 non
1772 717 1993 761 necesse
2021 714 2106 760 est

521 772 629 848 non
652 807 815 864 esse;
850 792 902 846 id
930 806 1059 847 vero
1084 792 1442 864 descriptione
1469 804 1816 852 monstratur.

522 861 955 938 Consentientes.
1267 861 1278 864 ⁷
1360 882 1790 941 Consentientes.

515 974 633 1031 Non
663 974 992 1043 impossibile
1019 984 1101 1031 est
1130 988 1269 1033 esse.
1357 975 1688 1045 lmpossibile
1710 985 1793 1033 est
1820 991 1959 1035 esse.

518 1066 784 1124 Possibile
808 1078 891 1125 est
918 1082 1060 1125 esse.
1350 1070 1464 1125 Non
1504 1069 1755 1139 possibile
1775 1081 1855 1128 est
1885 1086 2026 1129 esse.

514 1159 634 1215 Non
667 1175 887 1217 necesse
913 1170 996 1216 est
1026 1175 1168 1216 esse.
1348 1161 1578 1238 Necesse
1614 1170 1697 1218 est
1727 1177 1835 1219 non
1860 1178 2005 1221 esse.

516 1248 949 1309 Consentientes.
1340 1254 1769 1311 Cousentientes.

513 1342 632 1400 Non
648 1342 929 1413 impossib.
947 1354 1149 1400 estnon
1180 1360 1320 1403 esse.
1349 1345 1686 1416 lmpossibile
1718 1358 1800 1404 est
1827 1363 1932 1403 non
1954 1362 2096 1404 esse.

511 1437 776 1492 Possibile
804 1447 887 1493 est
914 1454 1019 1493 non
1050 1452 1189 1495 esse.
1344 1438 1458 1495 Non
1487 1441 1693 1510 possib.
1724 1450 1805 1496 εει
1827 1456 1931 1496 non
1952 1456 2094 1497 esse.

512 1528 630 1586 Non
660 1546 879 1587 necesse
900 1540 1105 1587 estnon
1133 1547 1273 1589 esse.
1349 1532 1584 1590 Necesse
1605 1544 1687 1590 881
1711 1550 1851 1591 esse.

588 1626 758 1682 Causa
789 1627 947 1698 igitur
989 1628 1215 1684 diversas
1240 1631 1634 1699 consequentiae
1660 1639 1742 1686 est
1780 1631 1830 1685 in
1882 1640 2097 1687 contra-

516 1717 655 1772 rittm
708 1722 1126 1789 propositionum
1173 1721 1519 1792 impossibilis
1550 1731 1603 1779 et
1633 1725 1916 1779 necessarii
1956 1725 2097 1780 facta

2217 519 2462 587 sequitur
2488 519 2539 574 id
2580 520 2719 592 quod
2754 525 3122 594 proponimus,
3159 541 3262 580 non
3295 541 3515 583 necesse
3542 538 3760 600 estesse,

2214 610 2313 665 sed
2338 613 2592 680 possibile
2611 629 2732 671 esse
2758 620 3063 673 consentire
3094 621 3470 689 proposuimus
3496 623 3544 677 ei
3567 638 3673 692 quae
3695 626 3759 679 di-

2214 702 2309 772 cit,
2336 719 2556 761 necesse
2580 717 2666 763 est
2691 723 2835 776 esse,
2856 724 3082 780 eamque
3103 715 3386 784 consequi;
3411 716 3645 785 mquitur
3662 732 3761 787 ergo

2213 810 2334 851 eam
2355 812 2475 868 qua:
2498 808 2583 853 est
2607 814 2711 856 non
2754 818 2976 860 necesse
3003 820 3143 870 esse,
3173 807 3317 862 illam
3358 823 3476 878 qua:
3506 808 3652 875 dicit,
3689 826 3763 866 ne-

2214 904 2370 947 cesse
2398 901 2482 949 est
2509 908 2650 961 esse,
2680 884 2839 967 eique
2857 902 3143 964 consentit,
3172 901 3311 969 quod
3330 913 3412 956 est
3442 902 3758 972 impossibile.

2211 982 2349 1052 Quid
2372 984 2529 1055 igitur
2552 988 2604 1040 in
2637 988 2719 1042 his
2742 989 3163 1048 dubitationibus
3182 1002 3265 1049 est
3285 995 3659 1050 statuendum?
3677 1012 3761 1052 non

2211 1084 2387 1144 potest
2413 1080 2719 1135 consentire
2757 1076 2967 1151 quidem
3004 1083 3255 1153 possibile
3290 1099 3411 1141 esse
3442 1088 3489 1141 ei
3520 1088 3661 1156 quod
3682 1100 3761 1153 est,

2209 1182 2434 1225 necesse
2455 1184 2596 1226 esse.
2621 1172 2835 1243 Alioqui
2884 1176 3301 1244 propositionem
3340 1193 3562 1235 necesse
3589 1195 3701 1236 esse
3722 1181 3764 1235 id

2207 1260 2351 1329 quod
2386 1270 2469 1316 est
2500 1263 2829 1331 impossibile
2856 1282 2976 1323 esse
3006 1280 3383 1340 consequetur,
3424 1271 3469 1325 si
3499 1286 3633 1327 vero
3656 1288 3765 1328 con-

2207 1353 2419 1409 venerit
2446 1355 2496 1410 εἰ
2522 1371 2642 1425 quae
2658 1368 2742 1413 est
2763 1361 3122 1416 necessarium
3147 1376 3287 1430 esse,
3310 1362 3397 1417 illa
3418 1379 3539 1432 qum
3563 1375 3651 1420 est
3666 1380 3762 1435 pos-

2204 1448 2364 1504 sibile
2383 1463 2525 1507 esse.
2551 1450 2756 1509 Rursus
2778 1453 2835 1508 ﬁt
2860 1463 2917 1508 ut
2938 1454 2989 1509 id
3011 1455 3153 1525 quod
3174 1466 3255 1511 est
3276 1457 3665 1521 necessarium,
3681 1474 3764 1514 non

2206 1543 2569 1601 necessarium
2599 1547 2689 1613 sit,
2721 1547 2816 1602 sed
2839 1548 2937 1604 hoc
2964 1548 3157 1604 falsum
3186 1559 3306 1616 est;
3352 1551 3446 1606 sed
3477 1553 3578 1606 hoc
3596 1567 3762 1621 quem-

2204 1632 2493 1691 admodum
2523 1651 2645 1692 sese
2691 1636 2878 1692 habeat
2910 1638 3068 1708 paulo
3089 1648 3208 1710 post
3227 1640 3601 1710 explicabitur.
3643 1643 3766 1697 Nunc

2204 1740 2334 1781 vero
2363 1726 2597 1798 priorem
2635 1730 2965 1800 sequentiam
3010 1740 3376 1797 permutantes
3406 1731 3509 1787 hoc
3532 1730 3761 1798 diciinus,

510 1812 823 1876 conversio;
847 1813 940 1869 sed
963 1814 1029 1869 de
1056 1813 1137 1870 bis
1168 1812 1269 1869 hoc
1289 1815 1446 1870 modo
1466 1816 1793 1885 speculatus,
1816 1830 1935 1873 sese
1963 1831 2099 1887 quo-
2130 1801 2183 1864 Β
2206 1821 2454 1890 quoniam
2484 1820 2534 1875 id
2566 1821 2707 1891 quod
2733 1832 2816 1878 cst
2838 1823 3093 1891 possibile
3118 1838 3239 1879 esse
3263 1839 3368 1879 non
3393 1835 3567 1892 potest
3592 1839 3762 1879 conss.

508 1902 798 1960 dammodo
838 1905 953 1976 ipse
984 1907 1345 1975 reprehendit,
1378 1918 1430 1962 et
1458 1908 1524 1963 ad
1564 1908 1720 1965 aliam
1753 1908 2095 1980 proprietatis

506 1999 939 2069 consequentiam
963 2000 1372 2069 disputationem
1399 2000 1581 2057 ﬂectit.

580 2097 661 2150 An
689 2107 821 2151 certe
846 2095 1162 2166 impossibile
1206 2104 1281 2151 εει
1320 2098 1394 2150 sic
1434 2098 1556 2168 poni
1584 2097 1856 2152 necessarii
1883 2108 2091 2152 eontra-

505 2188 770 2243 dictiones.
806 2187 944 2242 Nam
974 2191 1110 2258 quod
1131 2197 1204 2243 est
1232 2190 1574 2244 necessarium
1600 2205 1728 2257 esse,
1758 2175 2090 2263 possibileesl

504 2296 634 2347 esse,
671 2296 791 2335 nam
834 2281 877 2334 si
919 2297 1046 2347 non,
1076 2282 1279 2354 negatio
1306 2291 1558 2351 sequetur.
1588 2280 1808 2337 Necesse
1835 2284 1970 2337 enim
2012 2292 2089 2339 est

504 2382 595 2428 aut
623 2372 875 2442 afﬁrmare
904 2382 992 2425 aut
1009 2386 1213 2443 negare.
1237 2371 1405 2439 Quare
1428 2372 1473 2426 si
1494 2388 1594 2427 non
1616 2373 1853 2442 possibile
1866 2384 1939 2429 est
1954 2390 2082 2445 esse,

502 2462 813 2533 impossibile
867 2472 938 2517 est
967 2479 1093 2518 esse.
1123 2461 1295 2535 Igitur
1330 2465 1639 2532 impossibile
1674 2475 1748 2520 est
1794 2483 1919 2535 esse,
1947 2469 2086 2538 quod

502 2571 704 2611 necesse
737 2564 811 2609 est
849 2571 976 2622 esse,
1010 2556 1146 2625 quod
1182 2572 1305 2610 sane
1330 2564 1402 2611 est
1435 2558 1806 2614 inconveniens.

574 2647 759 2716 Forte,
808 2648 995 2718 inquit,
1040 2649 1337 2704 erravimus
1367 2650 1436 2704 ita
1464 2652 1872 2719 consequentias
1909 2653 2081 2709 collo-

500 2750 704 2798 cantes.
728 2741 876 2796 Tunc
901 2741 1043 2796 enim
1074 2741 1451 2812 disposuimus,
1481 2753 1534 2797 ut
1564 2744 1615 2798 id
1636 2744 1777 2815 quod
1799 2756 1939 2800 esset
1960 2761 2083 2813 pos-

499 2834 656 2891 sibile
682 2844 999 2905 sequeretur
1024 2834 1154 2890 illud
1195 2836 1337 2905 quod
1363 2845 1447 2891 est
1474 2852 1579 2893 non
1609 2839 1992 2907 necessarium,
2024 2849 2085 2893 ut

499 2926 795 2983 secundum
826 2926 1237 2995 prmcessionem
1283 2928 1551 2996 possibilis
1577 2938 1888 2998 sequentem
1921 2945 2084 3000 nega-

499 3018 698 3073 tionem
742 3018 1028 3072 necessarii
1049 3032 1405 3085 poneremus;
1446 3034 1589 3074 nunc
1615 3031 1791 3075 autem
1822 3021 1951 3075 dicit
1978 3024 2084 3077 hoc

497 3112 789 3183 permutari
811 3122 1081 3181 oportere,
1106 3120 1161 3167 et
1181 3128 1286 3170 non
1308 3129 1335 3168 a
1360 3114 1599 3184 possibili
1622 3115 2001 3183 inchoandum,
2024 3126 2081 3173 et

496 3182 620 3273 ltuic
649 3204 1036 3274 subjiciendum
1069 3205 1357 3260 necessarii
1398 3206 1755 3276 negationem,
1790 3209 1879 3262 sed
1906 3210 2081 3278 potius
2108 3182 2157 3248 ε

496 3297 670 3367 primo
726 3296 1025 3364 ponendum
1079 3312 1203 3353 esse
1253 3299 1633 3364 necessarium,
1679 3302 1914 3356 secundo
1962 3302 2084 3359 loco

494 3387 775 3458 possibile,
829 3401 1059 3457 namque
1085 3388 1176 3442 illa
1226 3390 1522 3459 propositio
1548 3406 1667 3459 qua:
1718 3394 2084 3449 necessarium

494 3481 752 3550 continet,
784 3483 1059 3538 continere
1091 3482 1299 3539 videtur
1322 3484 1481 3538 etiam
1505 3484 1935 3554 possibilitatem,
1956 3502 2083 3543 nam

493 3576 635 3646 quod
663 3579 1024 3633 necessarium
1047 3586 1130 3633 est
1150 3577 1287 3633 idem
1329 3578 1583 3644 possibile
1610 3589 1713 3635 est.
1744 3580 1895 3649 Quod
1934 3582 2081 3638 enim

492 3682 716 3725 necesse
741 3677 824 3724 est
850 3683 992 3733 esse,
1016 3669 1156 3725 idem
1189 3685 1308 3725 esse
1337 3670 1591 3739 possibile
1620 3681 1721 3736 est,
1746 3688 1867 3726 nam
1890 3672 1937 3727 si
1960 3675 2081 3743 quis

494 3762 598 3817 hoc
624 3771 801 3831 neget,
830 3772 884 3817 et
914 3762 963 3816 id
983 3762 1125 3832 quod
1138 3772 1221 3818 εει
1242 3763 1603 3818 necessarium
1627 3764 1770 3820 dicat
1798 3779 1903 3819 non
1926 3768 2078 3836 sequi

492 3854 924 3925 possibilitatem,
959 3855 1169 3922 negatio
1196 3854 1561 3924 possibilitatis
1589 3854 1642 3909 id
1674 3857 1813 3924 quod
1857 3867 1939 3911 est
1979 3872 2076 3913 ne-

492 3950 784 4005 cessarium
827 3947 1192 4003 comitabitur.
1224 3946 1355 4002 Nam
1386 3949 1431 4003 si
1459 3949 1510 4003 id
1540 3950 1684 4019 qttod
1714 3951 2078 4009 necessarium

492 4049 575 4095 est
602 4054 745 4109 esse,
778 4039 966 4095 falsum
990 4050 1074 4095 est
1107 4041 1287 4096 dicere
1324 4040 1579 4111 possibile
1607 4051 1689 4096 est
1716 4058 1858 4108 esse,
1888 4060 2076 4099 verum

491 4138 570 4186 est
601 4129 781 4185 dicere
803 4130 1054 4201 quoniam
1082 4146 1186 4186 nou
1213 4131 1464 4201 possibile
1483 4142 1723 4189 estesse.
1747 4133 1805 4189 lu
1826 4135 2077 4190 omnibus

490 4222 631 4278 enim
660 4231 750 4277 aut
778 4222 943 4278 dictio
964 4232 1066 4292 est,
1096 4223 1148 4278 id
1178 4232 1262 4278 est
1281 4222 1590 4293 afﬁrmatio,
1622 4234 1712 4280 aut
1743 4228 1985 4297 negatio;
2019 4235 2078 4282 ut

489 4313 539 4383 si
566 4314 651 4368 illa
676 4329 799 4369 vera
830 4323 935 4381 est,
966 4315 1059 4371 illa
1089 4315 1158 4370 sit
1188 4316 1340 4384 falsa,
1370 4316 1418 4372 si
1443 4316 1532 4372 illa
1557 4332 1662 4372 non
1693 4327 1795 4385 est,
1824 4318 1912 4373 illa
1948 4335 2076 4375 mox

488 4421 610 4465 esse
654 4422 878 4464 necesse
912 4408 1003 4474 sit,
1033 4407 1127 4463 sed
1169 4422 1275 4464 non
1315 4409 1565 4478 possibile
1603 4424 1725 4465 esse
1753 4411 1901 4480 sequi
1932 4411 2072 4465 dixi-

491 4514 636 4563 mus,
667 4499 729 4554 id‘
747 4500 889 4569 quod
914 4510 998 4555 est
1023 4499 1350 4570 impossibile
1380 4515 1530 4567 esse;
1561 4502 1721 4571 igitur
1750 4502 1801 4555 id
1829 4503 1970 4571 quod
1992 4502 2074 4558 di-

487 4589 647 4656 citur,
680 4605 901 4646 necesse
924 4601 1009 4646 est
1035 4605 1178 4657 esse,
1207 4591 1537 4661 impossibile
1561 4602 1643 4648 est
1675 4582 1943 4660 esse,-sed
1971 4592 2074 4649 hoc

486 4684 703 4755 quidem
731 4684 1110 4741 inconveniens
1146 4696 1249 4748 est,
1276 4699 1380 4740 non
1409 4684 1570 4755 igitur
1597 4700 1781 4739 verum
1810 4694 1912 4750 est,
1940 4701 2074 4755 quo-

488 4774 633 4832 niam
672 4775 722 4832 ei
746 4776 890 4847 quod
925 4785 1009 4832 est
1039 4776 1571 4845 necessarium-esse,
1603 4776 1656 4831 id
1682 4776 1826 4846 quod
1853 4786 1935 4833 εει
1964 4793 2073 4835 non

485 4870 744 4943 possibile
778 4885 901 4927 esse
936 4872 1206 4927 convenit.
1252 4871 1429 4939 Quare
1464 4872 1705 4943 sequitur
1735 4871 1786 4928 id
1818 4872 1959 4943 quod
1987 4880 2073 4931 est

486 4961 847 5019 necessarium
884 4962 1229 5033 possibilitas.

556 5055 623 5109 At
647 5070 763 5109 vero
789 5056 921 5109 illud
946 5055 1084 5124 quod
1107 5064 1180 5108 est
1209 5055 1445 5125 possibile
1472 5072 1599 5120 esse,
1631 5074 1731 5112 non
1762 5059 2073 5128 impossibile

483 5163 594 5203 esse
624 5148 869 5217 sequitur,
902 5148 997 5201 hoc
1026 5164 1140 5201 vero
1166 5148 1298 5202 illud
1325 5152 1460 5220 quod
1497 5160 1572 5206 est
1606 5169 1706 5207 non
1737 5155 2071 5210 necessarium

486 5256 615 5295 esse.
648 5239 817 5305 Quare
848 5241 1096 5310 contingit
1145 5242 1285 5312 quod
1317 5253 1389 5298 est
1430 5248 1770 5301 necessarium
1808 5263 1917 5303 esse
1968 5265 2071 5306 non

484 5332 824 5388 necessarium
854 5349 979 5396 esse,
1008 5334 1146 5404 quod
1180 5351 1300 5389 sane
1334 5346 1408 5390 est
1438 5339 1813 5394 inconveniens.

558 5428 791 5484 Dicimus
829 5427 879 5482 ei
918 5426 1059 5496 quod
1088 5436 1172 5483 est
1212 5431 1571 5487 necessarium
1601 5447 1721 5487 esse
1759 5435 2071 5490 consentire

487 5518 633 5576 illam
686 5518 1105 5587 propositionem
1146 5535 1266 5588 qua:
1312 5520 1444 5576 dicit
1488 5522 1743 5589 possibile
1787 5537 1933 5589 esse,
1972 5524 2069 5579 sed

485 5624 674 5666 rursus
717 5608 819 5662 hoc
845 5608 1035 5664 l‘alsutn
1066 5610 1275 5667 videtur
1298 5612 1652 5682 cogitantibus
1699 5614 2069 5681 perspicienti-

486 5703 714 5770 busque,
732 5700 980 5769 quoniam
1004 5702 1053 5756 ei
1082 5704 1223 5771 quod
1246 5712 1327 5758 est
1354 5703 1609 5773 possibile
1630 5718 1773 5771 esse,
1804 5707 2070 5765 consentit

488 5806 541 5853 et
564 5793 815 5850 convenit
844 5792 931 5855 illa
961 5794 1255 5864 propositio
1284 5810 1404 5865 qua:
1427 5796 1557 5855 dicit
1585 5812 1688 5854 non
1731 5798 2063 5863 impossibile

2199 1914 2289 1982 qui
2320 1913 2369 1967 id
2398 1914 2538 1983 quod
2561 1923 2643 1969 est
2672 1928 2894 1971 necesse
2922 1930 3061 1982 esse,
3087 1932 3186 1972 nec
3218 1917 3300 1972 bas
3330 1917 3434 1971 sibi
3461 1918 3762 1987 propositio-

2198 2019 2297 2061 nes
2324 2007 2686 2074 consentiunt,
2711 2007 2962 2074 possibile
2984 2023 3125 2075 esse,
3149 2017 3203 2065 et
3230 2023 3451 2065 necesse
3473 2023 3619 2075 esse,
3643 2010 3760 2078 quod

2195 2096 2514 2152 Aristoteles
2547 2096 2649 2152 hoc
2678 2099 2837 2154 modo
2859 2100 3147 2169 proponit:

2269 2188 2332 2241 At
2358 2203 2475 2242 vero
2504 2204 2662 2258 neque
2689 2190 3027 2244 necessarium
3061 2206 3171 2245 esse
3195 2189 3422 2261 sequitur
3445 2192 3516 2244 ad
3542 2190 3762 2260 possibile

2184 2295 2332 2344 esse,
2377 2295 2534 2347 neque
2568 2281 2907 2335 necessarium
2953 2297 3055 2335 non
3091 2298 3215 2336 esse.
3264 2280 3352 2335 Illi
3389 2282 3525 2335 enim
3564 2291 3761 2350 utraque

2193 2372 2441 2443 contingit
2468 2372 2717 2435 accidere,
2746 2372 2926 2427 horum
2952 2383 3123 2427 autem
3148 2372 3439 2427 utrumlibet
3465 2388 3639 2427 verum
3661 2374 3756 2440 lue!

2191 2464 2280 2527 rit,
2324 2465 2546 2518 nondum
2573 2474 2719 2519 erunt
2755 2465 2848 2519 illa
2889 2481 3022 2534 vera,
3072 2464 3225 2520 simul
3264 2466 3401 2521 enim
3428 2466 3666 2534 possibile
3699 2475 3759 2520 est

2191 2570 2301 2610 esse
2328 2565 2373 2610 et
2409 2572 2510 2609 non
2541 2572 2665 2611 esse.
2696 2557 2757 2611 Si
2786 2574 2904 2612 vero
2930 2572 3129 2612 necesse
3162 2568 3233 2612 est
3258 2574 3366 2613 esse
3408 2559 3485 2613 vel
3513 2574 3618 2613 non
3643 2574 3757 2623 esse,

2190 2636 2296 2703 non
2341 2650 2433 2704 erit
2464 2650 2699 2718 possibile
2716 2658 3015 2721 utrumque.
3063 2650 3387 2721 Relinquitur
3411 2667 3532 2721 ergo
3556 2666 3663 2704 non
3686 2665 3760 2703 ne-

2191 2742 2467 2794 cessarium
2488 2758 2591 2795 non
2612 2757 2719 2797 esse
2735 2743 2877 2813 sequi
2902 2743 2970 2796 ad
2993 2742 3231 2812 possibile
3250 2759 3378 2807 esse,
3408 2743 3503 2795 hoc
3531 2742 3666 2795 enim
3690 2757 3758 2795 ee-

2188 2849 2308 2886 rum
2348 2843 2419 2887 est
2454 2843 2502 2887 et
2528 2834 2590 2888 de
2618 2850 2815 2889 necesse
2851 2851 2979 2902 esse,
3030 2834 3138 2889 haec
3176 2835 3309 2890 enim
3349 2834 3407 2903 ﬁt
3441 2835 3758 2888 contradictio

2188 2928 2302 2997 ejus
2323 2941 2438 2995 qute
2462 2920 2784 2996 sequiturad
2815 2944 2916 2981 non
2943 2928 3183 2998 possibile
3212 2943 3337 2982 esse.
3370 2925 3513 2983 Illud
3534 2929 3757 2982 enimsa-

2187 3019 2365 3085 quitur
2389 3017 2487 3071 hoc
2528 3018 2663 3087 quod
2689 3026 2783 3083 est,
2829 3019 3144 3087 impossibile
3181 3034 3307 3085 esse,
3353 3029 3399 3073 et
3437 3035 3637 3073 necesse
3670 3034 3759 3071 non

2188 3124 2315 3175 esse,
2340 3111 2488 3181 cujus
2510 3112 2712 3180 negatio
2730 3120 2827 3175 est,
2853 3127 2953 3164 non
2982 3127 3177 3166 necesse
3204 3128 3305 3166 non
3327 3128 3448 3166 esse.
3475 3109 3761 3181 Sequuntur

2188 3190 2425 3271 igi:urlet
2458 3203 2537 3255 lue
2561 3203 2979 3259 contradictiones
3016 3204 3292 3259 secundum
3320 3204 3622 3274 praedictum
3662 3219 3759 3256 mo-

2189 3293 2332 3356 dum,
2365 3303 2413 3347 et
2442 3293 2571 3348 nihil
2599 3295 2907 3366 impossibile
2926 3296 3169 3366 contingit
3191 3297 3265 3350 sic
3288 3295 3483 3363 positis.

2263 3387 2428 3443 Docet
2457 3388 2508 3441 id
2536 3390 2675 3457 quod
2705 3398 2786 3444 est
2809 3389 3062 3460 possibile
3085 3404 3189 3445 non
3220 3388 3525 3445 consentire
3554 3389 3606 3444 ei
3626 3386 3759 3458 quod

2186 3486 2274 3535 est
2301 3481 2661 3535 necessarium
2685 3496 2825 3546 esse,
2853 3496 2951 3536 nec
2975 3495 3160 3537 rursus
3180 3482 3232 3537 ei
3250 3497 3368 3552 qure
3394 3490 3498 3545 est,
3523 3493 3757 3536 necessa-

2187 3573 2323 3627 rium
2355 3581 2569 3628 estnon
2596 3588 2739 3630 esse.
2778 3574 2908 3629 Nam
2939 3575 3081 3645 quod
3125 3589 3345 3630 necesse
3369 3583 3454 3629 est
3485 3589 3623 3637 esse,
3657 3587 3759 3626 non

2184 3673 2363 3734 ροιεει
2392 3681 2497 3720 11011
2526 3681 2667 3732 esse,
2690 3667 2832 3737 (ιιιοά
2863 3676 3039 3723 autem
3071 3682 3292 3723 necesse
3322 3682 3443 3722 esse
3474 3682 3578 3721 non
3615 3681 3754 3730 esse,

2186 3772 2295 3811 non
2321 3768 2495 3826 potest
2523 3773 2664 3813 esse.
2694 3759 2845 3826 Quod
2878 3770 3053 3815 autem
3085 3752 3313 3823 dicimus
3340 3759 3593 3828 possibile
3616 3773 3757 3821 esse,

2184 3852 2254 3904 ita
2295 3850 2544 3917 dicimus,
2599 3862 2849 3922 tanquam
2893 3853 2938 3907 si
2965 3861 3019 3908 et
3064 3867 3170 3907 non
3208 3866 3329 3908 esse
3372 3851 3621 3922 possibile
3671 3851 3758 3903 sit.

2185 3944 2473 4014 Utramque
2505 3946 2664 4016 igitur
2695 3957 2937 4001 naturam
2970 3946 3131 4002 habet
3150 3946 3202 4002 id
3231 3945 3372 4017 quod
3388 3947 3605 4001 dicimus
3624 3958 3755 4011 pos-

2181 4036 2341 4091 sibile
2360 4051 2502 4102 esse,
2527 4044 2585 4090 ut
2612 4045 2665 4090 et
2694 4037 2764 4090 sit
2786 4051 2906 4092 esse
2930 4036 3202 4107 possibile,
3220 4046 3275 4091 et
3294 4039 3365 4091 sit
3385 4036 3624 4106 possibile
3646 4051 3757 4089 non

2179 4143 2319 4184 esse.
2349 4128 2448 4195 Qui
2481 4143 2606 4182 vero
2632 4128 2761 4183 dicit
2786 4144 3009 4185 necesse
3037 4144 3159 4185 esse
3187 4129 3360 4183 aufert
3396 4143 3502 4183 non
3534 4141 3670 4193 esse,
3702 4133 3757 4179 et

2179 4235 2301 4291 qua:
2328 4221 2480 4285 dicit,
2500 4235 2725 4277 necesse
2744 4232 2828 4277 est
2854 4238 2958 4276 non
2987 4236 3131 4285 esse,
3151 4220 3319 4275 aufert
3345 4236 3465 4276 esse
3485 4237 3499 4283 ;
3520 4220 3587 4274 ita
3609 4219 3654 4271 si
3676 4218 3758 4269 lno

2177 4329 2320 4368 verae
2345 4324 2489 4381 sunt,
2516 4312 2569 4368 id
2594 4321 2677 4368 est
2703 4327 2925 4369 necesse
2945 4328 3069 4369 esse
3093 4323 3149 4369 et
3171 4327 3355 4367 rursus
3387 4327 3601 4368 necesse
3648 4324 3756 4363 non

2179 4420 2320 4470 esse,
2362 4416 2603 4475 utraeque
2644 4395 2746 4462 illa
2776 4406 2921 4462 falsa:
2951 4416 3076 4462 sunt
3116 4423 3233 4478 qua:
3269 4406 3544 4461 dicuntet
3585 4411 3759 4473 potest

2176 4514 2317 4567 esse,
2352 4510 2403 4556 et
2436 4509 2611 4570 potest
2632 4516 2739 4555 non
2775 4516 2914 4557 esse.
2948 4502 3034 4556 Illa
3065 4504 3206 4556 enim
3238 4516 3354 4571 quae
3394 4498 3636 4569 proponit
3661 4513 3758 4550 ne-

2098 4567 2156 4630 Ῑ)
2179 4608 2329 4649 εεεεε
2356 4608 2497 4660 εεεε,
2528 4610 2688 4663 posse
2716 4610 2820 4650 non
2852 4610 2973 4651 esse
2996 4595 3225 4675 subruit;
3260 4596 3345 4649 illa
3378 4607 3504 4648 vero
3532 4606 3646 4662 qua:
3668 4591 3754 4641 tli-

2178 4688 2275 4752 cil,
2299 4689 2527 4742 necesse
2551 4696 2634 4741 est
2661 4702 2764 4741 non
2807 4703 2949 4753 esse,
2981 4701 3140 4758 posse
3166 4702 3287 4743 esse
3312 4684 3597 4746 subvertit;
3627 4696 3757 4735 oeu-

2180 4790 2258 4836 tra
2299 4780 2456 4848 igitur
2485 4789 2841 4848 consequetur
2870 4794 2985 4834 cam
3014 4779 3431 4851 propositionem
3460 4791 3578 4846 qua:
3602 4773 3755 4831 dicit,

2178 4870 2435 4943 possibile
2467 4880 2550 4927 est
2582 4885 2721 4932 esse,
2767 4885 2867 4925 nec
2903 4886 2965 4927 ea
3003 4881 3124 4940 Quae
3164 4870 3294 4925 dicit
3333 4883 3399 4923 ex
3442 4865 3759 4949 necessitate

2179 4978 2318 5027 esse,
2353 4977 2452 5017 nec
2484 4962 2573 5016 illa
2609 4978 2727 5031 quae
2757 4962 2885 5017 dicit
2922 4978 2984 5017 ex
3022 4961 3341 5016 necessitate
3370 4974 3476 5015 non
3516 4970 3648 5012 esse.
3688 4952 3761 5005 Et

2176 5069 2365 5110 sensus
2394 5054 2608 5124 quidem
2636 5052 2937 5124 ltujusntodi
2958 5062 3059 5108 est.
3087 5052 3405 5109 Sermonum
3423 5060 3597 5106 autem
3619 5044 3759 5100 ratio

2175 5147 2298 5202 talis
2327 5156 2438 5211 est;
2468 5157 2521 5200 at
2548 5161 2695 5207 vero,
2724 5146 2913 5217 inquit,
2950 5159 3120 5214 neque
3152 5144 3202 5197 id
3233 5142 3373 5213 quod
3403 5155 3487 5197 est
3511 5149 3758 5195 necessa-
3804 5148 3805 5151 “

2173 5238 2312 5292 rium
2343 5252 2487 5301 esse,
2520 5237 2765 5307 sequitur
2797 5236 3216 5306 propositionem
3241 5235 3385 5288 illam
3416 5247 3535 5301 qua:
3563 5240 3760 5299 prot’0°

2175 5331 2255 5387 nit
2299 5329 2558 5399 possibile
2583 5345 2721 5390 esse,
2753 5344 2849 5381 nec
2884 5342 3066 5381 rursus
3094 5326 3180 5381 illa
3205 5339 3323 5396 qua:
3358 5324 3487 5379 dicit
3509 5330 3760 5377 necessa-

2178 5423 2315 5480 rium
2342 5431 2425 5479 est
2450 5437 2557 5477 non
2584 5437 2721 5477 esse.
2757 5420 2834 5476 llli
2858 5422 3025 5488 enim,
3051 5420 3102 5475 id
3131 5426 3216 5475 est
3244 5417 3504 5487 possibili,
3536 5424 3760 5480 utraque

2176 5516 2436 5585 contingit
2476 5515 2741 5582 accidere,
2772 5516 2825 5570 id
2870 5525 2953 5570 est
2998 5527 3155 5585 posse
3191 5526 3314 5567 esse
3342 5522 3399 5567 et
3456 5525 3610 5581 posse
3643 5517 3756 5559 non

2175 5624 2316 5666 esse.
2350 5611 2480 5665 Nam
2521 5610 2660 5680 quod
2702 5618 2876 5679 potest
2911 5624 3055 5674 esse,
3105 5608 3244 5663 idem
3277 5616 3453 5676 pateSt
3483 5620 3583 5659 nun
3610 5612 3752 5654 esse.

2175 5700 2373 5757 Harum
2406 5711 2605 5767 autem,
2641 5701 2691 5755 id
2715 5711 2795 5755 est
2822 5701 2904 5755 vel
2938 5716 3056 5769 quae
3083 5700 3234 5764 dicit,
3271 5698 3629 5754 necessarium
3664 5696 3755 5741 εει

2176 5810 2314 5853 θῦσε.
2332 5798 2410 5852 vel
2430 5811 2549 5858 uuae
2566 5794 2714 5857 dicit.
2733 5801 3091 5853 necessarium
3107 5804 3191 5852 est
3209 5807 3315 5850 non
3334 5807 3474 5857 esse,
3490 5796 3531 5847 si
3554 5798 3756 5847 utrum-

3950 1275 3959 1627 ι
