3982 6334
225 326 335 381 577

1012 325 1075 382 IN
1116 324 1372 382 LIBRUM
1410 324 1500 382 DE
1540 274 2190 379 INTEBPRE'I‘ATIONE
2231 323 2460 381 EDITIO
2497 324 2728 383 PRIMA.

3392 337 3494 391 578

225 442 361 498 libet
391 456 571 498 verum
617 441 796 507 fuerit.
827 458 933 500 non
964 456 1120 500 erunt
1158 445 1245 501 illa
1276 460 1423 514 vera,
1454 444 1506 497 id
1536 452 1619 498 est
1649 455 1807 511 posse
1831 442 1885 501 Δ
1910 441 2114 508 bularc,
2148 456 2253 497 non
2282 454 2364 498 est
2392 458 2612 502 necesse
2636 460 2743 501 non
2772 447 3064 507 ambulare.
3097 451 3208 510 Hoc
3230 455 3374 512 enim
3398 472 3491 512 ve-

222 550 351 591 esse
378 547 428 590 et
453 548 612 603 posse
642 550 746 589 non
769 550 922 601 esse;
954 536 1095 605 quod
1119 539 1259 593 enim
1289 535 1541 604 possibile
1565 540 1646 587 est
1668 547 1805 596 esse,

224 625 370 683 idem
412 626 667 697 possibile
696 635 779 681 est
818 642 923 681 non
954 643 1113 693 esse;
1141 628 1280 697 quod
1313 628 1356 681 si
1388 640 1559 695 neque
1588 635 1809 678 necesse

218 726 312 773 est
340 733 479 783 esse,
513 696 611 773 nec
639 734 859 774 necesse
890 736 993 774 non
1035 735 1153 775 esse
1190 718 1503 790 propositio,
1534 731 1649 771 eam
1688 728 1807 784 quas

219 820 311 865 est
352 809 601 879 possibile
627 825 749 866 esse
778 823 1155 881 consequetur,
1186 814 1506 882 relinquitur
1534 818 1593 863 ut
1640 808 1725 861 illa
1756 806 1804 861 ei

218 902 523 956 consentiat
551 918 672 973 quae
697 904 846 969 dicit,
891 919 994 958 non
1022 903 1377 959 necessarium
1408 911 1492 957 est
1520 915 1624 954 non
1657 911 1798 953 esse.

221 990 352 1047 Haec
376 986 517 1051 enim
548 996 794 1065 sequitur
820 1010 938 1051 eam
968 1011 1084 1066 quas
1131 996 1402 1067 proponit,
1433 990 1691 1065 possibile
1720 996 1803 1043 est

216 1095 363 1137 esse.
393 1084 659 1155 Quidquid
706 1087 848 1142 enim
882 1089 1131 1157 possibile
1157 1097 1242 1143 est
1270 1101 1412 1153 esse,
1446 1098 1549 1137 non
1580 1092 1801 1136 necesse

216 1181 304 1228 est
328 1187 429 1229 DOll
459 1190 602 1242 esse.
638 1187 695 1233 ut
715 1179 967 1249 quoniam
1001 1178 1275 1234 hominem
1303 1176 1555 1247 possibile
1580 1183 1664 1229 est
1688 1186 1804 1224 am-

705 1272 1028 1327 Afﬁrmatio.
1105 1270 1442 1340 lmpossibile
1470 1275 1714 1324 estesse.

704 1359 945 1431 Negatio.
1029 1416 1035 1422 ,

700 1454 1019 1510 Afﬁrmatio.
1095 1455 1330 1511 Necesse
1354 1463 1438 1509 est
1458 1467 1563 1507 non
1594 1463 1733 1504 esse.

213 1545 344 1602 Haec
375 1548 516 1601 enim
543 1561 661 1616 quae
687 1546 837 1613 dicit,
870 1563 973 1602 non
1002 1562 1223 1603 necesse
1250 1558 1330 1602 est
1365 1561 1471 1601 non
1492 1558 1634 1607 esse,
1666 1554 1794 1595 con-

214 1638 465 1693 tradictio
495 1648 576 1692 est
603 1638 714 1707 ejus
734 1654 853 1710 quae
875 1636 1142 1709 proponit,
1167 1654 1387 1695 necesse
1414 1645 1497 1693 est
1525 1651 1630 1690 non
1653 1645 1794 1698 esse,

214 1745 338 1799 quae
364 1740 443 1785 est
467 1745 706 1801 sequens,
727 1741 784 1786 et
804 1732 1145 1787 consentiens
1171 1732 1221 1787 ei
1236 1746 1354 1801 qua:
1372 1739 1474 1796 est,
1491 1743 1595 1783 non
1621 1724 1795 1796 possi-

1824 1259 2154 1316 Contradict.

1102 1361 1216 1417 Non
1244 1360 1497 1431 possibile
1530 1366 1775 1414 estesse.
1816 1350 2144 1407 Contradict.

1810 1443 2143 1499 Contradict.

1915 558 2034 597 rum
2081 552 2180 610 est,
2216 543 2409 614 inquit,
2440 556 2493 601 et
2529 546 2597 602 de
2625 562 2691 603 eo
2720 551 2860 620 quod
2886 561 2967 607 est
3002 568 3223 612 necesse
3262 566 3346 611 εει
3384 573 3487 613 ηοιι

1913 661 2054 711 εεεε,
2077 648 2125 702 i-l
2149 659 2229 703 est
2250 647 2365 703 haec
2388 650 2529 705 enim
2552 642 2845 721 propositio
2866 669 2982 725 quas
2998 655 3125 711 dicit
3144 674 3246 713 non
3270 675 3489 727 necesse

1912 762 2031 805 esse
2058 766 2163 804 non
2196 766 2336 818 £858,
2368 767 2554 807 verum
2592 764 2695 819 εει,
2726 765 2785 811 ιιι
2814 766 2997 813 contra
3034 774 3151 814 eam
3192 774 3489 832 opponatur

1909 850 2340 915 contradictorie,
2371 866 2491 920 quae
2514 852 2644 907 dicit
2673 869 2894 913 necesse
2919 867 3004 913 est
3036 874 3141 914 non
3171 875 3313 927 esse,
3346 863 3487 920 unde

1908 951 2070 1009 etiam
2100 960 2313 1007 secutus
2330 961 2431 1007 est.
2462 952 2587 1008 Haec
2609 954 2753 1009 enim
2784 955 2842 1009 ﬁt
2861 958 3211 1015 contradictio
3232 961 3348 1029 ejus
3369 977 3486 1032 quas

1907 1057 2171 1127 sequitur,
2216 1070 2323 1110 non
2359 1055 2610 1125 possibile
2636 1070 2781 1126 esse,
2818 1059 2959 1116 unde
2996 1058 3237 1118 facienda
3263 1072 3347 1121 est
3388 1063 3486 1120 hu-

1905 1157 2138 1228 iusmodi
2167 1155 2456 1225 descriptio
2480 1173 2494 1210 :

2265 1258 2379 1313 Non
2410 1259 2739 1327 impossibile
2765 1271 3012 1322 estesse.

2259 1350 2523 1407 Possibile
2550 1363 2632 1409 est
2658 1369 2802 1412 esse.

2254 1442 2372 1499 Non
2397 1460 2617 1502 necesse
2645 1456 2728 1503 est
2753 1464 2857 1506 non
2879 1465 3021 1508 esse.

1899 1537 2065 1590 dicere
2093 1535 2331 1603 possibile
2355 1553 2456 1590 non
2485 1552 2610 1604 esse,
2640 1540 2729 1594 sed
2750 1552 2978 1611 utrisque
2998 1544 3144 1613 falsis
3166 1555 3284 1601 sunt
3304 1549 3366 1603 de
3391 1565 3478 1604 ne-

1902 1642 2040 1682 cesse
2067 1645 2192 1681 esse.
2227 1631 2289 1682 At
2318 1646 2431 1683 vero
2460 1647 2659 1697 rursus,
2702 1633 2837 1687 idem
2865 1636 3062 1690 videtur
3094 1654 3202 1693 eise
3243 1643 3479 1710 possibile

1899 1720 2058 1774 incidi
2090 1730 2137 1773 et
2168 1737 2265 1774 non
2292 1722 2472 1787 incidi,
2500 1732 2546 1775 et
2573 1739 2681 1779 esse
2722 1736 2767 1780 et
2789 1743 2890 1781 non
2908 1744 3031 1783 esse.
3071 1730 3247 1796 Quare
3271 1735 3366 1786 erit
3386 1751 3476 1788 ne-

212 1821 323 1876 bile
347 1831 429 1876 est
454 1836 593 1887 esse,
617 1838 736 1892 qua:
764 1826 1031 1879 eonseutit
1061 1824 1111 1878 ei
1141 1838 1256 1893 quae
1286 1822 1436 1885 dicit,
1469 1817 1798 1889 impossibile
1829 1812 1878 1873 Β
1903 1828 2038 1868 eme
2066 1830 2194 1879 esse,
2232 1813 2526 1885 Contingens
2552 1831 2655 1869 non
2682 1831 2810 1883 esse.
2842 1819 2938 1872 hoc
2964 1831 3131 1876 autem
3161 1823 3349 1893 falsum
3381 1835 3473 1880 est.

209 1922 294 1967 est
314 1927 458 1980 esse,
483 1927 605 1984 qua:
627 1929 810 1967 rursus
831 1915 1073 1984 sequitur
1098 1929 1218 1968 eam
1257 1929 1374 1985 qua:
1404 1921 1488 1968 est
1514 1911 1719 1976 ultima,
1743 1909 1796 1964 id

211 2012 295 2058 est
316 2019 538 2060 necesse
567 2015 650 2060 est
682 2021 787 2060 nou
816 2021 953 2071 esse,
985 2007 1137 2075 cujus
1174 2005 1526 2060 contradictio
1554 2014 1654 2068 est,
1688 2015 1792 2055 non

210 2110 434 2152 necesse
472 2106 557 2151 est
582 2112 687 2152 non
710 2113 859 2163 esse;
891 2098 1174 2154 afﬁrmatio
1200 2097 1342 2153 enim
1361 2107 1442 2152 est
1470 2110 1688 2151 necesse
1711 2103 1794 2150 est

208 2202 319 2241 non
345 2201 486 2253 esse,
520 2189 732 2257 negatio
762 2206 865 2244 non
892 2205 1113 2245 necesse
1134 2200 1216 2245 est
1239 2203 1345 2244 non
1366 2203 1507 2244 esse.
1531 2187 1791 2255 Quocirca

208 2281 507 2336 secundum
558 2281 1038 2353 contradictionem
1088 2282 1144 2336 ﬁt
1183 2282 1297 2336 haec
1342 2294 1552 2351 quoque
1595 2295 1790 2335 conse-

208 2373 447 2441 quentia,
477 2387 599 2427 nam
619 2371 953 2443 impossibile
974 2388 1093 2429 esse
1119 2382 1295 2428 etnon
1320 2372 1651 2442 impossibile
1670 2386 1790 2427 esse

206 2466 560 2521 contradictio
581 2476 685 2531 est,
721 2467 813 2521 sed
841 2466 1276 2529 afﬁrmationem,
1294 2466 1345 2521 id
1363 2474 1446 2522 est
1462 2465 1791 2532 impossibile

203 2572 349 2625 esse,
378 2561 618 2631 sequitur
642 2561 851 2631 negatio
874 2576 978 2615 non
1008 2561 1262 2630 possibile
1282 2574 1424 2615 esse.
1444 2559 1788 2629 Negationem

204 2664 356 2718 vero,
388 2653 437 2705 id
464 2660 675 2707 estnon
710 2652 1038 2723 impossibile
1066 2668 1208 2717 esse,
1233 2652 1475 2722 sequitur
1500 2650 1787 2705 afﬁrmatio

203 2742 461 2813 possibile
488 2752 572 2799 εει
598 2759 737 2811 εεεε,
770 2745 864 2800 sed
896 2760 1000 2798 non
1030 2744 1285 2814 possibile
1310 2752 1394 2799 est
1420 2758 1559 2808 esse,
1591 2752 1641 2798 et
1665 2757 1792 2812 pos-

199 2834 362 2890 sibile
390 2846 470 2889 est
497 2850 637 2903 esse,
668 2836 1018 2892 contradictio
1040 2847 1139 2902 est,
1172 2836 1267 2891 sed
1298 2837 1633 2906 negationem
1659 2848 1786 2904 pos-

200 2927 399 2992 sibilis,
431 2927 483 2981 id
514 2938 593 2983 est
614 2944 718 2983 non
751 2929 1008 2999 possibile
1037 2944 1154 2985 esse
1182 2940 1540 2999 consequetur
1562 2943 1787 2984 necesse

204 3026 291 3074 est
319 3033 427 3072 non
454 3033 573 3074 esse
600 3020 904 3086 afﬁrmatio,
936 3022 1027 3076 sed
1055 3020 1465 3077 afﬁrmatiouem
1499 3020 1783 3091 possibilis,

200 3105 258 3163 id
284 3117 368 3163 est
401 3108 652 3177 possibile
694 3125 815 3166 esse
845 3120 1100 3182 sequetur
1143 3128 1249 3167 non
1297 3126 1520 3168 necesse
1561 3120 1645 3169 est
1675 3127 1781 3166 non

1970 1904 2052 1961 Ad
2081 1906 2409 1974 superiorem
2446 1907 2711 1973 possibilis
2745 1920 2799 1963 et
2827 1913 3113 1967 necessarii
3142 1927 3475 1985 consequeu-
3556 1922 3561 1933 ‘

1900 1998 1986 2053 tia:
2031 2013 2281 2053 reversus
2324 2010 2409 2055 est
2450 2001 2823 2071 qumstiunem.
2854 2003 3017 2059 -Dicit
3062 2007 3204 2061 enim
3246 2007 3475 2065 dubitari

1895 2104 2078 2160 posse,
2110 2091 2153 2145 si
2179 2091 2229 2144 id
2252 2092 2392 2161 quod
2422 2103 2504 2147 est
2534 2095 2788 2163 possibile
2815 2109 2936 2151 esse
2960 2100 3257 2170 consentiat
3280 2102 3330 2155 ei
3355 2116 3474 2168 pro-

1893 2184 2171 2255 positioni,
2204 2200 2323 2255 qute
2343 2195 2426 2240 est
2455 2188 2816 2243 necessarium
2849 2202 2989 2256 esse,
3021 2190 3134 2245 sive
3167 2193 3311 2247 enim
3341 2207 3473 2248 con-

1893 2277 2095 2332 sentire
2125 2278 2356 2343 dicatur,
2380 2278 2495 2334 sive
2523 2293 2629 2332 non
2657 2282 2986 2343 consentire,
3010 2282 3207 2351 aliquid
3230 2283 3474 2352 impossi-

1892 2371 2001 2426 bile
2031 2381 2086 2427 et
2113 2373 2500 2428 inconveniens
2528 2381 2759 2443 utroque
2789 2375 2948 2430 modo
2975 2376 3255 2446 contingit;
3283 2392 3405 2431 nam
3427 2377 3473 2433 si

1892 2464 2011 2533 quis
2040 2465 2182 2519 dicat
2204 2464 2265 2517 id
2286 2465 2426 2533 quod
2452 2464 2648 2520 dicitur
2670 2467 2923 2534 possibile
2950 2482 3072 2523 esse
3103 2483 3208 2523 non
3240 2483 3471 2525 consen-

1891 2557 1998 2610 tire
2021 2556 2069 2610 ei
2099 2556 2239 2625 quod
2272 2564 2357 2610 est
2388 2556 2755 2611 necessarium
2797 2571 2939 2623 esse,
2972 2560 3275 2615 consentiet
3302 2561 3349 2614 ei
3380 2574 3474 2615 ne-

1889 2648 2035 2718 gatio
2066 2648 2361 2717 possibilis,
2391 2664 2455 2704 ea
2491 2664 2613 2718 qua:
2640 2659 2724 2705 est
2751 2666 2858 2705 nou
2892 2651 3150 2721 possibile
3194 2665 3349 2719 esse;
3377 2652 3473 2709 sed

1888 2741 1936 2795 si
1962 2740 2061 2794 ista
2090 2744 2409 2809 consentiet,
2460 2744 2564 2797 erit
2606 2743 2744 2797 idem
2778 2744 3137 2799 necessarium
3170 2760 3290 2801 esse
3330 2746 3473 2815 quod

1890 2840 1974 2885 est
2020 2846 2125 2885 non
2176 2832 2431 2901 possibile
2463 2847 2600 2889 esse.
2637 2834 2790 2902 Quod
2837 2836 2880 2889 si
2910 2839 3010 2891 hoc
3050 2850 3235 2891 rursus
3281 2837 3474 2908 aliquis

1889 2934 2066 2994 neget,
2093 2934 2147 2980 et
2165 2916 2309 2980 dicat
2339 2940 2443 2979 non
2466 2940 2587 2982 esse
2613 2926 2945 2997 negationem
2962 2928 3079 2997 ejus
3096 2927 3474 2998 propositionis

1889 3031 2008 3087 quae
2038 3026 2120 3071 est
2152 3016 2408 3087 possibile
2438 3034 2577 3085 esse,
2612 3033 2730 3074 eam
2759 3035 2877 3088 quae
2906 3020 3035 3074 dicit
3070 3036 3176 3075 non
3217 3021 3474 3091 possibile

1889 3124 2033 3175 esse,
2056 3112 2148 3166 sed
2176 3110 2319 3166 illam
2344 3112 2519 3181 potius
2537 3128 2655 3182 quas
2679 3115 2947 3185 pr0ponit,
2974 3114 3229 3184 possibile
3254 3124 3337 3171 est
3361 3130 3467 3169 non

197 3214 323 3256 esse
377 3201 610 3271 negatio.
640 3202 816 3270 Quare
841 3204 911 3258 ita
944 3203 1133 3273 positis
1160 3204 1292 3259 nihil
1323 3205 1504 3259 evenit
1532 3205 1780 3275 impossi-
1806 3188 1857 3256 α
1888 3217 2030 3267 εεεε,
2060 3219 2363 3274 quanquam
2400 3205 2590 3261 falsum
2625 3209 2715 3274 sit,
2747 3216 2923 3263 tamen
2946 3223 3015 3264 ne
3042 3210 3157 3265 haec
3181 3201 3395 3281 quidem
3422 3211 3472 3266 ei

196 3291 327 3359 bile,
356 3293 451 3348 sed
474 3296 652 3349 omnia
680 3296 1006 3351 conveniunt
1034 3306 1088 3352 et
1117 3298 1483 3361 consentiunt,
1512 3304 1569 3351 et
1587 3310 1781 3352 secun-

195 3381 325 3439 dum
349 3386 681 3455 superiorem
707 3388 979 3456 possibilis
1004 3397 1059 3445 et
1080 3389 1425 3459 impossibilis
1455 3390 1671 3445 modum
1702 3392 1782 3444 af-

196 3476 531 3535 ﬁrmationes
576 3490 628 3534 et
674 3482 984 3551 negationes
1028 3498 1290 3539 converso
1334 3483 1528 3557 ordine
1570 3492 1784 3539 contra-

198 3570 423 3628 dictorie
461 3588 521 3629 se
552 3585 867 3645 sequuntur.
901 3577 967 3631 Et
1008 3592 1198 3631 sensus
1228 3577 1442 3647 quidem
1485 3579 1643 3633 totius
1683 3578 1785 3632 hu-

195 3663 431 3730 iusmodi
480 3674 581 3729 est,
615 3667 751 3722 ordo
798 3677 975 3723 autem
1014 3669 1301 3725 verborum
1347 3670 1444 3725 sic.
1493 3669 1778 3738 Quoniam,

194 3750 388 3823 inquit,
418 3754 468 3809 ei
498 3756 640 3825 quod
672 3768 753 3812 est
785 3759 1042 3827 possibile
1063 3774 1204 3827 esse,
1240 3775 1340 3816 nec
1374 3760 1501 3816 illud
1532 3762 1674 3831 quod
1696 3771 1782 3818 est

194 3859 419 3901 necesse
448 3862 591 3915 esse,
638 3864 737 3904 nec
769 3849 895 3904 illud
937 3851 1077 3920 quod
1118 3859 1201 3906 est
1248 3865 1467 3908 necesse
1522 3868 1629 3906 non
1660 3867 1780 3909 esse

193 3940 497 4004 consentit,
523 3941 843 4011 relinquitur
864 3952 922 3998 ut
943 3942 995 3997 id
1019 3944 1159 4012 quod
1182 3953 1264 3999 est
1291 3960 1395 3999 non
1416 3946 1777 4000 necessarium

195 4044 309 4084 non
338 4046 458 4086 esse
483 4042 732 4103 sequatur
763 4036 1018 4105 possibile
1040 4051 1178 4091 esse.
1214 4036 1326 4092 Hoc
1348 4035 1490 4091 enim
1518 4037 1657 4107 quod
1698 4037 1782 4091 di-

197 4122 340 4178 citur
370 4138 477 4178 non
507 4127 863 4182 necessarium
891 4144 997 4183 non
1026 4143 1146 4184 esse
1182 4143 1369 4183 verum
1399 4139 1482 4183 est
1508 4128 1689 4183 dicere
1710 4129 1779 4184 de

195 4228 424 4269 necesse
466 4226 550 4271 est
592 4233 696 4272 non
749 4235 890 4283 esse,
920 4230 973 4295 et
1013 4220 1365 4275 subaudimus
1402 4220 1651 4290 quoniam
1698 4230 1781 4276 est

192 4306 313 4376 ejus
341 4309 713 4365 contradictio.
760 4311 885 4365 Haac
924 4312 1066 4366 enim
1096 4326 1215 4381 quae
1244 4312 1392 4380 dicit,
1424 4329 1528 4367 non
1560 4327 1780 4368 necesse

192 4406 280 4453 est
302 4414 408 4453 non
436 4415 579 4465 esse,
608 4403 962 4457 contradictio
988 4404 1045 4458 ﬁt
1069 4406 1118 4459 ei
1148 4419 1267 4473 quae
1289 4406 1526 4473 sequitur
1549 4406 1780 4475 negatio-

191 4504 317 4545 nem
363 4494 650 4561 possibilis,
686 4496 735 4549 id
774 4505 856 4550 est
896 4513 1000 4552 non
1046 4497 1301 4567 possibile
1340 4512 1479 4553 esse.
1530 4498 1655 4553 Haec
1696 4508 1779 4554 est

190 4590 373 4638 autem
397 4598 602 4654 eaquae
629 4586 779 4655 dicit,
814 4603 1034 4644 necesse
1060 4599 1145 4645 est
1175 4605 1279 4643 non
1297 4605 1436 4657 esse,
1471 4591 1601 4646 illud
1630 4592 1773 4647 enim
1799 4559 1856 4621 Β

190 4673 334 4742 quod
357 4684 441 4729 est
472 4691 576 4730 non
610 4678 862 4746 possibile
884 4696 1023 4745 esse,
1060 4691 1341 4752 utrumque
1371 4682 1560 4737 horum
1590 4685 1774 4754 sequi-

190 4772 301 4831 tur,
332 4776 386 4821 et
412 4768 554 4837 quod
578 4779 661 4824 est
686 4771 1016 4840 impossibile
1037 4788 1177 4841 esse,
1196 4774 1406 4844 etquod
1427 4784 1527 4842 est,
1553 4790 1776 4832 necesse

187 4865 277 4911 est
305 4870 410 4910 non
449 4873 593 4913 esse.
626 4858 793 4929 Cujus
823 4863 1217 4927 altirmationis,
1249 4864 1301 4919 id
1329 4875 1412 4920 est
1444 4880 1664 4921 necesse
1692 4876 1777 4923 est

97 5004 104 5015 ,
188 4961 298 5001 non
322 4963 460 5016 esse,
482 4953 696 5022 negatio
724 4968 826 5019 est,
863 4969 964 5009 nan
997 4970 1216 5011 necesse
1242 4965 1327 5012 est
1355 4973 1459 5014 non
1490 4972 1633 5013 esse.
1668 4960 1774 5015 Sed

196 5042 319 5099 haec
347 5047 584 5115 sequitur
615 5064 721 5102 nou
755 5050 1084 5119 impossibile
1114 5066 1234 5107 esse
1263 5063 1316 5107 et
1348 5054 1599 5121 possibile
1623 5068 1773 5119 esse;

189 5135 349 5202 ig‘tur
378 5136 457 5191 lite
489 5141 939 5208 contradictiones
973 5144 1269 5197 secundum
1303 5144 1612 5212 prtcdictum
1653 5161 1773 5201 mo-

186 5227 313 5278 dum
348 5243 407 5281 se
447 5241 764 5299 sequuntur,
798 5234 1005 5289 scilicet
1045 5222 1485 5301 contradictbrie,
1527 5236 1620 5291 sed
1646 5252 1776 5292 con-

187 5320 411 5386 νει-εἰη),
444 5331 497 5375 ει
548 5322 628 5375 bis
682 5324 872 5393 positis
900 5333 1061 5396 atque
1096 5328 1164 5381 ita
1196 5326 1459 5382 ordinatis
1486 5327 1613 5383 nihil
1648 5343 1779 5386 cou-

189 5412 345 5479 tingit
376 5413 726 5482 impossibile.

265 5505 529 5561 Dubitabit
559 5518 727 5564 autem
753 5512 937 5580 aliquis
957 5513 1001 5566 si
1028 5513 1097 5566 ad
1120 5514 1254 5568 illud
1274 5516 1412 5586 quod
1436 5518 1778 5571 necessarium

189 5611 316 5659 esse,
344 5599 585 5666 possibile
611 5618 718 5656 esse
737 5613 995 5671 sequatur.
1024 5604 1163 5659 Nam
1186 5608 1231 5660 si
1257 5625 1359 5663 non
1385 5612 1629 5677 sequitur,
1653 5628 1777 5668 con-

192 5689 436 5743 tradictio
462 5702 722 5759 sequetur,
770 5712 869 5749 non
911 5698 1151 5762 possibile
1188 5715 1313 5766 esse,
1345 5711 1394 5755 et
1422 5703 1465 5756 si
1492 5705 1606 5774 quis
1640 5705 1778 5760 dicat

194 5786 296 5836 tuon
321 5782 454 5838 hanc
483 5799 589 5839 esse
618 5788 1094 5862 contradictionem,
1124 5806 1322 5851 necesse
1360 5810 1465 5854 esse
1503 5806 1574 5853 est
1614 5798 1779 5871 ipsum

1887 3295 2027 3364 quod
2051 3304 2133 3350 est
2160 3298 2525 3352 necessarium
2550 3313 2677 3366 esse
2695 3300 2986 3355 convenire
3005 3312 3204 3371 potest.
3226 3299 3313 3356 Fit
3329 3302 3472 3356 enim

1888 3387 2103 3454 negatio
2153 3390 2271 3453 ejus
2300 3403 2419 3456 quas
2444 3396 2528 3442 est
2560 3389 2815 3457 possibile
2860 3404 2998 3457 esse,
3044 3406 3106 3447 ea
3151 3406 3270 3460 qua:
3317 3392 3471 3459 dicit,

1885 3477 2139 3547 possibile
2185 3488 2269 3533 est
2312 3494 2417 3534 non
2477 3494 2622 3547 esse,
2672 3482 2716 3534 si
2747 3481 3039 3537 afﬁrmatio
3069 3484 3323 3551 possibile
3351 3498 3472 3542 esse

1885 3582 1992 3622 non
2043 3569 2284 3638 sequitur
2320 3570 2728 3625 alﬁrmationem
2774 3588 2894 3642 quas
2942 3572 3104 3638 dicit,
3138 3570 3359 3630 necess'e
3387 3586 3471 3630 est

1885 3676 2027 3727 esse,
2056 3664 2300 3730 sequitur
2334 3664 2545 3734 negatio
2571 3680 2632 3719 ea
2659 3681 2778 3736 qua:
2803 3676 2907 3732 est,
2951 3667 3208 3735 possibile
3234 3679 3320 3724 est
3363 3683 3469 3724 non

1885 3767 2026 3817 esse,
2057 3754 2152 3809 sed
2203 3755 2346 3825 quod
2390 3770 2612 3812 necesse
2638 3767 2724 3811 est
2768 3772 2910 3823 esse,
2942 3758 3133 3813 falsum
3169 3769 3251 3814 est
3292 3759 3471 3819 dicere

1883 3846 2134 3916 quoniam
2164 3846 2418 3915 WsSiblle
2445 3858 2527 3903 est
2563 3864 2667 3903 non
2699 3863 2840 3905 esse.
2874 3849 3025 3917 Quod
3066 3852 3208 3905 enim
3251 3863 3469 3909 necesse

1884 3947 2135 4003 estesse,
2164 3937 2266 3993 dici
2296 3953 2400 3992 nou
2453 3948 2625 4008 potest
2656 3939 2768 3995 ﬁeri
2808 3955 2967 4011 posse
3014 3951 3071 3995 ut
3101 3957 3205 3995 non
3248 3941 3339 4007 sit,
3376 3942 3469 4000 sed

1885 4029 2060 4097 potius
2096 4045 2201 4083 non
2234 4044 2394 4097 posse
2422 4031 2536 4087 ﬁeri
2566 4044 2620 4086 ut
2651 4048 2757 4087 non
2787 4034 2889 4097 sit;
2924 4034 3063 4102 quod
3092 4034 3137 4090 si
3181 4035 3302 4103 quis
3329 4036 3470 4089 dicat

1882 4134 2069 4174 rursus
2097 4122 2246 4190 sequi
2272 4121 2321 4176 id
2350 4123 2493 4192 quod
2522 4123 2719 4177 dicitur
2750 4139 2971 4180 necesse
2994 4140 3133 4191 esse,
3165 4138 3219 4181 et
3244 4142 3469 4182 consen-

1883 4212 1985 4267 tire
2012 4214 2061 4268 ei
2103 4206 2233 4283 quae"
2259 4215 2386 4269 dicit
2418 4215 2674 4281 possibile
2704 4231 2846 4281 esse,
2893 4218 2972 4272 sic
3014 4235 3230 4290 quoque
3270 4220 3469 4290 aliquid

1883 4306 2268 4363 inconveniens
2320 4311 2638 4377 reperietur.
2692 4311 2846 4378 Quod
2895 4312 3037 4367 enim
3078 4314 3339 4383 possibile
3388 4325 3468 4374 est

1881 4411 2024 4461 esse,
2072 4398 2212 4453 idem
2252 4400 2509 4468 possibile
2537 4409 2620 4456 est
2655 4417 2761 4456 non
2792 4417 2931 4467 esse,
2980 4404 3080 4458 erit
3127 4404 3289 4474 igitur
3326 4405 3467 4476 quod

1884 4503 2105 4545 necesse
2134 4498 2217 4543 est
2246 4504 2388 4554 esse,
2422 4491 2677 4559 possibile
2709 4506 2814 4545 non
2852 4507 2994 4558 esse,
3029 4504 3080 4548 et
3120 4496 3223 4549 erit
3255 4497 3468 4550 contin-

1880 4595 2013 4652 gens
2036 4582 2181 4651 quod
2212 4585 2574 4639 necessarium
2606 4594 2707 4639 est.
2751 4584 3010 4641 Possibile
3042 4598 3218 4643 autem
3258 4598 3311 4642 et
3335 4603 3467 4642 cou-

1882 4674 2089 4744 tingeus
2114 4675 2167 4730 in
2196 4688 2481 4745 utramque
2509 4687 2713 4747 partem
2732 4676 2886 4733 facile
2912 4680 3155 4745 vertitur,
3184 4690 3235 4735 et
3256 4682 3320 4735 ad
3348 4695 3466 4737 esse

1881 4776 1936 4821 et
1962 4766 2028 4820 ad
2059 4782 2164 4821 non
2212 4783 2352 4823 esse.
2384 4769 2539 4836 Quod
2565 4778 2747 4825 autem
2772 4785 2993 4827 necesse
3026 4781 3106 4827 est
3133 4786 3274 4836 esse,
3304 4770 3466 4826 inter-

1879 4858 2090 4914 clusum
2120 4858 2283 4916 habet
2308 4856 2557 4916 eventum
2584 4862 2651 4918 ad
2689 4865 3015 4919 contrariam
3046 4865 3359 4920 dictionem.
3400 4864 3465 4921 Ut

1884 4950 1928 5006 si
1962 4967 2185 5007 necesse
2210 4963 2292 5008 est
2314 4969 2453 5019 esse,
2480 4962 2539 5008 ut
2564 4968 2670 5010 non
2711 4956 2799 5020 sit,
2831 4957 2945 5011 ﬁeri
2969 4972 3073 5011 non
3104 4965 3302 5025 potest,
3343 4964 3396 5009 et
3419 4956 3465 5009 si

1886 5058 2107 5099 necesse
2131 5053 2340 5101 estnon
2374 5061 2516 5114 esse,
2560 5055 2617 5102 ut
2654 5048 2745 5115 sit,
2778 5049 3106 5118 impossibile
3156 5058 3261 5111 est,
3289 5047 3464 5114 Quare

1886 5138 1975 5205 qui
2008 5136 2137 5191 dicit
2166 5139 2420 5207 possibile
2436 5154 2557 5194 esse
2583 5141 2891 5197 consentire
2914 5142 2963 5196 ei
2981 5140 3120 5210 quod
3142 5148 3224 5194 est
3248 5152 3464 5195 necesse

1886 5244 2035 5296 esse,
2060 5232 2310 5298 quoniam
2338 5232 2388 5285 id
2413 5231 2552 5303 quod
2576 5242 2659 5289 est
2691 5234 2941 5303 possibile
2967 5247 3085 5287 esse
3108 5240 3283 5299 potest
3300 5231 3461 5286 etiam

1886 5336 1993 5378 non
2022 5339 2165 5393 esse,
2192 5334 2245 5379 et
2275 5324 2378 5380 hoc
2422 5334 2505 5381 est
2534 5327 2868 5396 contingens,
2920 5326 3048 5380 dicit
3076 5324 3126 5378 id
3168 5324 3310 5395 quod
3343 5339 3462 5379 esse

1884 5429 2109 5471 necesse
2132 5428 2232 5483 est,
2266 5432 2426 5488 posse
2454 5434 2560 5473 non
2589 5433 2729 5483 esse,
2748 5426 2803 5474 et
2822 5433 2939 5472 esse
2956 5417 3292 5486 contingens,
3320 5417 3461 5485 quod

1879 5519 1963 5568 est
1992 5512 2400 5569 inconveniens.
2432 5512 2579 5570 llanc
2606 5513 2767 5584 igitur
2794 5512 3178 5569 dubitationem
3218 5513 3455 5576 solvens,
3540 5542 3541 5545 η

1878 5609 1952 5666 ita
1976 5612 2216 5681 sequitur
2239 5628 2253 5666 :

1956 5703 2286 5774 Manifestum
2311 5712 2383 5757 est
2405 5711 2574 5757 autem
2624 5701 2864 5770 quoniam
2900 5714 2999 5752 non
3024 5712 3170 5752 omne
3196 5698 3454 5766 possibile,

1881 5799 1959 5855 vel
1986 5814 2113 5866 esss,
2148 5798 2227 5855 vel
2270 5796 2547 5865 ambulare,
2578 5806 2622 5851 st
2673 5796 2907 5866 opposita
2950 5792 3101 5850 valet.
3156 5790 3262 5848 Sed
3303 5802 3375 5849 est
3411 5792 3462 5854 bi
