  <div class='ocr_page' id='page_1' title='image "/cluster/home/n/w/nwhite01/storage/ocr_20150623/64/hvd.32044024222309/197.png"; bbox 0 0 4022 6332; ppageno 0'>
   <div class='ocr_carea' id='block_1_1' title="bbox 1822 190 1845 221">
    <p class='ocr_par' dir='ltr' id='par_1_1' title="bbox 1822 190 1845 221">
     <span class='ocr_line' id='line_1_1' title="bbox 1822 190 1845 221; baseline 0 0"><span class='ocrx_word' id='word_1_1' title='bbox 1822 190 1845 221; x_wconf 91' lang='lat'><strong><em>/</em></strong></span> 
     </span>
    </p>
   </div>
   <div class='ocr_carea' id='block_1_2' title="bbox 558 296 661 355">
    <p class='ocr_par' dir='ltr' id='par_1_2' title="bbox 558 296 661 355">
     <span class='ocr_line' id='line_1_2' title="bbox 558 296 661 355; baseline 0.019 -2"><span class='ocrx_word' id='word_1_2' title='bbox 558 296 661 355; x_wconf 75' lang='lat'><strong>379</strong></span> 
     </span>
    </p>
   </div>
   <div class='ocr_carea' id='block_1_3' title="bbox 1773 268 3722 369">
    <p class='ocr_par' dir='ltr' id='par_1_3' title="bbox 1773 268 3722 369">
     <span class='ocr_line' id='line_1_3' title="bbox 1773 268 3722 369; baseline -0.002 -18"><span class='ocrx_word' id='word_1_3' title='bbox 1773 292 1875 352; x_wconf 74' lang='lat' dir='ltr'><strong><em>AN.</em></strong></span> <span class='ocrx_word' id='word_1_4' title='bbox 1916 291 2123 348; x_wconf 65' lang='lat' dir='ltr'><strong><em>usue.</em></strong></span> <span class='ocrx_word' id='word_1_5' title='bbox 2160 288 2316 346; x_wconf 77' lang='lat' dir='ltr'><strong><em>sev.</em></strong></span> <span class='ocrx_word' id='word_1_6' title='bbox 2358 291 2578 349; x_wconf 73' lang='lat' dir='ltr'><strong><em>nomn</em></strong></span> <span class='ocrx_word' id='word_1_7' title='bbox 3406 268 3413 275; x_wconf 89' lang='grc'><em>’</em></span> <span class='ocrx_word' id='word_1_8' title='bbox 3644 308 3722 369; x_wconf 65' lang='lat'><strong><em>380</em></strong></span> 
     </span>
    </p>
   </div>
   <div class='ocr_carea' id='block_1_4' title="bbox 558 404 3727 483">
    <p class='ocr_par' dir='ltr' id='par_1_4' title="bbox 558 404 3727 483">
     <span class='ocr_line' id='line_1_4' title="bbox 558 404 3727 483; baseline 0.003 -18"><span class='ocrx_word' id='word_1_9' title='bbox 558 414 737 483; x_wconf 82' lang='lat' dir='ltr'><strong><em>quibus</em></strong></span> <span class='ocrx_word' id='word_1_10' title='bbox 775 431 876 468; x_wconf 88' lang='lat' dir='ltr'><strong><em>non</em></strong></span> <span class='ocrx_word' id='word_1_11' title='bbox 925 412 986 466; x_wconf 90' lang='lat' dir='ltr'><strong><em>sit</em></strong></span> <span class='ocrx_word' id='word_1_12' title='bbox 1034 428 1222 467; x_wconf 80' lang='lat' dir='ltr'><strong><em>verum.</em></strong></span> <span class='ocrx_word' id='word_1_13' title='bbox 1269 408 1331 463; x_wconf 83' lang='lat' dir='ltr'><strong><em>At</em></strong></span> <span class='ocrx_word' id='word_1_14' title='bbox 1371 408 1589 476; x_wconf 85' lang='lat' dir='ltr'><strong><em>primum</em></strong></span> <span class='ocrx_word' id='word_1_15' title='bbox 1618 407 1819 480; x_wconf 78' lang='lat' dir='ltr'><strong><em>quidem</em></strong></span> <span class='ocrx_word' id='word_1_16' title='bbox 1843 408 1895 461; x_wconf 89' lang='lat' dir='ltr'><strong><em>in</em></strong></span> <span class='ocrx_word' id='word_1_17' title='bbox 1923 407 1999 459; x_wconf 85' lang='lat' dir='ltr'><strong><em>his</em></strong></span> <span class='ocrx_word' id='word_1_18' title='bbox 2028 422 2142 477; x_wconf 77' lang='lat' dir='ltr'><strong><em>qua:</em></strong></span> <span class='ocrx_word' id='word_1_19' title='bbox 2168 409 2218 466; x_wconf 74' lang='grc' dir='ltr'>Α</span> <span class='ocrx_word' id='word_1_20' title='bbox 2247 404 2333 459; x_wconf 91' lang='lat' dir='ltr'><strong><em>illa</em></strong></span> <span class='ocrx_word' id='word_1_21' title='bbox 2374 422 2585 479; x_wconf 90' lang='lat' dir='ltr'><strong><em>quoque</em></strong></span> <span class='ocrx_word' id='word_1_22' title='bbox 2622 410 2797 463; x_wconf 88' lang='lat' dir='ltr'><strong><em>omnia</em></strong></span> <span class='ocrx_word' id='word_1_23' title='bbox 2828 425 2991 481; x_wconf 84' lang='lat' dir='ltr'><strong><em>unum</em></strong></span> <span class='ocrx_word' id='word_1_24' title='bbox 3026 420 3261 477; x_wconf 87' lang='lat' dir='ltr'><strong><em>possunt,</em></strong></span> <span class='ocrx_word' id='word_1_25' title='bbox 3284 421 3334 469; x_wconf 89' lang='lat' dir='ltr'><strong><em>et</em></strong></span> <span class='ocrx_word' id='word_1_26' title='bbox 3371 428 3464 470; x_wconf 88' lang='lat' dir='ltr'><strong><em>non</em></strong></span> <span class='ocrx_word' id='word_1_27' title='bbox 3490 420 3630 474; x_wconf 72' lang='lat' dir='ltr'><strong><em>multa</em></strong></span> <span class='ocrx_word' id='word_1_28' title='bbox 3653 438 3727 480; x_wconf 79' lang='lat' dir='ltr'><strong><em>nec</em></strong></span> 
     </span>
    </p>
   </div>
   <div class='ocr_carea' id='block_1_5' title="bbox 565 500 2136 572">
    <p class='ocr_par' dir='ltr' id='par_1_5' title="bbox 565 500 2136 572">
     <span class='ocr_line' id='line_1_5' title="bbox 565 500 2136 572; baseline -0.006 -11"><span class='ocrx_word' id='word_1_29' title='bbox 565 524 663 561; x_wconf 90' lang='lat' dir='ltr'><strong><em>non</em></strong></span> <span class='ocrx_word' id='word_1_30' title='bbox 692 504 971 560; x_wconf 77' lang='lat' dir='ltr'><strong><em>secundum</em></strong></span> <span class='ocrx_word' id='word_1_31' title='bbox 1006 504 1256 555; x_wconf 79' lang='lat' dir='ltr'><strong><em>rationem</em></strong></span> <span class='ocrx_word' id='word_1_32' title='bbox 1294 510 1524 571; x_wconf 85' lang='lat' dir='ltr'><strong><em>possunt,</em></strong></span> <span class='ocrx_word' id='word_1_33' title='bbox 1554 511 1607 553; x_wconf 90' lang='lat' dir='ltr'><strong><em>ut</em></strong></span> <span class='ocrx_word' id='word_1_34' title='bbox 1632 501 1761 572; x_wconf 84' lang='lat' dir='ltr'><strong><em>ignis</em></strong></span> <span class='ocrx_word' id='word_1_35' title='bbox 1784 500 2136 569; x_wconf 76' lang='lat' dir='ltr'><strong><em>calefactibilis</em></strong></span> 
     </span>
    </p>
   </div>
   <div class='ocr_carea' id='block_1_6' title="bbox 560 590 2136 662">
    <p class='ocr_par' dir='ltr' id='par_1_6' title="bbox 560 590 2136 662">
     <span class='ocr_line' id='line_1_6' title="bbox 560 590 2136 662; baseline -0.006 -12"><span class='ocrx_word' id='word_1_36' title='bbox 560 609 650 659; x_wconf 84' lang='lat' dir='ltr'><strong><em>est,</em></strong></span> <span class='ocrx_word' id='word_1_37' title='bbox 675 606 721 649; x_wconf 84' lang='lat' dir='ltr'><strong><em>et</em></strong></span> <span class='ocrx_word' id='word_1_38' title='bbox 742 595 889 648; x_wconf 57' lang='lat' dir='ltr'><strong><em>habet</em></strong></span> <span class='ocrx_word' id='word_1_39' title='bbox 907 594 1001 646; x_wconf 84' lang='lat' dir='ltr'><strong><em>vim</em></strong></span> <span class='ocrx_word' id='word_1_40' title='bbox 1019 590 1435 649; x_wconf 82' lang='lat' dir='ltr'><strong><em>irrationabilem,</em></strong></span> <span class='ocrx_word' id='word_1_41' title='bbox 1450 608 1571 662; x_wconf 78' lang='lat' dir='ltr'><strong><em>ergo</em></strong></span> <span class='ocrx_word' id='word_1_42' title='bbox 1592 591 1864 644; x_wconf 70' lang='lat' dir='ltr'><strong><em>secundum</em></strong></span> <span class='ocrx_word' id='word_1_43' title='bbox 1888 590 2136 643; x_wconf 61' lang='lat' dir='ltr'><strong><em>rationem</em></strong></span> 
     </span>
    </p>
   </div>
   <div class='ocr_carea' id='block_1_7' title="bbox 561 684 2134 762">
    <p class='ocr_par' dir='ltr' id='par_1_7' title="bbox 561 684 2134 762">
     <span class='ocr_line' id='line_1_7' title="bbox 561 684 2134 762; baseline -0.004 -19"><span class='ocrx_word' id='word_1_44' title='bbox 561 699 828 762; x_wconf 77' lang='lat' dir='ltr'><strong><em>potestates</em></strong></span> <span class='ocrx_word' id='word_1_45' title='bbox 860 687 1040 739; x_wconf 65' lang='lat' dir='ltr'><strong><em>eadem</em></strong></span> <span class='ocrx_word' id='word_1_46' title='bbox 1066 686 1405 756; x_wconf 82' lang='lat' dir='ltr'><strong><em>plurimorum</em></strong></span> <span class='ocrx_word' id='word_1_47' title='bbox 1432 684 1585 738; x_wconf 85' lang='lat' dir='ltr'><strong><em>etiam</em></strong></span> <span class='ocrx_word' id='word_1_48' title='bbox 1608 684 1977 738; x_wconf 71' lang='lat' dir='ltr'><strong><em>contrariorum</em></strong></span> <span class='ocrx_word' id='word_1_49' title='bbox 1997 693 2134 748; x_wconf 83' lang='lat' dir='ltr'><strong><em>sunt,</em></strong></span> 
     </span>
    </p>
   </div>
   <div class='ocr_carea' id='block_1_8' title="bbox 560 774 2136 844">
    <p class='ocr_par' dir='ltr' id='par_1_8' title="bbox 560 774 2136 844">
     <span class='ocr_line' id='line_1_8' title="bbox 560 774 2136 844; baseline -0.003 -12"><span class='ocrx_word' id='word_1_50' title='bbox 560 778 932 833; x_wconf 87' lang='lat' dir='ltr'><strong><em>irrationabiles</em></strong></span> <span class='ocrx_word' id='word_1_51' title='bbox 997 792 1111 829; x_wconf 84' lang='lat' dir='ltr'><strong><em>vero</em></strong></span> <span class='ocrx_word' id='word_1_52' title='bbox 1162 792 1261 829; x_wconf 86' lang='lat' dir='ltr'><strong><em>non</em></strong></span> <span class='ocrx_word' id='word_1_53' title='bbox 1319 791 1530 843; x_wconf 86' lang='lat' dir='ltr'><strong><em>omnes,</em></strong></span> <span class='ocrx_word' id='word_1_54' title='bbox 1577 774 1667 829; x_wconf 90' lang='lat' dir='ltr'><strong><em>sed</em></strong></span> <span class='ocrx_word' id='word_1_55' title='bbox 1712 774 2136 844; x_wconf 83' lang='lat' dir='ltr'><strong><em>quemadmodum</em></strong></span> 
     </span>
    </p>
   </div>
   <div class='ocr_carea' id='block_1_9' title="bbox 559 868 2136 939">
    <p class='ocr_par' dir='ltr' id='par_1_9' title="bbox 559 868 2136 939">
     <span class='ocr_line' id='line_1_9' title="bbox 559 868 2136 939; baseline -0.003 -13"><span class='ocrx_word' id='word_1_56' title='bbox 559 873 748 926; x_wconf 88' lang='lat' dir='ltr'><strong><em>dictum</em></strong></span> <span class='ocrx_word' id='word_1_57' title='bbox 770 882 859 933; x_wconf 62' lang='lat' dir='ltr'><strong><em>Bal.</em></strong></span> <span class='ocrx_word' id='word_1_58' title='bbox 892 871 1055 939; x_wconf 62' lang='lat' dir='ltr'><strong><em>ignem</em></strong></span> <span class='ocrx_word' id='word_1_59' title='bbox 1088 887 1190 923; x_wconf 85' lang='lat' dir='ltr'><strong><em>non</em></strong></span> <span class='ocrx_word' id='word_1_60' title='bbox 1228 879 1301 923; x_wconf 89' lang='lat' dir='ltr'><strong><em>est</em></strong></span> <span class='ocrx_word' id='word_1_61' title='bbox 1344 868 1580 938; x_wconf 71' lang='lat' dir='ltr'><strong><em>possibile</em></strong></span> <span class='ocrx_word' id='word_1_62' title='bbox 1604 871 1903 939; x_wconf 77' lang='lat' dir='ltr'><strong><em>calefacere,</em></strong></span> <span class='ocrx_word' id='word_1_63' title='bbox 1940 876 1987 923; x_wconf 88' lang='lat' dir='ltr'><strong><em>el</em></strong></span> <span class='ocrx_word' id='word_1_64' title='bbox 2034 883 2136 922; x_wconf 79' lang='lat' dir='ltr'><strong><em>non</em></strong></span> 
     </span>
    </p>
   </div>
   <div class='ocr_carea' id='block_1_10' title="bbox 558 961 2136 1035">
    <p class='ocr_par' dir='ltr' id='par_1_10' title="bbox 558 961 2136 1035">
     <span class='ocr_line' id='line_1_10' title="bbox 558 961 2136 1035; baseline -0.001 -15"><span class='ocrx_word' id='word_1_65' title='bbox 558 966 852 1035; x_wconf 72' lang='lat' dir='ltr'><strong><em>calefacere,</em></strong></span> <span class='ocrx_word' id='word_1_66' title='bbox 879 981 1035 1033; x_wconf 84' lang='lat' dir='ltr'><strong><em>neque</em></strong></span> <span class='ocrx_word' id='word_1_67' title='bbox 1064 978 1371 1032; x_wconf 78' lang='lat' dir='ltr'><strong><em>qmrcunque</em></strong></span> <span class='ocrx_word' id='word_1_68' title='bbox 1410 965 1512 1016; x_wconf 90' lang='lat' dir='ltr'><strong><em>alia</em></strong></span> <span class='ocrx_word' id='word_1_69' title='bbox 1554 978 1750 1027; x_wconf 85' lang='lat' dir='ltr'><strong><em>semper</em></strong></span> <span class='ocrx_word' id='word_1_70' title='bbox 1790 971 1969 1032; x_wconf 80' lang='lat' dir='ltr'><strong><em>agunt.</em></strong></span> <span class='ocrx_word' id='word_1_71' title='bbox 2018 961 2136 1018; x_wconf 73' lang='lat' dir='ltr'><strong><em>Alia</em></strong></span> 
     </span>
    </p>
   </div>
   <div class='ocr_carea' id='block_1_11' title="bbox 558 1052 2135 1128">
    <p class='ocr_par' dir='ltr' id='par_1_11' title="bbox 558 1052 2135 1128">
     <span class='ocr_line' id='line_1_11' title="bbox 558 1052 2135 1128; baseline -0.001 -18"><span class='ocrx_word' id='word_1_72' title='bbox 558 1073 675 1111; x_wconf 69' lang='lat' dir='ltr'><strong><em>vero</em></strong></span> <span class='ocrx_word' id='word_1_73' title='bbox 702 1067 911 1128; x_wconf 81' lang='lat' dir='ltr'><strong><em>possunt</em></strong></span> <span class='ocrx_word' id='word_1_74' title='bbox 934 1067 979 1110; x_wconf 89' lang='lat' dir='ltr'><strong><em>et</em></strong></span> <span class='ocrx_word' id='word_1_75' title='bbox 1001 1057 1275 1110; x_wconf 78' lang='lat' dir='ltr'><strong><em>secundum</em></strong></span> <span class='ocrx_word' id='word_1_76' title='bbox 1296 1052 1677 1109; x_wconf 74' lang='lat' dir='ltr'><strong><em>irrationabiles</em></strong></span> <span class='ocrx_word' id='word_1_77' title='bbox 1691 1061 1962 1125; x_wconf 65' lang='lat' dir='ltr'><strong><em>potestates</em></strong></span> <span class='ocrx_word' id='word_1_78' title='bbox 1982 1056 2135 1110; x_wconf 84' lang='lat' dir='ltr'><strong><em>simul</em></strong></span> 
     </span>
    </p>
   </div>
   <div class='ocr_carea' id='block_1_12' title="bbox 558 1146 2134 1220">
    <p class='ocr_par' dir='ltr' id='par_1_12' title="bbox 558 1146 2134 1220">
     <span class='ocr_line' id='line_1_12' title="bbox 558 1146 2134 1220; baseline -0.001 -18"><span class='ocrx_word' id='word_1_79' title='bbox 558 1151 788 1220; x_wconf 81' lang='lat' dir='ltr'><strong><em>opposila</em></strong></span> <span class='ocrx_word' id='word_1_80' title='bbox 813 1148 1083 1217; x_wconf 79' lang='lat' dir='ltr'><strong><em>suscipere,</em></strong></span> <span class='ocrx_word' id='word_1_81' title='bbox 1116 1147 1203 1200; x_wconf 88' lang='lat' dir='ltr'><strong><em>sed</em></strong></span> <span class='ocrx_word' id='word_1_82' title='bbox 1234 1147 1324 1198; x_wconf 81' lang='lat' dir='ltr'><strong><em>hoc</em></strong></span> <span class='ocrx_word' id='word_1_83' title='bbox 1348 1146 1537 1200; x_wconf 86' lang='lat' dir='ltr'><strong><em>idcirco</em></strong></span> <span class='ocrx_word' id='word_1_84' title='bbox 1561 1146 1750 1199; x_wconf 84' lang='lat' dir='ltr'><strong><em>dictum</em></strong></span> <span class='ocrx_word' id='word_1_85' title='bbox 1775 1156 1868 1210; x_wconf 88' lang='lat' dir='ltr'><strong><em>est,</em></strong></span> <span class='ocrx_word' id='word_1_86' title='bbox 1892 1147 2134 1215; x_wconf 79' lang='lat' dir='ltr'><strong><em>quoniam</em></strong></span> 
     </span>
    </p>
   </div>
   <div class='ocr_carea' id='block_1_13' title="bbox 558 1239 2133 1310">
    <p class='ocr_par' dir='ltr' id='par_1_13' title="bbox 558 1239 2133 1310">
     <span class='ocr_line' id='line_1_13' title="bbox 558 1239 2133 1310; baseline -0.001 -16"><span class='ocrx_word' id='word_1_87' title='bbox 558 1257 658 1294; x_wconf 82' lang='lat' dir='ltr'><strong><em>non</em></strong></span> <span class='ocrx_word' id='word_1_88' title='bbox 689 1241 849 1294; x_wconf 87' lang='lat' dir='ltr'><strong><em>omnis</em></strong></span> <span class='ocrx_word' id='word_1_89' title='bbox 877 1249 1095 1309; x_wconf 74' lang='lat' dir='ltr'><strong><em>potestas</em></strong></span> <span class='ocrx_word' id='word_1_90' title='bbox 1134 1239 1477 1309; x_wconf 84' lang='lat' dir='ltr'><strong><em>appositorunt</em></strong></span> <span class='ocrx_word' id='word_1_91' title='bbox 1513 1247 1607 1304; x_wconf 86' lang='lat' dir='ltr'><strong><em>est,</em></strong></span> <span class='ocrx_word' id='word_1_92' title='bbox 1632 1255 1790 1306; x_wconf 84' lang='lat' dir='ltr'><strong><em>neque</em></strong></span> <span class='ocrx_word' id='word_1_93' title='bbox 1820 1253 2133 1310; x_wconf 75' lang='lat' dir='ltr'><strong><em>quwcttnque</em></strong></span> 
     </span>
    </p>
   </div>
   <div class='ocr_carea' id='block_1_14' title="bbox 558 1332 1604 1402">
    <p class='ocr_par' dir='ltr' id='par_1_14' title="bbox 558 1332 1604 1402">
     <span class='ocr_line' id='line_1_14' title="bbox 558 1332 1604 1402; baseline -0.002 -15"><span class='ocrx_word' id='word_1_94' title='bbox 558 1335 834 1387; x_wconf 84' lang='lat' dir='ltr'><strong><em>secundum</em></strong></span> <span class='ocrx_word' id='word_1_95' title='bbox 866 1334 1090 1386; x_wconf 87' lang='lat' dir='ltr'><strong><em>eamdem</em></strong></span> <span class='ocrx_word' id='word_1_96' title='bbox 1112 1332 1325 1402; x_wconf 78' lang='lat' dir='ltr'><strong><em>speciem</em></strong></span> <span class='ocrx_word' id='word_1_97' title='bbox 1352 1332 1604 1386; x_wconf 73' lang='lat' dir='ltr'><strong><em>dicantur.</em></strong></span> 
     </span>
    </p>
   </div>
   <div class='ocr_carea' id='block_1_15' title="bbox 629 1427 2133 1498">
    <p class='ocr_par' dir='ltr' id='par_1_15' title="bbox 629 1427 2133 1498">
     <span class='ocr_line' id='line_1_15' title="bbox 629 1427 2133 1498; baseline -0.001 -14"><span class='ocrx_word' id='word_1_98' title='bbox 629 1430 809 1492; x_wconf 83' lang='lat' dir='ltr'><strong><em>Multa,</em></strong></span> <span class='ocrx_word' id='word_1_99' title='bbox 836 1429 1021 1498; x_wconf 88' lang='lat' dir='ltr'><strong><em>inquit,</em></strong></span> <span class='ocrx_word' id='word_1_100' title='bbox 1057 1437 1179 1481; x_wconf 81' lang='lat' dir='ltr'><strong><em>sunt</em></strong></span> <span class='ocrx_word' id='word_1_101' title='bbox 1204 1444 1321 1497; x_wconf 76' lang='lat' dir='ltr'><strong><em>quae</em></strong></span> <span class='ocrx_word' id='word_1_102' title='bbox 1346 1442 1507 1481; x_wconf 88' lang='lat' dir='ltr'><strong><em>unum</em></strong></span> <span class='ocrx_word' id='word_1_103' title='bbox 1536 1442 1655 1482; x_wconf 87' lang='lat' dir='ltr'><strong><em>esse</em></strong></span> <span class='ocrx_word' id='word_1_104' title='bbox 1677 1436 1897 1496; x_wconf 88' lang='lat' dir='ltr'><strong><em>possunt</em></strong></span> <span class='ocrx_word' id='word_1_105' title='bbox 1917 1427 1969 1483; x_wconf 91' lang='lat' dir='ltr'><strong><em>id</em></strong></span> <span class='ocrx_word' id='word_1_106' title='bbox 1993 1427 2133 1498; x_wconf 87' lang='lat' dir='ltr'><strong><em>quod</em></strong></span> 
     </span>
    </p>
   </div>
   <div class='ocr_carea' id='block_1_16' title="bbox 558 1517 2134 1588">
    <p class='ocr_par' dir='ltr' id='par_1_16' title="bbox 558 1517 2134 1588">
     <span class='ocr_line' id='line_1_16' title="bbox 558 1517 2134 1588; baseline -0.003 -10"><span class='ocrx_word' id='word_1_107' title='bbox 558 1530 703 1588; x_wconf 88' lang='lat' dir='ltr'><strong><em>sunt,</em></strong></span> <span class='ocrx_word' id='word_1_108' title='bbox 737 1536 839 1575; x_wconf 88' lang='lat' dir='ltr'><strong><em>non</em></strong></span> <span class='ocrx_word' id='word_1_109' title='bbox 870 1520 1027 1574; x_wconf 69' lang='lat' dir='ltr'><strong><em>etiam</em></strong></span> <span class='ocrx_word' id='word_1_110' title='bbox 1074 1518 1212 1573; x_wconf 41' lang='lat' dir='ltr'><strong><em>aliud</em></strong></span> <span class='ocrx_word' id='word_1_111' title='bbox 1264 1518 1459 1588; x_wconf 87' lang='lat' dir='ltr'><strong><em>aliquid</em></strong></span> <span class='ocrx_word' id='word_1_112' title='bbox 1494 1517 1633 1587; x_wconf 89' lang='lat' dir='ltr'><strong><em>quod</em></strong></span> <span class='ocrx_word' id='word_1_113' title='bbox 1660 1534 1764 1572; x_wconf 87' lang='lat' dir='ltr'><strong><em>non</em></strong></span> <span class='ocrx_word' id='word_1_114' title='bbox 1796 1528 1939 1573; x_wconf 89' lang='lat' dir='ltr'><strong><em>sunt.</em></strong></span> <span class='ocrx_word' id='word_1_115' title='bbox 1975 1518 2134 1573; x_wconf 89' lang='lat' dir='ltr'><strong><em>Plura</em></strong></span> 
     </span>
    </p>
   </div>
   <div class='ocr_carea' id='block_1_17' title="bbox 558 1606 2131 1680">
    <p class='ocr_par' dir='ltr' id='par_1_17' title="bbox 558 1606 2131 1680">
     <span class='ocr_line' id='line_1_17' title="bbox 558 1606 2131 1680; baseline -0.003 -13"><span class='ocrx_word' id='word_1_116' title='bbox 558 1615 698 1668; x_wconf 91' lang='lat' dir='ltr'><strong><em>enim</em></strong></span> <span class='ocrx_word' id='word_1_117' title='bbox 729 1620 851 1666; x_wconf 91' lang='lat' dir='ltr'><strong><em>sunt</em></strong></span> <span class='ocrx_word' id='word_1_118' title='bbox 872 1626 988 1680; x_wconf 72' lang='lat' dir='ltr'><strong><em>quae</em></strong></span> <span class='ocrx_word' id='word_1_119' title='bbox 1015 1610 1079 1664; x_wconf 85' lang='lat' dir='ltr'><strong><em>ab</em></strong></span> <span class='ocrx_word' id='word_1_120' title='bbox 1104 1624 1167 1665; x_wconf 90' lang='lat' dir='ltr'><strong><em>eo</em></strong></span> <span class='ocrx_word' id='word_1_121' title='bbox 1201 1606 1339 1680; x_wconf 87' lang='lat' dir='ltr'><strong><em>quod</em></strong></span> <span class='ocrx_word' id='word_1_122' title='bbox 1384 1620 1507 1664; x_wconf 90' lang='lat' dir='ltr'><strong><em>sunt</em></strong></span> <span class='ocrx_word' id='word_1_123' title='bbox 1547 1625 1650 1664; x_wconf 91' lang='lat' dir='ltr'><strong><em>non</em></strong></span> <span class='ocrx_word' id='word_1_124' title='bbox 1694 1620 1982 1665; x_wconf 91' lang='lat' dir='ltr'><strong><em>mutantur.</em></strong></span> <span class='ocrx_word' id='word_1_125' title='bbox 2014 1609 2131 1664; x_wconf 87' lang='lat' dir='ltr'><strong><em>Alia</em></strong></span> 
     </span>
    </p>
   </div>
   <div class='ocr_carea' id='block_1_18' title="bbox 560 1702 2129 1772">
    <p class='ocr_par' dir='ltr' id='par_1_18' title="bbox 560 1702 2129 1772">
     <span class='ocr_line' id='line_1_18' title="bbox 560 1702 2129 1772; baseline -0.001 -14"><span class='ocrx_word' id='word_1_126' title='bbox 560 1718 687 1758; x_wconf 84' lang='lat' dir='ltr'><strong><em>vero</em></strong></span> <span class='ocrx_word' id='word_1_127' title='bbox 718 1711 842 1757; x_wconf 90' lang='lat' dir='ltr'><strong><em>sunt</em></strong></span> <span class='ocrx_word' id='word_1_128' title='bbox 862 1717 980 1772; x_wconf 63' lang='lat' dir='ltr'><strong><em>quas</em></strong></span> <span class='ocrx_word' id='word_1_129' title='bbox 1010 1703 1197 1755; x_wconf 89' lang='lat' dir='ltr'><strong><em>mutari</em></strong></span> <span class='ocrx_word' id='word_1_130' title='bbox 1233 1711 1473 1769; x_wconf 89' lang='lat' dir='ltr'><strong><em>possunt,</em></strong></span> <span class='ocrx_word' id='word_1_131' title='bbox 1508 1710 1562 1755; x_wconf 92' lang='lat' dir='ltr'><strong><em>ut</em></strong></span> <span class='ocrx_word' id='word_1_132' title='bbox 1595 1702 1787 1757; x_wconf 65' lang='lat' dir='ltr'><strong><em>caelum</em></strong></span> <span class='ocrx_word' id='word_1_133' title='bbox 1829 1717 1987 1756; x_wconf 89' lang='lat' dir='ltr'><strong><em>unam</em></strong></span> <span class='ocrx_word' id='word_1_134' title='bbox 2017 1718 2129 1759; x_wconf 89' lang='lat' dir='ltr'><strong><em>rem</em></strong></span> 
     </span>
    </p>
   </div>
   <div class='ocr_carea' id='block_1_19' title="bbox 2243 504 3725 574">
    <p class='ocr_par' dir='ltr' id='par_1_19' title="bbox 2243 504 3725 574">
     <span class='ocr_line' id='line_1_19' title="bbox 2243 504 3725 574; baseline 0.011 -20"><span class='ocrx_word' id='word_1_135' title='bbox 2243 504 2507 571; x_wconf 85' lang='lat' dir='ltr'><strong><em>oppositu,</em></strong></span> <span class='ocrx_word' id='word_1_136' title='bbox 2540 520 2869 574; x_wconf 65' lang='lat' dir='ltr'><strong><em>quaecunque</em></strong></span> <span class='ocrx_word' id='word_1_137' title='bbox 2899 512 3019 559; x_wconf 87' lang='lat' dir='ltr'><strong><em>actu</em></strong></span> <span class='ocrx_word' id='word_1_138' title='bbox 3046 520 3253 574; x_wconf 85' lang='lat' dir='ltr'><strong><em>semper</em></strong></span> <span class='ocrx_word' id='word_1_139' title='bbox 3280 516 3413 574; x_wconf 89' lang='lat' dir='ltr'><strong><em>sunt,</em></strong></span> <span class='ocrx_word' id='word_1_140' title='bbox 3435 521 3485 563; x_wconf 91' lang='lat' dir='ltr'><strong><em>ut</em></strong></span> <span class='ocrx_word' id='word_1_141' title='bbox 3520 514 3584 566; x_wconf 87' lang='lat' dir='ltr'><strong><em>sol</em></strong></span> <span class='ocrx_word' id='word_1_142' title='bbox 3619 530 3725 569; x_wconf 88' lang='lat' dir='ltr'><strong><em>sem-</em></strong></span> 
     </span>
    </p>
   </div>
   <div class='ocr_carea' id='block_1_20' title="bbox 2241 598 3725 674">
    <p class='ocr_par' dir='ltr' id='par_1_20' title="bbox 2241 598 3725 674">
     <span class='ocr_line' id='line_1_20' title="bbox 2241 598 3725 674; baseline 0.009 -25"><span class='ocrx_word' id='word_1_143' title='bbox 2241 610 2335 665; x_wconf 89' lang='lat' dir='ltr'><strong><em>per</em></strong></span> <span class='ocrx_word' id='word_1_144' title='bbox 2363 608 2481 649; x_wconf 88' lang='lat' dir='ltr'><strong><em>aetu</em></strong></span> <span class='ocrx_word' id='word_1_145' title='bbox 2512 610 2589 652; x_wconf 87' lang='lat' dir='ltr'><strong><em>est</em></strong></span> <span class='ocrx_word' id='word_1_146' title='bbox 2624 598 2852 661; x_wconf 74' lang='lat' dir='ltr'><strong><em>lucidus,</em></strong></span> <span class='ocrx_word' id='word_1_147' title='bbox 2883 599 3080 653; x_wconf 90' lang='lat' dir='ltr'><strong><em>idcirco</em></strong></span> <span class='ocrx_word' id='word_1_148' title='bbox 3104 615 3207 653; x_wconf 88' lang='lat' dir='ltr'><strong><em>non</em></strong></span> <span class='ocrx_word' id='word_1_149' title='bbox 3250 610 3411 668; x_wconf 90' lang='lat' dir='ltr'><strong><em>potest</em></strong></span> <span class='ocrx_word' id='word_1_150' title='bbox 3437 620 3529 657; x_wconf 89' lang='lat' dir='ltr'><strong><em>non</em></strong></span> <span class='ocrx_word' id='word_1_151' title='bbox 3555 606 3725 674; x_wconf 85' lang='lat' dir='ltr'><strong><em>locere;</em></strong></span> 
     </span>
    </p>
   </div>
   <div class='ocr_carea' id='block_1_21' title="bbox 2239 688 3728 768">
    <p class='ocr_par' dir='ltr' id='par_1_21' title="bbox 2239 688 3728 768">
     <span class='ocr_line' id='line_1_21' title="bbox 2239 688 3728 768; baseline 0.008 -26"><span class='ocrx_word' id='word_1_152' title='bbox 2239 698 2291 742; x_wconf 91' lang='lat' dir='ltr'><strong><em>et</em></strong></span> <span class='ocrx_word' id='word_1_153' title='bbox 2317 688 2403 741; x_wconf 79' lang='lat' dir='ltr'><strong><em>nix</em></strong></span> <span class='ocrx_word' id='word_1_154' title='bbox 2424 694 2641 758; x_wconf 79' lang='lat' dir='ltr'><strong><em>Semper</em></strong></span> <span class='ocrx_word' id='word_1_155' title='bbox 2661 701 2780 744; x_wconf 91' lang='lat' dir='ltr'><strong><em>actu</em></strong></span> <span class='ocrx_word' id='word_1_156' title='bbox 2813 690 3003 759; x_wconf 82' lang='lat' dir='ltr'><strong><em>frigida</em></strong></span> <span class='ocrx_word' id='word_1_157' title='bbox 3024 703 3127 754; x_wconf 90' lang='lat' dir='ltr'><strong><em>est,</em></strong></span> <span class='ocrx_word' id='word_1_158' title='bbox 3168 701 3221 746; x_wconf 90' lang='lat' dir='ltr'><strong><em>et</em></strong></span> <span class='ocrx_word' id='word_1_159' title='bbox 3262 692 3373 746; x_wconf 88' lang='lat' dir='ltr'><strong><em>ideo</em></strong></span> <span class='ocrx_word' id='word_1_160' title='bbox 3400 711 3631 762; x_wconf 84' lang='lat' dir='ltr'><strong><em>nunquam</em></strong></span> <span class='ocrx_word' id='word_1_161' title='bbox 3658 702 3728 768; x_wconf 63' lang='lat' dir='ltr'><strong><em>pol</em></strong></span> 
     </span>
    </p>
   </div>
   <div class='ocr_carea' id='block_1_22' title="bbox 2241 782 3731 858">
    <p class='ocr_par' dir='ltr' id='par_1_22' title="bbox 2241 782 3731 858">
     <span class='ocr_line' id='line_1_22' title="bbox 2241 782 3731 858; baseline 0.007 -23"><span class='ocrx_word' id='word_1_162' title='bbox 2241 790 2345 837; x_wconf 89' lang='lat' dir='ltr'><strong><em>test</em></strong></span> <span class='ocrx_word' id='word_1_163' title='bbox 2373 796 2493 837; x_wconf 88' lang='lat' dir='ltr'><strong><em>esse</em></strong></span> <span class='ocrx_word' id='word_1_164' title='bbox 2520 800 2622 837; x_wconf 90' lang='lat' dir='ltr'><strong><em>non</em></strong></span> <span class='ocrx_word' id='word_1_165' title='bbox 2658 782 2874 853; x_wconf 80' lang='lat' dir='ltr'><strong><em>frigida;</em></strong></span> <span class='ocrx_word' id='word_1_166' title='bbox 2896 801 3021 856; x_wconf 81' lang='lat' dir='ltr'><strong><em>ergo</em></strong></span> <span class='ocrx_word' id='word_1_167' title='bbox 3046 800 3367 856; x_wconf 62' lang='lat' dir='ltr'><strong><em>quascunque</em></strong></span> <span class='ocrx_word' id='word_1_168' title='bbox 3385 803 3575 857; x_wconf 82' lang='lat' dir='ltr'><strong><em>semper</em></strong></span> <span class='ocrx_word' id='word_1_169' title='bbox 3589 805 3731 858; x_wconf 87' lang='lat' dir='ltr'><strong><em>agunt,</em></strong></span> 
     </span>
    </p>
   </div>
   <div class='ocr_carea' id='block_1_23' title="bbox 2240 872 3735 946">
    <p class='ocr_par' dir='ltr' id='par_1_23' title="bbox 2240 872 3735 946">
     <span class='ocr_line' id='line_1_23' title="bbox 2240 872 3735 946; baseline 0.007 -19"><span class='ocrx_word' id='word_1_170' title='bbox 2240 872 2291 927; x_wconf 88' lang='lat' dir='ltr'><strong><em>id</em></strong></span> <span class='ocrx_word' id='word_1_171' title='bbox 2319 885 2400 930; x_wconf 84' lang='lat' dir='ltr'><strong><em>est</em></strong></span> <span class='ocrx_word' id='word_1_172' title='bbox 2435 875 2488 929; x_wconf 89' lang='lat' dir='ltr'><strong><em>in</em></strong></span> <span class='ocrx_word' id='word_1_173' title='bbox 2519 890 2584 930; x_wconf 85' lang='lat' dir='ltr'><strong><em>eo</em></strong></span> <span class='ocrx_word' id='word_1_174' title='bbox 2610 875 2750 945; x_wconf 87' lang='lat' dir='ltr'><strong><em>quod</em></strong></span> <span class='ocrx_word' id='word_1_175' title='bbox 2780 886 2924 939; x_wconf 84' lang='lat' dir='ltr'><strong><em>sunt,</em></strong></span> <span class='ocrx_word' id='word_1_176' title='bbox 2955 891 3168 946; x_wconf 79' lang='lat' dir='ltr'><strong><em>Semper</em></strong></span> <span class='ocrx_word' id='word_1_177' title='bbox 3190 876 3240 931; x_wconf 85' lang='lat' dir='ltr'><strong><em>in</em></strong></span> <span class='ocrx_word' id='word_1_178' title='bbox 3270 887 3383 933; x_wconf 87' lang='lat' dir='ltr'><strong><em>actu</em></strong></span> <span class='ocrx_word' id='word_1_179' title='bbox 3406 888 3537 934; x_wconf 87' lang='lat' dir='ltr'><strong><em>sunt.</em></strong></span> <span class='ocrx_word' id='word_1_180' title='bbox 3563 880 3735 938; x_wconf 68' lang='lat' dir='ltr'><strong><em>Manife-</em></strong></span> 
     </span>
    </p>
   </div>
   <div class='ocr_carea' id='block_1_24' title="bbox 2238 968 3738 1040">
    <p class='ocr_par' dir='ltr' id='par_1_24' title="bbox 2238 968 3738 1040">
     <span class='ocr_line' id='line_1_24' title="bbox 2238 968 3738 1040; baseline 0.005 -21"><span class='ocrx_word' id='word_1_181' title='bbox 2238 975 2376 1020; x_wconf 87' lang='lat' dir='ltr'><strong><em>stum</em></strong></span> <span class='ocrx_word' id='word_1_182' title='bbox 2421 976 2522 1034; x_wconf 87' lang='lat' dir='ltr'><strong><em>est,</em></strong></span> <span class='ocrx_word' id='word_1_183' title='bbox 2550 968 2799 1036; x_wconf 77' lang='lat' dir='ltr'><strong><em>quoniam</em></strong></span> <span class='ocrx_word' id='word_1_184' title='bbox 2843 973 2976 1022; x_wconf 86' lang='lat' dir='ltr'><strong><em>sicut</em></strong></span> <span class='ocrx_word' id='word_1_185' title='bbox 3016 969 3152 1037; x_wconf 83' lang='lat' dir='ltr'><strong><em>ignis</em></strong></span> <span class='ocrx_word' id='word_1_186' title='bbox 3187 984 3287 1023; x_wconf 91' lang='lat' dir='ltr'><strong><em>non</em></strong></span> <span class='ocrx_word' id='word_1_187' title='bbox 3320 970 3451 1037; x_wconf 85' lang='lat' dir='ltr'><strong><em>capit</em></strong></span> <span class='ocrx_word' id='word_1_188' title='bbox 3494 971 3651 1040; x_wconf 80' lang='lat' dir='ltr'><strong><em>lrigus,</em></strong></span> <span class='ocrx_word' id='word_1_189' title='bbox 3684 972 3738 1027; x_wconf 82' lang='lat' dir='ltr'><strong><em>ita</em></strong></span> 
     </span>
    </p>
   </div>
   <div class='ocr_carea' id='block_1_25' title="bbox 2240 1057 3738 1131">
    <p class='ocr_par' dir='ltr' id='par_1_25' title="bbox 2240 1057 3738 1131">
     <span class='ocr_line' id='line_1_25' title="bbox 2240 1057 3738 1131; baseline 0.004 -19"><span class='ocrx_word' id='word_1_190' title='bbox 2240 1073 2337 1113; x_wconf 87' lang='lat' dir='ltr'><strong><em>nec</em></strong></span> <span class='ocrx_word' id='word_1_191' title='bbox 2360 1057 2445 1112; x_wconf 89' lang='lat' dir='ltr'><strong><em>illa</em></strong></span> <span class='ocrx_word' id='word_1_192' title='bbox 2471 1074 2679 1128; x_wconf 89' lang='lat' dir='ltr'><strong><em>quoque</em></strong></span> <span class='ocrx_word' id='word_1_193' title='bbox 2710 1060 2953 1129; x_wconf 65' lang='lat' dir='ltr'><strong><em>opposita</em></strong></span> <span class='ocrx_word' id='word_1_194' title='bbox 2996 1070 3232 1129; x_wconf 87' lang='lat' dir='ltr'><strong><em>possunt.</em></strong></span> <span class='ocrx_word' id='word_1_195' title='bbox 3269 1060 3457 1115; x_wconf 78' lang='lat' dir='ltr'><strong><em>Idcirco</em></strong></span> <span class='ocrx_word' id='word_1_196' title='bbox 3480 1062 3603 1115; x_wconf 89' lang='lat' dir='ltr'><strong><em>enim</em></strong></span> <span class='ocrx_word' id='word_1_197' title='bbox 3636 1062 3738 1131; x_wconf 82' lang='lat' dir='ltr'><strong><em>ignis</em></strong></span> 
     </span>
    </p>
   </div>
   <div class='ocr_carea' id='block_1_26' title="bbox 2238 1152 3741 1223">
    <p class='ocr_par' dir='ltr' id='par_1_26' title="bbox 2238 1152 3741 1223">
     <span class='ocr_line' id='line_1_26' title="bbox 2238 1152 3741 1223; baseline 0.003 -18"><span class='ocrx_word' id='word_1_198' title='bbox 2238 1166 2449 1221; x_wconf 87' lang='lat' dir='ltr'><strong><em>quoque</em></strong></span> <span class='ocrx_word' id='word_1_199' title='bbox 2490 1152 2731 1221; x_wconf 82' lang='lat' dir='ltr'><strong><em>opposita</em></strong></span> <span class='ocrx_word' id='word_1_200' title='bbox 2774 1168 2877 1207; x_wconf 88' lang='lat' dir='ltr'><strong><em>non</em></strong></span> <span class='ocrx_word' id='word_1_201' title='bbox 2925 1161 3120 1223; x_wconf 84' lang='lat' dir='ltr'><strong><em>potest,</em></strong></span> <span class='ocrx_word' id='word_1_202' title='bbox 3167 1153 3287 1223; x_wconf 84' lang='lat' dir='ltr'><strong><em>quia</em></strong></span> <span class='ocrx_word' id='word_1_203' title='bbox 3334 1168 3525 1220; x_wconf 85' lang='lat' dir='ltr'><strong><em>semper</em></strong></span> <span class='ocrx_word' id='word_1_204' title='bbox 3570 1154 3616 1208; x_wconf 88' lang='lat' dir='ltr'><strong><em>in</em></strong></span> <span class='ocrx_word' id='word_1_205' title='bbox 3651 1165 3741 1210; x_wconf 85' lang='lat' dir='ltr'><strong><em>actu</em></strong></span> 
     </span>
    </p>
   </div>
   <div class='ocr_carea' id='block_1_27' title="bbox 2237 1242 3742 1316">
    <p class='ocr_par' dir='ltr' id='par_1_27' title="bbox 2237 1242 3742 1316">
     <span class='ocr_line' id='line_1_27' title="bbox 2237 1242 3742 1316; baseline 0.003 -20"><span class='ocrx_word' id='word_1_206' title='bbox 2237 1242 2391 1296; x_wconf 83' lang='lat' dir='ltr'><strong><em>habet</em></strong></span> <span class='ocrx_word' id='word_1_207' title='bbox 2441 1244 2705 1311; x_wconf 85' lang='lat' dir='ltr'><strong><em>propriam</em></strong></span> <span class='ocrx_word' id='word_1_208' title='bbox 2752 1252 3091 1314; x_wconf 87' lang='lat' dir='ltr'><strong><em>potestatem.</em></strong></span> <span class='ocrx_word' id='word_1_209' title='bbox 3127 1244 3346 1316; x_wconf 87' lang='lat' dir='ltr'><strong><em>Semper</em></strong></span> <span class='ocrx_word' id='word_1_210' title='bbox 3389 1245 3521 1301; x_wconf 91' lang='lat' dir='ltr'><strong><em>enim</em></strong></span> <span class='ocrx_word' id='word_1_211' title='bbox 3553 1255 3622 1299; x_wconf 89' lang='lat' dir='ltr'><strong><em>est</em></strong></span> <span class='ocrx_word' id='word_1_212' title='bbox 3642 1248 3742 1301; x_wconf 85' lang='lat' dir='ltr'><strong><em>cali-</em></strong></span> 
     </span>
    </p>
   </div>
   <div class='ocr_carea' id='block_1_28' title="bbox 2237 1336 3741 1410">
    <p class='ocr_par' dir='ltr' id='par_1_28' title="bbox 2237 1336 3741 1410">
     <span class='ocr_line' id='line_1_28' title="bbox 2237 1336 3741 1410; baseline 0.002 -21"><span class='ocrx_word' id='word_1_213' title='bbox 2237 1336 2358 1401; x_wconf 87' lang='lat' dir='ltr'><strong><em>dus,</em></strong></span> <span class='ocrx_word' id='word_1_214' title='bbox 2402 1337 2492 1390; x_wconf 66' lang='lat' dir='ltr'><strong><em>sed</em></strong></span> <span class='ocrx_word' id='word_1_215' title='bbox 2526 1352 2630 1392; x_wconf 90' lang='lat' dir='ltr'><strong><em>non</em></strong></span> <span class='ocrx_word' id='word_1_216' title='bbox 2678 1338 2853 1392; x_wconf 90' lang='lat' dir='ltr'><strong><em>omnia</em></strong></span> <span class='ocrx_word' id='word_1_217' title='bbox 2896 1338 3279 1395; x_wconf 84' lang='lat' dir='ltr'><strong><em>irrationabilia</em></strong></span> <span class='ocrx_word' id='word_1_218' title='bbox 3312 1338 3399 1410; x_wconf 89' lang='lat' dir='ltr'><strong><em>(ut</em></strong></span> <span class='ocrx_word' id='word_1_219' title='bbox 3441 1338 3618 1392; x_wconf 87' lang='lat' dir='ltr'><strong><em>dictum</em></strong></span> <span class='ocrx_word' id='word_1_220' title='bbox 3655 1340 3741 1408; x_wconf 87' lang='lat' dir='ltr'><strong><em>est)</em></strong></span> 
     </span>
    </p>
   </div>
   <div class='ocr_carea' id='block_1_29' title="bbox 2236 1427 3744 1499">
    <p class='ocr_par' dir='ltr' id='par_1_29' title="bbox 2236 1427 3744 1499">
     <span class='ocr_line' id='line_1_29' title="bbox 2236 1427 3744 1499; baseline 0.002 -18"><span class='ocrx_word' id='word_1_221' title='bbox 2236 1441 2396 1481; x_wconf 89' lang='lat' dir='ltr'><strong><em>unam</em></strong></span> <span class='ocrx_word' id='word_1_222' title='bbox 2443 1437 2644 1481; x_wconf 87' lang='lat' dir='ltr'><strong><em>tantum</em></strong></span> <span class='ocrx_word' id='word_1_223' title='bbox 2678 1427 2873 1483; x_wconf 84' lang='lat' dir='ltr'><strong><em>habent</em></strong></span> <span class='ocrx_word' id='word_1_224' title='bbox 2918 1437 3257 1496; x_wconf 75' lang='lat' dir='ltr'><strong><em>potestatem,</em></strong></span> <span class='ocrx_word' id='word_1_225' title='bbox 3300 1439 3355 1484; x_wconf 93' lang='lat' dir='ltr'><strong><em>ut</em></strong></span> <span class='ocrx_word' id='word_1_226' title='bbox 3402 1430 3619 1499; x_wconf 85' lang='lat' dir='ltr'><strong><em>opposita</em></strong></span> <span class='ocrx_word' id='word_1_227' title='bbox 3666 1445 3744 1485; x_wconf 89' lang='lat' dir='ltr'><strong><em>non</em></strong></span> 
     </span>
    </p>
   </div>
   <div class='ocr_carea' id='block_1_30' title="bbox 2239 1518 3746 1590">
    <p class='ocr_par' dir='ltr' id='par_1_30' title="bbox 2239 1518 3746 1590">
     <span class='ocr_line' id='line_1_30' title="bbox 2239 1518 3746 1590; baseline 0.004 -20"><span class='ocrx_word' id='word_1_228' title='bbox 2239 1518 2459 1582; x_wconf 86' lang='lat' dir='ltr'><strong><em>possint,</em></strong></span> <span class='ocrx_word' id='word_1_229' title='bbox 2504 1518 2595 1572; x_wconf 62' lang='lat' dir='ltr'><strong><em>sed</em></strong></span> <span class='ocrx_word' id='word_1_230' title='bbox 2635 1530 2751 1572; x_wconf 86' lang='lat' dir='ltr'><strong><em>sunt</em></strong></span> <span class='ocrx_word' id='word_1_231' title='bbox 2783 1518 3024 1590; x_wconf 61' lang='lat' dir='ltr'><strong><em>quaedam</em></strong></span> <span class='ocrx_word' id='word_1_232' title='bbox 3065 1519 3449 1575; x_wconf 84' lang='lat' dir='ltr'><strong><em>irrationabiles</em></strong></span> <span class='ocrx_word' id='word_1_233' title='bbox 3486 1529 3746 1589; x_wconf 80' lang='lat' dir='ltr'><strong><em>petestates,</em></strong></span> 
     </span>
    </p>
   </div>
   <div class='ocr_carea' id='block_1_31' title="bbox 2236 1613 3745 1685">
    <p class='ocr_par' dir='ltr' id='par_1_31' title="bbox 2236 1613 3745 1685">
     <span class='ocr_line' id='line_1_31' title="bbox 2236 1613 3745 1685; baseline 0 -19"><span class='ocrx_word' id='word_1_234' title='bbox 2236 1628 2356 1681; x_wconf 71' lang='lat' dir='ltr'><strong><em>quae</em></strong></span> <span class='ocrx_word' id='word_1_235' title='bbox 2387 1622 2665 1681; x_wconf 84' lang='lat' dir='ltr'><strong><em>utrumque</em></strong></span> <span class='ocrx_word' id='word_1_236' title='bbox 2696 1623 2939 1682; x_wconf 90' lang='lat' dir='ltr'><strong><em>possunt,</em></strong></span> <span class='ocrx_word' id='word_1_237' title='bbox 2964 1623 3021 1669; x_wconf 92' lang='lat' dir='ltr'><strong><em>ut</em></strong></span> <span class='ocrx_word' id='word_1_238' title='bbox 3058 1614 3110 1670; x_wconf 90' lang='lat' dir='ltr'><strong><em>in</em></strong></span> <span class='ocrx_word' id='word_1_239' title='bbox 3138 1629 3203 1669; x_wconf 90' lang='lat' dir='ltr'><strong><em>eo</em></strong></span> <span class='ocrx_word' id='word_1_240' title='bbox 3232 1613 3370 1685; x_wconf 88' lang='lat' dir='ltr'><strong><em>quod</em></strong></span> <span class='ocrx_word' id='word_1_241' title='bbox 3392 1623 3470 1669; x_wconf 88' lang='lat' dir='ltr'><strong><em>est</em></strong></span> <span class='ocrx_word' id='word_1_242' title='bbox 3491 1614 3639 1669; x_wconf 67' lang='lat' dir='ltr'><strong><em>sectri</em></strong></span> <span class='ocrx_word' id='word_1_243' title='bbox 3660 1613 3745 1683; x_wconf 84' lang='lat' dir='ltr'><strong><em>pel-</em></strong></span> 
     </span>
    </p>
   </div>
   <div class='ocr_carea' id='block_1_32' title="bbox 2237 1703 3748 1775">
    <p class='ocr_par' dir='ltr' id='par_1_32' title="bbox 2237 1703 3748 1775">
     <span class='ocr_line' id='line_1_32' title="bbox 2237 1703 3748 1775; baseline 0.001 -19"><span class='ocrx_word' id='word_1_244' title='bbox 2237 1703 2340 1758; x_wconf 88' lang='lat' dir='ltr'><strong><em>lem</em></strong></span> <span class='ocrx_word' id='word_1_245' title='bbox 2387 1704 2466 1759; x_wconf 92' lang='lat' dir='ltr'><strong><em>vel</em></strong></span> <span class='ocrx_word' id='word_1_246' title='bbox 2508 1721 2612 1758; x_wconf 91' lang='lat' dir='ltr'><strong><em>non</em></strong></span> <span class='ocrx_word' id='word_1_247' title='bbox 2658 1706 2827 1760; x_wconf 83' lang='lat' dir='ltr'><strong><em>secari</em></strong></span> <span class='ocrx_word' id='word_1_248' title='bbox 2866 1706 3080 1775; x_wconf 85' lang='lat' dir='ltr'><strong><em>pellem.</em></strong></span> <span class='ocrx_word' id='word_1_249' title='bbox 3129 1704 3313 1761; x_wconf 83' lang='lat' dir='ltr'><strong><em>Potest</em></strong></span> <span class='ocrx_word' id='word_1_250' title='bbox 3359 1719 3570 1775; x_wconf 88' lang='lat' dir='ltr'><strong><em>namque</em></strong></span> <span class='ocrx_word' id='word_1_251' title='bbox 3617 1704 3748 1758; x_wconf 82' lang='lat' dir='ltr'><strong><em>secari</em></strong></span> 
     </span>
    </p>
   </div>
   <div class='ocr_carea' id='block_1_33' title="bbox 560 1775 3747 1864">
    <p class='ocr_par' dir='ltr' id='par_1_33' title="bbox 560 1775 3747 1864">
     <span class='ocr_line' id='line_1_33' title="bbox 560 1775 3747 1864; baseline 0 -13"><span class='ocrx_word' id='word_1_252' title='bbox 560 1796 725 1851; x_wconf 81' lang='lat' dir='ltr'><strong><em>solum</em></strong></span> <span class='ocrx_word' id='word_1_253' title='bbox 757 1803 951 1864; x_wconf 61' lang='grc' dir='ltr'><strong><em>ναι-ει,</em></strong></span> <span class='ocrx_word' id='word_1_254' title='bbox 984 1792 1035 1846; x_wconf 89' lang='lat' dir='ltr'><strong><em>id</em></strong></span> <span class='ocrx_word' id='word_1_255' title='bbox 1065 1801 1149 1848; x_wconf 86' lang='lat' dir='ltr'><strong><em>est</em></strong></span> <span class='ocrx_word' id='word_1_256' title='bbox 1185 1792 1407 1855; x_wconf 87' lang='lat' dir='ltr'><strong><em>moveri,</em></strong></span> <span class='ocrx_word' id='word_1_257' title='bbox 1456 1794 1580 1849; x_wconf 82' lang='lat' dir='ltr'><strong><em>bu&#39;c</em></strong></span> <span class='ocrx_word' id='word_1_258' title='bbox 1629 1810 1759 1851; x_wconf 83' lang='lat' dir='ltr'><strong><em>vero</em></strong></span> <span class='ocrx_word' id='word_1_259' title='bbox 1801 1797 2127 1864; x_wconf 80' lang='lat' dir='ltr'><strong><em>oppositum,</em></strong></span> <span class='ocrx_word' id='word_1_260' title='bbox 2160 1775 2208 1836; x_wconf 70' lang='grc' dir='ltr'><strong>Β</strong></span> <span class='ocrx_word' id='word_1_261' title='bbox 2239 1795 2414 1863; x_wconf 89' lang='lat' dir='ltr'><strong><em>pellis.</em></strong></span> <span class='ocrx_word' id='word_1_262' title='bbox 2446 1804 2620 1863; x_wconf 85' lang='lat' dir='ltr'><strong><em>potest</em></strong></span> <span class='ocrx_word' id='word_1_263' title='bbox 2652 1797 2813 1851; x_wconf 89' lang='lat' dir='ltr'><strong><em>etiam</em></strong></span> <span class='ocrx_word' id='word_1_264' title='bbox 2850 1812 2957 1851; x_wconf 89' lang='lat' dir='ltr'><strong><em>non</em></strong></span> <span class='ocrx_word' id='word_1_265' title='bbox 2989 1796 3183 1861; x_wconf 84' lang='lat' dir='ltr'><strong><em>secari,</em></strong></span> <span class='ocrx_word' id='word_1_266' title='bbox 3210 1797 3305 1854; x_wconf 84' lang='lat' dir='ltr'><strong><em>sed</em></strong></span> <span class='ocrx_word' id='word_1_267' title='bbox 3353 1795 3464 1852; x_wconf 61' lang='lat' dir='ltr'><strong><em>base</em></strong></span> <span class='ocrx_word' id='word_1_268' title='bbox 3488 1808 3599 1851; x_wconf 89' lang='lat' dir='ltr'><strong><em>sunt</em></strong></span> <span class='ocrx_word' id='word_1_269' title='bbox 3624 1810 3747 1861; x_wconf 87' lang='lat' dir='ltr'><strong><em>oppo-</em></strong></span> 
     </span>
    </p>
   </div>
   <div class='ocr_carea' id='block_1_34' title="bbox 560 1886 2126 1958">
    <p class='ocr_par' dir='ltr' id='par_1_34' title="bbox 560 1886 2126 1958">
     <span class='ocr_line' id='line_1_34' title="bbox 560 1886 2126 1958; baseline -0.001 -15"><span class='ocrx_word' id='word_1_270' title='bbox 560 1888 610 1943; x_wconf 88' lang='lat' dir='ltr'><strong><em>id</em></strong></span> <span class='ocrx_word' id='word_1_271' title='bbox 641 1897 724 1944; x_wconf 87' lang='lat' dir='ltr'><strong><em>est</em></strong></span> <span class='ocrx_word' id='word_1_272' title='bbox 758 1903 861 1941; x_wconf 90' lang='lat' dir='ltr'><strong><em>non</em></strong></span> <span class='ocrx_word' id='word_1_273' title='bbox 894 1886 1091 1940; x_wconf 86' lang='lat' dir='ltr'><strong><em>moveri</em></strong></span> <span class='ocrx_word' id='word_1_274' title='bbox 1133 1901 1238 1940; x_wconf 92' lang='lat' dir='ltr'><strong><em>non</em></strong></span> <span class='ocrx_word' id='word_1_275' title='bbox 1273 1895 1474 1954; x_wconf 81' lang='lat' dir='ltr'><strong><em>potest;</em></strong></span> <span class='ocrx_word' id='word_1_276' title='bbox 1503 1903 1630 1958; x_wconf 78' lang='lat' dir='ltr'><strong><em>ergo</em></strong></span> <span class='ocrx_word' id='word_1_277' title='bbox 1659 1903 1762 1942; x_wconf 91' lang='lat' dir='ltr'><strong><em>non</em></strong></span> <span class='ocrx_word' id='word_1_278' title='bbox 1805 1903 1964 1944; x_wconf 91' lang='lat' dir='ltr'><strong><em>omne</em></strong></span> <span class='ocrx_word' id='word_1_279' title='bbox 1988 1891 2126 1958; x_wconf 88' lang='lat' dir='ltr'><strong><em>quod</em></strong></span> 
     </span>
    </p>
   </div>
   <div class='ocr_carea' id='block_1_35' title="bbox 561 1978 2131 2050">
    <p class='ocr_par' dir='ltr' id='par_1_35' title="bbox 561 1978 2131 2050">
     <span class='ocr_line' id='line_1_35' title="bbox 561 1978 2131 2050; baseline 0.003 -15"><span class='ocrx_word' id='word_1_280' title='bbox 561 1990 641 2037; x_wconf 84' lang='lat' dir='ltr'><strong><em>est</em></strong></span> <span class='ocrx_word' id='word_1_281' title='bbox 669 1979 915 2050; x_wconf 87' lang='lat' dir='ltr'><strong><em>possibi&#39;e</em></strong></span> <span class='ocrx_word' id='word_1_282' title='bbox 943 1979 1028 2033; x_wconf 85' lang='lat' dir='ltr'><strong><em>vel</em></strong></span> <span class='ocrx_word' id='word_1_283' title='bbox 1059 1993 1181 2035; x_wconf 89' lang='lat' dir='ltr'><strong><em>esse</em></strong></span> <span class='ocrx_word' id='word_1_284' title='bbox 1211 1978 1294 2035; x_wconf 83' lang='lat' dir='ltr'><strong><em>vel</em></strong></span> <span class='ocrx_word' id='word_1_285' title='bbox 1329 1979 1619 2037; x_wconf 89' lang='lat' dir='ltr'><strong><em>ambulare.</em></strong></span> <span class='ocrx_word' id='word_1_286' title='bbox 1652 1980 1701 2034; x_wconf 89' lang='lat' dir='ltr'><strong><em>id</em></strong></span> <span class='ocrx_word' id='word_1_287' title='bbox 1730 1987 1813 2035; x_wconf 87' lang='lat' dir='ltr'><strong><em>est</em></strong></span> <span class='ocrx_word' id='word_1_288' title='bbox 1841 1997 1946 2034; x_wconf 86' lang='lat' dir='ltr'><strong><em>non</em></strong></span> <span class='ocrx_word' id='word_1_289' title='bbox 1971 1996 2131 2039; x_wconf 86' lang='lat' dir='ltr'><strong><em>omne</em></strong></span> 
     </span>
    </p>
   </div>
   <div class='ocr_carea' id='block_1_36' title="bbox 561 2070 2134 2143">
    <p class='ocr_par' dir='ltr' id='par_1_36' title="bbox 561 2070 2134 2143">
     <span class='ocr_line' id='line_1_36' title="bbox 561 2070 2134 2143; baseline 0.001 -16"><span class='ocrx_word' id='word_1_290' title='bbox 561 2074 625 2128; x_wconf 87' lang='lat' dir='ltr'><strong><em>de</em></strong></span> <span class='ocrx_word' id='word_1_291' title='bbox 658 2087 759 2131; x_wconf 63' lang='lat' dir='ltr'><strong><em>ouo</em></strong></span> <span class='ocrx_word' id='word_1_292' title='bbox 786 2071 1034 2143; x_wconf 68' lang='lat' dir='ltr'><strong><em>quaslibet</em></strong></span> <span class='ocrx_word' id='word_1_293' title='bbox 1064 2086 1185 2140; x_wconf 89' lang='lat' dir='ltr'><strong><em>poss</em></strong></span> <span class='ocrx_word' id='word_1_294' title='bbox 1209 2070 1387 2126; x_wconf 84' lang='lat' dir='ltr'><strong><em>hilitas</em></strong></span> <span class='ocrx_word' id='word_1_295' title='bbox 1416 2072 1752 2141; x_wconf 67' lang='lat' dir='ltr'><strong><em>praedicatur,</em></strong></span> <span class='ocrx_word' id='word_1_296' title='bbox 1776 2072 1937 2128; x_wconf 85' lang='lat' dir='ltr'><strong><em>etiam</em></strong></span> <span class='ocrx_word' id='word_1_297' title='bbox 1964 2089 2134 2142; x_wconf 83' lang='lat' dir='ltr'><strong><em>oppo-</em></strong></span> 
     </span>
    </p>
   </div>
   <div class='ocr_carea' id='block_1_37' title="bbox 561 2164 2132 2236">
    <p class='ocr_par' dir='ltr' id='par_1_37' title="bbox 561 2164 2132 2236">
     <span class='ocr_line' id='line_1_37' title="bbox 561 2164 2132 2236; baseline 0 -16"><span class='ocrx_word' id='word_1_298' title='bbox 561 2166 662 2220; x_wconf 89' lang='lat' dir='ltr'><strong><em>sia</em></strong></span> <span class='ocrx_word' id='word_1_299' title='bbox 691 2164 849 2224; x_wconf 82' lang='lat' dir='ltr'><strong><em>valet.</em></strong></span> <span class='ocrx_word' id='word_1_300' title='bbox 880 2174 936 2218; x_wconf 91' lang='lat' dir='ltr'><strong><em>ut</em></strong></span> <span class='ocrx_word' id='word_1_301' title='bbox 967 2174 1250 2233; x_wconf 80' lang='lat' dir='ltr'><strong><em>utrumque</em></strong></span> <span class='ocrx_word' id='word_1_302' title='bbox 1292 2164 1459 2234; x_wconf 85' lang='lat' dir='ltr'><strong><em>possit</em></strong></span> <span class='ocrx_word' id='word_1_303' title='bbox 1505 2165 1615 2219; x_wconf 82' lang='lat' dir='ltr'><strong><em>ﬁeri</em></strong></span> <span class='ocrx_word' id='word_1_304' title='bbox 1664 2174 1718 2219; x_wconf 89' lang='lat' dir='ltr'><strong><em>et</em></strong></span> <span class='ocrx_word' id='word_1_305' title='bbox 1771 2164 1949 2220; x_wconf 78' lang='lat' dir='ltr'><strong><em>facere</em></strong></span> <span class='ocrx_word' id='word_1_306' title='bbox 1988 2165 2132 2236; x_wconf 88' lang='lat' dir='ltr'><strong><em>quod</em></strong></span> 
     </span>
    </p>
   </div>
   <div class='ocr_carea' id='block_1_38' title="bbox 561 2255 2135 2327">
    <p class='ocr_par' dir='ltr' id='par_1_38' title="bbox 561 2255 2135 2327">
     <span class='ocr_line' id='line_1_38' title="bbox 561 2255 2135 2327; baseline 0.001 -16"><span class='ocrx_word' id='word_1_307' title='bbox 561 2255 705 2325; x_wconf 83' lang='lat' dir='ltr'><strong><em>facit,</em></strong></span> <span class='ocrx_word' id='word_1_308' title='bbox 731 2268 784 2310; x_wconf 86' lang='lat' dir='ltr'><strong><em>et</em></strong></span> <span class='ocrx_word' id='word_1_309' title='bbox 817 2257 936 2310; x_wconf 84' lang='lat' dir='ltr'><strong><em>huic</em></strong></span> <span class='ocrx_word' id='word_1_310' title='bbox 969 2256 1291 2325; x_wconf 87' lang='lat' dir='ltr'><strong><em>oppositum,</em></strong></span> <span class='ocrx_word' id='word_1_311' title='bbox 1323 2255 1375 2310; x_wconf 89' lang='lat' dir='ltr'><strong><em>id</em></strong></span> <span class='ocrx_word' id='word_1_312' title='bbox 1410 2265 1493 2311; x_wconf 89' lang='lat' dir='ltr'><strong><em>est</em></strong></span> <span class='ocrx_word' id='word_1_313' title='bbox 1522 2272 1625 2310; x_wconf 90' lang='lat' dir='ltr'><strong><em>non</em></strong></span> <span class='ocrx_word' id='word_1_314' title='bbox 1671 2255 1845 2313; x_wconf 81' lang='lat' dir='ltr'><strong><em>facere</em></strong></span> <span class='ocrx_word' id='word_1_315' title='bbox 1869 2257 2010 2327; x_wconf 89' lang='lat' dir='ltr'><strong><em>quod</em></strong></span> <span class='ocrx_word' id='word_1_316' title='bbox 2058 2257 2135 2312; x_wconf 80' lang='lat' dir='ltr'><strong><em>la-</em></strong></span> 
     </span>
    </p>
   </div>
   <div class='ocr_carea' id='block_1_39' title="bbox 562 2347 2133 2421">
    <p class='ocr_par' dir='ltr' id='par_1_39' title="bbox 562 2347 2133 2421">
     <span class='ocr_line' id='line_1_39' title="bbox 562 2347 2133 2421; baseline 0.004 -18"><span class='ocrx_word' id='word_1_317' title='bbox 562 2348 667 2412; x_wconf 87' lang='lat' dir='ltr'><strong><em>cit;</em></strong></span> <span class='ocrx_word' id='word_1_318' title='bbox 694 2347 786 2403; x_wconf 89' lang='lat' dir='ltr'><strong><em>sed</em></strong></span> <span class='ocrx_word' id='word_1_319' title='bbox 818 2358 937 2402; x_wconf 87' lang='lat' dir='ltr'><strong><em>sunt</em></strong></span> <span class='ocrx_word' id='word_1_320' title='bbox 960 2349 1200 2416; x_wconf 71' lang='lat' dir='ltr'><strong><em>qtnrdatn</em></strong></span> <span class='ocrx_word' id='word_1_321' title='bbox 1222 2350 1271 2402; x_wconf 92' lang='lat' dir='ltr'><strong><em>in</em></strong></span> <span class='ocrx_word' id='word_1_322' title='bbox 1299 2349 1493 2419; x_wconf 88' lang='lat' dir='ltr'><strong><em>quibus</em></strong></span> <span class='ocrx_word' id='word_1_323' title='bbox 1522 2348 1593 2405; x_wconf 89' lang='lat' dir='ltr'><strong><em>ita</em></strong></span> <span class='ocrx_word' id='word_1_324' title='bbox 1623 2360 1914 2418; x_wconf 81' lang='lat' dir='ltr'><strong><em>poteSIates</em></strong></span> <span class='ocrx_word' id='word_1_325' title='bbox 1942 2353 2133 2421; x_wconf 65' lang='lat' dir='ltr'><strong><em>praedi-</em></strong></span> 
     </span>
    </p>
   </div>
   <div class='ocr_carea' id='block_1_40' title="bbox 563 2438 2134 2516">
    <p class='ocr_par' dir='ltr' id='par_1_40' title="bbox 563 2438 2134 2516">
     <span class='ocr_line' id='line_1_40' title="bbox 563 2438 2134 2516; baseline 0.003 -23"><span class='ocrx_word' id='word_1_326' title='bbox 563 2449 766 2504; x_wconf 88' lang='lat' dir='ltr'><strong><em>ceutur,</em></strong></span> <span class='ocrx_word' id='word_1_327' title='bbox 798 2450 854 2494; x_wconf 94' lang='lat' dir='ltr'><strong><em>ut</em></strong></span> <span class='ocrx_word' id='word_1_328' title='bbox 893 2453 996 2494; x_wconf 88' lang='lat' dir='ltr'><strong><em>non</em></strong></span> <span class='ocrx_word' id='word_1_329' title='bbox 1028 2438 1095 2495; x_wconf 86' lang='lat' dir='ltr'><strong><em>sit</em></strong></span> <span class='ocrx_word' id='word_1_330' title='bbox 1124 2455 1304 2496; x_wconf 61' lang='lat' dir='ltr'><strong><em>verum</em></strong></span> <span class='ocrx_word' id='word_1_331' title='bbox 1326 2440 1399 2495; x_wconf 74' lang='lat' dir='ltr'><strong><em>&#39;de</em></strong></span> <span class='ocrx_word' id='word_1_332' title='bbox 1427 2441 1507 2495; x_wconf 88' lang='lat' dir='ltr'><strong><em>his</em></strong></span> <span class='ocrx_word' id='word_1_333' title='bbox 1544 2440 1647 2496; x_wconf 91' lang='lat' dir='ltr'><strong><em>dici</em></strong></span> <span class='ocrx_word' id='word_1_334' title='bbox 1673 2444 1922 2513; x_wconf 89' lang='lat' dir='ltr'><strong><em>quoniam</em></strong></span> <span class='ocrx_word' id='word_1_335' title='bbox 1954 2455 2007 2499; x_wconf 90' lang='lat' dir='ltr'><strong><em>et</em></strong></span> <span class='ocrx_word' id='word_1_336' title='bbox 2036 2460 2134 2516; x_wconf 80' lang='lat' dir='ltr'><strong><em>op-</em></strong></span> 
     </span>
    </p>
   </div>
   <div class='ocr_carea' id='block_1_41' title="bbox 565 2535 2135 2607">
    <p class='ocr_par' dir='ltr' id='par_1_41' title="bbox 565 2535 2135 2607">
     <span class='ocr_line' id='line_1_41' title="bbox 565 2535 2135 2607; baseline 0.007 -20"><span class='ocrx_word' id='word_1_337' title='bbox 565 2535 734 2603; x_wconf 89' lang='lat' dir='ltr'><strong><em>posita</em></strong></span> <span class='ocrx_word' id='word_1_338' title='bbox 763 2542 1005 2603; x_wconf 89' lang='lat' dir='ltr'><strong><em>possunt,</em></strong></span> <span class='ocrx_word' id='word_1_339' title='bbox 1037 2542 1095 2589; x_wconf 91' lang='lat' dir='ltr'><strong><em>ut</em></strong></span> <span class='ocrx_word' id='word_1_340' title='bbox 1122 2535 1281 2591; x_wconf 80' lang='lat' dir='ltr'><strong><em>etiam</em></strong></span> <span class='ocrx_word' id='word_1_341' title='bbox 1312 2535 1361 2590; x_wconf 91' lang='lat' dir='ltr'><strong><em>in</em></strong></span> <span class='ocrx_word' id='word_1_342' title='bbox 1394 2536 1476 2592; x_wconf 90' lang='lat' dir='ltr'><strong><em>his</em></strong></span> <span class='ocrx_word' id='word_1_343' title='bbox 1507 2553 1624 2607; x_wconf 71' lang='lat' dir='ltr'><strong><em>quae</em></strong></span> <span class='ocrx_word' id='word_1_344' title='bbox 1656 2548 1848 2604; x_wconf 71' lang='lat' dir='ltr'><strong><em>praeter</em></strong></span> <span class='ocrx_word' id='word_1_345' title='bbox 1871 2542 2135 2598; x_wconf 86' lang='lat' dir='ltr'><strong><em>rationem</em></strong></span> 
     </span>
    </p>
   </div>
   <div class='ocr_carea' id='block_1_42' title="bbox 564 2626 2138 2702">
    <p class='ocr_par' dir='ltr' id='par_1_42' title="bbox 564 2626 2138 2702">
     <span class='ocr_line' id='line_1_42' title="bbox 564 2626 2138 2702; baseline 0.005 -22"><span class='ocrx_word' id='word_1_346' title='bbox 564 2626 789 2695; x_wconf 88' lang='lat' dir='ltr'><strong><em>aliquam</em></strong></span> <span class='ocrx_word' id='word_1_347' title='bbox 813 2634 1053 2695; x_wconf 82' lang='lat' dir='ltr'><strong><em>possunt,</em></strong></span> <span class='ocrx_word' id='word_1_348' title='bbox 1094 2635 1152 2682; x_wconf 91' lang='lat' dir='ltr'><strong><em>ut</em></strong></span> <span class='ocrx_word' id='word_1_349' title='bbox 1193 2627 1348 2697; x_wconf 81' lang='lat' dir='ltr'><strong><em>ignis.</em></strong></span> <span class='ocrx_word' id='word_1_350' title='bbox 1385 2628 1624 2700; x_wconf 83' lang='lat' dir='ltr'><strong><em>Namque</em></strong></span> <span class='ocrx_word' id='word_1_351' title='bbox 1653 2631 1790 2702; x_wconf 87' lang='lat' dir='ltr'><strong><em>ignis</em></strong></span> <span class='ocrx_word' id='word_1_352' title='bbox 1820 2645 2015 2701; x_wconf 71' lang='lat' dir='ltr'><strong><em>praeter</em></strong></span> <span class='ocrx_word' id='word_1_353' title='bbox 2053 2648 2138 2688; x_wconf 87' lang='lat' dir='ltr'><strong><em>ra-</em></strong></span> 
     </span>
    </p>
   </div>
   <div class='ocr_carea' id='block_1_43' title="bbox 565 2703 2140 2791">
    <p class='ocr_par' dir='ltr' id='par_1_43' title="bbox 565 2703 2140 2791">
     <span class='ocr_line' id='line_1_43' title="bbox 565 2703 2140 2791; baseline 0.007 -17"><span class='ocrx_word' id='word_1_354' title='bbox 565 2703 761 2774; x_wconf 61' lang='lat' dir='ltr'><strong><em>tioiicm</em></strong></span> <span class='ocrx_word' id='word_1_355' title='bbox 793 2722 1019 2791; x_wconf 85' lang='lat' dir='ltr'><strong><em>aliquam</em></strong></span> <span class='ocrx_word' id='word_1_356' title='bbox 1066 2721 1265 2776; x_wconf 87' lang='lat' dir='ltr'><strong><em>calidus</em></strong></span> <span class='ocrx_word' id='word_1_357' title='bbox 1305 2731 1407 2789; x_wconf 90' lang='lat' dir='ltr'><strong><em>est,</em></strong></span> <span class='ocrx_word' id='word_1_358' title='bbox 1457 2738 1560 2778; x_wconf 91' lang='lat' dir='ltr'><strong><em>non</em></strong></span> <span class='ocrx_word' id='word_1_359' title='bbox 1600 2735 1682 2780; x_wconf 89' lang='lat' dir='ltr'><strong><em>est</em></strong></span> <span class='ocrx_word' id='word_1_360' title='bbox 1725 2728 1867 2781; x_wconf 90' lang='lat' dir='ltr'><strong><em>enim</em></strong></span> <span class='ocrx_word' id='word_1_361' title='bbox 1910 2728 2140 2786; x_wconf 85' lang='lat' dir='ltr'><strong><em>reddere</em></strong></span> 
     </span>
    </p>
   </div>
   <div class='ocr_carea' id='block_1_44' title="bbox 565 2812 2139 2884">
    <p class='ocr_par' dir='ltr' id='par_1_44' title="bbox 565 2812 2139 2884">
     <span class='ocr_line' id='line_1_44' title="bbox 565 2812 2139 2884; baseline 0.005 -16"><span class='ocrx_word' id='word_1_362' title='bbox 565 2812 826 2868; x_wconf 83' lang='lat' dir='ltr'><strong><em>rationem</em></strong></span> <span class='ocrx_word' id='word_1_363' title='bbox 854 2828 948 2869; x_wconf 88' lang='lat' dir='ltr'><strong><em>cur</em></strong></span> <span class='ocrx_word' id='word_1_364' title='bbox 980 2814 1115 2884; x_wconf 87' lang='lat' dir='ltr'><strong><em>ignis</em></strong></span> <span class='ocrx_word' id='word_1_365' title='bbox 1145 2813 1214 2868; x_wconf 87' lang='lat' dir='ltr'><strong><em>sit</em></strong></span> <span class='ocrx_word' id='word_1_366' title='bbox 1243 2814 1467 2882; x_wconf 88' lang='lat' dir='ltr'><strong><em>calidus,</em></strong></span> <span class='ocrx_word' id='word_1_367' title='bbox 1496 2827 1683 2872; x_wconf 86' lang='lat' dir='ltr'><strong><em>natura</em></strong></span> <span class='ocrx_word' id='word_1_368' title='bbox 1723 2817 1865 2874; x_wconf 90' lang='lat' dir='ltr'><strong><em>enim</em></strong></span> <span class='ocrx_word' id='word_1_369' title='bbox 1897 2830 1979 2876; x_wconf 82' lang='lat' dir='ltr'><strong><em>est</em></strong></span> <span class='ocrx_word' id='word_1_370' title='bbox 2001 2823 2139 2877; x_wconf 87' lang='lat' dir='ltr'><strong><em>cali-</em></strong></span> 
     </span>
    </p>
   </div>
   <div class='ocr_carea' id='block_1_45' title="bbox 567 2903 2142 2981">
    <p class='ocr_par' dir='ltr' id='par_1_45' title="bbox 567 2903 2142 2981">
     <span class='ocr_line' id='line_1_45' title="bbox 567 2903 2142 2981; baseline 0.007 -22"><span class='ocrx_word' id='word_1_371' title='bbox 567 2903 686 2968; x_wconf 81' lang='lat' dir='ltr'><strong><em>dus,</em></strong></span> <span class='ocrx_word' id='word_1_372' title='bbox 715 2912 765 2959; x_wconf 83' lang='lat' dir='ltr'><strong><em>et</em></strong></span> <span class='ocrx_word' id='word_1_373' title='bbox 809 2920 927 2960; x_wconf 90' lang='lat' dir='ltr'><strong><em>cum</em></strong></span> <span class='ocrx_word' id='word_1_374' title='bbox 968 2906 1137 2973; x_wconf 81' lang='lat' dir='ltr'><strong><em>possit</em></strong></span> <span class='ocrx_word' id='word_1_375' title='bbox 1177 2921 1297 2962; x_wconf 88' lang='lat' dir='ltr'><strong><em>esse</em></strong></span> <span class='ocrx_word' id='word_1_376' title='bbox 1329 2907 1555 2969; x_wconf 87' lang='lat' dir='ltr'><strong><em>calidus.</em></strong></span> <span class='ocrx_word' id='word_1_377' title='bbox 1589 2924 1694 2963; x_wconf 89' lang='lat' dir='ltr'><strong><em>non</em></strong></span> <span class='ocrx_word' id='word_1_378' title='bbox 1736 2920 1914 2967; x_wconf 88' lang='lat' dir='ltr'><strong><em>tamen</em></strong></span> <span class='ocrx_word' id='word_1_379' title='bbox 1964 2925 2142 2981; x_wconf 84' lang='lat' dir='ltr'><strong><em>petest</em></strong></span> 
     </span>
    </p>
   </div>
   <div class='ocr_carea' id='block_1_46' title="bbox 568 2997 2138 3074">
    <p class='ocr_par' dir='ltr' id='par_1_46' title="bbox 568 2997 2138 3074">
     <span class='ocr_line' id='line_1_46' title="bbox 568 2997 2138 3074; baseline 0.006 -21"><span class='ocrx_word' id='word_1_380' title='bbox 568 2997 621 3053; x_wconf 85' lang='lat' dir='ltr'><strong><em>id</em></strong></span> <span class='ocrx_word' id='word_1_381' title='bbox 648 2997 785 3067; x_wconf 87' lang='lat' dir='ltr'><strong><em>quod</em></strong></span> <span class='ocrx_word' id='word_1_382' title='bbox 808 3012 888 3054; x_wconf 74' lang='grc' dir='ltr'><strong><em>εει</em></strong></span> <span class='ocrx_word' id='word_1_383' title='bbox 914 2999 1240 3066; x_wconf 80' lang='lat' dir='ltr'><strong><em>Oppositum,</em></strong></span> <span class='ocrx_word' id='word_1_384' title='bbox 1272 3000 1322 3054; x_wconf 91' lang='lat' dir='ltr'><strong><em>id</em></strong></span> <span class='ocrx_word' id='word_1_385' title='bbox 1353 3012 1429 3054; x_wconf 87' lang='lat' dir='ltr'><strong><em>est</em></strong></span> <span class='ocrx_word' id='word_1_386' title='bbox 1458 3016 1562 3055; x_wconf 89' lang='lat' dir='ltr'><strong><em>non</em></strong></span> <span class='ocrx_word' id='word_1_387' title='bbox 1599 3011 1775 3070; x_wconf 82' lang='lat' dir='ltr'><strong><em>potest</em></strong></span> <span class='ocrx_word' id='word_1_388' title='bbox 1801 3020 1906 3059; x_wconf 89' lang='lat' dir='ltr'><strong><em>non</em></strong></span> <span class='ocrx_word' id='word_1_389' title='bbox 1936 3007 2138 3074; x_wconf 90' lang='lat' dir='ltr'><strong><em>calere,</em></strong></span> 
     </span>
    </p>
   </div>
   <div class='ocr_carea' id='block_1_47' title="bbox 570 3089 2141 3169">
    <p class='ocr_par' dir='ltr' id='par_1_47' title="bbox 570 3089 2141 3169">
     <span class='ocr_line' id='line_1_47' title="bbox 570 3089 2141 3169; baseline 0.008 -28"><span class='ocrx_word' id='word_1_390' title='bbox 570 3089 710 3159; x_wconf 87' lang='lat' dir='ltr'><strong><em>quod</em></strong></span> <span class='ocrx_word' id='word_1_391' title='bbox 739 3100 819 3145; x_wconf 86' lang='lat' dir='ltr'><strong><em>est</em></strong></span> <span class='ocrx_word' id='word_1_392' title='bbox 840 3094 1139 3157; x_wconf 82' lang='lat' dir='ltr'><strong><em>oppositum</em></strong></span> <span class='ocrx_word' id='word_1_393' title='bbox 1165 3092 1234 3148; x_wconf 88' lang='lat' dir='ltr'><strong><em>ei.</em></strong></span> <span class='ocrx_word' id='word_1_394' title='bbox 1261 3091 1466 3147; x_wconf 81' lang='lat' dir='ltr'><strong><em>scilicet</em></strong></span> <span class='ocrx_word' id='word_1_395' title='bbox 1492 3092 1632 3161; x_wconf 90' lang='lat' dir='ltr'><strong><em>quod</em></strong></span> <span class='ocrx_word' id='word_1_396' title='bbox 1659 3103 1742 3148; x_wconf 88' lang='lat' dir='ltr'><strong><em>est</em></strong></span> <span class='ocrx_word' id='word_1_397' title='bbox 1774 3097 1985 3162; x_wconf 86' lang='lat' dir='ltr'><strong><em>calere;</em></strong></span> <span class='ocrx_word' id='word_1_398' title='bbox 2011 3113 2141 3169; x_wconf 83' lang='lat' dir='ltr'><strong><em>ergo</em></strong></span> 
     </span>
    </p>
   </div>
   <div class='ocr_carea' id='block_1_48' title="bbox 568 3184 2144 3260">
    <p class='ocr_par' dir='ltr' id='par_1_48' title="bbox 568 3184 2144 3260">
     <span class='ocr_line' id='line_1_48' title="bbox 568 3184 2144 3260; baseline 0.008 -21"><span class='ocrx_word' id='word_1_399' title='bbox 568 3186 856 3243; x_wconf 86' lang='lat' dir='ltr'><strong><em>secundum</em></strong></span> <span class='ocrx_word' id='word_1_400' title='bbox 890 3184 1147 3241; x_wconf 88' lang='lat' dir='ltr'><strong><em>rationem</em></strong></span> <span class='ocrx_word' id='word_1_401' title='bbox 1176 3195 1463 3255; x_wconf 52' lang='lat' dir='ltr'><strong><em>potestates</em></strong></span> <span class='ocrx_word' id='word_1_402' title='bbox 1495 3188 1623 3256; x_wconf 69' lang='lat' dir='ltr'><strong><em>ipsae</em></strong></span> <span class='ocrx_word' id='word_1_403' title='bbox 1651 3190 1848 3246; x_wconf 61' lang='lat' dir='ltr'><strong><em>ea&#39;dem</em></strong></span> <span class='ocrx_word' id='word_1_404' title='bbox 1888 3191 2144 3260; x_wconf 79' lang='lat' dir='ltr'><strong><em>plurimo-</em></strong></span> 
     </span>
    </p>
   </div>
   <div class='ocr_carea' id='block_1_49' title="bbox 571 3278 2147 3356">
    <p class='ocr_par' dir='ltr' id='par_1_49' title="bbox 571 3278 2147 3356">
     <span class='ocr_line' id='line_1_49' title="bbox 571 3278 2147 3356; baseline 0.004 -24"><span class='ocrx_word' id='word_1_405' title='bbox 571 3293 687 3334; x_wconf 86' lang='lat' dir='ltr'><strong><em>rum</em></strong></span> <span class='ocrx_word' id='word_1_406' title='bbox 718 3279 874 3332; x_wconf 73' lang='lat' dir='ltr'><strong><em>etiam</em></strong></span> <span class='ocrx_word' id='word_1_407' title='bbox 898 3278 1285 3334; x_wconf 76' lang='lat' dir='ltr'><strong><em>conttariorum</em></strong></span> <span class='ocrx_word' id='word_1_408' title='bbox 1311 3290 1454 3336; x_wconf 85' lang='lat' dir='ltr'><strong><em>sunt.</em></strong></span> <span class='ocrx_word' id='word_1_409' title='bbox 1474 3279 1791 3343; x_wconf 80' lang='lat' dir='ltr'><strong><em>Poteslates.</em></strong></span> <span class='ocrx_word' id='word_1_410' title='bbox 1817 3285 2009 3355; x_wconf 85' lang='lat' dir='ltr'><strong><em>inquit,</em></strong></span> <span class='ocrx_word' id='word_1_411' title='bbox 2028 3303 2147 3356; x_wconf 64' lang='lat' dir='ltr'><strong><em>qua</em></strong></span> 
     </span>
    </p>
   </div>
   <div class='ocr_carea' id='block_1_50' title="bbox 570 3367 2145 3448">
    <p class='ocr_par' dir='ltr' id='par_1_50' title="bbox 570 3367 2145 3448">
     <span class='ocr_line' id='line_1_50' title="bbox 570 3367 2145 3448; baseline 0.008 -28"><span class='ocrx_word' id='word_1_412' title='bbox 570 3367 1002 3425; x_wconf 79' lang='lat' dir='ltr'><strong><em>suntsecuodnm</em></strong></span> <span class='ocrx_word' id='word_1_413' title='bbox 1034 3370 1315 3430; x_wconf 82' lang='lat' dir='ltr'><strong><em>rationem.</em></strong></span> <span class='ocrx_word' id='word_1_414' title='bbox 1341 3369 1390 3425; x_wconf 91' lang='lat' dir='ltr'><strong><em>id</em></strong></span> <span class='ocrx_word' id='word_1_415' title='bbox 1428 3379 1513 3427; x_wconf 88' lang='lat' dir='ltr'><strong><em>est</em></strong></span> <span class='ocrx_word' id='word_1_416' title='bbox 1541 3371 1592 3425; x_wconf 91' lang='lat' dir='ltr'><strong><em>in</em></strong></span> <span class='ocrx_word' id='word_1_417' title='bbox 1620 3373 1811 3442; x_wconf 83' lang='lat' dir='ltr'><strong><em>quibus</em></strong></span> <span class='ocrx_word' id='word_1_418' title='bbox 1854 3384 1938 3429; x_wconf 89' lang='lat' dir='ltr'><strong><em>est</em></strong></span> <span class='ocrx_word' id='word_1_419' title='bbox 1966 3378 2145 3448; x_wconf 88' lang='lat' dir='ltr'><strong><em>aliqua</em></strong></span> 
     </span>
    </p>
   </div>
   <div class='ocr_carea' id='block_1_51' title="bbox 570 3460 2148 3534">
    <p class='ocr_par' dir='ltr' id='par_1_51' title="bbox 570 3460 2148 3534">
     <span class='ocr_line' id='line_1_51' title="bbox 570 3460 2148 3534; baseline 0.006 -17"><span class='ocrx_word' id='word_1_420' title='bbox 570 3460 727 3529; x_wconf 85' lang='lat' dir='ltr'><strong><em>ratio,</em></strong></span> <span class='ocrx_word' id='word_1_421' title='bbox 755 3475 856 3515; x_wconf 88' lang='lat' dir='ltr'><strong><em>non</em></strong></span> <span class='ocrx_word' id='word_1_422' title='bbox 898 3462 1053 3518; x_wconf 90' lang='lat' dir='ltr'><strong><em>unius</em></strong></span> <span class='ocrx_word' id='word_1_423' title='bbox 1096 3462 1480 3534; x_wconf 82' lang='lat' dir='ltr'><strong><em>possibilitatis,</em></strong></span> <span class='ocrx_word' id='word_1_424' title='bbox 1512 3466 1605 3522; x_wconf 88' lang='lat' dir='ltr'><strong><em>sed</em></strong></span> <span class='ocrx_word' id='word_1_425' title='bbox 1640 3467 1989 3533; x_wconf 85' lang='lat' dir='ltr'><strong><em>plurimorum</em></strong></span> <span class='ocrx_word' id='word_1_426' title='bbox 2024 3481 2148 3527; x_wconf 90' lang='lat' dir='ltr'><strong><em>sunt</em></strong></span> 
     </span>
    </p>
   </div>
   <div class='ocr_carea' id='block_1_52' title="bbox 570 3555 2145 3635">
    <p class='ocr_par' dir='ltr' id='par_1_52' title="bbox 570 3555 2145 3635">
     <span class='ocr_line' id='line_1_52' title="bbox 570 3555 2145 3635; baseline 0.008 -29"><span class='ocrx_word' id='word_1_427' title='bbox 570 3562 728 3622; x_wconf 86' lang='lat' dir='ltr'><strong><em>atque</em></strong></span> <span class='ocrx_word' id='word_1_428' title='bbox 757 3555 1145 3623; x_wconf 84' lang='lat' dir='ltr'><strong><em>oppositurum,</em></strong></span> <span class='ocrx_word' id='word_1_429' title='bbox 1178 3565 1234 3611; x_wconf 90' lang='lat' dir='ltr'><strong><em>ut</em></strong></span> <span class='ocrx_word' id='word_1_430' title='bbox 1277 3557 1598 3623; x_wconf 70' lang='lat' dir='ltr'><strong><em>possibilitas</em></strong></span> <span class='ocrx_word' id='word_1_431' title='bbox 1621 3560 1897 3615; x_wconf 66' lang='lat' dir='ltr'><strong><em>medicinis</em></strong></span> <span class='ocrx_word' id='word_1_432' title='bbox 1914 3572 2006 3617; x_wconf 73' lang='lat' dir='ltr'><strong><em>~est</em></strong></span> <span class='ocrx_word' id='word_1_433' title='bbox 2049 3579 2145 3635; x_wconf 77' lang='lat' dir='ltr'><strong><em>cu-</em></strong></span> 
     </span>
    </p>
   </div>
   <div class='ocr_carea' id='block_1_53' title="bbox 570 3649 2149 3717">
    <p class='ocr_par' dir='ltr' id='par_1_53' title="bbox 570 3649 2149 3717">
     <span class='ocr_line' id='line_1_53' title="bbox 570 3649 2149 3717; baseline 0.007 -18"><span class='ocrx_word' id='word_1_434' title='bbox 570 3660 713 3711; x_wconf 80' lang='lat' dir='ltr'><strong><em>rate,</em></strong></span> <span class='ocrx_word' id='word_1_435' title='bbox 750 3662 867 3713; x_wconf 69' lang='lat' dir='ltr'><strong><em>quae</em></strong></span> <span class='ocrx_word' id='word_1_436' title='bbox 888 3649 1136 3717; x_wconf 88' lang='lat' dir='ltr'><strong><em>quoniam</em></strong></span> <span class='ocrx_word' id='word_1_437' title='bbox 1177 3651 1472 3705; x_wconf 85' lang='lat' dir='ltr'><strong><em>secundum</em></strong></span> <span class='ocrx_word' id='word_1_438' title='bbox 1502 3651 1766 3707; x_wconf 88' lang='lat' dir='ltr'><strong><em>rationem</em></strong></span> <span class='ocrx_word' id='word_1_439' title='bbox 1793 3651 1871 3717; x_wconf 83' lang='lat' dir='ltr'><strong><em>ﬁt,</em></strong></span> <span class='ocrx_word' id='word_1_440' title='bbox 1902 3665 1954 3707; x_wconf 89' lang='lat' dir='ltr'><strong><em>ut</em></strong></span> <span class='ocrx_word' id='word_1_441' title='bbox 1994 3665 2149 3710; x_wconf 89' lang='lat' dir='ltr'><strong><em>curet</em></strong></span> 
     </span>
    </p>
   </div>
   <div class='ocr_carea' id='block_1_54' title="bbox 571 3736 2146 3811">
    <p class='ocr_par' dir='ltr' id='par_1_54' title="bbox 571 3736 2146 3811">
     <span class='ocr_line' id='line_1_54' title="bbox 571 3736 2146 3811; baseline 0.006 -21"><span class='ocrx_word' id='word_1_442' title='bbox 571 3736 831 3803; x_wconf 87' lang='lat' dir='ltr'><strong><em>medicos,</em></strong></span> <span class='ocrx_word' id='word_1_443' title='bbox 857 3745 912 3791; x_wconf 92' lang='lat' dir='ltr'><strong><em>et</em></strong></span> <span class='ocrx_word' id='word_1_444' title='bbox 940 3748 1023 3792; x_wconf 90' lang='lat' dir='ltr'><strong><em>est</em></strong></span> <span class='ocrx_word' id='word_1_445' title='bbox 1053 3739 1386 3795; x_wconf 89' lang='lat' dir='ltr'><strong><em>rationabilis</em></strong></span> <span class='ocrx_word' id='word_1_446' title='bbox 1417 3750 1653 3810; x_wconf 89' lang='lat' dir='ltr'><strong><em>potestas</em></strong></span> <span class='ocrx_word' id='word_1_447' title='bbox 1675 3743 1880 3798; x_wconf 82' lang='lat' dir='ltr'><strong><em>medico</em></strong></span> <span class='ocrx_word' id='word_1_448' title='bbox 1903 3747 2146 3811; x_wconf 86' lang='lat' dir='ltr'><strong><em>curandi,</em></strong></span> 
     </span>
    </p>
   </div>
   <div class='ocr_carea' id='block_1_55' title="bbox 572 3829 2149 3897">
    <p class='ocr_par' dir='ltr' id='par_1_55' title="bbox 572 3829 2149 3897">
     <span class='ocr_line' id='line_1_55' title="bbox 572 3829 2149 3897; baseline 0.006 -14"><span class='ocrx_word' id='word_1_449' title='bbox 572 3842 677 3883; x_wconf 89' lang='lat' dir='ltr'><strong><em>non</em></strong></span> <span class='ocrx_word' id='word_1_450' title='bbox 731 3829 904 3882; x_wconf 88' lang='lat' dir='ltr'><strong><em>solum</em></strong></span> <span class='ocrx_word' id='word_1_451' title='bbox 952 3839 1124 3896; x_wconf 81' lang='lat' dir='ltr'><strong><em>potest</em></strong></span> <span class='ocrx_word' id='word_1_452' title='bbox 1151 3844 1356 3891; x_wconf 79' lang='lat' dir='ltr'><strong><em>curare.</em></strong></span> <span class='ocrx_word' id='word_1_453' title='bbox 1394 3831 1488 3886; x_wconf 90' lang='lat' dir='ltr'><strong><em>sed</em></strong></span> <span class='ocrx_word' id='word_1_454' title='bbox 1531 3833 1690 3888; x_wconf 87' lang='lat' dir='ltr'><strong><em>etiam</em></strong></span> <span class='ocrx_word' id='word_1_455' title='bbox 1721 3850 1824 3888; x_wconf 91' lang='lat' dir='ltr'><strong><em>non</em></strong></span> <span class='ocrx_word' id='word_1_456' title='bbox 1858 3849 2069 3897; x_wconf 89' lang='lat' dir='ltr'><strong><em>curare.</em></strong></span> <span class='ocrx_word' id='word_1_457' title='bbox 2096 3849 2149 3892; x_wconf 90' lang='lat' dir='ltr'><strong><em>et</em></strong></span> 
     </span>
    </p>
   </div>
   <div class='ocr_carea' id='block_1_56' title="bbox 573 3919 2149 3998">
    <p class='ocr_par' dir='ltr' id='par_1_56' title="bbox 573 3919 2149 3998">
     <span class='ocr_line' id='line_1_56' title="bbox 573 3919 2149 3998; baseline 0.008 -26"><span class='ocrx_word' id='word_1_458' title='bbox 573 3927 749 3988; x_wconf 61' lang='lat' dir='ltr'><strong><em>potest</em></strong></span> <span class='ocrx_word' id='word_1_459' title='bbox 792 3919 990 3988; x_wconf 86' lang='lat' dir='ltr'><strong><em>aliquid</em></strong></span> <span class='ocrx_word' id='word_1_460' title='bbox 1035 3920 1314 3991; x_wconf 87' lang='lat' dir='ltr'><strong><em>plusquam</em></strong></span> <span class='ocrx_word' id='word_1_461' title='bbox 1348 3937 1536 3986; x_wconf 82' lang='lat' dir='ltr'><strong><em>unum.</em></strong></span> <span class='ocrx_word' id='word_1_462' title='bbox 1569 3935 1623 3979; x_wconf 88' lang='lat' dir='ltr'><strong><em>et</em></strong></span> <span class='ocrx_word' id='word_1_463' title='bbox 1660 3927 1830 3994; x_wconf 89' lang='lat' dir='ltr'><strong><em>ipsum</em></strong></span> <span class='ocrx_word' id='word_1_464' title='bbox 1872 3929 2012 3997; x_wconf 90' lang='lat' dir='ltr'><strong><em>quod</em></strong></span> <span class='ocrx_word' id='word_1_465' title='bbox 2057 3945 2149 3998; x_wconf 87' lang='lat' dir='ltr'><strong><em>po-</em></strong></span> 
     </span>
    </p>
   </div>
   <div class='ocr_carea' id='block_1_57' title="bbox 574 4012 2147 4086">
    <p class='ocr_par' dir='ltr' id='par_1_57' title="bbox 574 4012 2147 4086">
     <span class='ocr_line' id='line_1_57' title="bbox 574 4012 2147 4086; baseline 0.007 -22"><span class='ocrx_word' id='word_1_466' title='bbox 574 4019 677 4065; x_wconf 88' lang='lat' dir='ltr'><strong><em>test</em></strong></span> <span class='ocrx_word' id='word_1_467' title='bbox 716 4012 1019 4079; x_wconf 90' lang='lat' dir='ltr'><strong><em>oppositum</em></strong></span> <span class='ocrx_word' id='word_1_468' title='bbox 1066 4020 1166 4075; x_wconf 91' lang='lat' dir='ltr'><strong><em>est,</em></strong></span> <span class='ocrx_word' id='word_1_469' title='bbox 1216 4012 1266 4066; x_wconf 87' lang='lat' dir='ltr'><strong><em>id</em></strong></span> <span class='ocrx_word' id='word_1_470' title='bbox 1312 4023 1393 4067; x_wconf 72' lang='lat' dir='ltr'><strong><em>est</em></strong></span> <span class='ocrx_word' id='word_1_471' title='bbox 1435 4030 1538 4069; x_wconf 92' lang='lat' dir='ltr'><strong><em>non</em></strong></span> <span class='ocrx_word' id='word_1_472' title='bbox 1585 4031 1795 4072; x_wconf 84' lang='lat' dir='ltr'><strong><em>curare.</em></strong></span> <span class='ocrx_word' id='word_1_473' title='bbox 1834 4017 2147 4086; x_wconf 73' lang='lat' dir='ltr'><strong><em>Oppositum</em></strong></span> 
     </span>
    </p>
   </div>
   <div class='ocr_carea' id='block_1_58' title="bbox 576 4103 2148 4178">
    <p class='ocr_par' dir='ltr' id='par_1_58' title="bbox 576 4103 2148 4178">
     <span class='ocr_line' id='line_1_58' title="bbox 576 4103 2148 4178; baseline 0.009 -24"><span class='ocrx_word' id='word_1_474' title='bbox 576 4116 802 4171; x_wconf 89' lang='lat' dir='ltr'><strong><em>namque</em></strong></span> <span class='ocrx_word' id='word_1_475' title='bbox 848 4114 929 4157; x_wconf 86' lang='lat' dir='ltr'><strong><em>est</em></strong></span> <span class='ocrx_word' id='word_1_476' title='bbox 969 4103 1018 4157; x_wconf 88' lang='lat' dir='ltr'><strong><em>ei</em></strong></span> <span class='ocrx_word' id='word_1_477' title='bbox 1052 4105 1191 4172; x_wconf 90' lang='lat' dir='ltr'><strong><em>quod</em></strong></span> <span class='ocrx_word' id='word_1_478' title='bbox 1229 4114 1312 4161; x_wconf 74' lang='grc' dir='ltr'><strong><em>εει</em></strong></span> <span class='ocrx_word' id='word_1_479' title='bbox 1342 4120 1529 4161; x_wconf 89' lang='lat' dir='ltr'><strong><em>curare</em></strong></span> <span class='ocrx_word' id='word_1_480' title='bbox 1562 4107 1613 4162; x_wconf 84' lang='lat' dir='ltr'><strong><em>id</em></strong></span> <span class='ocrx_word' id='word_1_481' title='bbox 1645 4110 1786 4178; x_wconf 90' lang='lat' dir='ltr'><strong><em>quod</em></strong></span> <span class='ocrx_word' id='word_1_482' title='bbox 1814 4109 2010 4165; x_wconf 80' lang='lat' dir='ltr'><strong><em>dicitur</em></strong></span> <span class='ocrx_word' id='word_1_483' title='bbox 2043 4128 2148 4168; x_wconf 89' lang='lat' dir='ltr'><strong><em>non</em></strong></span> 
     </span>
    </p>
   </div>
   <div class='ocr_carea' id='block_1_59' title="bbox 566 4200 2152 4267">
    <p class='ocr_par' dir='ltr' id='par_1_59' title="bbox 566 4200 2152 4267">
     <span class='ocr_line' id='line_1_59' title="bbox 566 4200 2152 4267; baseline 0.007 -18"><span class='ocrx_word' id='word_1_484' title='bbox 566 4210 783 4261; x_wconf 73' lang='lat' dir='ltr'><strong><em>curare,</em></strong></span> <span class='ocrx_word' id='word_1_485' title='bbox 829 4213 945 4266; x_wconf 65' lang='lat' dir='ltr'><strong><em>qua:</em></strong></span> <span class='ocrx_word' id='word_1_486' title='bbox 978 4200 1217 4267; x_wconf 68' lang='lat' dir='ltr'><strong><em>oppositu</em></strong></span> <span class='ocrx_word' id='word_1_487' title='bbox 1251 4203 1512 4254; x_wconf 43' lang='lat' dir='ltr'><strong><em>contraria</em></strong></span> <span class='ocrx_word' id='word_1_488' title='bbox 1548 4210 1822 4259; x_wconf 79' lang='lat' dir='ltr'><strong><em>vocantur.</em></strong></span> <span class='ocrx_word' id='word_1_489' title='bbox 1852 4203 2152 4260; x_wconf 79' lang='lat' dir='ltr'><strong><em>Allirtttatio</em></strong></span> 
     </span>
    </p>
   </div>
   <div class='ocr_carea' id='block_1_60' title="bbox 575 4293 2153 4360">
    <p class='ocr_par' dir='ltr' id='par_1_60' title="bbox 575 4293 2153 4360">
     <span class='ocr_line' id='line_1_60' title="bbox 575 4293 2153 4360; baseline 0.006 -18"><span class='ocrx_word' id='word_1_490' title='bbox 575 4303 801 4353; x_wconf 79' lang='lat' dir='ltr'><strong><em>namque</em></strong></span> <span class='ocrx_word' id='word_1_491' title='bbox 832 4300 881 4344; x_wconf 91' lang='lat' dir='ltr'><strong><em>et</em></strong></span> <span class='ocrx_word' id='word_1_492' title='bbox 917 4293 1129 4360; x_wconf 79' lang='lat' dir='ltr'><strong><em>negatio</em></strong></span> <span class='ocrx_word' id='word_1_493' title='bbox 1160 4294 1623 4348; x_wconf 64' lang='lat' dir='ltr'><strong><em>contrarietatibus</em></strong></span> <span class='ocrx_word' id='word_1_494' title='bbox 1655 4296 2052 4352; x_wconf 88' lang='lat' dir='ltr'><strong><em>discermmtur.</em></strong></span> <span class='ocrx_word' id='word_1_495' title='bbox 2080 4300 2153 4352; x_wconf 73' lang='lat' dir='ltr'><strong><em>Ir-</em></strong></span> 
     </span>
    </p>
   </div>
   <div class='ocr_carea' id='block_1_61' title="bbox 576 4383 2152 4458">
    <p class='ocr_par' dir='ltr' id='par_1_61' title="bbox 576 4383 2152 4458">
     <span class='ocr_line' id='line_1_61' title="bbox 576 4383 2152 4458; baseline 0.007 -23"><span class='ocrx_word' id='word_1_496' title='bbox 576 4383 903 4438; x_wconf 71' lang='lat' dir='ltr'><strong><em>rati0nahilis</em></strong></span> <span class='ocrx_word' id='word_1_497' title='bbox 934 4400 1062 4438; x_wconf 80' lang='lat' dir='ltr'><strong><em>vero</em></strong></span> <span class='ocrx_word' id='word_1_498' title='bbox 1095 4402 1198 4441; x_wconf 91' lang='lat' dir='ltr'><strong><em>non</em></strong></span> <span class='ocrx_word' id='word_1_499' title='bbox 1227 4388 1426 4448; x_wconf 89' lang='lat' dir='ltr'><strong><em>omnis,</em></strong></span> <span class='ocrx_word' id='word_1_500' title='bbox 1464 4388 1556 4442; x_wconf 88' lang='lat' dir='ltr'><strong><em>sed</em></strong></span> <span class='ocrx_word' id='word_1_501' title='bbox 1594 4389 2039 4458; x_wconf 75' lang='lat' dir='ltr'><strong><em>quemadmodum</em></strong></span> <span class='ocrx_word' id='word_1_502' title='bbox 2072 4392 2152 4446; x_wconf 86' lang='lat' dir='ltr'><strong><em>di-</em></strong></span> 
     </span>
    </p>
   </div>
   <div class='ocr_carea' id='block_1_62' title="bbox 577 4475 2150 4549">
    <p class='ocr_par' dir='ltr' id='par_1_62' title="bbox 577 4475 2150 4549">
     <span class='ocr_line' id='line_1_62' title="bbox 577 4475 2150 4549; baseline 0.006 -22"><span class='ocrx_word' id='word_1_503' title='bbox 577 4483 715 4527; x_wconf 84' lang='lat' dir='ltr'><strong><em>ctum</em></strong></span> <span class='ocrx_word' id='word_1_504' title='bbox 748 4483 850 4539; x_wconf 88' lang='lat' dir='ltr'><strong><em>est,</em></strong></span> <span class='ocrx_word' id='word_1_505' title='bbox 877 4475 1048 4538; x_wconf 68' lang='lat' dir='ltr'><strong><em>ignem</em></strong></span> <span class='ocrx_word' id='word_1_506' title='bbox 1084 4492 1186 4531; x_wconf 91' lang='lat' dir='ltr'><strong><em>non</em></strong></span> <span class='ocrx_word' id='word_1_507' title='bbox 1222 4484 1305 4532; x_wconf 82' lang='lat' dir='ltr'><strong><em>est</em></strong></span> <span class='ocrx_word' id='word_1_508' title='bbox 1337 4477 1591 4546; x_wconf 85' lang='lat' dir='ltr'><strong><em>possibile</em></strong></span> <span class='ocrx_word' id='word_1_509' title='bbox 1619 4480 1937 4549; x_wconf 73' lang='lat' dir='ltr'><strong><em>calefacere,</em></strong></span> <span class='ocrx_word' id='word_1_510' title='bbox 1962 4490 2015 4536; x_wconf 86' lang='lat' dir='ltr'><strong><em>et</em></strong></span> <span class='ocrx_word' id='word_1_511' title='bbox 2047 4498 2150 4537; x_wconf 89' lang='lat' dir='ltr'><strong><em>non</em></strong></span> 
     </span>
    </p>
   </div>
   <div class='ocr_carea' id='block_1_63' title="bbox 577 4540 2232 4643">
    <p class='ocr_par' dir='ltr' id='par_1_63' title="bbox 577 4540 2232 4643">
     <span class='ocr_line' id='line_1_63' title="bbox 577 4540 2232 4643; baseline 0.009 -25"><span class='ocrx_word' id='word_1_512' title='bbox 577 4568 769 4631; x_wconf 88' lang='lat' dir='ltr'><strong><em>omnis,</em></strong></span> <span class='ocrx_word' id='word_1_513' title='bbox 804 4567 991 4635; x_wconf 81' lang='lat' dir='ltr'><strong><em>inquit,</em></strong></span> <span class='ocrx_word' id='word_1_514' title='bbox 1018 4570 1307 4626; x_wconf 84' lang='lat' dir='ltr'><strong><em>secundum</em></strong></span> <span class='ocrx_word' id='word_1_515' title='bbox 1334 4572 1593 4627; x_wconf 86' lang='lat' dir='ltr'><strong><em>rationem</em></strong></span> <span class='ocrx_word' id='word_1_516' title='bbox 1635 4582 1873 4640; x_wconf 87' lang='lat' dir='ltr'><strong><em>potestas</em></strong></span> <span class='ocrx_word' id='word_1_517' title='bbox 1904 4580 2147 4643; x_wconf 89' lang='lat' dir='ltr'><strong><em>opposita</em></strong></span> <span class='ocrx_word' id='word_1_518' title='bbox 2177 4540 2232 4613; x_wconf 63' lang='grc' dir='ltr'><strong>Β</strong></span> 
     </span>
    </p>
   </div>
   <div class='ocr_carea' id='block_1_64' title="bbox 577 4660 2153 4738">
    <p class='ocr_par' dir='ltr' id='par_1_64' title="bbox 577 4660 2153 4738">
     <span class='ocr_line' id='line_1_64' title="bbox 577 4660 2153 4738; baseline 0.01 -29"><span class='ocrx_word' id='word_1_519' title='bbox 577 4672 783 4726; x_wconf 60' lang='lat' dir='ltr'><strong><em>quoque</em></strong></span> <span class='ocrx_word' id='word_1_520' title='bbox 816 4660 969 4714; x_wconf 89' lang='lat' dir='ltr'><strong><em>valet.</em></strong></span> <span class='ocrx_word' id='word_1_521' title='bbox 1000 4660 1445 4719; x_wconf 73' lang='lat' dir='ltr'><strong><em>lrra&#39;ioi.abilium</em></strong></span> <span class='ocrx_word' id='word_1_522' title='bbox 1477 4678 1606 4717; x_wconf 90' lang='lat' dir='ltr'><strong><em>vero</em></strong></span> <span class='ocrx_word' id='word_1_523' title='bbox 1633 4678 1740 4719; x_wconf 88' lang='lat' dir='ltr'><strong><em>non</em></strong></span> <span class='ocrx_word' id='word_1_524' title='bbox 1762 4666 1937 4719; x_wconf 87' lang='lat' dir='ltr'><strong><em>omnis</em></strong></span> <span class='ocrx_word' id='word_1_525' title='bbox 1970 4666 2153 4738; x_wconf 83' lang='lat' dir='ltr'><strong><em>hujus-</em></strong></span> 
     </span>
    </p>
   </div>
   <div class='ocr_carea' id='block_1_65' title="bbox 578 4749 2153 4823">
    <p class='ocr_par' dir='ltr' id='par_1_65' title="bbox 578 4749 2153 4823">
     <span class='ocr_line' id='line_1_65' title="bbox 578 4749 2153 4823; baseline 0.008 -21"><span class='ocrx_word' id='word_1_526' title='bbox 578 4749 720 4803; x_wconf 83' lang='lat' dir='ltr'><strong><em>modi</em></strong></span> <span class='ocrx_word' id='word_1_527' title='bbox 756 4759 988 4815; x_wconf 55' lang='lat' dir='ltr'><strong><em>potestas</em></strong></span> <span class='ocrx_word' id='word_1_528' title='bbox 1012 4760 1113 4814; x_wconf 77' lang='lat' dir='ltr'><strong><em>est.</em></strong></span> <span class='ocrx_word' id='word_1_529' title='bbox 1144 4761 1203 4807; x_wconf 87' lang='lat' dir='ltr'><strong><em>ut</em></strong></span> <span class='ocrx_word' id='word_1_530' title='bbox 1232 4754 1471 4823; x_wconf 77' lang='lat' dir='ltr'><strong><em>apposita</em></strong></span> <span class='ocrx_word' id='word_1_531' title='bbox 1498 4770 1603 4809; x_wconf 90' lang='lat' dir='ltr'><strong><em>non</em></strong></span> <span class='ocrx_word' id='word_1_532' title='bbox 1648 4757 1856 4819; x_wconf 83' lang='lat' dir='ltr'><strong><em>valeat;</em></strong></span> <span class='ocrx_word' id='word_1_533' title='bbox 1886 4772 2007 4811; x_wconf 89' lang='lat' dir='ltr'><strong><em>nam</em></strong></span> <span class='ocrx_word' id='word_1_534' title='bbox 2032 4773 2153 4814; x_wconf 89' lang='lat' dir='ltr'><strong><em>cum</em></strong></span> 
     </span>
    </p>
   </div>
   <div class='ocr_carea' id='block_1_66' title="bbox 582 4838 2152 4919">
    <p class='ocr_par' dir='ltr' id='par_1_66' title="bbox 582 4838 2152 4919">
     <span class='ocr_line' id='line_1_66' title="bbox 582 4838 2152 4919; baseline 0.005 -24"><span class='ocrx_word' id='word_1_535' title='bbox 582 4838 779 4895; x_wconf 73' lang='lat' dir='ltr'><strong><em>ferrum</em></strong></span> <span class='ocrx_word' id='word_1_536' title='bbox 812 4843 985 4898; x_wconf 73' lang='lat' dir='ltr'><strong><em>colere</em></strong></span> <span class='ocrx_word' id='word_1_537' title='bbox 1015 4844 1130 4899; x_wconf 92' lang='lat' dir='ltr'><strong><em>sine</em></strong></span> <span class='ocrx_word' id='word_1_538' title='bbox 1154 4847 1357 4899; x_wconf 87' lang='lat' dir='ltr'><strong><em>ratione</em></strong></span> <span class='ocrx_word' id='word_1_539' title='bbox 1389 4855 1621 4907; x_wconf 27' lang='lat' dir='ltr'><strong><em>iiutestas</em></strong></span> <span class='ocrx_word' id='word_1_540' title='bbox 1652 4848 1718 4901; x_wconf 76' lang='lat' dir='ltr'><strong><em>sit</em></strong></span> <span class='ocrx_word' id='word_1_541' title='bbox 1748 4848 1888 4919; x_wconf 86' lang='lat' dir='ltr'><strong><em>(non</em></strong></span> <span class='ocrx_word' id='word_1_542' title='bbox 1920 4851 2061 4903; x_wconf 88' lang='lat' dir='ltr'><strong><em>enim</em></strong></span> <span class='ocrx_word' id='word_1_543' title='bbox 2088 4863 2152 4903; x_wconf 79' lang='lat' dir='ltr'><strong><em>ex</em></strong></span> 
     </span>
    </p>
   </div>
   <div class='ocr_carea' id='block_1_67' title="bbox 578 4934 2158 5010">
    <p class='ocr_par' dir='ltr' id='par_1_67' title="bbox 578 4934 2158 5010">
     <span class='ocr_line' id='line_1_67' title="bbox 578 4934 2158 5010; baseline 0.004 -20"><span class='ocrx_word' id='word_1_544' title='bbox 578 4934 785 4990; x_wconf 65' lang='lat' dir='ltr'><strong><em>ratione</em></strong></span> <span class='ocrx_word' id='word_1_545' title='bbox 815 4937 971 5001; x_wconf 88' lang='lat' dir='ltr'><strong><em>calet,</em></strong></span> <span class='ocrx_word' id='word_1_546' title='bbox 1005 4938 1257 5005; x_wconf 90' lang='lat' dir='ltr'><strong><em>quoniam</em></strong></span> <span class='ocrx_word' id='word_1_547' title='bbox 1293 4938 1547 4993; x_wconf 85' lang='lat' dir='ltr'><strong><em>rationem</em></strong></span> <span class='ocrx_word' id='word_1_548' title='bbox 1583 4954 1687 4993; x_wconf 89' lang='lat' dir='ltr'><strong><em>non</em></strong></span> <span class='ocrx_word' id='word_1_549' title='bbox 1730 4939 1947 5010; x_wconf 87' lang='lat' dir='ltr'><strong><em>habet),</em></strong></span> <span class='ocrx_word' id='word_1_550' title='bbox 1983 4951 2158 5009; x_wconf 85' lang='lat' dir='ltr'><strong><em>potest</em></strong></span> 
     </span>
    </p>
   </div>
   <div class='ocr_carea' id='block_1_68' title="bbox 578 5029 2164 5101">
    <p class='ocr_par' dir='ltr' id='par_1_68' title="bbox 578 5029 2164 5101">
     <span class='ocr_line' id='line_1_68' title="bbox 578 5029 2164 5101; baseline 0.005 -20"><span class='ocrx_word' id='word_1_551' title='bbox 578 5038 879 5098; x_wconf 82' lang='lat' dir='ltr'><strong><em>etiam_nou</em></strong></span> <span class='ocrx_word' id='word_1_552' title='bbox 904 5030 1098 5097; x_wconf 87' lang='lat' dir='ltr'><strong><em>calere,</em></strong></span> <span class='ocrx_word' id='word_1_553' title='bbox 1127 5029 1259 5096; x_wconf 79' lang='lat' dir='ltr'><strong><em>ignis</em></strong></span> <span class='ocrx_word' id='word_1_554' title='bbox 1286 5040 1462 5082; x_wconf 75' lang='lat' dir='ltr'><strong><em>autem</em></strong></span> <span class='ocrx_word' id='word_1_555' title='bbox 1488 5044 1606 5085; x_wconf 89' lang='lat' dir='ltr'><strong><em>cum</em></strong></span> <span class='ocrx_word' id='word_1_556' title='bbox 1652 5030 2035 5088; x_wconf 88' lang='lat' dir='ltr'><strong><em>irrationabilis</em></strong></span> <span class='ocrx_word' id='word_1_557' title='bbox 2070 5048 2164 5101; x_wconf 86' lang='lat' dir='ltr'><strong><em>po-</em></strong></span> 
     </span>
    </p>
   </div>
   <div class='ocr_carea' id='block_1_69' title="bbox 580 5120 2160 5191">
    <p class='ocr_par' dir='ltr' id='par_1_69' title="bbox 580 5120 2160 5191">
     <span class='ocr_line' id='line_1_69' title="bbox 580 5120 2160 5191; baseline 0.004 -18"><span class='ocrx_word' id='word_1_558' title='bbox 580 5127 746 5179; x_wconf 82' lang='lat' dir='ltr'><strong><em>testas</em></strong></span> <span class='ocrx_word' id='word_1_559' title='bbox 796 5120 865 5174; x_wconf 87' lang='lat' dir='ltr'><strong><em>sit</em></strong></span> <span class='ocrx_word' id='word_1_560' title='bbox 914 5121 1206 5175; x_wconf 57' lang='lat' dir='ltr'><strong><em>calelocere</em></strong></span> <span class='ocrx_word' id='word_1_561' title='bbox 1242 5138 1345 5175; x_wconf 92' lang='lat' dir='ltr'><strong><em>non</em></strong></span> <span class='ocrx_word' id='word_1_562' title='bbox 1392 5133 1564 5191; x_wconf 84' lang='lat' dir='ltr'><strong><em>potest</em></strong></span> <span class='ocrx_word' id='word_1_563' title='bbox 1602 5134 1659 5178; x_wconf 90' lang='lat' dir='ltr'><strong><em>et</em></strong></span> <span class='ocrx_word' id='word_1_564' title='bbox 1702 5140 1806 5177; x_wconf 88' lang='lat' dir='ltr'><strong><em>non</em></strong></span> <span class='ocrx_word' id='word_1_565' title='bbox 1847 5124 2160 5181; x_wconf 71' lang='lat' dir='ltr'><strong><em>calefacere.</em></strong></span> 
     </span>
    </p>
   </div>
   <div class='ocr_carea' id='block_1_70' title="bbox 582 5212 2163 5285">
    <p class='ocr_par' dir='ltr' id='par_1_70' title="bbox 582 5212 2163 5285">
     <span class='ocr_line' id='line_1_70' title="bbox 582 5212 2163 5285; baseline 0.006 -21"><span class='ocrx_word' id='word_1_566' title='bbox 582 5212 758 5279; x_wconf 84' lang='lat' dir='ltr'><strong><em>Quare</em></strong></span> <span class='ocrx_word' id='word_1_567' title='bbox 791 5224 935 5267; x_wconf 89' lang='lat' dir='ltr'><strong><em>recte</em></strong></span> <span class='ocrx_word' id='word_1_568' title='bbox 965 5215 1161 5268; x_wconf 42' lang='lat' dir='ltr'><strong><em>dietum</em></strong></span> <span class='ocrx_word' id='word_1_569' title='bbox 1195 5225 1274 5269; x_wconf 91' lang='lat' dir='ltr'><strong><em>est</em></strong></span> <span class='ocrx_word' id='word_1_570' title='bbox 1300 5214 1689 5272; x_wconf 75' lang='lat' dir='ltr'><strong><em>irrationabiles</em></strong></span> <span class='ocrx_word' id='word_1_571' title='bbox 1723 5227 2015 5285; x_wconf 78' lang='lat' dir='ltr'><strong><em>poteSIates</em></strong></span> <span class='ocrx_word' id='word_1_572' title='bbox 2057 5233 2163 5273; x_wconf 90' lang='lat' dir='ltr'><strong><em>non</em></strong></span> 
     </span>
    </p>
   </div>
   <div class='ocr_carea' id='block_1_71' title="bbox 580 5307 2162 5377">
    <p class='ocr_par' dir='ltr' id='par_1_71' title="bbox 580 5307 2162 5377">
     <span class='ocr_line' id='line_1_71' title="bbox 580 5307 2162 5377; baseline 0.003 -17"><span class='ocrx_word' id='word_1_573' title='bbox 580 5320 769 5360; x_wconf 89' lang='lat' dir='ltr'><strong><em>omnes</em></strong></span> <span class='ocrx_word' id='word_1_574' title='bbox 807 5321 909 5358; x_wconf 87' lang='lat' dir='ltr'><strong><em>non</em></strong></span> <span class='ocrx_word' id='word_1_575' title='bbox 952 5321 1106 5374; x_wconf 59' lang='lat' dir='ltr'><strong><em>posse</em></strong></span> <span class='ocrx_word' id='word_1_576' title='bbox 1139 5311 1427 5366; x_wconf 85' lang='lat' dir='ltr'><strong><em>contraria,</em></strong></span> <span class='ocrx_word' id='word_1_577' title='bbox 1449 5307 1542 5361; x_wconf 86' lang='lat' dir='ltr'><strong><em>scd</em></strong></span> <span class='ocrx_word' id='word_1_578' title='bbox 1576 5309 1857 5375; x_wconf 87' lang='lat' dir='ltr'><strong><em>quasdam,</em></strong></span> <span class='ocrx_word' id='word_1_579' title='bbox 1884 5320 1939 5363; x_wconf 92' lang='lat' dir='ltr'><strong><em>ut</em></strong></span> <span class='ocrx_word' id='word_1_580' title='bbox 1962 5311 2162 5377; x_wconf 71' lang='lat' dir='ltr'><strong><em>ignem,</em></strong></span> 
     </span>
    </p>
   </div>
   <div class='ocr_carea' id='block_1_72' title="bbox 581 5398 2156 5466">
    <p class='ocr_par' dir='ltr' id='par_1_72' title="bbox 581 5398 2156 5466">
     <span class='ocr_line' id='line_1_72' title="bbox 581 5398 2156 5466; baseline 0.006 -16"><span class='ocrx_word' id='word_1_581' title='bbox 581 5400 668 5466; x_wconf 89' lang='lat' dir='ltr'><strong><em>qui</em></strong></span> <span class='ocrx_word' id='word_1_582' title='bbox 693 5414 811 5453; x_wconf 91' lang='lat' dir='ltr'><strong><em>cum</em></strong></span> <span class='ocrx_word' id='word_1_583' title='bbox 860 5399 925 5453; x_wconf 87' lang='lat' dir='ltr'><strong><em>sit</em></strong></span> <span class='ocrx_word' id='word_1_584' title='bbox 972 5398 1357 5463; x_wconf 77' lang='lat' dir='ltr'><strong><em>t-alelai-tilnlis,</em></strong></span> <span class='ocrx_word' id='word_1_585' title='bbox 1385 5417 1485 5454; x_wconf 90' lang='lat' dir='ltr'><strong><em>non</em></strong></span> <span class='ocrx_word' id='word_1_586' title='bbox 1510 5401 1880 5457; x_wconf 67' lang='lat' dir='ltr'><strong><em>cali-laetibilis</em></strong></span> <span class='ocrx_word' id='word_1_587' title='bbox 1913 5420 2016 5457; x_wconf 89' lang='lat' dir='ltr'><strong><em>non</em></strong></span> <span class='ocrx_word' id='word_1_588' title='bbox 2057 5415 2156 5459; x_wconf 90' lang='lat' dir='ltr'><strong><em>est.</em></strong></span> 
     </span>
    </p>
   </div>
   <div class='ocr_carea' id='block_1_73' title="bbox 582 5492 2162 5561">
    <p class='ocr_par' dir='ltr' id='par_1_73' title="bbox 582 5492 2162 5561">
     <span class='ocr_line' id='line_1_73' title="bbox 582 5492 2162 5561; baseline 0.004 -17"><span class='ocrx_word' id='word_1_589' title='bbox 582 5492 710 5558; x_wconf 68' lang='lat' dir='ltr'><strong><em>Quae</em></strong></span> <span class='ocrx_word' id='word_1_590' title='bbox 750 5502 924 5548; x_wconf 79' lang='lat' dir='ltr'><strong><em>autem</em></strong></span> <span class='ocrx_word' id='word_1_591' title='bbox 969 5493 1075 5545; x_wconf 88' lang='lat' dir='ltr'><strong><em>sint</em></strong></span> <span class='ocrx_word' id='word_1_592' title='bbox 1116 5493 1531 5557; x_wconf 85' lang='lat' dir='ltr'><strong><em>irrationabilia,</em></strong></span> <span class='ocrx_word' id='word_1_593' title='bbox 1587 5509 1703 5561; x_wconf 67' lang='lat' dir='ltr'><strong><em>qua:</em></strong></span> <span class='ocrx_word' id='word_1_594' title='bbox 1752 5510 1907 5549; x_wconf 91' lang='lat' dir='ltr'><strong><em>unam</em></strong></span> <span class='ocrx_word' id='word_1_595' title='bbox 1957 5504 2162 5551; x_wconf 88' lang='lat' dir='ltr'><strong><em>tantum</em></strong></span> 
     </span>
    </p>
   </div>
   <div class='ocr_carea' id='block_1_74' title="bbox 585 5581 2164 5652">
    <p class='ocr_par' dir='ltr' id='par_1_74' title="bbox 585 5581 2164 5652">
     <span class='ocr_line' id='line_1_74' title="bbox 585 5581 2164 5652; baseline 0.002 -15"><span class='ocrx_word' id='word_1_596' title='bbox 585 5581 815 5637; x_wconf 59' lang='lat' dir='ltr'><strong><em>habeant</em></strong></span> <span class='ocrx_word' id='word_1_597' title='bbox 841 5590 1152 5648; x_wconf 59' lang='lat' dir='ltr'><strong><em>potestatem</em></strong></span> <span class='ocrx_word' id='word_1_598' title='bbox 1175 5599 1277 5636; x_wconf 89' lang='lat' dir='ltr'><strong><em>non</em></strong></span> <span class='ocrx_word' id='word_1_599' title='bbox 1308 5586 1466 5637; x_wconf 87' lang='lat' dir='ltr'><strong><em>etiam</em></strong></span> <span class='ocrx_word' id='word_1_600' title='bbox 1500 5584 1818 5652; x_wconf 80' lang='lat' dir='ltr'><strong><em>oppositam,</em></strong></span> <span class='ocrx_word' id='word_1_601' title='bbox 1845 5584 1921 5640; x_wconf 90' lang='lat' dir='ltr'><strong><em>sic</em></strong></span> <span class='ocrx_word' id='word_1_602' title='bbox 1943 5585 2164 5640; x_wconf 86' lang='lat' dir='ltr'><strong><em>demon-</em></strong></span> 
     </span>
    </p>
   </div>
   <div class='ocr_carea' id='block_1_75' title="bbox 574 5672 2166 5746">
    <p class='ocr_par' dir='ltr' id='par_1_75' title="bbox 574 5672 2166 5746">
     <span class='ocr_line' id='line_1_75' title="bbox 574 5672 2166 5746; baseline 0.002 -19"><span class='ocrx_word' id='word_1_603' title='bbox 574 5682 718 5727; x_wconf 69' lang='lat' dir='ltr'><strong><em>3trat</em></strong></span> <span class='ocrx_word' id='word_1_604' title='bbox 741 5672 947 5737; x_wconf 86' lang='lat' dir='ltr'><strong><em>dicens,</em></strong></span> <span class='ocrx_word' id='word_1_605' title='bbox 972 5689 1068 5728; x_wconf 78' lang='lat' dir='ltr'><strong><em>nec</em></strong></span> <span class='ocrx_word' id='word_1_606' title='bbox 1090 5688 1422 5743; x_wconf 69' lang='lat' dir='ltr'><strong><em>quaecunque</em></strong></span> <span class='ocrx_word' id='word_1_607' title='bbox 1453 5675 1553 5729; x_wconf 84' lang='lat' dir='ltr'><strong><em>alia</em></strong></span> <span class='ocrx_word' id='word_1_608' title='bbox 1577 5689 1788 5744; x_wconf 87' lang='lat' dir='ltr'><strong><em>semper</em></strong></span> <span class='ocrx_word' id='word_1_609' title='bbox 1818 5686 1999 5746; x_wconf 89' lang='lat' dir='ltr'><strong><em>agunt.</em></strong></span> <span class='ocrx_word' id='word_1_610' title='bbox 2026 5675 2166 5744; x_wconf 83' lang='lat' dir='ltr'><strong><em>ignis</em></strong></span> 
     </span>
    </p>
   </div>
   <div class='ocr_carea' id='block_1_76' title="bbox 584 5763 2166 5841">
    <p class='ocr_par' dir='ltr' id='par_1_76' title="bbox 584 5763 2166 5841">
     <span class='ocr_line' id='line_1_76' title="bbox 584 5763 2166 5841; baseline 0.001 -17"><span class='ocrx_word' id='word_1_611' title='bbox 584 5763 727 5824; x_wconf 85' lang='lat' dir='ltr'><strong><em>enim</em></strong></span> <span class='ocrx_word' id='word_1_612' title='bbox 753 5766 996 5838; x_wconf 81' lang='lat' dir='ltr'><strong><em>opposita</em></strong></span> <span class='ocrx_word' id='word_1_613' title='bbox 1024 5782 1132 5827; x_wconf 84' lang='lat' dir='ltr'><strong><em>non</em></strong></span> <span class='ocrx_word' id='word_1_614' title='bbox 1176 5776 1370 5839; x_wconf 88' lang='lat' dir='ltr'><strong><em>potest,</em></strong></span> <span class='ocrx_word' id='word_1_615' title='bbox 1410 5766 1505 5823; x_wconf 87' lang='lat' dir='ltr'><strong><em>sed</em></strong></span> <span class='ocrx_word' id='word_1_616' title='bbox 1541 5780 1647 5824; x_wconf 89' lang='lat' dir='ltr'><strong><em>non</em></strong></span> <span class='ocrx_word' id='word_1_617' title='bbox 1670 5768 1843 5825; x_wconf 86' lang='lat' dir='ltr'><strong><em>solum</em></strong></span> <span class='ocrx_word' id='word_1_618' title='bbox 1883 5768 2042 5841; x_wconf 77' lang='lat' dir='ltr'><strong><em>ignis,</em></strong></span> <span class='ocrx_word' id='word_1_619' title='bbox 2070 5767 2166 5827; x_wconf 81' lang='lat' dir='ltr'><strong><em>sed</em></strong></span> 
     </span>
    </p>
   </div>
   <div class='ocr_carea' id='block_1_77' title="bbox 2235 1883 3750 1959">
    <p class='ocr_par' dir='ltr' id='par_1_77' title="bbox 2235 1883 3750 1959">
     <span class='ocr_line' id='line_1_77' title="bbox 2235 1883 3750 1959; baseline -0.003 -15"><span class='ocrx_word' id='word_1_620' title='bbox 2235 1891 2366 1953; x_wconf 85' lang='lat' dir='ltr'><strong><em>sita;</em></strong></span> <span class='ocrx_word' id='word_1_621' title='bbox 2397 1892 2685 1944; x_wconf 80' lang='lat' dir='ltr'><strong><em>secundum</em></strong></span> <span class='ocrx_word' id='word_1_622' title='bbox 2709 1889 2870 1959; x_wconf 86' lang='lat' dir='ltr'><strong><em>igitur</em></strong></span> <span class='ocrx_word' id='word_1_623' title='bbox 2899 1889 3294 1946; x_wconf 89' lang='lat' dir='ltr'><strong><em>irrationabiles</em></strong></span> <span class='ocrx_word' id='word_1_624' title='bbox 3338 1883 3536 1959; x_wconf 79' lang='lat' dir='ltr'><strong><em>quoque</em></strong></span> <span class='ocrx_word' id='word_1_625' title='bbox 3564 1896 3750 1957; x_wconf 85' lang='lat' dir='ltr'><strong><em>potesta-</em></strong></span> 
     </span>
    </p>
   </div>
   <div class='ocr_carea' id='block_1_78' title="bbox 2235 1979 3750 2052">
    <p class='ocr_par' dir='ltr' id='par_1_78' title="bbox 2235 1979 3750 2052">
     <span class='ocr_line' id='line_1_78' title="bbox 2235 1979 3750 2052; baseline -0.005 -15"><span class='ocrx_word' id='word_1_626' title='bbox 2235 1992 2316 2037; x_wconf 92' lang='lat' dir='ltr'><strong><em>tes</em></strong></span> <span class='ocrx_word' id='word_1_627' title='bbox 2358 1990 2581 2052; x_wconf 89' lang='lat' dir='ltr'><strong><em>possunt</em></strong></span> <span class='ocrx_word' id='word_1_628' title='bbox 2602 1981 2845 2051; x_wconf 65' lang='lat' dir='ltr'><strong><em>quaedam</em></strong></span> <span class='ocrx_word' id='word_1_629' title='bbox 2868 1983 3145 2051; x_wconf 86' lang='lat' dir='ltr'><strong><em>opposita;</em></strong></span> <span class='ocrx_word' id='word_1_630' title='bbox 3180 1981 3275 2037; x_wconf 87' lang='lat' dir='ltr'><strong><em>sed</em></strong></span> <span class='ocrx_word' id='word_1_631' title='bbox 3308 1980 3501 2036; x_wconf 89' lang='lat' dir='ltr'><strong><em>idcirco</em></strong></span> <span class='ocrx_word' id='word_1_632' title='bbox 3526 1979 3750 2048; x_wconf 83' lang='lat' dir='ltr'><strong><em>superiora</em></strong></span> 
     </span>
    </p>
   </div>
   <div class='ocr_carea' id='block_1_79' title="bbox 2236 2068 3751 2145">
    <p class='ocr_par' dir='ltr' id='par_1_79' title="bbox 2236 2068 3751 2145">
     <span class='ocr_line' id='line_1_79' title="bbox 2236 2068 3751 2145; baseline -0.006 -16"><span class='ocrx_word' id='word_1_633' title='bbox 2236 2084 2361 2130; x_wconf 89' lang='lat' dir='ltr'><strong><em>sunt</em></strong></span> <span class='ocrx_word' id='word_1_634' title='bbox 2405 2075 2565 2133; x_wconf 83' lang='lat' dir='ltr'><strong><em>dicta.</em></strong></span> <span class='ocrx_word' id='word_1_635' title='bbox 2621 2074 2809 2145; x_wconf 60' lang='lat' dir='ltr'><strong><em>inquit,</em></strong></span> <span class='ocrx_word' id='word_1_636' title='bbox 2859 2074 3049 2145; x_wconf 88' lang='lat' dir='ltr'><strong><em>quibus</em></strong></span> <span class='ocrx_word' id='word_1_637' title='bbox 3086 2072 3498 2129; x_wconf 81' lang='lat' dir='ltr'><strong><em>monstravimus</em></strong></span> <span class='ocrx_word' id='word_1_638' title='bbox 3551 2068 3751 2139; x_wconf 81' lang='lat' dir='ltr'><strong><em>quoniam</em></strong></span> 
     </span>
    </p>
   </div>
   <div class='ocr_carea' id='block_1_80' title="bbox 2237 2166 3757 2238">
    <p class='ocr_par' dir='ltr' id='par_1_80' title="bbox 2237 2166 3757 2238">
     <span class='ocr_line' id='line_1_80' title="bbox 2237 2166 3757 2238; baseline -0.007 -15"><span class='ocrx_word' id='word_1_639' title='bbox 2237 2166 2376 2237; x_wconf 75' lang='lat' dir='ltr'><strong><em>ignis</em></strong></span> <span class='ocrx_word' id='word_1_640' title='bbox 2406 2174 2462 2222; x_wconf 91' lang='lat' dir='ltr'><strong><em>et</em></strong></span> <span class='ocrx_word' id='word_1_641' title='bbox 2489 2182 2820 2238; x_wconf 60' lang='lat' dir='ltr'><strong><em>quascunque</em></strong></span> <span class='ocrx_word' id='word_1_642' title='bbox 2850 2182 3063 2236; x_wconf 89' lang='lat' dir='ltr'><strong><em>semper</em></strong></span> <span class='ocrx_word' id='word_1_643' title='bbox 3090 2176 3213 2225; x_wconf 87' lang='lat' dir='ltr'><strong><em>sunt</em></strong></span> <span class='ocrx_word' id='word_1_644' title='bbox 3254 2178 3400 2229; x_wconf 87' lang='lat' dir='ltr'><strong><em>actu,</em></strong></span> <span class='ocrx_word' id='word_1_645' title='bbox 3450 2178 3547 2218; x_wconf 89' lang='lat' dir='ltr'><strong><em>non</em></strong></span> <span class='ocrx_word' id='word_1_646' title='bbox 3581 2166 3757 2235; x_wconf 88' lang='lat' dir='ltr'><strong><em>possunt</em></strong></span> 
     </span>
    </p>
   </div>
   <div class='ocr_carea' id='block_1_81' title="bbox 2236 2259 3758 2330">
    <p class='ocr_par' dir='ltr' id='par_1_81' title="bbox 2236 2259 3758 2330">
     <span class='ocr_line' id='line_1_81' title="bbox 2236 2259 3758 2330; baseline -0.005 -15"><span class='ocrx_word' id='word_1_647' title='bbox 2236 2260 2503 2329; x_wconf 85' lang='lat' dir='ltr'><strong><em>opposita.</em></strong></span> <span class='ocrx_word' id='word_1_648' title='bbox 2532 2269 2590 2314; x_wconf 92' lang='lat' dir='ltr'><strong><em>ut</em></strong></span> <span class='ocrx_word' id='word_1_649' title='bbox 2610 2259 2927 2315; x_wconf 83' lang='lat' dir='ltr'><strong><em>duceremus</em></strong></span> <span class='ocrx_word' id='word_1_650' title='bbox 2949 2275 3055 2315; x_wconf 85' lang='lat' dir='ltr'><strong><em>non</em></strong></span> <span class='ocrx_word' id='word_1_651' title='bbox 3077 2274 3293 2316; x_wconf 88' lang='lat' dir='ltr'><strong><em>omnem</em></strong></span> <span class='ocrx_word' id='word_1_652' title='bbox 3318 2265 3614 2330; x_wconf 85' lang='lat' dir='ltr'><strong><em>potestatem</em></strong></span> <span class='ocrx_word' id='word_1_653' title='bbox 3633 2266 3758 2323; x_wconf 86' lang='lat' dir='ltr'><strong><em>oppo-</em></strong></span> 
     </span>
    </p>
   </div>
   <div class='ocr_carea' id='block_1_82' title="bbox 2237 2345 3760 2421">
    <p class='ocr_par' dir='ltr' id='par_1_82' title="bbox 2237 2345 3760 2421">
     <span class='ocr_line' id='line_1_82' title="bbox 2237 2345 3760 2421; baseline -0.006 -17"><span class='ocrx_word' id='word_1_654' title='bbox 2237 2350 2458 2406; x_wconf 89' lang='lat' dir='ltr'><strong><em>sitorum</em></strong></span> <span class='ocrx_word' id='word_1_655' title='bbox 2488 2365 2609 2407; x_wconf 85' lang='lat' dir='ltr'><strong><em>esse</em></strong></span> <span class='ocrx_word' id='word_1_656' title='bbox 2639 2351 2949 2421; x_wconf 58' lang='lat' dir='ltr'><strong><em>potentiam,</em></strong></span> <span class='ocrx_word' id='word_1_657' title='bbox 2979 2350 3073 2407; x_wconf 90' lang='lat' dir='ltr'><strong><em>sed</em></strong></span> <span class='ocrx_word' id='word_1_658' title='bbox 3111 2351 3242 2406; x_wconf 89' lang='lat' dir='ltr'><strong><em>alias</em></strong></span> <span class='ocrx_word' id='word_1_659' title='bbox 3288 2365 3442 2407; x_wconf 84' lang='lat' dir='ltr'><strong><em>veras</em></strong></span> <span class='ocrx_word' id='word_1_660' title='bbox 3481 2362 3591 2411; x_wconf 83' lang='lat' dir='ltr'><strong><em>esse</em></strong></span> <span class='ocrx_word' id='word_1_661' title='bbox 3614 2345 3760 2414; x_wconf 73' lang='lat' dir='ltr'><strong><em>huius-</em></strong></span> 
     </span>
    </p>
   </div>
   <div class='ocr_carea' id='block_1_83' title="bbox 2239 2436 3762 2513">
    <p class='ocr_par' dir='ltr' id='par_1_83' title="bbox 2239 2436 3762 2513">
     <span class='ocr_line' id='line_1_83' title="bbox 2239 2436 3762 2513; baseline -0.007 -16"><span class='ocrx_word' id='word_1_662' title='bbox 2239 2441 2382 2497; x_wconf 89' lang='lat' dir='ltr'><strong><em>modi</em></strong></span> <span class='ocrx_word' id='word_1_663' title='bbox 2412 2452 2703 2513; x_wconf 89' lang='lat' dir='ltr'><strong><em>potestates</em></strong></span> <span class='ocrx_word' id='word_1_664' title='bbox 2729 2458 2846 2513; x_wconf 67' lang='lat' dir='ltr'><strong><em>quas</em></strong></span> <span class='ocrx_word' id='word_1_665' title='bbox 2874 2452 2994 2498; x_wconf 85' lang='lat' dir='ltr'><strong><em>actu</em></strong></span> <span class='ocrx_word' id='word_1_666' title='bbox 3016 2452 3214 2511; x_wconf 88' lang='lat' dir='ltr'><strong><em>essent,</em></strong></span> <span class='ocrx_word' id='word_1_667' title='bbox 3247 2452 3307 2498; x_wconf 91' lang='lat' dir='ltr'><strong><em>et</em></strong></span> <span class='ocrx_word' id='word_1_668' title='bbox 3328 2457 3481 2496; x_wconf 91' lang='lat' dir='ltr'><strong><em>unam</em></strong></span> <span class='ocrx_word' id='word_1_669' title='bbox 3509 2455 3609 2495; x_wconf 88' lang='lat' dir='ltr'><strong><em>rem</em></strong></span> <span class='ocrx_word' id='word_1_670' title='bbox 3632 2436 3762 2491; x_wconf 86' lang='lat' dir='ltr'><strong><em>solam</em></strong></span> 
     </span>
    </p>
   </div>
   <div class='ocr_carea' id='block_1_84' title="bbox 2242 2528 3763 2608">
    <p class='ocr_par' dir='ltr' id='par_1_84' title="bbox 2242 2528 3763 2608">
     <span class='ocr_line' id='line_1_84' title="bbox 2242 2528 3763 2608; baseline -0.005 -19"><span class='ocrx_word' id='word_1_671' title='bbox 2242 2545 2481 2605; x_wconf 82' lang='lat' dir='ltr'><strong><em>possent,</em></strong></span> <span class='ocrx_word' id='word_1_672' title='bbox 2516 2536 2583 2591; x_wconf 90' lang='lat' dir='ltr'><strong><em>ab</em></strong></span> <span class='ocrx_word' id='word_1_673' title='bbox 2610 2538 2975 2606; x_wconf 81' lang='lat' dir='ltr'><strong><em>oppositorum</em></strong></span> <span class='ocrx_word' id='word_1_674' title='bbox 2999 2551 3128 2591; x_wconf 84' lang='lat' dir='ltr'><strong><em>vero</em></strong></span> <span class='ocrx_word' id='word_1_675' title='bbox 3160 2545 3428 2608; x_wconf 84' lang='lat' dir='ltr'><strong><em>potestate</em></strong></span> <span class='ocrx_word' id='word_1_676' title='bbox 3463 2528 3763 2589; x_wconf 84' lang='lat' dir='ltr'><strong><em>discederent.</em></strong></span> 
     </span>
    </p>
   </div>
   <div class='ocr_carea' id='block_1_85' title="bbox 2244 2623 3767 2699">
    <p class='ocr_par' dir='ltr' id='par_1_85' title="bbox 2244 2623 3767 2699">
     <span class='ocr_line' id='line_1_85' title="bbox 2244 2623 3767 2699; baseline -0.005 -19"><span class='ocrx_word' id='word_1_677' title='bbox 2244 2626 2354 2681; x_wconf 90' lang='lat' dir='ltr'><strong><em>Hoc</em></strong></span> <span class='ocrx_word' id='word_1_678' title='bbox 2383 2636 2559 2682; x_wconf 89' lang='lat' dir='ltr'><strong><em>autem</em></strong></span> <span class='ocrx_word' id='word_1_679' title='bbox 2590 2642 2694 2682; x_wconf 92' lang='lat' dir='ltr'><strong><em>non</em></strong></span> <span class='ocrx_word' id='word_1_680' title='bbox 2719 2629 2889 2685; x_wconf 89' lang='lat' dir='ltr'><strong><em>solum</em></strong></span> <span class='ocrx_word' id='word_1_681' title='bbox 2914 2628 2965 2683; x_wconf 93' lang='lat' dir='ltr'><strong><em>in</em></strong></span> <span class='ocrx_word' id='word_1_682' title='bbox 2991 2628 3075 2683; x_wconf 89' lang='lat' dir='ltr'><strong><em>his</em></strong></span> <span class='ocrx_word' id='word_1_683' title='bbox 3094 2643 3212 2699; x_wconf 68' lang='lat' dir='ltr'><strong><em>quae</em></strong></span> <span class='ocrx_word' id='word_1_684' title='bbox 3239 2627 3528 2684; x_wconf 89' lang='lat' dir='ltr'><strong><em>secundum</em></strong></span> <span class='ocrx_word' id='word_1_685' title='bbox 3556 2623 3767 2679; x_wconf 81' lang='lat' dir='ltr'><strong><em>rationem</em></strong></span> 
     </span>
    </p>
   </div>
   <div class='ocr_carea' id='block_1_86' title="bbox 2242 2720 3769 2790">
    <p class='ocr_par' dir='ltr' id='par_1_86' title="bbox 2242 2720 3769 2790">
     <span class='ocr_line' id='line_1_86' title="bbox 2242 2720 3769 2790; baseline -0.003 -16"><span class='ocrx_word' id='word_1_686' title='bbox 2242 2730 2533 2790; x_wconf 86' lang='lat' dir='ltr'><strong><em>potestates</em></strong></span> <span class='ocrx_word' id='word_1_687' title='bbox 2566 2720 2832 2788; x_wconf 80' lang='lat' dir='ltr'><strong><em>dicuntur,</em></strong></span> <span class='ocrx_word' id='word_1_688' title='bbox 2867 2722 2958 2777; x_wconf 90' lang='lat' dir='ltr'><strong><em>sed</em></strong></span> <span class='ocrx_word' id='word_1_689' title='bbox 3003 2722 3162 2777; x_wconf 90' lang='lat' dir='ltr'><strong><em>etiam</em></strong></span> <span class='ocrx_word' id='word_1_690' title='bbox 3204 2722 3500 2777; x_wconf 84' lang='lat' dir='ltr'><strong><em>secundum</em></strong></span> <span class='ocrx_word' id='word_1_691' title='bbox 3543 2732 3646 2774; x_wconf 90' lang='lat' dir='ltr'><strong><em>eam</em></strong></span> <span class='ocrx_word' id='word_1_692' title='bbox 3680 2729 3769 2784; x_wconf 73' lang='lat' dir='ltr'><strong><em>spe</em></strong></span> 
     </span>
    </p>
   </div>
   <div class='ocr_carea' id='block_1_87' title="bbox 2244 2804 3769 2887">
    <p class='ocr_par' dir='ltr' id='par_1_87' title="bbox 2244 2804 3769 2887">
     <span class='ocr_line' id='line_1_87' title="bbox 2244 2804 3769 2887; baseline -0.005 -23"><span class='ocrx_word' id='word_1_693' title='bbox 2244 2810 2381 2867; x_wconf 89' lang='lat' dir='ltr'><strong><em>ciem</em></strong></span> <span class='ocrx_word' id='word_1_694' title='bbox 2425 2827 2542 2880; x_wconf 85' lang='lat' dir='ltr'><strong><em>quae</em></strong></span> <span class='ocrx_word' id='word_1_695' title='bbox 2577 2812 2957 2887; x_wconf 84' lang='lat' dir='ltr'><strong><em>irrationabilis</em></strong></span> <span class='ocrx_word' id='word_1_696' title='bbox 2984 2812 3199 2868; x_wconf 86' lang='lat' dir='ltr'><strong><em>dicitur.</em></strong></span> <span class='ocrx_word' id='word_1_697' title='bbox 3243 2811 3389 2868; x_wconf 87' lang='lat' dir='ltr'><strong><em>Sunt</em></strong></span> <span class='ocrx_word' id='word_1_698' title='bbox 3413 2804 3547 2867; x_wconf 87' lang='lat' dir='ltr'><strong><em>enim</em></strong></span> <span class='ocrx_word' id='word_1_699' title='bbox 3575 2806 3769 2877; x_wconf 58' lang='lat' dir='ltr'><strong><em>quoidam</em></strong></span> 
     </span>
    </p>
   </div>
   <div class='ocr_carea' id='block_1_88' title="bbox 2244 2904 3771 2976">
    <p class='ocr_par' dir='ltr' id='par_1_88' title="bbox 2244 2904 3771 2976">
     <span class='ocr_line' id='line_1_88' title="bbox 2244 2904 3771 2976; baseline -0.007 -14"><span class='ocrx_word' id='word_1_700' title='bbox 2244 2920 2430 2962; x_wconf 87' lang='lat' dir='ltr'><strong><em>eorum</em></strong></span> <span class='ocrx_word' id='word_1_701' title='bbox 2466 2920 2586 2975; x_wconf 63' lang='lat' dir='ltr'><strong><em>quas</em></strong></span> <span class='ocrx_word' id='word_1_702' title='bbox 2631 2904 3021 2962; x_wconf 24' lang='lat' dir='ltr'><strong><em>iarationvtbiles</em></strong></span> <span class='ocrx_word' id='word_1_703' title='bbox 3068 2915 3363 2976; x_wconf 88' lang='lat' dir='ltr'><strong><em>potestates</em></strong></span> <span class='ocrx_word' id='word_1_704' title='bbox 3406 2921 3521 2962; x_wconf 54' lang='lat' dir='ltr'><strong><em>esse</em></strong></span> <span class='ocrx_word' id='word_1_705' title='bbox 3551 2904 3771 2967; x_wconf 84' lang='lat' dir='ltr'><strong><em>dicuntur,</em></strong></span> 
     </span>
    </p>
   </div>
   <div class='ocr_carea' id='block_1_89' title="bbox 2246 2994 3776 3069">
    <p class='ocr_par' dir='ltr' id='par_1_89' title="bbox 2246 2994 3776 3069">
     <span class='ocr_line' id='line_1_89' title="bbox 2246 2994 3776 3069; baseline 0 -17"><span class='ocrx_word' id='word_1_706' title='bbox 2246 3011 2365 3069; x_wconf 70' lang='lat' dir='ltr'><strong><em>qua:</em></strong></span> <span class='ocrx_word' id='word_1_707' title='bbox 2393 3013 2496 3051; x_wconf 91' lang='lat' dir='ltr'><strong><em>non</em></strong></span> <span class='ocrx_word' id='word_1_708' title='bbox 2523 2999 2695 3054; x_wconf 88' lang='lat' dir='ltr'><strong><em>solum</em></strong></span> <span class='ocrx_word' id='word_1_709' title='bbox 2725 2998 2778 3053; x_wconf 89' lang='lat' dir='ltr'><strong><em>id</em></strong></span> <span class='ocrx_word' id='word_1_710' title='bbox 2809 2999 2950 3069; x_wconf 89' lang='lat' dir='ltr'><strong><em>quod</em></strong></span> <span class='ocrx_word' id='word_1_711' title='bbox 2979 3008 3126 3064; x_wconf 88' lang='lat' dir='ltr'><strong><em>sunt,</em></strong></span> <span class='ocrx_word' id='word_1_712' title='bbox 3161 3014 3353 3055; x_wconf 88' lang='lat' dir='ltr'><strong><em>verum</em></strong></span> <span class='ocrx_word' id='word_1_713' title='bbox 3396 3003 3551 3054; x_wconf 70' lang='lat' dir='ltr'><strong><em>etiam</em></strong></span> <span class='ocrx_word' id='word_1_714' title='bbox 3580 2994 3776 3064; x_wconf 71' lang='lat' dir='ltr'><strong><em>opposita</em></strong></span> 
     </span>
    </p>
   </div>
   <div class='ocr_carea' id='block_1_90' title="bbox 2248 3084 3778 3161">
    <p class='ocr_par' dir='ltr' id='par_1_90' title="bbox 2248 3084 3778 3161">
     <span class='ocr_line' id='line_1_90' title="bbox 2248 3084 3778 3161; baseline -0.002 -22"><span class='ocrx_word' id='word_1_715' title='bbox 2248 3088 2475 3158; x_wconf 89' lang='lat' dir='ltr'><strong><em>possint,</em></strong></span> <span class='ocrx_word' id='word_1_716' title='bbox 2507 3090 2609 3145; x_wconf 89' lang='lat' dir='ltr'><strong><em>alia</em></strong></span> <span class='ocrx_word' id='word_1_717' title='bbox 2633 3105 2759 3149; x_wconf 84' lang='lat' dir='ltr'><strong><em>vero</em></strong></span> <span class='ocrx_word' id='word_1_718' title='bbox 2787 3106 2949 3146; x_wconf 90' lang='lat' dir='ltr'><strong><em>unum</em></strong></span> <span class='ocrx_word' id='word_1_719' title='bbox 2983 3099 3183 3147; x_wconf 88' lang='lat' dir='ltr'><strong><em>tantum</em></strong></span> <span class='ocrx_word' id='word_1_720' title='bbox 3217 3099 3462 3161; x_wconf 60' lang='lat' dir='ltr'><strong><em>possunt.</em></strong></span> <span class='ocrx_word' id='word_1_721' title='bbox 3496 3088 3645 3146; x_wconf 52' lang='lat' dir='ltr'><strong><em>Pullis</em></strong></span> <span class='ocrx_word' id='word_1_722' title='bbox 3667 3084 3778 3141; x_wconf 84' lang='lat' dir='ltr'><strong><em>enim</em></strong></span> 
     </span>
    </p>
   </div>
   <div class='ocr_carea' id='block_1_91' title="bbox 2252 3177 3778 3250">
    <p class='ocr_par' dir='ltr' id='par_1_91' title="bbox 2252 3177 3778 3250">
     <span class='ocr_line' id='line_1_91' title="bbox 2252 3177 3778 3250; baseline -0.01 -9"><span class='ocrx_word' id='word_1_723' title='bbox 2252 3189 2426 3249; x_wconf 71' lang='lat' dir='ltr'><strong><em>potest</em></strong></span> <span class='ocrx_word' id='word_1_724' title='bbox 2463 3181 2637 3239; x_wconf 90' lang='lat' dir='ltr'><strong><em>secari</em></strong></span> <span class='ocrx_word' id='word_1_725' title='bbox 2690 3190 2743 3237; x_wconf 91' lang='lat' dir='ltr'><strong><em>et</em></strong></span> <span class='ocrx_word' id='word_1_726' title='bbox 2778 3197 2882 3236; x_wconf 90' lang='lat' dir='ltr'><strong><em>non</em></strong></span> <span class='ocrx_word' id='word_1_727' title='bbox 2914 3182 3107 3246; x_wconf 88' lang='lat' dir='ltr'><strong><em>secari,</em></strong></span> <span class='ocrx_word' id='word_1_728' title='bbox 3139 3190 3195 3236; x_wconf 92' lang='lat' dir='ltr'><strong><em>et</em></strong></span> <span class='ocrx_word' id='word_1_729' title='bbox 3232 3182 3439 3236; x_wconf 87' lang='lat' dir='ltr'><strong><em>idcirco</em></strong></span> <span class='ocrx_word' id='word_1_730' title='bbox 3468 3177 3688 3250; x_wconf 75' lang='lat' dir='ltr'><strong><em>opposi&#39;a</em></strong></span> <span class='ocrx_word' id='word_1_731' title='bbox 3707 3188 3778 3244; x_wconf 85' lang='lat' dir='ltr'><strong><em>po-</em></strong></span> 
     </span>
    </p>
   </div>
   <div class='ocr_carea' id='block_1_92' title="bbox 2252 3270 3782 3347">
    <p class='ocr_par' dir='ltr' id='par_1_92' title="bbox 2252 3270 3782 3347">
     <span class='ocr_line' id='line_1_92' title="bbox 2252 3270 3782 3347; baseline -0.002 -21"><span class='ocrx_word' id='word_1_732' title='bbox 2252 3279 2389 3347; x_wconf 83' lang='lat' dir='ltr'><strong><em>test;</em></strong></span> <span class='ocrx_word' id='word_1_733' title='bbox 2444 3271 2578 3342; x_wconf 83' lang='lat' dir='ltr'><strong><em>ignis</em></strong></span> <span class='ocrx_word' id='word_1_734' title='bbox 2639 3287 2786 3338; x_wconf 84' lang='lat' dir='ltr'><strong><em>vero,</em></strong></span> <span class='ocrx_word' id='word_1_735' title='bbox 2832 3287 2952 3327; x_wconf 91' lang='lat' dir='ltr'><strong><em>cum</em></strong></span> <span class='ocrx_word' id='word_1_736' title='bbox 3017 3274 3087 3326; x_wconf 89' lang='lat' dir='ltr'><strong><em>sit</em></strong></span> <span class='ocrx_word' id='word_1_737' title='bbox 3153 3271 3388 3342; x_wconf 90' lang='lat' dir='ltr'><strong><em>calidus,</em></strong></span> <span class='ocrx_word' id='word_1_738' title='bbox 3440 3270 3648 3340; x_wconf 76' lang='lat' dir='ltr'><strong><em>frigidus</em></strong></span> <span class='ocrx_word' id='word_1_739' title='bbox 3691 3279 3782 3321; x_wconf 76' lang='lat' dir='ltr'><strong><em>esse</em></strong></span> 
     </span>
    </p>
   </div>
   <div class='ocr_carea' id='block_1_93' title="bbox 2251 3357 3783 3436">
    <p class='ocr_par' dir='ltr' id='par_1_93' title="bbox 2251 3357 3783 3436">
     <span class='ocr_line' id='line_1_93' title="bbox 2251 3357 3783 3436; baseline -0.003 -18"><span class='ocrx_word' id='word_1_740' title='bbox 2251 3378 2356 3419; x_wconf 86' lang='lat' dir='ltr'><strong><em>non</em></strong></span> <span class='ocrx_word' id='word_1_741' title='bbox 2416 3360 2608 3430; x_wconf 79' lang='lat' dir='ltr'><strong><em>potest.</em></strong></span> <span class='ocrx_word' id='word_1_742' title='bbox 2666 3364 2733 3420; x_wconf 85' lang='lat' dir='ltr'><strong><em>Et</em></strong></span> <span class='ocrx_word' id='word_1_743' title='bbox 2780 3364 2978 3421; x_wconf 88' lang='lat' dir='ltr'><strong><em>idcirco</em></strong></span> <span class='ocrx_word' id='word_1_744' title='bbox 3022 3364 3165 3420; x_wconf 88' lang='lat' dir='ltr'><strong><em>nulla</em></strong></span> <span class='ocrx_word' id='word_1_745' title='bbox 3208 3366 3578 3436; x_wconf 75' lang='lat' dir='ltr'><strong><em>oppositurum</em></strong></span> <span class='ocrx_word' id='word_1_746' title='bbox 3626 3372 3695 3417; x_wconf 89' lang='lat' dir='ltr'><strong><em>est</em></strong></span> <span class='ocrx_word' id='word_1_747' title='bbox 3729 3357 3783 3410; x_wconf 85' lang='lat' dir='ltr'><strong><em>illi</em></strong></span> 
     </span>
    </p>
   </div>
   <div class='ocr_carea' id='block_1_94' title="bbox 2251 3465 2511 3524">
    <p class='ocr_par' dir='ltr' id='par_1_94' title="bbox 2251 3465 2511 3524">
     <span class='ocr_line' id='line_1_94' title="bbox 2251 3465 2511 3524; baseline 0.004 -15"><span class='ocrx_word' id='word_1_748' title='bbox 2251 3465 2511 3524; x_wconf 86' lang='lat' dir='ltr'><strong><em>potestas.</em></strong></span> 
     </span>
    </p>
   </div>
   <div class='ocr_carea' id='block_1_95' title="bbox 2326 3539 3790 3616">
    <p class='ocr_par' dir='ltr' id='par_1_95' title="bbox 2326 3539 3790 3616">
     <span class='ocr_line' id='line_1_95' title="bbox 2326 3539 3790 3616; baseline -0.003 -19"><span class='ocrx_word' id='word_1_749' title='bbox 2326 3545 2571 3613; x_wconf 80' lang='lat' dir='ltr'><strong><em>andant</em></strong></span> <span class='ocrx_word' id='word_1_750' title='bbox 2610 3561 2724 3599; x_wconf 83' lang='lat' dir='ltr'><strong><em>vero</em></strong></span> <span class='ocrx_word' id='word_1_751' title='bbox 2764 3555 3032 3616; x_wconf 84' lang='lat' dir='ltr'><strong><em>potestates</em></strong></span> <span class='ocrx_word' id='word_1_752' title='bbox 3076 3546 3334 3616; x_wconf 80' lang='lat' dir='ltr'><strong><em>tequivoce</em></strong></span> <span class='ocrx_word' id='word_1_753' title='bbox 3395 3553 3531 3601; x_wconf 86' lang='lat' dir='ltr'><strong><em>sunt.</em></strong></span> <span class='ocrx_word' id='word_1_754' title='bbox 3582 3539 3790 3596; x_wconf 80' lang='lat' dir='ltr'><strong><em>Possibilt</em></strong></span> 
     </span>
    </p>
   </div>
   <div class='ocr_carea' id='block_1_96' title="bbox 2252 3633 3790 3707">
    <p class='ocr_par' dir='ltr' id='par_1_96' title="bbox 2252 3633 3790 3707">
     <span class='ocr_line' id='line_1_96' title="bbox 2252 3633 3790 3707; baseline -0.007 -18"><span class='ocrx_word' id='word_1_755' title='bbox 2252 3638 2387 3690; x_wconf 88' lang='lat' dir='ltr'><strong><em>enim</em></strong></span> <span class='ocrx_word' id='word_1_756' title='bbox 2436 3654 2535 3691; x_wconf 87' lang='lat' dir='ltr'><strong><em>non</em></strong></span> <span class='ocrx_word' id='word_1_757' title='bbox 2572 3638 2805 3690; x_wconf 84' lang='lat' dir='ltr'><strong><em>similiter</em></strong></span> <span class='ocrx_word' id='word_1_758' title='bbox 2845 3636 3050 3705; x_wconf 80' lang='lat' dir='ltr'><strong><em>dicitur,</em></strong></span> <span class='ocrx_word' id='word_1_759' title='bbox 3081 3635 3170 3691; x_wconf 89' lang='lat' dir='ltr'><strong><em>sed</em></strong></span> <span class='ocrx_word' id='word_1_760' title='bbox 3206 3637 3303 3691; x_wconf 84' lang='lat' dir='ltr'><strong><em>hoc</em></strong></span> <span class='ocrx_word' id='word_1_761' title='bbox 3352 3636 3555 3707; x_wconf 86' lang='lat' dir='ltr'><strong><em>quidem</em></strong></span> <span class='ocrx_word' id='word_1_762' title='bbox 3593 3633 3790 3704; x_wconf 79' lang='lat' dir='ltr'><strong><em>quoniam</em></strong></span> 
     </span>
    </p>
   </div>
   <div class='ocr_carea' id='block_1_97' title="bbox 2250 3728 3795 3799">
    <p class='ocr_par' dir='ltr' id='par_1_97' title="bbox 2250 3728 3795 3799">
     <span class='ocr_line' id='line_1_97' title="bbox 2250 3728 3795 3799; baseline -0.002 -12"><span class='ocrx_word' id='word_1_763' title='bbox 2250 3748 2418 3787; x_wconf 81' lang='lat' dir='ltr'><strong><em>verum</em></strong></span> <span class='ocrx_word' id='word_1_764' title='bbox 2448 3740 2542 3795; x_wconf 75' lang='lat' dir='ltr'><strong><em>est,</em></strong></span> <span class='ocrx_word' id='word_1_765' title='bbox 2576 3741 2629 3785; x_wconf 89' lang='lat' dir='ltr'><strong><em>ut</em></strong></span> <span class='ocrx_word' id='word_1_766' title='bbox 2654 3733 2703 3783; x_wconf 87' lang='lat' dir='ltr'><strong><em>in</em></strong></span> <span class='ocrx_word' id='word_1_767' title='bbox 2734 3740 2870 3791; x_wconf 90' lang='lat' dir='ltr'><strong><em>actu,</em></strong></span> <span class='ocrx_word' id='word_1_768' title='bbox 2904 3741 2956 3783; x_wconf 86' lang='lat' dir='ltr'><strong><em>ut</em></strong></span> <span class='ocrx_word' id='word_1_769' title='bbox 2999 3729 3234 3799; x_wconf 73' lang='lat' dir='ltr'><strong><em>possibile</em></strong></span> <span class='ocrx_word' id='word_1_770' title='bbox 3274 3741 3350 3785; x_wconf 87' lang='lat' dir='ltr'><strong><em>est</em></strong></span> <span class='ocrx_word' id='word_1_771' title='bbox 3398 3728 3673 3793; x_wconf 85' lang='lat' dir='ltr'><strong><em>ambulare,</em></strong></span> <span class='ocrx_word' id='word_1_772' title='bbox 3696 3742 3795 3798; x_wconf 79' lang='lat' dir='ltr'><strong><em>quo-</em></strong></span> 
     </span>
    </p>
   </div>
   <div class='ocr_carea' id='block_1_98' title="bbox 2252 3824 3797 3896">
    <p class='ocr_par' dir='ltr' id='par_1_98' title="bbox 2252 3824 3797 3896">
     <span class='ocr_line' id='line_1_98' title="bbox 2252 3824 3797 3896; baseline -0.003 -15"><span class='ocrx_word' id='word_1_773' title='bbox 2252 3828 2391 3881; x_wconf 85' lang='lat' dir='ltr'><strong><em>niam</em></strong></span> <span class='ocrx_word' id='word_1_774' title='bbox 2416 3825 2667 3891; x_wconf 87' lang='lat' dir='ltr'><strong><em>ambulat,</em></strong></span> <span class='ocrx_word' id='word_1_775' title='bbox 2696 3834 2741 3880; x_wconf 88' lang='lat' dir='ltr'><strong><em>et</em></strong></span> <span class='ocrx_word' id='word_1_776' title='bbox 2766 3826 2970 3878; x_wconf 88' lang='lat' dir='ltr'><strong><em>omnino</em></strong></span> <span class='ocrx_word' id='word_1_777' title='bbox 2996 3825 3235 3896; x_wconf 85' lang='lat' dir='ltr'><strong><em>possibile</em></strong></span> <span class='ocrx_word' id='word_1_778' title='bbox 3254 3835 3332 3880; x_wconf 85' lang='lat' dir='ltr'><strong><em>est</em></strong></span> <span class='ocrx_word' id='word_1_779' title='bbox 3354 3843 3484 3892; x_wconf 86' lang='lat' dir='ltr'><strong><em>esse,</em></strong></span> <span class='ocrx_word' id='word_1_780' title='bbox 3504 3824 3721 3895; x_wconf 87' lang='lat' dir='ltr'><strong><em>quoniam</em></strong></span> <span class='ocrx_word' id='word_1_781' title='bbox 3742 3826 3797 3870; x_wconf 73' lang='grc' dir='ltr'><strong><em>εει</em></strong></span> 
     </span>
    </p>
   </div>
   <div class='ocr_carea' id='block_1_99' title="bbox 2244 3913 3801 3991">
    <p class='ocr_par' dir='ltr' id='par_1_99' title="bbox 2244 3913 3801 3991">
     <span class='ocr_line' id='line_1_99' title="bbox 2244 3913 3801 3991; baseline -0.005 -20"><span class='ocrx_word' id='word_1_782' title='bbox 2244 3920 2362 3991; x_wconf 87' lang='lat' dir='ltr'><strong><em>jam</em></strong></span> <span class='ocrx_word' id='word_1_783' title='bbox 2396 3920 2535 3981; x_wconf 84' lang='lat' dir='ltr'><strong><em>actu,</em></strong></span> <span class='ocrx_word' id='word_1_784' title='bbox 2566 3918 2699 3986; x_wconf 86' lang='lat' dir='ltr'><strong><em>quod</em></strong></span> <span class='ocrx_word' id='word_1_785' title='bbox 2728 3917 2913 3971; x_wconf 87' lang='lat' dir='ltr'><strong><em>dicitur</em></strong></span> <span class='ocrx_word' id='word_1_786' title='bbox 2939 3918 3193 3986; x_wconf 87' lang='lat' dir='ltr'><strong><em>possibile.</em></strong></span> <span class='ocrx_word' id='word_1_787' title='bbox 3239 3914 3393 3972; x_wconf 90' lang='lat' dir='ltr'><strong><em>Illud</em></strong></span> <span class='ocrx_word' id='word_1_788' title='bbox 3438 3934 3554 3972; x_wconf 84' lang='lat' dir='ltr'><strong><em>uero</em></strong></span> <span class='ocrx_word' id='word_1_789' title='bbox 3601 3913 3801 3984; x_wconf 65' lang='lat' dir='ltr'><strong><em>quoniam</em></strong></span> 
     </span>
    </p>
   </div>
   <div class='ocr_carea' id='block_1_100' title="bbox 2254 4007 3803 4081">
    <p class='ocr_par' dir='ltr' id='par_1_100' title="bbox 2254 4007 3803 4081">
     <span class='ocr_line' id='line_1_100' title="bbox 2254 4007 3803 4081; baseline -0.006 -19"><span class='ocrx_word' id='word_1_790' title='bbox 2254 4011 2473 4080; x_wconf 80' lang='lat' dir='ltr'><strong><em>forsitan</em></strong></span> <span class='ocrx_word' id='word_1_791' title='bbox 2501 4021 2633 4080; x_wconf 82' lang='lat' dir='ltr'><strong><em>aget.</em></strong></span> <span class='ocrx_word' id='word_1_792' title='bbox 2667 4021 2719 4064; x_wconf 93' lang='lat' dir='ltr'><strong><em>ut</em></strong></span> <span class='ocrx_word' id='word_1_793' title='bbox 2760 4011 2995 4081; x_wconf 86' lang='lat' dir='ltr'><strong><em>possibile</em></strong></span> <span class='ocrx_word' id='word_1_794' title='bbox 3018 4020 3089 4065; x_wconf 90' lang='lat' dir='ltr'><strong><em>est</em></strong></span> <span class='ocrx_word' id='word_1_795' title='bbox 3109 4011 3397 4079; x_wconf 85' lang='lat' dir='ltr'><strong><em>ambulare,</em></strong></span> <span class='ocrx_word' id='word_1_796' title='bbox 3429 4013 3655 4079; x_wconf 88' lang='lat' dir='ltr'><strong><em>quoniam</em></strong></span> <span class='ocrx_word' id='word_1_797' title='bbox 3681 4007 3803 4078; x_wconf 78' lang='lat' dir='ltr'><strong><em>{orn-</em></strong></span> 
     </span>
    </p>
   </div>
   <div class='ocr_carea' id='block_1_101' title="bbox 2255 4104 3807 4173">
    <p class='ocr_par' dir='ltr' id='par_1_101' title="bbox 2255 4104 3807 4173">
     <span class='ocr_line' id='line_1_101' title="bbox 2255 4104 3807 4173; baseline -0.001 -15"><span class='ocrx_word' id='word_1_798' title='bbox 2255 4114 2340 4158; x_wconf 88' lang='lat' dir='ltr'><strong><em>tan</em></strong></span> <span class='ocrx_word' id='word_1_799' title='bbox 2362 4104 2662 4166; x_wconf 87' lang='lat' dir='ltr'><strong><em>ambulabit,</em></strong></span> <span class='ocrx_word' id='word_1_800' title='bbox 2687 4114 2731 4158; x_wconf 90' lang='lat' dir='ltr'><strong><em>et</em></strong></span> <span class='ocrx_word' id='word_1_801' title='bbox 2763 4105 2871 4159; x_wconf 76' lang='lat' dir='ltr'><strong><em>luec</em></strong></span> <span class='ocrx_word' id='word_1_802' title='bbox 2896 4106 3097 4173; x_wconf 86' lang='lat' dir='ltr'><strong><em>quidem</em></strong></span> <span class='ocrx_word' id='word_1_803' title='bbox 3126 4106 3177 4161; x_wconf 87' lang='lat' dir='ltr'><strong><em>in</em></strong></span> <span class='ocrx_word' id='word_1_804' title='bbox 3202 4107 3329 4160; x_wconf 88' lang='lat' dir='ltr'><strong><em>solis</em></strong></span> <span class='ocrx_word' id='word_1_805' title='bbox 3362 4107 3629 4161; x_wconf 88' lang='lat' dir='ltr'><strong><em>mobilibus</em></strong></span> <span class='ocrx_word' id='word_1_806' title='bbox 3653 4111 3718 4158; x_wconf 85' lang='lat' dir='ltr'><strong><em>est</em></strong></span> <span class='ocrx_word' id='word_1_807' title='bbox 3738 4116 3807 4173; x_wconf 82' lang='lat' dir='ltr'><strong><em>p0-</em></strong></span> 
     </span>
    </p>
   </div>
   <div class='ocr_carea' id='block_1_102' title="bbox 2256 4193 3808 4268">
    <p class='ocr_par' dir='ltr' id='par_1_102' title="bbox 2256 4193 3808 4268">
     <span class='ocr_line' id='line_1_102' title="bbox 2256 4193 3808 4268; baseline -0.006 -19"><span class='ocrx_word' id='word_1_808' title='bbox 2256 4203 2431 4249; x_wconf 80' lang='lat' dir='ltr'><strong><em>lestas.</em></strong></span> <span class='ocrx_word' id='word_1_809' title='bbox 2460 4193 2560 4248; x_wconf 84' lang='lat' dir='ltr'><strong><em>Illa</em></strong></span> <span class='ocrx_word' id='word_1_810' title='bbox 2590 4210 2705 4249; x_wconf 84' lang='lat' dir='ltr'><strong><em>vero</em></strong></span> <span class='ocrx_word' id='word_1_811' title='bbox 2726 4207 2771 4249; x_wconf 87' lang='lat' dir='ltr'><strong><em>et</em></strong></span> <span class='ocrx_word' id='word_1_812' title='bbox 2796 4195 3154 4250; x_wconf 68' lang='lat' dir='ltr'><strong><em>immobilibus.</em></strong></span> <span class='ocrx_word' id='word_1_813' title='bbox 3183 4195 3246 4250; x_wconf 86' lang='lat' dir='ltr'><strong><em>In</em></strong></span> <span class='ocrx_word' id='word_1_814' title='bbox 3274 4200 3514 4268; x_wconf 86' lang='lat' dir='ltr'><strong><em>utrisque</em></strong></span> <span class='ocrx_word' id='word_1_815' title='bbox 3534 4212 3643 4251; x_wconf 86' lang='lat' dir='ltr'><strong><em>vero</em></strong></span> <span class='ocrx_word' id='word_1_816' title='bbox 3666 4205 3808 4246; x_wconf 78' lang='lat' dir='ltr'><strong><em>rerum</em></strong></span> 
     </span>
    </p>
   </div>
   <div class='ocr_carea' id='block_1_103' title="bbox 2256 4288 3812 4358">
    <p class='ocr_par' dir='ltr' id='par_1_103' title="bbox 2256 4288 3812 4358">
     <span class='ocr_line' id='line_1_103' title="bbox 2256 4288 3812 4358; baseline -0.004 -18"><span class='ocrx_word' id='word_1_817' title='bbox 2256 4296 2330 4340; x_wconf 86' lang='lat' dir='ltr'><strong><em>est</em></strong></span> <span class='ocrx_word' id='word_1_818' title='bbox 2373 4288 2560 4352; x_wconf 88' lang='lat' dir='ltr'><strong><em>dicere,</em></strong></span> <span class='ocrx_word' id='word_1_819' title='bbox 2590 4304 2691 4342; x_wconf 89' lang='lat' dir='ltr'><strong><em>non</em></strong></span> <span class='ocrx_word' id='word_1_820' title='bbox 2735 4288 3041 4358; x_wconf 86' lang='lat' dir='ltr'><strong><em>impossibile</em></strong></span> <span class='ocrx_word' id='word_1_821' title='bbox 3088 4298 3160 4343; x_wconf 80' lang='lat' dir='ltr'><strong><em>est</em></strong></span> <span class='ocrx_word' id='word_1_822' title='bbox 3207 4290 3482 4343; x_wconf 74' lang='lat' dir='ltr'><strong><em>ambulare</em></strong></span> <span class='ocrx_word' id='word_1_823' title='bbox 3526 4289 3601 4342; x_wconf 77' lang='lat' dir='ltr'><strong><em>cel</em></strong></span> <span class='ocrx_word' id='word_1_824' title='bbox 3642 4300 3754 4349; x_wconf 83' lang='lat' dir='ltr'><strong><em>esse,</em></strong></span> <span class='ocrx_word' id='word_1_825' title='bbox 3779 4292 3812 4334; x_wconf 76' lang='lat' dir='ltr'><strong><em>et</em></strong></span> 
     </span>
    </p>
   </div>
   <div class='ocr_carea' id='block_1_104' title="bbox 2256 4373 3815 4452">
    <p class='ocr_par' dir='ltr' id='par_1_104' title="bbox 2256 4373 3815 4452">
     <span class='ocr_line' id='line_1_104' title="bbox 2256 4373 3815 4452; baseline -0.004 -18"><span class='ocrx_word' id='word_1_826' title='bbox 2256 4380 2393 4451; x_wconf 89' lang='lat' dir='ltr'><strong><em>quod</em></strong></span> <span class='ocrx_word' id='word_1_827' title='bbox 2421 4381 2642 4433; x_wconf 86' lang='lat' dir='ltr'><strong><em>ambulat</em></strong></span> <span class='ocrx_word' id='word_1_828' title='bbox 2662 4381 2776 4452; x_wconf 87' lang='lat' dir='ltr'><strong><em>jam</em></strong></span> <span class='ocrx_word' id='word_1_829' title='bbox 2803 4388 2850 4434; x_wconf 89' lang='lat' dir='ltr'><strong><em>el</em></strong></span> <span class='ocrx_word' id='word_1_830' title='bbox 2872 4380 2998 4450; x_wconf 85' lang='lat' dir='ltr'><strong><em>agit,</em></strong></span> <span class='ocrx_word' id='word_1_831' title='bbox 3027 4389 3073 4435; x_wconf 90' lang='lat' dir='ltr'><strong><em>et</em></strong></span> <span class='ocrx_word' id='word_1_832' title='bbox 3100 4378 3416 4434; x_wconf 78' lang='lat' dir='ltr'><strong><em>ambulabils</em></strong></span> <span class='ocrx_word' id='word_1_833' title='bbox 3446 4387 3544 4433; x_wconf 87' lang='lat' dir='ltr'><strong><em>est.</em></strong></span> <span class='ocrx_word' id='word_1_834' title='bbox 3576 4378 3662 4433; x_wconf 86' lang='lat' dir='ltr'><strong><em>Sic</em></strong></span> <span class='ocrx_word' id='word_1_835' title='bbox 3688 4373 3815 4444; x_wconf 77' lang='lat' dir='ltr'><strong><em>igitur</em></strong></span> 
     </span>
    </p>
   </div>
   <div class='ocr_carea' id='block_1_105' title="bbox 2261 4465 3816 4541">
    <p class='ocr_par' dir='ltr' id='par_1_105' title="bbox 2261 4465 3816 4541">
     <span class='ocr_line' id='line_1_105' title="bbox 2261 4465 3816 4541; baseline -0.006 -19"><span class='ocrx_word' id='word_1_836' title='bbox 2261 4471 2497 4538; x_wconf 87' lang='lat' dir='ltr'><strong><em>possibile</em></strong></span> <span class='ocrx_word' id='word_1_837' title='bbox 2520 4486 2619 4522; x_wconf 86' lang='lat' dir='ltr'><strong><em>non</em></strong></span> <span class='ocrx_word' id='word_1_838' title='bbox 2649 4479 2717 4523; x_wconf 80' lang='lat' dir='ltr'><strong><em>est</em></strong></span> <span class='ocrx_word' id='word_1_839' title='bbox 2747 4487 2917 4523; x_wconf 82' lang='lat' dir='ltr'><strong><em>verum</em></strong></span> <span class='ocrx_word' id='word_1_840' title='bbox 2939 4471 2999 4523; x_wconf 87' lang='lat' dir='ltr'><strong><em>de</em></strong></span> <span class='ocrx_word' id='word_1_841' title='bbox 3024 4472 3309 4524; x_wconf 83' lang='lat' dir='ltr'><strong><em>ncCessario</em></strong></span> <span class='ocrx_word' id='word_1_842' title='bbox 3330 4470 3637 4541; x_wconf 87' lang='lat' dir='ltr'><strong><em>simpliciter</em></strong></span> <span class='ocrx_word' id='word_1_843' title='bbox 3659 4465 3816 4525; x_wconf 83' lang='lat' dir='ltr'><strong><em>dicere,</em></strong></span> 
     </span>
    </p>
   </div>
   <div class='ocr_carea' id='block_1_106' title="bbox 2259 4556 3821 4635">
    <p class='ocr_par' dir='ltr' id='par_1_106' title="bbox 2259 4556 3821 4635">
     <span class='ocr_line' id='line_1_106' title="bbox 2259 4556 3821 4635; baseline -0.008 -16"><span class='ocrx_word' id='word_1_844' title='bbox 2259 4566 2474 4620; x_wconf 84' lang='lat' dir='ltr'><strong><em>alterum</em></strong></span> <span class='ocrx_word' id='word_1_845' title='bbox 2507 4575 2679 4619; x_wconf 86' lang='lat' dir='ltr'><strong><em>autem</em></strong></span> <span class='ocrx_word' id='word_1_846' title='bbox 2726 4581 2898 4619; x_wconf 83' lang='lat' dir='ltr'><strong><em>verum</em></strong></span> <span class='ocrx_word' id='word_1_847' title='bbox 2923 4574 3018 4622; x_wconf 82' lang='lat' dir='ltr'><strong><em>est.</em></strong></span> <span class='ocrx_word' id='word_1_848' title='bbox 3052 4563 3221 4630; x_wconf 85' lang='lat' dir='ltr'><strong><em>Quare</em></strong></span> <span class='ocrx_word' id='word_1_849' title='bbox 3250 4568 3499 4634; x_wconf 86' lang='lat' dir='ltr'><strong><em>quoniam</em></strong></span> <span class='ocrx_word' id='word_1_850' title='bbox 3524 4572 3709 4635; x_wconf 83' lang='lat' dir='ltr'><strong><em>partem</em></strong></span> <span class='ocrx_word' id='word_1_851' title='bbox 3730 4556 3821 4609; x_wconf 89' lang='lat' dir='ltr'><strong><em>uni-</em></strong></span> 
     </span>
    </p>
   </div>
   <div class='ocr_carea' id='block_1_107' title="bbox 2257 4657 3823 4727">
    <p class='ocr_par' dir='ltr' id='par_1_107' title="bbox 2257 4657 3823 4727">
     <span class='ocr_line' id='line_1_107' title="bbox 2257 4657 3823 4727; baseline -0.006 -16"><span class='ocrx_word' id='word_1_852' title='bbox 2257 4660 2452 4712; x_wconf 79' lang='lat' dir='ltr'><strong><em>versale</em></strong></span> <span class='ocrx_word' id='word_1_853' title='bbox 2496 4660 2745 4726; x_wconf 85' lang='lat' dir='ltr'><strong><em>sequitur,</em></strong></span> <span class='ocrx_word' id='word_1_854' title='bbox 2787 4657 2919 4712; x_wconf 89' lang='lat' dir='ltr'><strong><em>illud</em></strong></span> <span class='ocrx_word' id='word_1_855' title='bbox 2948 4659 3083 4727; x_wconf 87' lang='lat' dir='ltr'><strong><em>quod</em></strong></span> <span class='ocrx_word' id='word_1_856' title='bbox 3124 4674 3186 4712; x_wconf 69' lang='lat' dir='ltr'><strong><em>ex</em></strong></span> <span class='ocrx_word' id='word_1_857' title='bbox 3225 4660 3529 4713; x_wconf 84' lang='lat' dir='ltr'><strong><em>necessitate</em></strong></span> <span class='ocrx_word' id='word_1_858' title='bbox 3555 4665 3647 4719; x_wconf 85' lang='lat' dir='ltr'><strong><em>est,</em></strong></span> <span class='ocrx_word' id='word_1_859' title='bbox 3678 4663 3823 4705; x_wconf 72' lang='lat' dir='ltr'><strong><em>conss-</em></strong></span> 
     </span>
    </p>
   </div>
   <div class='ocr_carea' id='block_1_108' title="bbox 2261 4752 3255 4823">
    <p class='ocr_par' dir='ltr' id='par_1_108' title="bbox 2261 4752 3255 4823">
     <span class='ocr_line' id='line_1_108' title="bbox 2261 4752 3255 4823; baseline -0.002 -17"><span class='ocrx_word' id='word_1_860' title='bbox 2261 4752 2434 4823; x_wconf 83' lang='lat' dir='ltr'><strong><em>quitur</em></strong></span> <span class='ocrx_word' id='word_1_861' title='bbox 2460 4768 2605 4823; x_wconf 89' lang='lat' dir='ltr'><strong><em>posse</em></strong></span> <span class='ocrx_word' id='word_1_862' title='bbox 2636 4768 2759 4818; x_wconf 84' lang='lat' dir='ltr'><strong><em>esse,</em></strong></span> <span class='ocrx_word' id='word_1_863' title='bbox 2793 4753 2881 4808; x_wconf 88' lang='lat' dir='ltr'><strong><em>sed</em></strong></span> <span class='ocrx_word' id='word_1_864' title='bbox 2904 4768 3001 4805; x_wconf 88' lang='lat' dir='ltr'><strong><em>non</em></strong></span> <span class='ocrx_word' id='word_1_865' title='bbox 3032 4752 3255 4821; x_wconf 80' lang='lat' dir='ltr'><strong><em>omnino.</em></strong></span> 
     </span>
    </p>
   </div>
   <div class='ocr_carea' id='block_1_109' title="bbox 2342 4834 3827 4909">
    <p class='ocr_par' dir='ltr' id='par_1_109' title="bbox 2342 4834 3827 4909">
     <span class='ocr_line' id='line_1_109' title="bbox 2342 4834 3827 4909; baseline 0.001 -9"><span class='ocrx_word' id='word_1_866' title='bbox 2342 4844 2715 4900; x_wconf 89' lang='lat' dir='ltr'><strong><em>Possibilitatis</em></strong></span> <span class='ocrx_word' id='word_1_867' title='bbox 2756 4844 2986 4898; x_wconf 73' lang='lat' dir='ltr'><strong><em>breviter</em></strong></span> <span class='ocrx_word' id='word_1_868' title='bbox 3016 4843 3207 4898; x_wconf 63' lang='lat' dir='ltr'><strong><em>divisio</em></strong></span> <span class='ocrx_word' id='word_1_869' title='bbox 3260 4842 3510 4897; x_wconf 62' lang='lat' dir='ltr'><strong><em>facienda</em></strong></span> <span class='ocrx_word' id='word_1_870' title='bbox 3550 4834 3827 4909; x_wconf 50' lang='lat' dir='ltr'><strong><em>esbpnssl‘</em></strong></span> 
     </span>
    </p>
   </div>
   <div class='ocr_carea' id='block_1_110' title="bbox 2263 4935 3832 4997">
    <p class='ocr_par' dir='ltr' id='par_1_110' title="bbox 2263 4935 3832 4997">
     <span class='ocr_line' id='line_1_110' title="bbox 2263 4935 3832 4997; baseline -0.004 -4"><span class='ocrx_word' id='word_1_871' title='bbox 2263 4938 2369 4993; x_wconf 86' lang='lat' dir='ltr'><strong><em>bile</em></strong></span> <span class='ocrx_word' id='word_1_872' title='bbox 2399 4938 2539 4993; x_wconf 85' lang='lat' dir='ltr'><strong><em>enim</em></strong></span> <span class='ocrx_word' id='word_1_873' title='bbox 2564 4937 2771 4991; x_wconf 83' lang='lat' dir='ltr'><strong><em>duobus</em></strong></span> <span class='ocrx_word' id='word_1_874' title='bbox 2797 4937 2985 4991; x_wconf 84' lang='lat' dir='ltr'><strong><em>dicitur</em></strong></span> <span class='ocrx_word' id='word_1_875' title='bbox 3011 4937 3203 4991; x_wconf 89' lang='lat' dir='ltr'><strong><em>modis.</em></strong></span> <span class='ocrx_word' id='word_1_876' title='bbox 3235 4935 3326 4989; x_wconf 85' lang='lat' dir='ltr'><strong><em>Est</em></strong></span> <span class='ocrx_word' id='word_1_877' title='bbox 3358 4938 3509 4990; x_wconf 84' lang='lat' dir='ltr'><strong><em>enim</em></strong></span> <span class='ocrx_word' id='word_1_878' title='bbox 3547 4949 3706 4989; x_wconf 90' lang='lat' dir='ltr'><strong><em>unum</em></strong></span> <span class='ocrx_word' id='word_1_879' title='bbox 3732 4944 3832 4997; x_wconf 73' lang='lat' dir='ltr'><strong><em>p05-</em></strong></span> 
     </span>
    </p>
   </div>
   <div class='ocr_carea' id='block_1_111' title="bbox 2266 5025 3832 5095">
    <p class='ocr_par' dir='ltr' id='par_1_111' title="bbox 2266 5025 3832 5095">
     <span class='ocr_line' id='line_1_111' title="bbox 2266 5025 3832 5095; baseline -0.004 -14"><span class='ocrx_word' id='word_1_880' title='bbox 2266 5028 2422 5082; x_wconf 89' lang='lat' dir='ltr'><strong><em>sibile</em></strong></span> <span class='ocrx_word' id='word_1_881' title='bbox 2450 5027 2589 5093; x_wconf 85' lang='lat' dir='ltr'><strong><em>quod</em></strong></span> <span class='ocrx_word' id='word_1_882' title='bbox 2627 5041 2745 5080; x_wconf 90' lang='lat' dir='ltr'><strong><em>cum</em></strong></span> <span class='ocrx_word' id='word_1_883' title='bbox 2793 5042 2897 5081; x_wconf 89' lang='lat' dir='ltr'><strong><em>non</em></strong></span> <span class='ocrx_word' id='word_1_884' title='bbox 2923 5025 3013 5090; x_wconf 90' lang='lat' dir='ltr'><strong><em>sit,</em></strong></span> <span class='ocrx_word' id='word_1_885' title='bbox 3044 5042 3163 5081; x_wconf 78' lang='lat' dir='ltr'><strong><em>esse</em></strong></span> <span class='ocrx_word' id='word_1_886' title='bbox 3191 5025 3382 5095; x_wconf 79' lang='lat' dir='ltr'><strong><em>possit,</em></strong></span> <span class='ocrx_word' id='word_1_887' title='bbox 3433 5036 3491 5079; x_wconf 90' lang='lat' dir='ltr'><strong><em>ut</em></strong></span> <span class='ocrx_word' id='word_1_888' title='bbox 3527 5027 3687 5078; x_wconf 90' lang='lat' dir='ltr'><strong><em>homo</em></strong></span> <span class='ocrx_word' id='word_1_889' title='bbox 3730 5030 3832 5072; x_wconf 84' lang='lat' dir='ltr'><strong><em>cum</em></strong></span> 
     </span>
    </p>
   </div>
   <div class='ocr_carea' id='block_1_112' title="bbox 2268 5117 3833 5188">
    <p class='ocr_par' dir='ltr' id='par_1_112' title="bbox 2268 5117 3833 5188">
     <span class='ocr_line' id='line_1_112' title="bbox 2268 5117 3833 5188; baseline -0.006 -14"><span class='ocrx_word' id='word_1_890' title='bbox 2268 5119 2439 5183; x_wconf 91' lang='lat' dir='ltr'><strong><em>sedet,</em></strong></span> <span class='ocrx_word' id='word_1_891' title='bbox 2473 5135 2593 5187; x_wconf 79' lang='lat' dir='ltr'><strong><em>non</em></strong></span> <span class='ocrx_word' id='word_1_892' title='bbox 2626 5117 2837 5188; x_wconf 84' lang='lat' dir='ltr'><strong><em>quidem</em></strong></span> <span class='ocrx_word' id='word_1_893' title='bbox 2888 5118 3144 5182; x_wconf 85' lang='lat' dir='ltr'><strong><em>ambulat,</em></strong></span> <span class='ocrx_word' id='word_1_894' title='bbox 3193 5119 3286 5172; x_wconf 87' lang='lat' dir='ltr'><strong><em>sed</em></strong></span> <span class='ocrx_word' id='word_1_895' title='bbox 3322 5118 3612 5171; x_wconf 86' lang='lat' dir='ltr'><strong><em>ambulare</em></strong></span> <span class='ocrx_word' id='word_1_896' title='bbox 3662 5122 3833 5185; x_wconf 83' lang='lat' dir='ltr'><strong><em>petest.</em></strong></span> 
     </span>
    </p>
   </div>
   <div class='ocr_carea' id='block_1_113' title="bbox 2270 5210 3836 5282">
    <p class='ocr_par' dir='ltr' id='par_1_113' title="bbox 2270 5210 3836 5282">
     <span class='ocr_line' id='line_1_113' title="bbox 2270 5210 3836 5282; baseline -0.001 -15"><span class='ocrx_word' id='word_1_897' title='bbox 2270 5211 2425 5267; x_wconf 79' lang='lat' dir='ltr'><strong><em>Aliud</em></strong></span> <span class='ocrx_word' id='word_1_898' title='bbox 2456 5212 2705 5281; x_wconf 75' lang='lat' dir='ltr'><strong><em>possibile</em></strong></span> <span class='ocrx_word' id='word_1_899' title='bbox 2734 5221 2815 5266; x_wconf 90' lang='lat' dir='ltr'><strong><em>est</em></strong></span> <span class='ocrx_word' id='word_1_900' title='bbox 2859 5212 2997 5282; x_wconf 90' lang='lat' dir='ltr'><strong><em>quod</em></strong></span> <span class='ocrx_word' id='word_1_901' title='bbox 3029 5227 3148 5281; x_wconf 64' lang='lat' dir='ltr'><strong><em>eum</em></strong></span> <span class='ocrx_word' id='word_1_902' title='bbox 3188 5211 3275 5277; x_wconf 88' lang='lat' dir='ltr'><strong><em>sit,</em></strong></span> <span class='ocrx_word' id='word_1_903' title='bbox 3307 5226 3435 5266; x_wconf 88' lang='lat' dir='ltr'><strong><em>esse</em></strong></span> <span class='ocrx_word' id='word_1_904' title='bbox 3470 5210 3725 5282; x_wconf 88' lang='lat' dir='ltr'><strong><em>possibile</em></strong></span> <span class='ocrx_word' id='word_1_905' title='bbox 3749 5212 3836 5265; x_wconf 77' lang='lat' dir='ltr'><strong><em>est.</em></strong></span> 
     </span>
    </p>
   </div>
   <div class='ocr_carea' id='block_1_114' title="bbox 2271 5304 3836 5374">
    <p class='ocr_par' dir='ltr' id='par_1_114' title="bbox 2271 5304 3836 5374">
     <span class='ocr_line' id='line_1_114' title="bbox 2271 5304 3836 5374; baseline -0.007 -16"><span class='ocrx_word' id='word_1_906' title='bbox 2271 5314 2329 5360; x_wconf 92' lang='lat' dir='ltr'><strong><em>ut</em></strong></span> <span class='ocrx_word' id='word_1_907' title='bbox 2357 5306 2606 5374; x_wconf 87' lang='lat' dir='ltr'><strong><em>quoniam</em></strong></span> <span class='ocrx_word' id='word_1_908' title='bbox 2636 5306 2770 5374; x_wconf 84' lang='lat' dir='ltr'><strong><em>ignis</em></strong></span> <span class='ocrx_word' id='word_1_909' title='bbox 2802 5304 2960 5370; x_wconf 65' lang='lat' dir='ltr'><strong><em>calet,</em></strong></span> <span class='ocrx_word' id='word_1_910' title='bbox 2989 5314 3164 5374; x_wconf 80' lang='lat' dir='ltr'><strong><em>potest</em></strong></span> <span class='ocrx_word' id='word_1_911' title='bbox 3204 5320 3323 5359; x_wconf 90' lang='lat' dir='ltr'><strong><em>esse</em></strong></span> <span class='ocrx_word' id='word_1_912' title='bbox 3358 5305 3601 5369; x_wconf 83' lang='lat' dir='ltr'><strong><em>calidus,</em></strong></span> <span class='ocrx_word' id='word_1_913' title='bbox 3644 5312 3699 5356; x_wconf 89' lang='lat' dir='ltr'><strong><em>et</em></strong></span> <span class='ocrx_word' id='word_1_914' title='bbox 3727 5314 3836 5367; x_wconf 88' lang='lat' dir='ltr'><strong><em>quo-</em></strong></span> 
     </span>
    </p>
   </div>
   <div class='ocr_carea' id='block_1_115' title="bbox 2272 5392 3841 5465">
    <p class='ocr_par' dir='ltr' id='par_1_115' title="bbox 2272 5392 3841 5465">
     <span class='ocr_line' id='line_1_115' title="bbox 2272 5392 3841 5465; baseline -0.009 -14"><span class='ocrx_word' id='word_1_915' title='bbox 2272 5398 2413 5451; x_wconf 90' lang='lat' dir='ltr'><strong><em>niam</em></strong></span> <span class='ocrx_word' id='word_1_916' title='bbox 2442 5397 2601 5450; x_wconf 91' lang='lat' dir='ltr'><strong><em>homo</em></strong></span> <span class='ocrx_word' id='word_1_917' title='bbox 2621 5396 2791 5459; x_wconf 87' lang='lat' dir='ltr'><strong><em>sedet,</em></strong></span> <span class='ocrx_word' id='word_1_918' title='bbox 2821 5407 2997 5465; x_wconf 91' lang='lat' dir='ltr'><strong><em>potest</em></strong></span> <span class='ocrx_word' id='word_1_919' title='bbox 3024 5397 3231 5453; x_wconf 85' lang='lat' dir='ltr'><strong><em>sedere.</em></strong></span> <span class='ocrx_word' id='word_1_920' title='bbox 3276 5398 3448 5459; x_wconf 70' lang='lat' dir='ltr'><strong><em>lluius</em></strong></span> <span class='ocrx_word' id='word_1_921' title='bbox 3479 5412 3660 5451; x_wconf 84' lang='lat' dir='ltr'><strong><em>autem</em></strong></span> <span class='ocrx_word' id='word_1_922' title='bbox 3691 5392 3841 5465; x_wconf 72' lang='lat' dir='ltr'><strong><em>posst.</em></strong></span> 
     </span>
    </p>
   </div>
   <div class='ocr_carea' id='block_1_116' title="bbox 2274 5488 3844 5559">
    <p class='ocr_par' dir='ltr' id='par_1_116' title="bbox 2274 5488 3844 5559">
     <span class='ocr_line' id='line_1_116' title="bbox 2274 5488 3844 5559; baseline -0.001 -16"><span class='ocrx_word' id='word_1_923' title='bbox 2274 5488 2396 5543; x_wconf 74' lang='lat' dir='ltr'><strong><em>bilis</em></strong></span> <span class='ocrx_word' id='word_1_924' title='bbox 2426 5489 2543 5541; x_wconf 62' lang='lat' dir='ltr'><strong><em>dum</em></strong></span> <span class='ocrx_word' id='word_1_925' title='bbox 2584 5497 2707 5542; x_wconf 87' lang='lat' dir='ltr'><strong><em>sunt</em></strong></span> <span class='ocrx_word' id='word_1_926' title='bbox 2745 5488 2969 5556; x_wconf 85' lang='lat' dir='ltr'><strong><em>species,</em></strong></span> <span class='ocrx_word' id='word_1_927' title='bbox 3012 5504 3112 5543; x_wconf 89' lang='lat' dir='ltr'><strong><em>una</em></strong></span> <span class='ocrx_word' id='word_1_928' title='bbox 3148 5504 3266 5543; x_wconf 86' lang='lat' dir='ltr'><strong><em>cum</em></strong></span> <span class='ocrx_word' id='word_1_929' title='bbox 3294 5498 3378 5542; x_wconf 88' lang='lat' dir='ltr'><strong><em>est</em></strong></span> <span class='ocrx_word' id='word_1_930' title='bbox 3405 5488 3658 5559; x_wconf 84' lang='lat' dir='ltr'><strong><em>quidem,</em></strong></span> <span class='ocrx_word' id='word_1_931' title='bbox 3691 5502 3721 5555; x_wconf 93' lang='lat' dir='ltr'><strong><em>p</em></strong></span> <span class='ocrx_word' id='word_1_932' title='bbox 3744 5491 3844 5535; x_wconf 64' lang='grc' dir='ltr'><strong><em>ιιρςῐ</em></strong></span> 
     </span>
    </p>
   </div>
   <div class='ocr_carea' id='block_1_117' title="bbox 2274 5580 3845 5649">
    <p class='ocr_par' dir='ltr' id='par_1_117' title="bbox 2274 5580 3845 5649">
     <span class='ocr_line' id='line_1_117' title="bbox 2274 5580 3845 5649; baseline -0.004 -14"><span class='ocrx_word' id='word_1_933' title='bbox 2274 5590 2452 5635; x_wconf 89' lang='lat' dir='ltr'><strong><em>tamen</em></strong></span> <span class='ocrx_word' id='word_1_934' title='bbox 2486 5596 2587 5634; x_wconf 89' lang='lat' dir='ltr'><strong><em>non</em></strong></span> <span class='ocrx_word' id='word_1_935' title='bbox 2620 5595 2763 5646; x_wconf 86' lang='lat' dir='ltr'><strong><em>esse,</em></strong></span> <span class='ocrx_word' id='word_1_936' title='bbox 2798 5590 2851 5634; x_wconf 92' lang='lat' dir='ltr'><strong><em>ut</em></strong></span> <span class='ocrx_word' id='word_1_937' title='bbox 2877 5580 2921 5635; x_wconf 90' lang='lat' dir='ltr'><strong><em>si</em></strong></span> <span class='ocrx_word' id='word_1_938' title='bbox 2949 5582 3066 5649; x_wconf 87' lang='lat' dir='ltr'><strong><em>quis</em></strong></span> <span class='ocrx_word' id='word_1_939' title='bbox 3092 5581 3295 5642; x_wconf 82' lang='lat' dir='ltr'><strong><em>sedeat,</em></strong></span> <span class='ocrx_word' id='word_1_940' title='bbox 3327 5582 3400 5633; x_wconf 89' lang='lat' dir='ltr'><strong><em>ita</em></strong></span> <span class='ocrx_word' id='word_1_941' title='bbox 3430 5583 3655 5649; x_wconf 81' lang='lat' dir='ltr'><strong><em>quidem</em></strong></span> <span class='ocrx_word' id='word_1_942' title='bbox 3690 5582 3845 5644; x_wconf 70' lang='lat' dir='ltr'><strong><em>pOIPSl</em></strong></span> 
     </span>
    </p>
   </div>
   <div class='ocr_carea' id='block_1_118' title="bbox 2271 5672 3847 5743">
    <p class='ocr_par' dir='ltr' id='par_1_118' title="bbox 2271 5672 3847 5743">
     <span class='ocr_line' id='line_1_118' title="bbox 2271 5672 3847 5743; baseline -0.004 -14"><span class='ocrx_word' id='word_1_943' title='bbox 2271 5674 2478 5737; x_wconf 84' lang='lat' dir='ltr'><strong><em>sedere,</em></strong></span> <span class='ocrx_word' id='word_1_944' title='bbox 2513 5684 2569 5726; x_wconf 92' lang='lat' dir='ltr'><strong><em>ut</em></strong></span> <span class='ocrx_word' id='word_1_945' title='bbox 2600 5673 2765 5743; x_wconf 89' lang='lat' dir='ltr'><strong><em>possit</em></strong></span> <span class='ocrx_word' id='word_1_946' title='bbox 2787 5674 2946 5728; x_wconf 89' lang='lat' dir='ltr'><strong><em>etiam</em></strong></span> <span class='ocrx_word' id='word_1_947' title='bbox 2974 5688 3077 5728; x_wconf 89' lang='lat' dir='ltr'><strong><em>non</em></strong></span> <span class='ocrx_word' id='word_1_948' title='bbox 3102 5674 3307 5729; x_wconf 88' lang='lat' dir='ltr'><strong><em>sedere.</em></strong></span> <span class='ocrx_word' id='word_1_949' title='bbox 3334 5672 3460 5727; x_wconf 85' lang='lat' dir='ltr'><strong><em>Alia</em></strong></span> <span class='ocrx_word' id='word_1_950' title='bbox 3488 5688 3625 5728; x_wconf 82' lang='lat' dir='ltr'><strong><em>vero</em></strong></span> <span class='ocrx_word' id='word_1_951' title='bbox 3658 5680 3713 5725; x_wconf 91' lang='lat' dir='ltr'><strong><em>ut</em></strong></span> <span class='ocrx_word' id='word_1_952' title='bbox 3741 5679 3847 5722; x_wconf 71' lang='lat' dir='ltr'><strong><em>cum</em></strong></span> 
     </span>
    </p>
   </div>
   <div class='ocr_carea' id='block_1_119' title="bbox 2213 5762 3853 5843">
    <p class='ocr_par' dir='ltr' id='par_1_119' title="bbox 2213 5762 3853 5843">
     <span class='ocr_line' id='line_1_119' title="bbox 2213 5762 3853 5843; baseline -0.007 -18"><span class='ocrx_word' id='word_1_953' title='bbox 2213 5825 2235 5843; x_wconf 17' lang='grc' dir='ltr'><strong><em>ν.</em></strong></span> <span class='ocrx_word' id='word_1_954' title='bbox 2271 5769 2364 5837; x_wconf 86' lang='lat' dir='ltr'><strong><em>sit,</em></strong></span> <span class='ocrx_word' id='word_1_955' title='bbox 2397 5784 2500 5824; x_wconf 91' lang='lat' dir='ltr'><strong><em>non</em></strong></span> <span class='ocrx_word' id='word_1_956' title='bbox 2526 5782 2644 5827; x_wconf 84' lang='lat' dir='ltr'><strong><em>esse</em></strong></span> <span class='ocrx_word' id='word_1_957' title='bbox 2674 5783 2780 5825; x_wconf 90' lang='lat' dir='ltr'><strong><em>non</em></strong></span> <span class='ocrx_word' id='word_1_958' title='bbox 2807 5767 2997 5843; x_wconf 72' lang='lat' dir='ltr'><strong><em>possit,</em></strong></span> <span class='ocrx_word' id='word_1_959' title='bbox 3027 5776 3081 5821; x_wconf 90' lang='lat' dir='ltr'><strong><em>ut</em></strong></span> <span class='ocrx_word' id='word_1_960' title='bbox 3106 5767 3243 5841; x_wconf 73' lang='lat' dir='ltr'><strong><em>ignis</em></strong></span> <span class='ocrx_word' id='word_1_961' title='bbox 3265 5764 3487 5825; x_wconf 80' lang='lat' dir='ltr'><strong><em>calidus</em></strong></span> <span class='ocrx_word' id='word_1_962' title='bbox 3482 5774 3620 5837; x_wconf 41' lang='lat' dir='ltr'><strong><em>gat,</em></strong></span> <span class='ocrx_word' id='word_1_963' title='bbox 3641 5762 3733 5821; x_wconf 84' lang='lat' dir='ltr'><strong><em>sed</em></strong></span> <span class='ocrx_word' id='word_1_964' title='bbox 3759 5772 3853 5815; x_wconf 83' lang='lat' dir='ltr'><strong><em>non</em></strong></span> 
     </span>
    </p>
   </div>
  </div>
