4022 6332
204 270 279 327 381
518 312 519 315 η
1020 270 1085 328 IN
1125 270 1379 331 LIBRUM
1421 269 2072 329 lNTERPRETATIONE
2109 273 2337 333 EDITIO
2375 276 2608 337 PRIMA.

3335 279 3438 343 383

200 396 352 463 potest
377 400 499 442 esse
529 401 630 443 non
656 385 882 443 calidus.
904 385 1074 457 Atque
1102 388 1202 444 hoc
1228 400 1307 443 est
1328 388 1469 449 quod
1494 389 1589 454 ait,
1614 401 1759 460 quae.
1787 389 1835 448 Δ
1862 400 2006 457 εεεε,
2035 404 2139 445 non
2170 401 2251 447 est
2297 408 2481 451 verum
2537 396 2604 449 de
2644 396 2948 453 necessario
2992 397 3301 471 simpliciter
3350 402 3434 458 di-

200 484 298 539 dam
314 497 443 535 vero
458 489 747 551 potestates
767 483 1039 551 aequivoce
1059 491 1203 537 sunt.
1221 484 1479 541 Possibile
1493 484 1633 540 ettittt
1653 500 1757 539 nou

200 572 494 641 simpliciter
523 564 735 638 dicitur,
768 574 861 628 sed
910 573 1011 628 hoc
1047 575 1259 644 quidem
1289 575 1540 645 quoniam
1573 591 1758 630 verum

198 676 282 732 est,
311 677 366 720 ut
409 666 464 721 in
494 676 635 728 actu,
663 667 711 720 id
752 676 835 725 est
873 668 1011 732 quod
1046 678 1127 722 est
1176 680 1221 721 et
1269 668 1346 732 iit,
1392 670 1530 738 quod
1568 668 1760 723 dicitur

200 776 297 814 esse
354 760 629 827 possibile,
669 769 724 813 ut
770 759 823 813 in
879 772 997 814 actu
1050 761 1300 831 possibile
1344 774 1422 816 est
1462 761 1753 826 ambulare,

200 852 431 924 quoniam
467 854 576 922 jam
599 854 856 919 ambulat,
890 863 942 908 et
972 864 1053 909 est
1083 854 1133 907 in
1157 865 1277 908 actu
1306 863 1357 908 et
1381 856 1598 909 omnino
1630 870 1756 923 pos-

200 946 332 1001 siuile
361 954 447 1001 est
468 961 589 1005 esse
614 945 867 1016 quidquid
910 946 960 999 itt
991 956 1112 1001 actu
1144 956 1246 1001 est.
1286 946 1418 1001 Illud
1464 962 1589 1001 vero
1616 946 1757 1015 quod

199 1036 397 1092 for~itatt
430 1047 572 1107 aget,
601 1049 656 1091 ut
687 1039 939 1108 possibile
961 1054 1039 1094 est
1073 1040 1347 1094 ambulare
1368 1039 1617 1107 quoniam
1643 1054 1759 1093 atn-

198 1131 400 1193 bulabit,
433 1131 481 1183 id
507 1142 588 1185 est
617 1132 757 1201 quod
788 1146 891 1186 non
914 1142 994 1186 est
1015 1133 1251 1201 quidem.
1277 1133 1371 1188 sed
1398 1147 1517 1188 esse
1543 1131 1759 1201 poterit,

200 1232 244 1275 ιιι
264 1221 512 1290 possibile
537 1232 617 1276 est
646 1223 942 1291 ambulare,
968 1238 1071 1277 nou
1095 1226 1345 1294 quoniam
1373 1224 1755 1294 nuncquidvm

200 1312 434 1377 ambulat,
468 1313 563 1367 sed
591 1313 839 1383 quoniam
869 1314 1237 1371 atnbulaturus
1265 1325 1348 1371 est
1377 1318 1588 1386 aliquis.
1634 1316 1760 1372 Haec

200 1416 349 1461 autem
382 1418 508 1461 sunt
538 1422 869 1479 qttmcunque
900 1423 1004 1465 non
1037 1410 1329 1465 secundum
1358 1422 1534 1464 actum
1568 1410 1757 1466 dicun-

199 1509 285 1568 tur,
309 1501 402 1556 sed
436 1502 732 1556 secundum
763 1512 1079 1570 potestatem
1112 1514 1339 1571 tantum,
1372 1520 1491 1575 qua:
1522 1505 1757 1561 nondum

196 1596 383 1667 quidem
418 1597 471 1649 in
502 1606 621 1650 actu
656 1596 742 1658 sit,
776 1612 898 1652 esse
941 1606 1116 1653 tamen
1153 1600 1339 1669 possit.
1386 1598 1508 1654 Haec
1540 1598 1755 1667 quidem

198 1689 245 1744 in
266 1689 385 1749 solis
416 1688 703 1744 mobilibus
727 1702 803 1745 est
843 1691 1188 1760 possibilitas,
1222 1693 1312 1747 illa
1336 1707 1462 1748 vero
1486 1705 1537 1748 et
1568 1693 1621 1748 in
1654 1694 1755 1749 im-

1856 494 2007 536 cere.
2044 484 2277 538 Altetum
2301 485 2480 540 a'utent
2511 501 2693 541 verum
2736 498 2841 554 est,
2885 505 3004 543 nam
3054 490 3194 559 quod
3243 491 3309 545 ita
3356 501 3436 550 est

1861 583 2004 635 actu,
2031 584 2085 627 ut
2119 587 2223 628 non
2252 589 2371 629 esse
2402 592 2506 631 non
2530 577 2719 648 possit,
2744 590 2800 634 et
2818 594 3031 647 semper
3060 590 3178 636 actu
3198 594 3303 643 εει.
3336 583 3435 640 hoc

1859 664 2000 734 juste
2027 668 2093 722 de
2125 673 2432 725 necessario
2462 651 2798 741 praedicatur.
2835 673 2987 741 Quod
3017 677 3158 730 enim
3213 691 3434 735 necesse

1861 771 1942 814 est
1966 775 2107 827 esse,
2130 774 2208 818 est
2233 764 2469 834 quidem,
2501 765 2593 820 sed
2618 781 2721 821 non
2751 781 2871 822 esse
2902 784 3005 822 non
3042 778 3227 837 potest.
3259 772 3434 837 Quare

1861 856 2111 921 quoniam
2163 867 2367 924 partem
2416 857 2468 913 id
2522 858 2662 927 quod
2705 868 2789 914 est
2824 858 3121 915 universale
3167 858 3428 932 sequitur,

1861 943 1990 999 illud
2016 948 2157 1016 qttod
2185 962 2253 1002 ex
2287 948 2605 1005 necessitate
2632 959 2732 1016 est,
2763 966 3090 1020 consequens
3113 954 3265 1007 estid
3288 953 3431 1023 quod

1858 1047 1939 1091 est
1970 1052 2127 1107 posse
2152 1053 2294 1105 esse,
2325 1041 2417 1095 sed
2459 1057 2564 1095 non
2616 1044 2855 1096 omnino.
2893 1043 3156 1109 Quoniam
3195 1060 3429 1114 semper,

1859 1129 2051 1200 inquit,
2076 1135 2308 1202 speciem
2347 1134 2589 1204 sequitur
2625 1150 2814 1203 genus,
2846 1147 2898 1190 et
2931 1149 3131 1205 partem
3163 1154 3314 1193 suam
3341 1152 3431 1193 se-

1858 1224 2039 1292 quitur
2068 1225 2459 1287 ttniversalitas.
2503 1228 2561 1282 Si
2592 1228 2734 1281 enim
2767 1229 2925 1282 homo
2960 1239 3061 1294 est,
3102 1229 3295 1283 animal
3328 1238 3431 1294 εει,

1859 1313 1913 1368 id
1943 1324 2023 1370 est
2050 1316 2094 1371 si
2130 1332 2250 1384 pars
2278 1329 2332 1373 et
2357 1318 2565 1386 species
2591 1330 2693 1386 est,
2718 1320 3165 1375 ﬂliin'realilalelll
3186 1330 3239 1374 et
3262 1337 3431 1389 genus

1858 1418 1979 1462 esse
2012 1420 2234 1462 necesse
2270 1417 2373 1463 est.
2409 1408 2560 1476 Quod
2599 1410 2643 1463 si
2688 1412 2758 1464 ita
2804 1418 2907 1475 est,
2942 1411 3180 1479 sequitur
3224 1411 3431 1466 scilicet

1858 1510 1974 1552 eam
2009 1500 2432 1568 propositionem
2472 1515 2593 1570 qua:
2619 1500 2746 1554 dicit
2786 1515 3006 1557 necesse
3025 1515 3165 1567 esse,
3193 1502 3281 1557 illa
3305 1517 3431 1571 pro-

1859 1588 2054 1657 positio
2080 1604 2200 1660 quae
2226 1590 2358 1645 dicit
2388 1591 2640 1661 possibile
2669 1606 2806 1649 esse.
2839 1593 2996 1662 eique
3024 1593 3309 1661 consentit,
3338 1593 3430 1649 sed

1858 1695 1963 1735 non
1988 1683 2164 1737 omnis
2193 1682 2511 1752 signiﬁcatio
2553 1683 2923 1750 possibilitatis
2969 1685 3211 1753 sequitur
3248 1699 3433 1740 neces-

199 1780 321 1836 ωοὺὶ
343 1783 477 1837 ibus.
517 1782 727 1837 Mttbilia
754 1794 909 1838 vocat
937 1799 1269 1854 quaecunque
1309 1794 1433 1840 sunt
1468 1786 1749 1852 naturalia,

1861 1774 2080 1827 Saritttn.
2128 1773 2220 1828 illa
2259 1774 2400 1831 enim
2432 1789 2550 1844 quae
2591 1775 2659 1830 ita
2692 1784 2937 1845 possunt,
2966 1785 3024 1829 ut
3053 1792 3157 1829 non
3185 1776 3290 1831 sint
3318 1778 3434 1846 qui-

196 1884 242 1929 et
269 1876 312 1928 in
338 1876 684 1945 generatione
703 1886 759 1931 et
778 1877 832 1931 in
860 1878 1221 1946 corruptione.
1248 1878 1585 1950 Quaecunque
1610 1883 1753 1936 enim

194 1980 421 2038 generata
472 1979 601 2022 sunt
638 1977 692 2023 et
732 1971 998 2039 corrumpi
1052 1981 1292 2040 possunt,
1337 1988 1397 2026 ea
1442 1987 1654 2039 semper
1700 1972 1753 2029 iu

196 2073 317 2115 motu
341 2071 488 2127 sunt,
524 2062 637 2131 ipsa
663 2062 863 2116 etenim
884 2063 1159 2133 generatio
1198 2074 1374 2118 motus
1401 2063 1614 2134 quidam
1646 2075 1748 2135 est,

194 2162 328 2226 atque
358 2155 473 2224 ipsa
504 2155 798 2225 corrup'io.
830 2155 968 2225 Ergo
999 2154 1052 2211 in
1087 2155 1390 2226 hujusmodi
1422 2157 1579 2212 rebus
1609 2173 1755 2227 quaa-

193 2261 378 2314 cunque
425 2256 679 2318 generata
721 2260 845 2303 sunt
881 2259 1043 2317 atque
1104 2249 1369 2312 mortalia,
1408 2250 1460 2304 in
1503 2251 1586 2304 his
1627 2265 1755 2306 vera

193 2350 260 2394 est
288 2340 365 2396 illa
398 2351 657 2410 potestas,
685 2357 806 2412 quae
853 2356 958 2397 nou
1009 2341 1301 2397 secundum
1332 2354 1509 2398 actum
1538 2342 1752 2411 dicitur,

189 2430 272 2485 sed
298 2431 588 2486 secundum
616 2433 665 2486 id
688 2432 828 2502 quod
848 2446 952 2486 non
968 2433 1296 2502 estquidem.
1315 2433 1406 2488 sed
1424 2448 1543 2489 esse
1558 2444 1751 2503 potest.

190 2519 454 2591 Nusquam
487 2524 624 2577 enim
661 2522 843 2578 evenit
877 2523 1179 2595 hujusmodi
1202 2535 1438 2594 potestas
1464 2525 1563 2585 nisi
1591 2525 1644 2581 in
1672 2527 1755 2581 his

190 2606 304 2683 quin
346 2621 631 2667 nascuntur
670 2622 725 2669 et
773 2622 1001 2669 mortem
1046 2625 1326 2685 oppetunt,
1360 2616 1444 2671 illa
1477 2631 1605 2672 vero
1633 2632 1752 2688 qua:

188 2717 296 2761 sunt
325 2706 633 2771 immobilia,
668 2707 719 2761 id
741 2719 823 2763 est
853 2724 972 2778 qua:
995 2707 1047 2763 itt
1074 2722 1169 2764 sua
1200 2717 1389 2763 natura
1418 2709 1521 2762 lixa
1549 2720 1673 2764 sunt
1698 2718 1755 2765 et

190 2797 477 2861 constituta,
513 2807 571 2851 ut
603 2799 796 2853 mutari
830 2799 1143 2870 moverique
1174 2814 1276 2853 non
1313 2799 1538 2868 possint,
1572 2799 1621 2853 id
1670 2809 1753 2855 est

191 2888 345 2945 divina
372 2893 543 2944 solam
573 2892 719 2945 illam
753 2891 947 2947 habent
978 2892 1272 2960 potentiam
1303 2905 1422 2963 qua:
1452 2891 1748 2947 secundum

192 2991 347 3036 actum
374 2983 593 3051 dicitur,
625 2992 684 3037 ιιι
711 2984 788 3038 sol
821 2983 1111 3039 immobilis
1140 2982 1352 3053 quidem
1393 2981 1459 3037 ad
1500 2983 1748 3038 substan-

193 3075 326 3141 tiam,
354 3091 658 3147 quanquam
687 3077 759 3131 sit
782 3076 996 3132 mobilis
1032 3075 1328 3132 secundum
1370 3076 1569 3131 locum.
1606 3077 1751 3143 Quo-

1858 1865 2002 1932 dem,
2030 1882 2151 1923 esse
2178 1877 2355 1927 tamen
2377 1869 2607 1938 possint,
2639 1868 2779 1926 nulla
2806 1870 3010 1923 ratione
3038 1868 3105 1922 de
3130 1870 3435 1925 necessario

1856 1962 2236 2031 praedicantur.
2263 1961 2634 2019 Necessarium
2685 1976 2813 2017 vero
2866 1977 2973 2016 non
3020 1962 3179 2021 modo
3214 1976 3435 2031 necesse

1856 2063 1958 2123 est,
1985 2052 2077 2108 sed
2116 2052 2277 2108 etiam
2309 2064 2410 2119 est,
2444 2052 2546 2108 hoc
2585 2062 2667 2108 est
2717 2053 2858 2107 enim
2889 2051 3030 2123 quod
3060 2053 3156 2119 ait,
3194 2052 3288 2109 sed
3327 2067 3436 2107 non

1856 2148 2094 2205 Omnino.
2129 2140 2351 2213 Etenim
2389 2147 2458 2201 de
2506 2148 2814 2205 necessario
2853 2146 2995 2215 quod
3042 2144 3152 2216 jam
3198 2153 3301 2211 est.
3330 2160 3435 2204 non

1858 2250 2034 2310 potest
2057 2240 2187 2296 illud
2224 2240 2481 2310 possibile
2514 2240 2813 2310 praedicari,
2848 2239 2987 2312 quod
3015 2253 3120 2303 non
3150 2250 3233 2296 est
3262 2240 3436 2296 adhuc

1855 2333 2092 2404 quidem,
2139 2320 2239 2389 sed
2260 2348 2380 2391 esse
2413 2334 2628 2402 poterit.

1928 2421 1995 2477 Et
2020 2434 2094 2502 est
2121 2425 2327 2495 quidem
2354 2430 2570 2495 fortasse
2596 2425 2907 2499 principium
2934 2425 3069 2496 quod
3096 2426 3435 2483 necessarium

1855 2526 1929 2571 est
1940 2527 1989 2571 et
2003 2521 2138 2587 quod
2154 2533 2255 2573 non
2272 2518 2613 2573 necessariam
2634 2530 2710 2574 est
2737 2521 2983 2585 omnium,
3006 2523 3083 2576 vel
3104 2536 3211 2577 esse
3237 2525 3313 2579 uel
3328 2536 3433 2578 non

1855 2622 1980 2664 esse.
1998 2605 2063 2660 Et
2084 2609 2188 2661 alia
2208 2620 2262 2662 ut
2286 2609 2465 2663 horum
2495 2611 2848 2672 consequentia
2870 2610 3191 2665 considerare
3214 2619 3431 2677 oportet.

1927 2698 2272 2768 Principium,
2306 2700 2497 2771 inquit,
2527 2708 2612 2756 est
2640 2703 2870 2759 fortasse
2898 2701 3084 2757 harum
3118 2701 3434 2771 propositio-

1858 2807 1983 2847 num
2005 2793 2415 2862 consequentias
2446 2792 2771 2850 inveniendi.
2804 2792 2861 2850 Si
2890 2794 3009 2865 quis
3039 2793 3213 2864 primo
3240 2794 3293 2848 in
3318 2793 3434 2847 loco

1856 2886 2216 2942 necessttrium
2241 2895 2421 2957 ponat,
2447 2896 2501 2943 et
2522 2901 2628 2942 non
2650 2886 3033 2951 necessarium,
3052 2886 3288 2942 secundo
3312 2899 3435 2941 vero

1857 2979 1909 3035 in
1941 2980 2060 3036 loco
2089 2981 2341 3050 possibile
2369 2996 2491 3038 esse
2519 2993 2574 3037 et
2601 2991 2827 3047 caetera,
2874 2981 3188 3038 naturaliter
3216 2982 3358 3039 enim
3385 2981 3436 3038 id

1854 3073 1998 3143 quod
2032 3073 2389 3133 necessarium
2421 3084 2505 3131 est
2541 3074 2687 3144 prius
2726 3083 2832 3140 est,
2859 3088 2980 3129 nam
3031 3074 3075 3129 si
3137 3072 3436 3137 necessaria

189 3168 317 3224 niam
343 3185 466 3239 ergo
494 3180 580 3224 est
606 3167 897 3225 immobilis
914 3168 1205 3239 secundum
1233 3167 1583 3225 substantiam
1611 3169 1752 3224 etab
1778 3150 1827 3219 ὃ
1858 3178 1982 3222 ειιιιι
2031 3181 2095 3222 ea
2148 3182 2267 3236 quae
2309 3182 2522 3237 semper
2574 3176 2693 3223 actu
2734 3177 2880 3234 sunt,
2928 3182 3045 3238 quae
3081 3178 3257 3223 autem
3296 3182 3437 3225 sem-

190 3275 239 3314 ea
257 3277 353 3315 non
372 3271 637 3332 permutat
650 3278 733 3329 ur,
749 3276 923 3333 neque
939 3272 1202 3329 movetur,
1222 3260 1381 3316 habet
1399 3262 1451 3315 in
1469 3276 1526 3314 se
1546 3260 1755 3339 lumen,

191 3354 310 3422 quod
332 3356 400 3408 ita
430 3355 634 3410 habere
658 3363 855 3425 potest,
889 3363 950 3407 ut
973 3368 1077 3408 non
1097 3353 1293 3410 habere
1313 3367 1417 3409 non
1434 3352 1622 3423 possit.
1647 3352 1754 3408 Sed

189 3444 229 3498 in
256 3447 494 3517 utrisque
536 3446 622 3502 his
652 3447 736 3501 vel
777 3446 1066 3501 mobilibus
1110 3445 1190 3502 vel
1214 3444 1577 3500 immobilibus
1626 3442 1754 3503 illud

190 3550 345 3592 verum
391 3550 479 3593 est
505 3537 649 3609 quod
690 3537 757 3593 de
803 3538 884 3591 his
916 3538 1130 3604 dicitur,
1168 3553 1275 3591 non
1311 3536 1641 3606 impossibile
1672 3544 1757 3591 est

187 3641 307 3684 esse.
332 3628 469 3685 Nam
499 3639 558 3685 et
588 3628 729 3698 quod
760 3642 882 3684 actu
913 3628 1126 3700 quidem
1157 3644 1262 3683 non
1294 3638 1395 3687 est.
1426 3642 1547 3684 esse
1578 3636 1754 3682 tamen

186 3725 375 3788 poterit.
404 3731 466 3776 ut
490 3723 652 3776 homo
680 3735 799 3775 cum
826 3736 931 3775 non
959 3718 1219 3786 ambulat,
1242 3717 1545 3773 ambulandi
1578 3726 1756 3772 tamen

183 3814 358 3867 retinet
386 3822 737 3883 patestatem.
770 3812 884 3867 Non
925 3823 1007 3867 est
1031 3812 1173 3867 enim
1208 3810 1478 3864 hominem
1504 3809 1754 3876 impossi-

184 3899 275 3959 bile
301 3907 603 3970 ambulare,
632 3914 687 3959 et
714 3904 881 3959 solem
916 3918 1021 3957 non
1067 3912 1151 3958 est
1197 3900 1530 3971 impossibile
1559 3898 1756 3963 habere

179 3994 363 4062 lucem,
394 4013 555 4069 quam
604 4006 725 4053 actu
766 3996 963 4052 retinet
1005 3997 1355 4063 sempiterno.
1414 3992 1470 4048 lu
1516 3993 1757 4063 utrisque

180 4088 335 4157 igitur
364 4100 420 4145 et
452 4089 739 4147 mobilibus
766 4099 819 4144 et
849 4088 1229 4155 immobilibus,
1265 4102 1447 4141 verum
1495 4085 1626 4139 illttd
1676 4094 1758 4140 est

177 4181 322 4251 quod
370 4182 711 4249 dicitur,nou
761 4182 1092 4252 impossibile
1135 4196 1280 4237 esse.
1312 4180 1443 4235 Nam
1482 4189 1537 4235 et
1582 4180 1648 4234 de
1692 4194 1758 4234 eo

176 4274 316 4342 quod
355 4274 489 4345 agit,
518 4284 570 4329 et
608 4275 677 4330 de
719 4289 785 4330 eo
826 4274 967 4345 quod
1006 4288 1166 4343 agere
1197 4280 1391 4342 potest,
1420 4270 1487 4326 de
1520 4269 1759 4341 utrisque

172 4364 306 4422 idem
337 4383 466 4423 vere
492 4367 710 4433 dicitur,
739 4366 988 4437 quoniam
1021 4384 1124 4420 non
1150 4374 1229 4420 est
1257 4363 1589 4433 impossibile
1615 4377 1755 4418 esse.

172 4462 293 4518 Nam
324 4476 377 4519 et
402 4463 548 4535 quod
572 4463 834 4526 ambulat,
863 4479 967 4517 non
997 4472 1078 4517 est
1102 4459 1432 4531 impossibile
1460 4458 1753 4524 ambulare,

169 4564 218 4610 et
239 4558 382 4626 quod
416 4525 503 4613 est
524 4554 873 4621 atnbttlabile,
901 4553 951 4609 id
975 4566 1055 4610 est
1086 4554 1225 4624 quod
1254 4550 1527 4607 ambulare
1558 4559 1753 4619 potest,
1780 4525 1836 4595 θ

170 4664 267 4703 non
300 4651 376 4706 illi
405 4661 493 4705 εει
523 4647 855 4719 impossibile
874 4647 1167 4701 ambulare.
1203 4644 1307 4701 Sed
1345 4644 1596 4715 quoniam
1620 4642 1760 4697 dixi-

167 4757 280 4798 mus
308 4759 433 4799 eotn
468 4756 593 4811 qua:
624 4741 918 4797 secundum
956 4751 1130 4793 actum
1174 4749 1251 4793 est
1285 4746 1598 4808 potestatem
1625 4735 1759 4791 duas

170 4833 364 4890 habere
395 4834 638 4906 species,
666 4848 823 4888 unam
847 4832 1060 4903 quidem
1092 4846 1211 4887 cum
1235 4830 1285 4884 itt
1309 4839 1429 4883 actu
1454 4828 1668 4899 quidem
1692 4826 1763 4882 sit

167 4936 217 4980 et
246 4943 533 4998 nunquam
563 4926 732 4994 possit
762 4942 867 4981 non
890 4940 1031 4990 esse,
1059 4934 1117 4979 ut
1155 4924 1260 4993 igni
1292 4933 1412 4977 actu
1462 4931 1544 4976 est
1589 4920 1762 4975 calere

168 5031 217 5074 et
267 5036 556 5092 nunquam
602 5035 725 5076 esse
768 5034 873 5073 non
922 5026 1095 5087 potest
1140 5017 1378 5081 calidus;
1423 5013 1580 5068 aliam
1635 5028 1763 5068 vero

165 5116 467 5171 secundum
504 5115 555 5169 id
587 5113 725 5183 quod
760 5113 986 5169 dicimus
1015 5125 1134 5166 esse
1173 5109 1386 5180 quidem
1428 5116 1569 5172 actu,
1608 5122 1764 5178 posse

167 5219 339 5267 tamen
376 5225 494 5265 non
523 5222 667 5273 esse,
699 5215 754 5260 ut
780 5205 971 5275 aliquis
1002 5221 1121 5259 cum
1152 5205 1321 5269 Sedet,
1348 5209 1521 5272 potest
1547 5201 1764 5270 quidem

165 5303 379 5365 sedere,
414 5301 515 5359 sed
547 5308 721 5368 potest
743 5299 902 5351 etiam
934 5312 1036 5350 non
1063 5296 1270 5352 sedere.
1306 5297 1619 5367 llujusmodi
1648 5297 1767 5368 qui-

164 5393 281 5450 dem
314 5392 629 5449 secundum
658 5398 834 5444 actum
868 5388 1118 5457 possibile
1160 5390 1226 5442 de
1272 5388 1577 5444 necessario
1621 5389 1767 5444 nullo

168 5487 326 5540 modo
370 5484 725 5553 pra-dicatur,
754 5481 893 5553 quod
935 5480 1077 5536 enim
1112 5482 1161 5533 in
1193 5488 1312 5534 actu
1354 5488 1454 5542 est.
1483 5489 1537 5535 et
1577 5494 1765 5535 neces-

165 5579 369 5633 satiant
401 5586 495 5631 est
522 5591 663 5639 esse,
695 5585 776 5629 est
798 5573 1031 5644 quidem,
1065 5572 1157 5625 sed
1191 5575 1263 5625 ita
1303 5580 1385 5626 est
1414 5582 1469 5626 ut
1509 5587 1614 5626 non
1642 5588 1764 5629 esse

168 5685 266 5725 non
293 5670 507 5741 possit.
554 5666 666 5723 Hoc
711 5678 795 5745 est
836 5666 978 5721 ettitn
1007 5664 1151 5736 quod
1179 5664 1272 5718 ait.
1297 5663 1386 5719 Sic
1415 5665 1575 5736 igitur
1598 5666 1769 5736 possi-

166 5763 288 5830 bile,
344 5762 400 5819 id
444 5769 531 5821 est
587 5761 727 5834 quod
775 5773 896 5821 cum
948 5766 1071 5821 actu
1113 5756 1201 5827 sit,
1234 5757 1404 5828 possit
1436 5766 1614 5817 tamen
1656 5774 1764 5823 non

1858 3272 1954 3327 per
1991 3267 2111 3312 actu
2166 3267 2290 3313 sunt
2345 3258 2674 3327 sempiterna
2724 3268 2884 3327 sunt,
2937 3259 3261 3327 sempiterna
3310 3272 3438 3315 vero

1856 3364 2034 3405 rerum
2077 3348 2314 3407 omnium
2356 3350 2505 3418 princ
2530 3349 2616 3419 pia
2668 3360 2830 3417 sunt,
2878 3359 3026 3405 recte
3062 3348 3269 3407 initium
3308 3364 3438 3420 quo-

1859 3458 1962 3512 que
2004 3443 2336 3512 speculandi,
2380 3458 2499 3511 qua:
2549 3442 2737 3499 harum
2781 3436 3206 3512 propositionum
3251 3457 3438 3499 conse-

1858 3537 2070 3605 quentia
2108 3536 2195 3599 sit,
2228 3551 2297 3590 ex
2336 3533 2419 3591 bis
2438 3547 2713 3589 sumemus
2735 3549 2854 3604 qua:
2877 3544 3003 3590 sunt
3027 3534 3364 3603 necessaria),
3386 3541 3437 3597 et

1860 3638 2075 3696 propter
2099 3625 2195 3680 ltas
2219 3641 2282 3679 ex
2306 3626 2594 3681 necessarii
2625 3623 3021 3695 negattonibus,
3050 3623 3100 3678 id
3130 3632 3211 3679 est
3242 3638 3309 3679 ex
3331 3637 3437 3679 non

1860 3717 2187 3773 necessario.
2211 3716 2436 3771 Constat
2465 3716 2623 3787 igitur
2648 3731 2679 3771 a
2712 3714 3017 3773 necessario
3045 3726 3097 3770 et
3125 3730 3231 3770 non
3253 3729 3438 3779 neces.-

1860 3810 2005 3864 sario
2037 3808 2228 3867 harum
2252 3808 2666 3880 consequentias
2697 3808 3002 3866 inveniendi
3033 3808 3289 3866 sumenda
3318 3822 3437 3867 esse

1862 3902 2141 3974 principia.
2171 3904 2278 3958 Illae
2313 3902 2479 3967 enim,
2511 3903 2561 3957 id
2605 3912 2689 3959 est
2726 3903 2977 3974 possmile
3006 3917 3127 3959 esse
3156 3913 3208 3957 et
3233 3903 3438 3957 contin-

1860 4010 1991 4065 gens
2018 4011 2158 4061 esse,
2193 4006 2246 4051 et
2272 4011 2391 4053 esse
2428 3999 2791 4052 necessarium
2820 4007 2877 4052 et
2918 4011 3024 4053 non
3056 3995 3435 4065 necessarium,

1862 4088 2006 4143 velut
2028 4090 2077 4143 itt
2112 4099 2300 4144 natura
2328 4090 2442 4160 ipsa
2472 4091 2837 4160 praecedentes
2878 4089 3299 4156 subsequuntur.
3348 4088 3439 4149 At:-

1861 4194 1965 4250 que
1991 4179 2110 4233 ideo
2140 4182 2212 4235 ait
2244 4200 2256 4235 :
2288 4180 2350 4234 Et
2374 4182 2496 4247 alio,
2527 4181 2577 4236 id
2601 4191 2685 4236 est
2716 4181 2968 4251 possibile
2993 4195 3136 4247 esse,
3160 4191 3213 4237 et
3235 4179 3440 4241 contine

1860 4289 1993 4344 gens
2019 4289 2156 4340 €558,
2192 4285 2245 4328 ut
2272 4277 2459 4328 horum
2500 4275 2878 4344 consequentia
2905 4273 3246 4330 considerare
3265 4288 3439 4342 opor-

1866 4376 1963 4421 tet.
2010 4366 2121 4421 iloc
2147 4377 2251 4435 est,
2280 4366 2348 4421 ita
2381 4366 2461 4420 hat
2510 4365 2841 4422 considerari
2868 4366 3086 4431 debent,
3115 4375 3361 4434 tanquam
3396 4364 3440 4427 si

1864 4457 2006 4527 quod
2046 4467 2127 4512 est
2169 4457 2552 4522 necessadum,
2584 4465 2639 4511 et
2675 4471 2781 4511 non
2828 4454 3190 4510 necessarium
3238 4469 3440 4526 praece-

1863 4549 2012 4614 dant,
2045 4562 2443 4619 consequantur
2488 4563 2617 4603 vero
2649 4544 2903 4619 possibile
2932 4556 2987 4603 et
3013 4549 3344 4617 contingens,
3392 4556 3440 4603 et

1862 4649 2076 4695 caetera.
3120 4700 3129 4703 ν

1937 4732 2273 4803 Manifestum
2312 4743 2384 4787 est
2420 4742 2590 4786 autem
2614 4748 2676 4786 eat
2709 4732 2788 4785 Itis
2815 4748 2929 4803 quin
2964 4732 3100 4786 dicta
3140 4738 3281 4800 sunt,
3322 4746 3441 4802 quo~

1866 4829 2006 4880 uiam
2048 4827 2185 4898 quod
2233 4842 2295 4880 ex
2343 4827 2635 4880 necessitate
2674 4835 2766 4889 est,
2815 4824 3095 4878 secundum
3138 4835 3306 4878 actum
3351 4834 3441 4877 est.

1874 4921 2044 4987 Quare
2079 4923 2121 4974 si
2150 4922 2325 4991 priora
2370 4929 2488 4973 sunt
2555 4921 2885 4985 sempiterna,
2918 4928 2965 4975 et
3000 4933 3111 4988 qua:
3147 4928 3260 4971 actu
3304 4925 3441 4983 sunt,

1867 5023 2113 5086 potestate
2137 5016 2310 5086 priora
2338 5024 2493 5080 sunt;
2517 5024 2566 5068 et
2605 5012 2711 5066 lucc
2735 5028 2848 5077 qua:
2872 5013 2980 5066 sine
3021 5021 3263 5080 potestate
3307 5020 3443 5075 sunt,

1870 5117 1989 5162 actu
2011 5117 2149 5173 sunt,
2176 5118 2230 5160 ut
2270 5108 2449 5177 prima
2487 5106 2801 5161 substantiw.
2848 5105 2966 5158 Alia
3012 5120 3126 5158 vero
3172 5112 3286 5158 sunt
3329 5113 3444 5155 actu

1868 5217 1987 5255 cum
2012 5201 2365 5271 possibilitate,
2389 5216 2503 5270 quae
2530 5211 2715 5254 natura
2735 5198 2934 5272 quidem
2959 5199 3131 5269 priora
3156 5204 3294 5260 sunt,
3324 5205 3443 5249 tem.

1876 5310 1997 5364 pore
2026 5310 2139 5348 t'et'O
2164 5296 2468 5364 posteriora,
2500 5296 2604 5349 alia
2630 5309 2746 5351 vero
2772 5309 3034 5365 nunquam
3053 5302 3169 5347 sunt
3192 5299 3331 5357 actu,
3358 5290 3445 5344 sed

1870 5395 2120 5463 potestate
2143 5395 2356 5440 tantum.

1946 5480 2118 5548 Patet,
2148 5479 2340 5549 inquit,
2372 5492 2435 5534 ac
2466 5479 2629 5548 liquet
2667 5480 2847 5534 omnia
2889 5491 3221 5550 quaecunque
3249 5489 3446 5530 secun-

1861 5572 2001 5647 dum
2063 5573 2437 5629 necessitatem
2505 5580 2651 5637 sunt,
2702 5585 2917 5640 semper
2980 5583 3098 5625 esse
3157 5569 3448 5636 secundum

1858 5676 2069 5725 actum.
2102 5665 2362 5734 Qucuiatn
2405 5665 2546 5722 enim
2600 5664 2734 5735 ignis
2782 5678 2847 5718 ex
2881 5664 3200 5719 necessitate
3239 5664 3444 5727 calidus

1874 5767 1978 5830 est,
2002 5769 2120 5817 actu
2146 5774 2359 5835 quoque
2386 5773 2599 5839 semper
2618 5757 2825 5815 calidus
2853 5766 2956 5815 est.
2977 5753 3237 5827 Quocirca
3262 5758 3307 5815 si
3333 5771 3448 5827 qua
