4022 6332
569 286 671 340 385

1782 284 1897 339 AN.
1940 280 2147 339 MANL.
2189 277 2342 335 SEV.
2383 279 2605 337 ΒΟΕΤΙΙ

3723 278 3809 330 384

568 403 892 474 sempiterna
923 410 1047 457 sunt
1083 398 1330 455 omnibus
1357 413 1477 469 qua!
1505 412 1614 452 non
1641 407 1771 473 sunt
1816 396 2140 466 sempiterna
2168 393 2222 453 Α
2248 392 2400 458 tioni,
2439 410 2559 465 quae
2600 394 2747 462 dicit,
2786 398 2960 451 omnis
3013 398 3174 450 homo
3210 399 3387 468 justus
3426 405 3532 465 est,
3557 400 3807 459 contraria

568 495 746 563 priora
777 504 918 559 sunt,
946 493 1103 548 etiam
1133 506 1195 545 ea
1217 504 1341 559 quae
1354 504 1568 559 semper
1586 498 1704 544 actu
1735 497 1879 555 sunt,
1911 487 1993 542 his
2020 502 2141 557 quas

570 594 693 643 sunt
722 592 985 656 potestate
1034 584 1210 649 priora
1246 589 1392 643 sunt.
1439 580 1640 636 Horum
1686 589 1862 635 autem
1903 581 2141 635 omnium

569 679 882 735 divisionem
913 676 1037 731 facit
1061 693 1077 730 :
1099 684 1222 730 sunt
1242 675 1410 741 enim,
1438 674 1627 744 inquit,
1647 675 1748 727 alia
1771 674 1982 743 quidem
2006 686 2144 743 prte-

568 785 648 831 ter
677 780 1018 842 potestatem,
1065 780 1184 824 actu
1230 777 1456 831 tantum,
1488 777 1547 822 ut
1588 768 1666 822 sol
1723 783 1829 822 non
1870 774 2143 835 potestate

566 872 832 929 movetur,
886 861 980 917 sed
1031 870 1175 926 actu,
1230 872 1285 914 et
1350 859 1493 913 illam
1529 858 1776 914 movendi
1825 866 2138 927 potestatem

569 970 674 1009 non
720 953 901 1017 habet,
929 966 1049 1021 qua:
1100 965 1205 1005 non
1256 958 1340 1004 est
1379 950 1618 1020 quidem,
1653 948 1747 1003 sed
1778 962 1900 1004 esse
1940 957 2136 1017 potest,

566 1046 658 1117 sed
717 1052 894 1099 aetum
967 1042 1131 1097 habet
1180 1040 1392 1106 solum,
1446 1055 1476 1094 a
1534 1048 1794 1109 potestate
1841 1054 1972 1094 vero
2022 1055 2141 1106 qua:

566 1142 759 1205 pt'teter
797 1142 972 1190 actum
1027 1133 1163 1187 solet
1205 1147 1350 1199 esse,
1388 1128 1727 1201 relinquitur.
1763 1131 1954 1186 Primae
1979 1131 2139 1185 etiam

565 1227 875 1282 substantiae
919 1234 1041 1297 actu
1098 1224 1309 1295 quidem
1362 1234 1506 1287 sunt,
1566 1238 1832 1293 nunquam
1883 1228 2011 1278 Vero
2046 1237 2139 1293 po-

564 1328 776 1384 testate,
798 1318 997 1388 primas
1022 1326 1197 1371 autem
1243 1313 1570 1370 substantias
1609 1315 1759 1381 dicit,
1789 1314 1997 1370 divinas
2038 1314 2141 1370 sci-

566 1411 691 1467 licet
718 1419 771 1466 et
809 1410 1187 1479 sempiternas,
1212 1423 1318 1462 non
1349 1422 1441 1461 eas
1469 1420 1600 1475 quas
1630 1405 1682 1461 in
1713 1406 2140 1476 prmdicamentis

566 1504 765 1573 primas
807 1515 927 1557 esse
975 1500 1316 1565 monstravit,
1371 1499 1422 1554 id
1468 1508 1553 1553 est
1609 1496 1933 1553 individuas.
1990 1496 2140 1552 Tunc

564 1596 703 1650 enim
748 1596 817 1649 de
870 1595 952 1648 his
998 1593 1317 1664 loquebatur
1354 1593 1561 1661 primis,
1605 1606 1725 1662 qua
1771 1591 1925 1647 nobis
1955 1590 2139 1661 prima:

566 1696 710 1755 sunt,
744 1700 886 1741 nune
920 1686 986 1741 de
1029 1684 1113 1739 his
1140 1700 1259 1756 quae
1291 1694 1480 1739 natura
1522 1693 1646 1738 sunt
1688 1684 1891 1753 primae,
1916 1698 2037 1753 qua:
2059 1682 2138 1738 di-

2245 497 2347 556 εει,
2374 495 2555 544 utrum
2603 505 2667 544 ea
2715 505 2809 559 per
2847 505 3003 561 quam
3050 492 3411 561 proponimus,
3446 492 3621 548 omnis
3664 492 3807 549 homo

2246 584 2475 655 injustus
2523 596 2628 653 est,
2675 603 2741 643 an
2798 599 2942 644 certe
2980 590 3190 659 negatio
3231 590 3567 655 universalis,
3610 607 3673 647 ea
3705 608 3807 661 quat

2249 688 2352 745 est,
2411 681 2586 736 nullus
2636 681 2795 736 homo
2821 683 2997 751 justus
3046 693 3148 739 est.
3180 683 3437 740 Similiter
3484 686 3647 741 etiam
3702 688 3808 742 huic

2249 773 2601 842 propositioni
2635 789 2753 842 quae
2805 784 2906 841 est,
2953 776 3144 831 Callias
3180 777 3349 847 justus
3397 786 3496 841 est,
3530 778 3808 847 propositio

2245 878 2363 933 quae
2427 868 2715 936 proponit,
2756 867 2953 923 Callias
3002 869 3228 938 injustus
3286 879 3402 936 est,
3456 885 3522 925 an
3577 887 3639 925 ea
3707 888 3809 941 qua!

2244 955 2415 1025 dicit,
2472 958 2666 1015 Callias
2712 960 2888 1030 justus
2937 976 3042 1016 non
3098 973 3212 1024 est,
3268 962 3534 1019 contraria
3585 974 3687 1019 est.
3753 964 3809 1020 De

2242 1062 2346 1118 qua
2377 1064 2439 1105 re
2468 1051 2605 1105 hanc
2657 1052 2798 1105 viam
2840 1052 3215 1121 disputationis
3244 1053 3580 1144 ingreditur:
3615 1070 3739 1108 nam
3777 1055 3811 1109 si

2242 1154 2327 1204 ea,
2382 1141 2573 1209 inquit,
2631 1157 2751 1211 quae
2803 1153 2926 1197 sunt
2981 1144 3030 1197 itt
3088 1160 3219 1199 voce
3273 1141 3392 1200 illis
3421 1160 3541 1214 qute
3595 1155 3722 1199 sunt
3771 1148 3810 1200 itt

2243 1232 2420 1287 anima
2461 1231 2804 1299 famulantur,
2847 1234 3033 1305 hisque
3081 1236 3133 1290 in
3186 1236 3572 1307 signiﬁcatione
3598 1252 3810 1292 consen-

2244 1324 2418 1391 tiunt,
2478 1340 2701 1381 necesse
2761 1337 2844 1381 est
2877 1328 3099 1397 utquod
3145 1329 3197 1382 in
3245 1328 3581 1397 opinionibus
3623 1330 3807 1383 anima}

2242 1417 2526 1486 reperitur,
2576 1417 2677 1472 hoc
2703 1417 2842 1473 idem
2894 1420 3110 1475 evenire
3142 1419 3380 1475 videntur
3411 1421 3463 1474 in
3492 1435 3645 1487 voce,
3681 1421 3809 1490 quod

2241 1507 2287 1563 si
2317 1507 2425 1563 illic
2453 1509 2501 1563 ei
2537 1508 2776 1576 Opinioni
2804 1526 2921 1578 qua:
2961 1510 3252 1565 arbitratur
3289 1526 3503 1565 onmem
3547 1511 3807 1566 hominem

2237 1598 2443 1670 justum
2488 1615 2609 1656 esse
2656 1602 2747 1656 illa
2800 1602 2982 1671 opinio
3034 1606 3277 1671 opposita
3324 1614 3441 1669 est,
3501 1614 3555 1658 et
3602 1604 3693 1657 illa
3743 1614 3809 1660 est

2242 1692 2478 1748 maxime
2507 1695 2777 1749 contraria
2798 1710 2922 1762 quae
2952 1705 3100 1764 putat
3133 1710 3343 1750 omnem
3376 1696 3647 1752 hominem
3680 1696 3809 1769 inju-

565 1780 700 1833 vinae
723 1778 1070 1834 suntseilicet
1097 1786 1151 1832 et
1179 1779 1545 1846 sempiternae.
1572 1776 1689 1832 Alia
1715 1791 1867 1843 vero,
1893 1776 1989 1843 ait,
2017 1785 2141 1832 sunt
2170 1764 2221 1827 B
2246 1793 2386 1840 stum
2417 1800 2558 1851 esse,
2604 1794 2659 1842 et
2687 1787 2738 1840 in
2784 1786 3003 1842 vocibus
3032 1802 3242 1858 quoque
3280 1788 3565 1843 afﬁrmatio
3608 1802 3671 1843 ea
3704 1764 3809 1857 qua!

565 1884 681 1939 qua:
723 1877 849 1923 sunt
890 1878 1009 1923 actu
1045 1882 1167 1923 cum
1210 1876 1499 1937 potestate,
1528 1868 1581 1924 id
1611 1877 1695 1923 est
1719 1882 1837 1939 qua:
1868 1876 1924 1923 et
1959 1876 2141 1924 actum

568 1962 784 2029 habent,
808 1970 861 2018 et
883 1960 1166 2031 aliquando
1195 1960 1498 2015 habuerunt
1526 1969 1865 2031 potestatem,
1892 1968 1949 2015 ut
1978 1959 2142 2015 fabri-

565 2064 679 2111 cata
704 2055 815 2139 jam
840 2054 1053 2119 domus,
1090 2053 1373 2124 aliquando
1407 2055 1581 2125 potuit
1609 2054 1880 2127 fabricari,
1914 2062 1970 2109 et
1991 2054 2139 2123 prius

565 2148 751 2204 habuit
794 2157 1111 2219 potestatem
1169 2146 1463 2203 secundum
1510 2157 1742 2217 tempus,
1776 2157 1960 2218 postea
2011 2162 2141 2203 vero

566 2252 786 2309 actum;
833 2242 927 2298 sed
977 2251 1163 2296 natura
1201 2248 1354 2296 actus
1400 2242 1545 2308 prior
1573 2251 1656 2295 est
1707 2249 1993 2327 potestate.
2040 2244 2142 2295 Ars

566 2349 694 2389 vero
763 2334 878 2403 ipsa
920 2342 1094 2387 actum
1138 2332 1465 2403 cogitatione
1505 2333 1761 2401 praecipit,
1784 2324 2143 2402 "formamque

566 2423 757 2479 domus
795 2423 943 2493 prius
972 2422 1074 2477 sibi
1114 2422 1229 2490 ipsa
1260 2422 1503 2490 designat
1539 2431 1594 2478 et
1619 2423 1784 2478 efﬁcit
1812 2441 1827 2489 ;
1855 2439 2021 2493 quare
2044 2440 2139 2478 na-

566 2522 683 2572 tura
728 2523 877 2569 actus
922 2515 1067 2584 prior
1106 2522 1187 2568 est
1239 2521 1533 2582 potestate,
1577 2524 1819 2586 potestas
1846 2529 1965 2570 actu
1997 2515 2141 2585 prior

565 2614 648 2661 est
671 2615 929 2675 tempore.
952 2605 1066 2661 Alia
1088 2620 1215 2660 vero
1237 2617 1383 2669 sunt,
1412 2605 1607 2677 inquit,
1634 2623 1753 2677 quae
1777 2617 1897 2663 actu
1925 2608 2139 2678 quidem

566 2712 834 2770 nunquam
862 2707 1006 2764 sunt,
1032 2711 1244 2765 semper
1266 2705 1440 2752 autem
1471 2706 1595 2751 sunt
1626 2707 1907 2768 potestate,
1938 2708 1997 2755 ut
2038 2716 2141 2756 nu-

566 2803 747 2847 merus
794 2789 1031 2845 infinitus
1068 2788 1280 2859 quidem
1332 2796 1435 2856 est,
1470 2788 1610 2857 quod
1660 2804 1779 2844 eum
1833 2805 2046 2860 semper
2088 2790 2141 2845 in

566 2883 825 2939 inﬁnitum
858 2884 1031 2952 possis
1062 2895 1279 2951 augere,
1306 2881 1399 2936 sed
1439 2889 1559 2934 actu
1605 2881 1841 2935 infinitus
1888 2892 2140 2937 nonest.

567 2976 945 3045 Quemcunque
984 2974 1127 3031 enim
1177 2988 1455 3031 numerum
1486 2976 1799 3043 sumpseris,
1825 2984 1945 3031 actu
1969 2976 2145 3031 tinitus

568 3078 680 3134 est;
716 3067 1007 3136 quemlibet
1034 3066 1178 3120 enim
1231 3066 1383 3121 dicas
1438 3050 1733 3131 numerum,
1794 3066 1939 3121 finita
1991 3066 2142 3123 illum

2244 1887 2345 1943 est,
2391 1881 2565 1935 omnis
2609 1881 2769 1934 homo
2796 1881 2966 1952 jusms
3016 1891 3117 1946 est,
3154 1884 3212 1939 ei
3267 1882 3610 1938 afﬂrmationi
3656 1884 3809 1952 magis

2243 1972 2511 2027 contraria
2553 1982 2637 2028 est
2662 1988 2782 2043 quae
2812 1973 2969 2039 dixit,
3016 1977 3189 2028 omnis
3237 1975 3397 2030 homo
3449 1976 3679 2046 injustus
3721 1986 3808 2031 est.

2243 2065 2395 2131 Quod
2438 2066 2482 2121 si
2524 2066 2576 2120 in
2625 2066 2965 2135 opinionibus
3011 2084 3115 2121 non
3170 2068 3285 2122 lta:c
3326 2070 3492 2138 magis
3539 2068 3810 2138 Opponitur

2244 2160 2423 2229 petitis
2446 2173 2605 2229 quam
2640 2158 2727 2212 illa
2758 2173 2878 2227 quae
2917 2160 3066 2225 dicit,
3100 2160 3275 2215 nullus
3309 2163 3467 2215 homo
3503 2162 3675 2229 justus
3717 2170 3807 2223 est,

2243 2259 2299 2306 et
2328 2252 2378 2305 in
2410 2250 2631 2305 vocibus
2673 2266 2884 2320 quoque
2920 2250 3205 2306 afﬁrmatio
3235 2251 3552 2305 universalis
3580 2250 3810 2305 videatur

2245 2356 2366 2398 esse
2387 2342 2676 2409 contraria,
2709 2353 2947 2413 utrmque
2974 2358 3099 2414 ergo
3128 2353 3181 2397 et
3210 2343 3497 2397 afﬁrmatio
3518 2358 3637 2413 quae
3664 2344 3807 2406 dicit,

2245 2437 2421 2493 omnis
2452 2436 2611 2491 homo
2648 2436 2877 2507 injustus
2903 2445 3003 2502 est,
3036 2446 3091 2491 et
3132 2436 3346 2506 negatio
3378 2452 3496 2505 quae
3526 2435 3675 2502 dicit,
3709 2438 3808 2490 nul-

2246 2531 2331 2587 lus
2360 2531 2521 2586 homo
2547 2529 2727 2602 justus
2765 2539 2868 2593 est,
2909 2539 3065 2585 erunt
3101 2528 3384 2583 contraria:
3422 2528 3473 2582 ei
3508 2540 3629 2597 qua:
3667 2526 3808 2591 dicit,

2245 2624 2427 2679 omnis
2468 2622 2629 2677 homo
2654 2621 2832 2690 justus
2859 2628 2964 2676 est.
2997 2618 3148 2687 Quod
3188 2629 3366 2675 autem
3395 2618 3547 2683 dicit,
3596 2617 3738 2683 quod
3771 2616 3809 2672 si

2246 2730 2422 2786 neque
2452 2715 2562 2770 illic
2593 2714 2848 2771 contrarii
2889 2714 3125 2785 opinatio
3152 2713 3421 2768 contraria
3449 2719 3553 2767 est.
3585 2708 3715 2764 Tale
3740 2717 3809 2765 εει

2246 2806 2606 2878 enimjustum
2637 2821 2759 2862 esse
2778 2817 2833 2862 et
2865 2807 3118 2876 injustum
3148 2820 3289 2872 esse,
3322 2818 3627 2875 quanquam
3650 2804 3720 2857 sit
3738 2816 3810 2857 se-

2244 2898 2477 2954 cundum
2523 2898 2760 2953 habitum
2791 2904 2848 2952 et
2887 2897 3263 2967 privationem,
3299 2893 3609 2965 praedicatio
3648 2902 3811 2947 tamen

2247 2989 2363 3045 haec
2393 3004 2554 3056 nunc,
2579 2988 2632 3044 id
2661 2997 2744 3045 est
2775 2988 3031 3058 iniustum
3060 3002 3199 3053 esse,
3235 3001 3332 3055 pro
3357 2984 3632 3043 contrario
3660 2982 3812 3039 sumi-

2248 3092 2353 3138 tur.
2387 3084 2527 3153 Ergo
2557 3084 2603 3138 si
2634 3082 2686 3137 in
2726 3080 3068 3151 opinionibus
3108 3079 3388 3147 contrarii,
3434 3078 3486 3133 id
3530 3086 3617 3133 est
3644 3074 3811 3147 iniusti

569 3158 925 3214 numerositas
952 3170 1173 3211 necesse
1203 3166 1286 3210 est
1315 3155 1716 3226 complectatur,
1741 3165 1799 3212 ut
1832 3158 2018 3214 decem
2057 3160 2145 3216 vel

2250 3174 2535 3230 alﬁrmatio
2563 3174 2831 3229 contraria
2864 3188 2969 3228 non
3006 3181 3111 3238 est,
3160 3186 3267 3227 non
3297 3169 3401 3226 erit
3428 3177 3483 3225 et
3519 3171 3574 3225 in
3603 3168 3811 3224 vocibus

569 3257 801 3305 centum.
850 3247 1095 3302 luﬂnitus
1138 3261 1267 3302 vero
1312 3246 1511 3304 idcirco
1552 3257 1637 3303 est
1675 3255 1958 3318 potestate,
2003 3250 2145 3320 quod

568 3358 691 3399 eum
714 3342 887 3411 possis
918 3341 1095 3396 facere
1122 3340 1177 3396 in
1209 3342 1470 3396 inﬁnitum
1516 3354 1887 3409 concrescere,
1924 3356 2031 3398 non
2067 3352 2145 3399 ta-

569 3443 690 3490 tnen
720 3441 781 3489 ut
806 3433 1026 3503 quilibet
1046 3442 1167 3488 actu
1197 3432 1268 3489 sit
1300 3447 1556 3489 numerus
1583 3433 1843 3491 inﬁnitus.

568 3562 680 3613 QUAE
710 3563 862 3605 IAGIS
888 3564 1041 3604 APT£
1068 3564 1489 3606 ENUNTIATIONES
1517 3564 1833 3607 CONTBARIE
1862 3532 2146 3612 DICA'NTUR.

643 3640 825 3697 Utrum
841 3653 1011 3698 autem
1034 3645 1291 3698 contraria
1311 3652 1383 3698 est
1399 3645 1666 3714 afﬁrmatio
1688 3647 1965 3717 negationi,
1981 3665 2048 3703 an
2067 3654 2152 3721 af-

568 3735 793 3806 firmatio
805 3737 1150 3806 aﬂirmationi,
1167 3746 1213 3790 et
1231 3738 1415 3802 oratio,
1431 3746 1485 3790 ut
1505 3754 1618 3807 qua:
1638 3739 1763 3793 dicit
1789 3742 1972 3808 omnis,
1996 3742 2148 3797 homo

568 3831 735 3894 iustus
756 3837 851 3890 est,
876 3826 922 3879 ei
950 3842 1067 3893 quae
1084 3836 1180 3891 εει,
1197 3826 1369 3881 nullus
1392 3829 1540 3881 homo
1553 3833 1728 3901 justus
1765 3840 1855 3895 εει,
1880 3849 1948 3885 an
1986 3836 2151 3889 omnis

571 3918 723 3972 homo
736 3918 912 3988 justus
933 3927 1028 3985 εει,
1049 3917 1095 3971 ei
1113 3933 1227 3985 quia
1255 3928 1350 3985 est,
1379 3923 1539 3973 omnis
1562 3922 1710 3975 homo
1732 3924 1953 3995 injustas
1976 3934 2067 3992 εει,
2096 3936 2150 3981 ut

571 4008 766 4065 Callias
779 4012 953 4079 justus
973 4018 1069 4075 est,
1085 4008 1274 4064 Callias
1287 4012 1461 4081 justus
1482 4016 1582 4065 n'on
1603 4023 1698 4083 εει,
1717 4011 1907 4071 Callias
1929 4017 2149 4089 injustas

570 4111 662 4157 εει.
687 4102 933 4169 Quaenam
949 4101 1132 4157 harum
1152 4104 1409 4157 contraria
1424 4113 1517 4158 εει.
1540 4102 1678 4157 Nam
1698 4107 1740 4159 si
1756 4121 1817 4158 ea
1834 4123 1949 4176 quia
1962 4119 2077 4161 sunt
2099 4109 2153 4162 in

570 4210 683 4249 voce
701 4207 983 4265 sequuntur
1000 4212 1060 4250 ea
1079 4212 1194 4265 quas
1214 4207 1328 4250 sunt
1350 4197 1403 4250 in
1424 4198 1616 4261 anima,
1635 4197 1743 4251 illic
1763 4208 1930 4253 autem
1952 4209 2153 4253 contra-

570 4290 649 4344 ria
670 4297 744 4343 est
768 4291 941 4356 opinio
963 4291 1229 4356 contrarii,
1253 4303 1307 4344 ut
1334 4291 1495 4344 omnis
1510 4290 1660 4344 homo
1668 4292 1843 4361 justus
1866 4302 1960 4358 est,
1978 4294 2023 4346 ei
2042 4309 2154 4362 qua:

569 4394 667 4451 εει,
699 4373 862 4437 οηυπε
891 4384 1041 4437 homo
1070 4384 1287 4454 injustas
1313 4393 1405 4447 εει,
1438 4384 1591 4459 etiam
1620 4385 1672 4435 in
1704 4384 1783 4437 his
1811 4400 1924 4454 quw
1953 4394 2069 4438 sunt
2102 4386 2155 4439 in

569 4491 684 4530 voce
711 4475 1153 4545 aﬁ'irntationibus,
1181 4492 1377 4531 necesse
1423 4487 1496 4530 εει
1536 4476 1771 4530 similitrr
1796 4492 1903 4530 sese
1947 4476 2151 4531 habere.

571 4565 721 4632 Quod
746 4567 791 4619 si
812 4581 973 4634 neque
992 4565 1101 4619 illic
1123 4568 1366 4621 cantrarii
1396 4567 1619 4638 apittatio
1652 4568 1911 4621 contraria
1937 4577 2034 4632 est,
2058 4584 2151 4622 nec

569 4657 839 4726 aﬂirmatio
865 4657 1189 4727 aﬂirmationi
1229 4660 1484 4712 contraria
1530 4660 1645 4726 erit,
1679 4659 1767 4712 sed
1794 4674 1852 4712 ea
1873 4674 1986 4728 qua:
2014 4660 2151 4712 dicta

578 4757 675 4816 εει,
707 4749 925 4817 negatio.
956 4746 1129 4815 Quare
1152 4750 1572 4803 considerandum
1594 4760 1667 4803 est
1694 4766 1808 4821 qua:
1827 4752 1995 4819 Opinio
2018 4750 2151 4817 falsa

570 4840 797 4911 opinioni
830 4856 957 4895 verte
982 4844 1237 4895 contraria
1267 4843 1353 4909 sit,
1388 4853 1560 4896 utrum
1587 4844 1890 4913 negationis,
1924 4859 1990 4896 an
2020 4853 2152 4897 certe

569 4947 629 4985 ea
675 4946 790 5000 qua
842 4932 1315 4986 contrariumesse
1357 4933 1613 5002 opinatur.
1663 4931 1790 4987 Dico
1832 4942 1999 4988 autem
2054 4935 2150 4989 hoc

568 5022 741 5088 modo,
773 5030 849 5075 est
876 5024 1109 5093 quaedam
1136 5024 1359 5093 Opinatio
1381 5041 1496 5077 vrra
1537 5026 1671 5087 boni,
1694 5028 1929 5094 quoniam
1958 5027 2145 5081 bonum

569 5122 660 5171 εει.
687 5115 803 5169 Alia
822 5131 938 5171 vero
968 5116 1124 5186 falsa,
1150 5117 1390 5183 quoniam
1426 5118 1607 5172 bonum
1636 5135 1740 5172 non
1768 5129 1862 5184 εει,
1890 5119 1994 5173 alia
2018 5136 2146 5190 quo-

569 5209 703 5261 niam
727 5213 920 5262 malum
939 5217 1035 5273 εει,
1062 5225 1297 5278 quisnam
1323 5211 1502 5263 harum
1532 5212 1786 5264 contraria
1809 5220 1883 5265 est
1914 5226 2062 5277 verte,
2100 5221 2148 5265 et

569 5302 612 5355 εἰ
632 5311 704 5354 εει
726 5317 849 5366 una,
871 5302 1147 5355 secundum
1168 5317 1321 5368 quam
1345 5303 1621 5358 contraria.

641 5393 938 5463 Propositio
958 5393 1171 5463 quidem
1202 5395 1508 5463 quaestionis
1528 5394 1645 5449 talis
1666 5405 1767 5450 est.
1792 5395 1989 5463 Quaerit
2011 5397 2153 5451 enim

569 5484 820 5554 quoniam
872 5484 997 5538 huic
1050 5484 1401 5553 propositioni
1446 5500 1564 5554 qua:
1602 5485 1753 5550 dicit,
1782 5488 1955 5540 omnis
1996 5485 2155 5541 homo

570 5574 746 5643 justus
772 5582 877 5639 est,
901 5589 965 5630 ea
1001 5588 1120 5643 qua:
1164 5575 1431 5643 proponit,
1461 5575 1639 5629 nullus
1672 5575 1831 5628 homo
1851 5574 2029 5644 justus
2051 5583 2153 5641 est,

571 5677 624 5722 et
647 5682 831 5721 rursus
850 5682 911 5743 ea
933 5681 1051 5736 quae
1074 5666 1220 5734 dicit,
1242 5669 1415 5723 omnis
1436 5667 1596 5722 homo
1617 5667 1843 5735 iniustus
1859 5676 1960 5733 est,
1976 5668 2158 5721 viden-

573 5771 658 5814 tur
688 5762 965 5823 oppositae,
1011 5776 1129 5824 qua:
1181 5760 1367 5820 harum
1407 5761 1576 5825 magis
1613 5760 1873 5824 superiori
1923 5758 2156 5815 afﬁrma-

2246 3268 2518 3325 contraria
2536 3267 2843 3333 afﬁrmatio,
2873 3266 2965 3321 sed
2992 3266 3169 3336 potius
3198 3264 3411 3336 negatio
3433 3278 3551 3334 qua:
3576 3272 3681 3328 est,
3706 3266 3809 3319 nul-

2249 3359 2334 3414 lus
2366 3360 2526 3414 homo
2570 3359 2750 3429 justus
2795 3367 2900 3413 est.
2926 3357 3124 3425 Quare,
3159 3357 3352 3427 inquit,
3380 3355 3811 3411 considerandum

2249 3459 2335 3508 est
2352 3452 2437 3505 cui
2458 3450 2696 3520 opinioni
2731 3450 2878 3505 falsae
2902 3450 3085 3521 opinio
3116 3463 3242 3504 vera
3269 3450 3344 3503 sit
3369 3448 3656 3514 contraria,
3698 3462 3809 3502 nam

2250 3544 2298 3599 si
2325 3558 2431 3614 qua
2460 3558 2549 3599 res
2578 3542 2714 3599 bona
2731 3543 2824 3607 sit,
2848 3556 3032 3598 verum
3054 3552 3139 3596 est
3166 3541 3231 3595 de
3259 3553 3321 3596 ea
3340 3540 3540 3604 dicere,
3573 3539 3812 3607 quoniam

2252 3635 2450 3691 bonum
2490 3642 2595 3701 est,
2637 3642 2820 3690 contra
2852 3648 3009 3705 quam
3054 3632 3476 3703 propositionem
3510 3630 3700 3686 falsum
3742 3637 3815 3684 est

2252 3728 2453 3794 dicere,
2491 3728 2616 3798 quia
2664 3727 2860 3781 malum
2892 3736 2998 3792 est,
3029 3724 3220 3781 falsum
3249 3726 3409 3780 etiam
3440 3724 3561 3792 quia
3593 3738 3696 3777 non
3728 3722 3815 3776 bo-

2253 3834 2380 3875 ttum
2430 3827 2532 3874 est.
2575 3818 2682 3875 Sed
2712 3817 3001 3873 videndum
3042 3826 3125 3873 est
3166 3831 3283 3886 qua:
3315 3816 3504 3871 harum
3548 3814 3616 3869 sit
3659 3813 3818 3884 magis

2252 3913 2519 3969 contraria
2564 3926 2706 3967 verae
2749 3912 3113 3977 afﬁrmationi,
3161 3925 3279 3980 qua;
3309 3908 3439 3964 dicit
3477 3908 3669 3964 bonum
3704 3919 3820 3959 esse

2255 4006 2399 4078 quod
2426 4005 2624 4060 bonum
2653 4012 2765 4070 est;
2791 4013 2969 4058 utrum
2998 4001 3129 4057 falsa
3162 4002 3252 4057 illa
3279 4002 3547 4056 contraria
3573 4007 3668 4063 est,
3701 4012 3822 4066 qua

2255 4099 2308 4155 id
2339 4098 2480 4168 quod
2526 4098 2722 4153 bonum
2759 4105 2841 4151 est
2867 4095 2992 4150 dicit
3018 4108 3137 4150 esse
3167 4095 3388 4157 malum,
3429 4107 3497 4148 an
3527 4106 3587 4147 ea
3616 4103 3735 4161 qua
3773 4087 3820 4141 id

2256 4191 2398 4262 quod
2437 4190 2633 4245 bonum
2681 4198 2765 4244 est
2800 4187 2929 4242 dicit
2969 4201 3091 4243 esse
3133 4200 3236 4241 non
3274 4186 3497 4265 bonum.
3527 4186 3697 4253 Atque
3727 4182 3823 4234 hoc

2256 4293 2341 4339 est
2376 4282 2517 4352 quod
2569 4282 2663 4349 ait,
2710 4280 2831 4334 dico
2880 4289 3055 4334 autem
3100 4278 3201 4334 hoc
3243 4280 3556 4332 modo:est
3588 4271 3823 4345 quaedam

2257 4376 2496 4445 opinatio
2538 4387 2663 4428 vera
2695 4371 2844 4437 boni,
2886 4371 3138 4441 quoniam
3181 4370 3377 4425 bonum
3422 4378 3524 4434 est,
3566 4365 3663 4421 alia
3699 4377 3824 4418 vero

2263 4470 2415 4536 falsa,
2462 4467 2712 4537 quoniam
2754 4480 2861 4521 non
2902 4466 3100 4520 bonum
3132 4473 3237 4531 est,
3269 4463 3372 4517 alia
3399 4476 3551 4525 vero,
3583 4457 3825 4525 quoniam

2180 4518 2237 4588 D
2261 4561 2460 4616 malum
2496 4570 2597 4615 est.
2641 4558 2895 4624 Qutenam
2925 4571 3054 4625 ergo
3095 4560 3280 4611 harum
3322 4553 3593 4609 contraria
3633 4559 3711 4606 est
3736 4562 3825 4601 ve-

2261 4642 2359 4718 Eae,
2407 4652 2456 4705 id
2490 4662 2572 4706 est
2596 4658 2777 4705 utrum
2815 4664 2875 4704 ca
2927 4663 3045 4717 quae
3084 4658 3241 4716 negat
3282 4646 3333 4701 id
3365 4644 3508 4715 quod
3540 4651 3641 4706 est,
3674 4654 3737 4694 au
3767 4652 3826 4692 ea

2260 4763 2380 4817 quae
2406 4746 2553 4813 ponit
2577 4746 2626 4799 id
2650 4744 2789 4815 quod
2818 4758 2922 4799 non
2946 4752 3027 4798 est
3047 4784 3062 4809 ,
3088 4756 3209 4813 quae
3239 4740 3407 4811 magis
3431 4739 3619 4795 harum
3648 4735 3694 4791 ei
3709 4746 3827 4804 qua:

2262 4841 2390 4895 dicit
2421 4854 2561 4906 esse,
2605 4838 2657 4892 id
2689 4836 2828 4909 quod
2865 4847 2949 4891 est
2998 4836 3245 4891 videatur
3274 4848 3393 4890 esse
3422 4831 3704 4894 contraria,
3736 4841 3828 4881 re-

2263 4932 2578 5004 quirendum
2609 4939 2712 4985 est.
2759 4929 2861 4986 Sed
2891 4928 3030 4998 quod
3065 4928 3148 4983 Itis
3184 4927 3379 4995 adjecit
3410 4935 3465 4981 et
3495 4927 3540 4981 si
3591 4930 3671 4979 est
3701 4932 3829 4982 una.

2254 5023 2550 5079 secundum
2592 5036 2751 5092 quam
2793 5021 3083 5086 contraria,
3138 5020 3245 5074 tale
3291 5028 3394 5074 est.
3435 5014 3829 5073 Contrariorum

2256 5116 2359 5171 alia
2393 5125 2518 5169 sunt
2549 5114 2796 5169 habentia
2848 5112 3103 5181 medium,
3139 5112 3242 5166 alia
3283 5126 3418 5167 vero
3447 5118 3573 5164 sunt
3602 5121 3699 5163 non
3731 5102 3830 5156 ha-

2255 5209 2461 5263 bentia.
2494 5191 2560 5262 Et
2602 5190 2961 5277 illorum—quat
3009 5204 3228 5269 habent,
3261 5203 3309 5259 si
3351 5202 3470 5272 quis
3502 5216 3660 5257 unum
3692 5211 3829 5250 con-

2256 5303 2475 5357 trarium
2525 5312 2699 5371 neget,
2735 5316 2841 5355 non
2893 5314 3116 5355 necesse
3159 5308 3242 5353 est
3282 5312 3378 5368 per
3419 5298 3561 5353 illam
3598 5292 3832 5363 negatio-

2259 5408 2380 5449 nem
2430 5393 2558 5448 illud
2601 5391 2744 5447 aliud
2789 5391 3115 5447 contrarium
3158 5390 3478 5457 intelligere.
3527 5387 3654 5443 Nam
3692 5395 3835 5450 quo-

2260 5484 2400 5538 niam
2425 5484 2564 5538 inter
2586 5482 2765 5537 album
2790 5498 2841 5537 et
2863 5484 3070 5552 nigrum
3099 5480 3426 5551 estaliquid,
3453 5479 3499 5534 si
3524 5477 3640 5548 quis
3663 5472 3829 5535 dicat,

2260 5590 2365 5630 non
2398 5584 2480 5630 est
2509 5574 2710 5641 album,
2736 5588 2842 5629 non
2873 5572 3073 5628 idcirco
3105 5573 3313 5642 nigrum
3348 5584 3467 5625 esse
3494 5562 3809 5622 monstravit

2262 5666 2441 5720 Potest
2480 5665 2622 5720 enim
2664 5679 2784 5720 esse
2831 5674 2884 5719 et
2925 5662 3164 5718 rubrum.
3212 5662 3278 5718 Et
3307 5658 3562 5732 quidquid
3601 5649 3735 5710 aliud
3774 5651 3833 5703 in

2262 5760 2442 5817 talium
2472 5758 2865 5817 contrariorum
2895 5756 3187 5814 medietate
3215 5756 3452 5812 locatum
3480 5762 3578 5810 est.
3618 5748 3667 5803 In
3700 5742 3835 5799 illis
