3982 6334
242 367 351 423 585

1037 371 1104 429 lN
1139 373 1398 431 LIBRUM
1438 372 1523 431 ne
1563 372 2203 439 INTERPBETATIONE
2242 381 2469 442 EDITIO
2505 374 2738 443 pauta‘.

3401 386 3505 449 εει.

240 495 374 535 vero
417 482 702 538 contrariis
730 498 849 554 quae
877 483 1054 540 medio
1093 497 1303 553 carent,
1341 486 1475 541 nihil
1510 487 1688 544 differt
1736 505 1831 546 ne-
1853 495 1906 552 Δ
1936 494 2109 551 ιίοηεε
2146 507 2270 551 sunt
2299 499 2606 568 contrariae,
2640 516 2748 555 non
2779 513 2847 556 eo
2883 501 3023 572 quod
3055 511 3181 559 sunt
3208 510 3507 562 contrario-

237 591 370 644 εει-ε
404 578 899 645 remprapositam,
935 592 1002 632 an
1027 577 1298 634 aflirmare
1334 581 1693 635 contrariam.
1728 580 1824 636 Ni—

239 667 319 720 hil
350 667 493 721 euim
526 666 704 721 diﬁ‘ert
732 667 912 723 dicere
942 667 1079 722 diem
1121 684 1226 723 non
1275 684 1395 724 esse
1433 685 1590 740 quam
1639 671 1820 726 dicere

238 768 451 813 noctem
484 751 623 813 esse.
650 759 761 814 Hoc
786 770 866 815 est
896 762 1038 816 enim
1060 761 1199 816 diem
1232 778 1336 817 non
1367 779 1507 828 esse,
1534 764 1674 834 quod
1697 778 1822 820 esse

239 864 475 907 noctem.
533 853 673 907 Nihil
714 855 858 907 enim
904 856 1161 910 estinter
1208 868 1417 913 noctem
1449 869 1611 929 atque
1652 858 1821 916 diem.

245 946 385 1015 Ergo
419 946 579 1001 iubis
600 946 883 1003 afﬁrmatio
910 953 1160 1006 contrarii
1194 952 1333 1009 idem
1366 955 1529 1022 valet,
1563 957 1704 1026 quod
1742 957 1824 1012 rei

245 1040 529 1106 propositae
561 1040 814 1108 negatio;
849 1055 976 1110 ergo
1016 1058 1154 1096 nunc
1184 1043 1284 1098 hoc
1314 1044 1481 1100 dicit:
1517 1050 1731 1102 etiamsi
1770 1049 1823 1104 in

241 1128 528 1198 aliquibus,
589 1130 781 1199 inquit,
838 1131 970 1186 tales
1012 1135 1405 1202 propositiones
1456 1138 1822 1207 inveniuntur,

243 1233 301 1277 ut
330 1234 383 1278 et
416 1226 626 1295 negatio
669 1225 747 1281 rei
792 1228 1097 1295 propositae,
1144 1236 1201 1283 et
1229 1228 1525 1286 afﬁrmatio
1567 1233 1826 1288 contrarii

245 1318 385 1373 idem
416 1320 606 1384 valeat,
643 1328 697 1373 et
727 1320 832 1374 sint
867 1337 985 1374 unze
1017 1321 1431 1391 signiﬁcatione.
1465 1324 1824 1391 Quaerendum

245 1418 330 1464 est
362 1410 653 1465 secundum
678 1424 837 1479 quam
867 1412 1287 1468 enuntiatioucm
1326 1414 1626 1482 propositio
1656 1416 1827 1486 magis

243 1511 329 1562 est
358 1502 646 1569 contraria,
681 1516 746 1555 an
779 1502 1070 1557 secundum
1100 1518 1217 1558 eam
1249 1520 1369 1573 quae
1399 1505 1529 1561 dicit
1562 1522 1667 1561 non
1704 1522 1827 1564 esse

243 1592 409 1655 diem.
444 1608 510 1647 an
541 1593 829 1648 secundum
862 1610 978 1648 eam
1004 1612 1123 1664 qua:
1148 1588 1396 1665 proponit
1427 1612 1550 1654 esse
1584 1611 1822 1656 noctem.

251 1685 674 1753 lnvestigapdum
725 1688 884 1755 igitur
940 1696 1025 1742 est
1071 1703 1189 1757 qua:
1256 1689 1468 1755 barum,
1518 1703 1819 1761 quanquam

250 1793 414 1832 unum
448 1786 667 1848 utraque
698 1779 985 1849 signiticet,
1013 1781 1181 1848 magis
1214 1790 1298 1835 est
1329 1784 1597 1836 contraria
1621 1785 1669 1838 ei
1699 1799 1821 1854 qua:

1931 605 2068 654 rum,
2101 592 2195 645 sed
2228 593 2407 662 potius
2450 608 2518 649 eo
2547 596 2691 665 quod
2714 596 2781 651 de
2807 612 2911 650 uno
2937 596 3234 668 eodemque
3265 599 3508 669 subjecto

1928 686 2213 739 contraria:
2258 685 2627 753 suspicantur,
2676 698 2732 742 ut
2760 690 2805 743 si
2840 690 2957 759 quis
2995 688 3063 745 de
3100 692 3239 745 liono
3271 680 3505 759 suspice-

1931 783 2015 831 tur
2043 776 2295 846 quoniam
2339 777 2538 832 bonum
2568 786 2673 849 est,
2704 790 2756 834 et
2788 795 2978 835 rursns
3028 780 3163 836 alius
3205 781 3273 836 de
3318 782 3506 836 eodem

1928 869 2070 924 bono
2099 871 2353 939 quoniam
2389 869 2584 924 malum
2614 879 2718 935 est,
2770 871 2880 925 lucc
2929 880 3054 926 sunt
3093 872 3360 927 contraiia
3391 889 3506 941 qua:

1928 977 2073 1018 vera:
2102 963 2259 1017 simul
2282 978 2403 1018 esse
2425 978 2530 1018 non
2555 973 2800 1034 possunt.
2837 966 2900 1021 Et
2930 966 2999 1020 de
3031 967 3222 1021 eodem
3246 966 3505 1035 subjecto.

1931 1055 1983 1109 id
2022 1065 2105 1110 est
2153 1055 2317 1121 bono,
2373 1071 2515 1111 nunc
2559 1057 2721 1121 bene,
2755 1072 2896 1112 nunc
2941 1073 3071 1114 vero
3119 1059 3282 1125 male,
3329 1058 3382 1113 id
3428 1065 3506 1114 est

1929 1146 2213 1201 contrarian
2234 1149 2596 1219 suspicantur.
2661 1144 2667 1149 ’

2002 1236 2063 1291 Si
2090 1252 2210 1307 ergo
2242 1238 2377 1303 boni,
2410 1240 2655 1307 quoniam
2679 1240 2867 1293 bonum
2889 1248 2987 1308 est,
3016 1242 3245 1309 opinatio
3271 1251 3365 1307 est,
3406 1243 3506 1299 aia

1928 1344 2064 1386 vero.
2091 1330 2330 1399 quoniam
2362 1346 2462 1384 non
2506 1339 2578 1384 est
2609 1330 2823 1386 bonum.
2864 1331 2960 1386 Est
2996 1347 3114 1386 vero
3162 1344 3209 1387 et
3247 1334 3352 1387 alia
3381 1350 3507 1405 quo.

1930 1422 2067 1474 niam
2116 1421 2262 1475 aliud
2302 1420 2502 1490 aliquid
2549 1432 2643 1489 est,
2677 1423 2814 1491 quod
2858 1440 2962 1477 non
3002 1432 3099 1489 est,
3148 1439 3305 1492 neque
3349 1431 3507 1495 potest

1927 1529 2052 1568 esse.
2087 1514 2321 1567 Aliarum
2348 1514 2554 1585 quidem
2583 1516 2729 1569 nulla
2764 1515 3002 1585 ponenda
3037 1523 3136 1582 est,
3183 1532 3340 1587 neque
3369 1531 3508 1585 quc-

1927 1623 2126 1677 cunque
2157 1622 2265 1659 esse
2286 1606 2422 1673 quod
2446 1622 2547 1661 non
2569 1615 2643 1662 est
2671 1608 2967 1679 opinantur,
3004 1622 3165 1677 neque
3191 1625 3507 1678 quacunque

1925 1716 2024 1753 non
2046 1715 2153 1753 esse
2171 1701 2309 1770 quod
2330 1710 2421 1754 est.
2458 1696 2718 1769 (Infinita:
2746 1701 2879 1754 enim
2912 1711 3138 1770 utrmque
3159 1710 3297 1766 sunt,
3325 1709 3371 1755 et
3398 1716 3507 1769 qua

1925 1806 2032 1844 esse
2070 1790 2347 1860 opinantur
2379 1790 2520 1860 quod
2549 1807 2650 1844 non
2698 1799 2793 1859 est,
2840 1802 2889 1845 et
2920 1807 3033 1860 qua
3080 1808 3179 1844 ηιιιι
3226 1806 3334 1845 esse
3372 1791 3506 1859 quod

246 1870 376 1925 dicit
405 1884 525 1924 esse
546 1870 717 1933 diem;
744 1870 845 1924 hoc
866 1881 947 1924 est
972 1871 1118 1925 enim
1144 1873 1283 1947 quod
1317 1872 1410 1928 ait.
1437 1873 1505 1928 Et
1532 1875 1576 1928 si
1607 1884 1691 1929 est
1721 1891 1821 1929 una
1856 1891 1904 1952 Β
1930 1884 2024 1949 est)
2051 1881 2141 1935 sed
2168 1882 2221 1934 in
2246 1882 2428 1951 quibus
2462 1880 2677 1949 fallacia
2707 1890 2802 1937 est.
2829 1881 2928 1937 Ila:
2954 1890 3125 1937 autem
3151 1890 3289 1947 sunt,
3313 1896 3378 1935 ex
3396 1881 3507 1951 qui-

244 1961 538 2017 secuudum
578 1977 735 2031 quam
757 1963 1040 2028 contraria,
1079 1962 1130 2017 id
1157 1972 1261 2030 est,
1300 1974 1355 2020 et
1386 1966 1430 2020 si
1470 1982 1630 2020 unum
1655 1967 1827 2039 signi-

248 2053 480 2109 ﬁcabant
516 2053 802 2123 aliquando
850 2056 925 2108 rei
960 2056 1172 2125 negatio
1209 2067 1264 2111 et
1305 2058 1558 2113 contrarii
1590 2059 1827 2113 afﬁrma-

250 2147 341 2201 tio.
368 2147 661 2199 secundum
685 2161 842 2215 quam
867 2146 1059 2201 barum
1098 2148 1266 2217 magis
1297 2159 1381 2204 est
1400 2152 1667 2205 contraria
1703 2167 1828 2220 pro-

249 2237 441 2305 positio
471 2238 734 2307 superiori
778 2240 1066 2317 proposita:
1096 2242 1467 2297 enuntiationi.

320 2337 459 2392 Nam
508 2341 745 2394 arbitrari
792 2342 1076 2394 contrarias
1119 2341 1381 2412 opiniones
1428 2342 1634 2410 deﬁniri
1672 2343 1725 2397 in
1765 2358 1826 2398 eo

246 2433 378 2499 quod
422 2430 792 2485 contrariorum
828 2440 966 2495 sunt,
993 2433 1182 2500 falsum
1222 2441 1315 2487 cst.
1373 2431 1506 2486 Boni
1546 2435 1678 2487 enim
1706 2450 1829 2503 quo-

244 2522 383 2575 niam
422 2520 607 2575 bonum
639 2530 732 2587 est,
768 2530 816 2574 et
856 2522 976 2575 mali
1002 2522 1246 2592 quoniam
1284 2521 1477 2577 malum
1514 2535 1608 2590 est,
1650 2525 1825 2579 eadem

244 2613 465 2682 fortasse
502 2613 675 2683 opinio
704 2623 774 2667 est
819 2623 868 2668 et
898 2628 1033 2681 vera,
1075 2615 1178 2668 sive
1216 2614 1408 2684 plures,
1440 2616 1543 2669 sive
1588 2633 1691 2670 una
1732 2619 1820 2672 sit.

246 2702 383 2758 Sunt
426 2714 600 2758 autem
629 2703 728 2757 ista
763 2704 1048 2769 contraria,
1096 2705 1184 2758 sed
1223 2721 1323 2759 non
1362 2706 1415 2759 in
1444 2722 1501 2760 eo
1524 2708 1658 2775 quod
1701 2724 1826 2762 con-

242 2798 525 2847 trariorum
563 2803 681 2847 sunt
713 2796 993 2860 contraria,
1032 2795 1121 2849 sed
1154 2796 1317 2865 magis
1353 2797 1406 2849 in
1435 2813 1495 2851 eo
1530 2798 1666 2867 quod
1700 2813 1825 2853 con-

243 2886 420 2937 trarie.

319 2984 716 3039 Contrariorum
766 2994 1010 3040 naturam
1059 2990 1209 3055 prius
1257 2996 1406 3043 recte
1452 2986 1820 3057 determinat,

247 3074 338 3142 qui
388 3073 459 3130 de
497 3075 776 3129 contrariis
826 3077 1282 3145 propositionibus
1330 3086 1540 3134 tractat.
1593 3079 1820 3147 Quidam

244 3167 390 3221 enim
446 3177 766 3237 putaverunt
827 3170 1125 3225 contrarias
1174 3185 1295 3227 esse
1336 3172 1648 3242 Opiniones,
1702 3189 1821 3244 qua:

1932 1974 2022 2029 bus
2053 1982 2169 2028 sunt
2198 1974 2570 2041 generationes,
2621 1988 2687 2027 ex
2716 1974 2961 2044 oppositis
2992 1988 3109 2027 vero
3137 1982 3258 2027 sunt
3293 1987 3506 2043 genera-

1930 2065 2110 2118 tiones.
2147 2064 2315 2128 Quare
2337 2064 2488 2118 eliam
2510 2064 2753 2135 fallacia}.

2002 2153 2169 2225 Hujus
2184 2155 2480 2225 argumenti
2512 2155 2834 2224 principium
2861 2164 2967 2222 est,
3000 2170 3106 2223 quo
3138 2170 3233 2226 pro
3263 2154 3507 2210 confesso

1929 2248 2097 2301 utitur
2137 2255 2192 2302 et
2221 2247 2468 2316 probato,
2500 2246 2641 2315 quod
2689 2246 2848 2301 unius
2888 2247 2965 2302 rei
2999 2247 3150 2315 plura
3196 2256 3353 2315 atque
3385 2245 3503 2300 inﬁ-
3579 2264 3588 2271 ~

1930 2338 2036 2391 uita
2082 2353 2186 2391 non
2232 2338 2438 2405 possint
2480 2351 2601 2393 esse
2654 2338 2921 2393 contraria
2949 2379 2964 2403 ,
2993 2353 3178 2409 .quare
3224 2338 3382 2392 unius
3429 2335 3504 2391 rei

1927 2444 2090 2483 unum
2116 2430 2219 2483 erit
2239 2429 2591 2484 contrarium.
2625 2430 2719 2485 Est
2745 2446 2873 2501 ergo
2895 2431 3081 2501 opinio
3106 2430 3230 2486 boni
3251 2431 3502 2501 quoniam

1928 2521 2127 2577 bonum
2158 2530 2260 2589 est,
2296 2532 2351 2578 et
2396 2524 2511 2579 haec
2548 2538 2680 2579 vera
2708 2534 2821 2590 est;
2858 2534 2942 2581 est
2981 2540 3163 2581 rursus
3196 2525 3319 2580 boui
3370 2541 3502 2594 quo-

1927 2619 2066 2672 niam
2100 2621 2296 2674 lionum
2322 2634 2425 2675 non
2448 2628 2548 2685 est.
2582 2628 2640 2677 et
2668 2620 2785 2675 haec
2827 2621 2957 2676 falsa
2995 2632 3097 2676 est.
3130 2621 3311 2677 Putest
3339 2621 3499 2676 etiam

1927 2724 2047 2765 esse
2077 2726 2195 2780 quae
2230 2720 2381 2780 putet
2413 2725 2534 2767 esse
2572 2713 2772 2767 bonum
2830 2713 2882 2767 id
2914 2713 3055 2782 quod
3092 2727 3197 2767 non
3229 2722 3333 2779 est,
3368 2721 3424 2766 ut
3450 2716 3492 2767 ε’

1926 2804 2046 2873 quis
2076 2803 2219 2859 dicat
2245 2804 2299 2858 id
2328 2804 2470 2873 quod
2502 2815 2583 2859 est
2620 2806 2814 2860 bonum
2874 2805 3126 2874 quoniam
3159 2804 3356 2858 malum
3388 2811 3495 2871 est,

1926 2893 2010 2947 vel
2041 2895 2292 2962 quoniam
2316 2895 2584 2963 quantitas
2610 2904 2712 2962 est,
2744 2897 2829 2951 vel
2857 2897 3106 2965 quoniam
3133 2895 3330 2966 aliquid
3354 2894 3497 2965 quod

1926 3002 2029 3042 non
2072 2998 2173 3043 est.
2218 2988 2322 3044 Sed
2371 2988 2488 3045 haec
2511 3004 2627 3058 qua?
2657 2990 2726 3046 de
2769 2991 2910 3045 bono
2951 2990 3055 3047 dici
3094 2997 3338 3062 possunt,
3378 3004 3498 3061 qua:

1925 3078 2097 3147 ipsum
2135 3080 2327 3134 bonum
2371 3096 2475 3135 non
2504 3081 2630 3145 sint,
2664 3082 2869 3137 inﬁnita
2899 3090 3046 3138 sunt.
3084 3082 3288 3137 Rursus
3313 3096 3499 3152 possu-

1925 3183 2043 3224 mus
2071 3170 2138 3224 de
2179 3170 2318 3225 bono
2360 3172 2605 3227 arbitrari
2661 3172 2827 3227 multa
2860 3189 2966 3228 nun
3014 3188 3153 3238 esse,
3194 3188 3314 3244 qua:
3352 3181 3496 3227 sunt.

241 3259 351 3313 sint
405 3266 794 3315 contrariarum
847 3275 1048 3329 rerum,
1082 3265 1223 3330 quod
1264 3264 1582 3321 Aristoteles
1626 3276 1817 3335 negat;
1847 3268 1894 3333 ο
1930 3261 2133 3316 Bonum
2183 3263 2324 3317 enim
2368 3264 2513 3343 quod»
2554 3265 2834 3320 honestum
2883 3274 2963 3321 est
3002 3279 3286 3341 possumus
3322 3264 3501 3321 dicere

241 3353 369 3407 dicit
399 3354 542 3408 enim
569 3355 751 3409 falsam
776 3370 896 3410 esse
926 3355 1313 3426 deﬁnitionem,
1346 3373 1464 3427 quae
1495 3358 1822 3414 determinat

242 3462 335 3502 eas
360 3462 484 3502 esse
522 3450 820 3503 contrarias
857 3449 1162 3519 opiniones,
1202 3466 1321 3520 quae
1362 3460 1488 3507 sunt
1525 3453 1823 3507 contraria-

245 3555 361 3595 rum
394 3555 591 3595 rerum.
629 3540 760 3594 Nam
795 3554 915 3595 cum
947 3541 1015 3595 sit
1046 3541 1373 3597 contrarium
1417 3526 1619 3598 bonum
1653 3543 1819 3613 malo,

245 3647 529 3701 possumus
574 3632 774 3688 habere
818 3633 1122 3702 Opinionem
1154 3633 1222 3689 de
1256 3635 1399 3689 bono
1429 3635 1680 3704 quoniam
1727 3635 1824 3690 bn-

246 3741 372 3779 num
404 3736 507 3794 est,
542 3737 596 3780 et
626 3727 738 3781 haec
763 3742 889 3781 vera
913 3736 1031 3793 est;
1069 3740 1353 3797 possumus
1384 3743 1568 3783 rursus
1600 3728 1651 3783 id
1681 3727 1823 3798 quod

246 3820 445 3873 malum
476 3829 562 3875 est
586 3829 777 3888 putare
802 3819 1017 3886 malum,
1044 3830 1097 3875 et
1121 3820 1235 3875 lucc
1265 3833 1449 3875 rursus
1480 3835 1601 3875 vera
1630 3829 1730 3886 est,
1773 3829 1829 3875 ct

247 3912 530 3983 opiniones
553 3912 767 3983 quidem
801 3913 949 3980 boui,
972 3912 1225 3982 quoniam
1257 3902 1454 3969 bonum
1488 3920 1590 3980 est,
1624 3920 1679 3969 et
1699 3911 1830 3967 mali

248 4006 501 4075 quoniam
535 4006 730 4060 malum
778 4015 880 4075 εει,
919 4008 1306 4063 contrariarum
1349 4022 1526 4062 rerum
1557 4017 1715 4074 sunt;
1747 4016 1831 4062 ta-

255 4112 380 4149 men
412 4106 648 4166 utrmque
674 4106 799 4151 sunt
829 4112 990 4153 verae.
1021 4098 1126 4153 Sed
1154 4098 1441 4154 contrariae
1470 4108 1709 4167 utraeque
1740 4113 1829 4154 ve-

256 4203 332 4243 ra:
362 4203 483 4244 esse
513 4204 618 4243 non
656 4201 900 4260 possunt.
936 4189 1093 4246 Falso
1124 4192 1284 4261 igitur
1315 4193 1594 4247 definitum
1628 4200 1711 4248 est
1739 4206 1831 4247 eas

251 4293 375 4335 esse
416 4274 733 4335 contrarias
761 4282 1060 4349 Opininucs,
1111 4296 1232 4350 quae
1275 4283 1670 4337 contrariarum
1724 4282 1833 4336 sint

249 4387 454 4427 rerum.
479 4372 628 4441 Quod
669 4384 847 4429 autem
890 4374 985 4441 ait,
1014 4374 1137 4429 boni
1161 4375 1304 4430 enim
1344 4376 1595 4446 quoniam
1631 4376 1831 4430 bonum

251 4471 355 4527 est,
402 4471 459 4518 et
508 4464 631 4517 mali
666 4464 915 4534 quoniam
958 4465 1155 4520 malum
1212 4474 1316 4532 est,
1366 4466 1554 4522 eadem
1607 4468 1833 4523 fortasse

251 4554 436 4621 opinio
484 4565 567 4609 est
609 4562 665 4609 et
716 4570 861 4611 vera.
896 4555 1000 4610 Aut
1031 4556 1081 4611 id
1114 4557 1255 4627 quod
1287 4557 1421 4612 dixit
1451 4557 1636 4612 eadem
1676 4558 1741 4612 ad
1776 4557 1826 4613 id

1926 3355 2178 3423 quoniam
2228 3355 2507 3410 honestum
2557 3371 2661 3410 non
2710 3368 2815 3423 est,
2852 3372 3134 3427 possumus
3171 3356 3349 3413 dicere
3377 3370 3503 3427 quo-

1926 3444 2069 3499 niam
2103 3445 2232 3499 utile
2279 3459 2384 3499 non
2427 3455 2531 3511 est,
2583 3461 2864 3513 possumus
2902 3464 3120 3519 quoque
3148 3450 3331 3505 dicere
3368 3461 3499 3517 quo-

1927 3536 2067 3590 niam
2091 3537 2446 3601 expetendum
2471 3551 2574 3590 non
2598 3546 2699 3605 est,
2724 3546 2778 3592 et
2805 3540 2909 3592 alia
2941 3538 3112 3605 plura.
3145 3538 3351 3593 Inﬁnita
3374 3554 3504 3608 ergo

1927 3635 2047 3681 sunt
2074 3635 2129 3681 et
2160 3642 2221 3681 ea
2245 3642 2365 3696 qua:
2388 3641 2668 3696 possumus
2688 3628 2939 3683 arbitrari
2967 3630 3032 3685 de
3063 3630 3221 3696 bono,
3252 3630 3503 3700 quoniam

1928 3725 2014 3771 est
2042 3715 2094 3791 id
2125 3716 2264 3786 quod
2292 3718 2487 3771 bonum
2524 3718 2697 3787 ipsum
2731 3733 2835 3773 non
2864 3727 2964 3774 est.
3000 3720 3066 3775 Et
3091 3734 3153 3774 ea
3180 3735 3296 3790 quae
3320 3717 3503 3789 opina-

1930 3828 2050 3885 mur
2074 3828 2179 3868 non
2208 3827 2326 3868 esse
2366 3812 2562 3868 bonum
2593 3814 2734 3885 quod
2763 3824 2867 3880 cst,
2912 3829 2974 3869 ea
3001 3830 3210 3885 quoque
3246 3824 3369 3870 sunt
3395 3815 3503 3870 inﬁ-

1932 3905 2066 3960 nita.
2108 3904 2284 3973 Quare
2330 3920 2428 3960 nec
2472 3921 2533 3960 ea
2579 3922 2698 3975 quae
2746 3915 2895 3975 putat
2937 3907 3117 3976 opinio
3148 3907 3342 3960 bonum
3386 3921 3505 3962 esse

1931 3998 2072 4072 quod
2115 4012 2221 4053 non
2254 4006 2357 4062 cst.
2391 4013 2489 4054 nec
2514 4013 2576 4053 ea
2607 4014 2727 4069 quae
2757 4008 2906 4069 putat
2939 4015 3043 4054 non
3071 4012 3193 4053 esse
3231 3997 3369 4068 quod
3400 4006 3503 4065 est,

1930 4090 1981 4147 ei
2030 4090 2267 4161 opinioni
2314 4092 2556 4159 ponenda
2607 4101 2692 4145 est
2725 4106 2845 4146 esse
2882 4091 3168 4168 contraria,
3206 4107 3323 4160 quae
3362 4100 3506 4157 putat

1932 4182 2130 4239 bonum
2157 4195 2279 4237 esse
2309 4183 2450 4251 quod
2478 4182 2675 4237 bonum
2704 4191 2805 4236 est.
2833 4182 2944 4236 Hoc
2968 4182 3107 4236 enim
3131 4193 3213 4238 est
3239 4183 3376 4255 quod
3402 4185 3501 4239 ait:

1932 4276 2172 4331 Aliarum
2203 4275 2419 4343 quidem
2465 4274 2610 4329 nulla
2640 4275 2887 4345 ponenda
2917 4286 3021 4341 est,
3061 4291 3232 4346 neque
3260 4292 3506 4345 quaecun-

1933 4383 2035 4438 que
2063 4382 2183 4424 esse
2202 4366 2345 4437 quod
2376 4381 2480 4421 non
2502 4376 2585 4421 est
2610 4368 2881 4435 opinatur,
2916 4375 2973 4420 ut
2999 4367 3238 4422 dicamus
3267 4366 3334 4422 de
3368 4368 3507 4422 bono

1933 4460 2187 4530 quoniam
2233 4458 2428 4513 malum
2474 4466 2575 4522 est,
2620 4457 2703 4513 vel
2736 4458 2944 4524 inutile,
2988 4458 3075 4512 vel
3116 4468 3288 4525 turpe,
3340 4473 3507 4526 neque

1933 4566 2263 4622 quaecunque
2291 4565 2395 4605 non
2421 4565 2539 4606 esse
2568 4550 2708 4619 quod
2750 4558 2853 4615 est,
2887 4558 2948 4603 ut
2971 4550 3015 4605 si
3043 4549 3109 4605 de
3145 4550 3335 4605 eodem
3367 4550 3507 4604 bono

252 4643 439 4699 retulit
460 4644 600 4712 quod
634 4655 753 4714 post
792 4656 1007 4701 secutus
1036 4655 1142 4711 est,
1178 4661 1300 4702 vera
1343 4662 1573 4717 namque
1604 4662 1743 4702 vera:
1778 4648 1830 4703 in
1859 4654 1912 4715 1)
1934 4645 2195 4710 dicamus,
2224 4646 2424 4699 bonum
2453 4641 2813 4711 expetendum
2850 4658 2955 4697 non
2984 4650 3085 4703 est.
3117 4642 3312 4697 bonum
3342 4642 3507 4698 hone-

252 4747 321 4789 eo
351 4734 491 4804 quod
523 4749 663 4790 verae
691 4744 816 4790 sunt
834 4737 1022 4794 eadem
1047 4748 1191 4803 sunt,
1216 4747 1309 4793 aut
1338 4749 1484 4793 certe
1514 4740 1656 4808 quod
1689 4740 1832 4811 ejus-

253 4823 377 4879 dem
407 4832 550 4879 esset
578 4824 871 4894 opinionis,
898 4826 1039 4895 quod
1072 4828 1269 4883 bonum
1302 4837 1468 4893 esset,
1502 4828 1698 4884 bonum
1729 4844 1827 4899 pu-

253 4925 389 4983 tare,
420 4918 558 4987 quod
585 4919 782 4973 malum
812 4930 978 4985 esset,
1013 4922 1234 4976 malum.
1274 4921 1400 4977 Sive
1423 4930 1602 4977 autem
1642 4922 1828 4978 eadem
1865 4950 1877 4961 -

251 5009 379 5073 sint,
423 5012 534 5065 sive
585 5013 785 5079 plures,
830 5014 1096 5067 contraria
1127 5028 1246 5069 esse
1290 5028 1396 5070 non
1443 5023 1712 5084 pateram,
1752 5014 1832 5067 id-

254 5100 395 5154 circo
433 5101 684 5171 quoniam
735 5103 892 5161 simul
944 5119 1085 5159 vera:
1133 5115 1279 5167 sunt,
1331 5104 1470 5160 Sunt
1509 5114 1687 5161 autetu
1730 5107 1828 5160 ista

249 5197 544 5260 contraria,
571 5195 662 5249 sed
704 5211 808 5251 non
844 5212 911 5252 eo
942 5198 1081 5266 quod
1114 5183 1507 5253 contrariorum
1531 5199 1635 5252 sint
1692 5213 1827 5252 con-

252 5286 431 5340 trariae
455 5295 599 5353 sunt,
630 5287 726 5344 sed
760 5289 932 5360 magis
956 5303 1022 5345 eo
1050 5289 1194 5360 quod
1222 5290 1531 5345 contrariae.
1565 5290 1705 5346 Sunt
1734 5304 1827 5344 au-

250 5388 380 5447 tem,
423 5379 614 5449 inquit,
662 5380 785 5446 ista,
824 5379 1031 5436 scilicet
1080 5397 1201 5451 qua:
1228 5390 1364 5437 sunt
1397 5382 1452 5435 in
1483 5380 1826 5450 opinionibus

247 5485 277 5523 c
316 5471 537 5537 ntraria,
588 5484 694 5526 non
734 5480 915 5527 tamen
958 5473 1224 5527 contraria
1255 5472 1469 5543 quando
1522 5475 1825 5552 contrario-

248 5579 364 5617 rum
396 5572 542 5629 sunt,
580 5564 674 5621 sed
709 5565 881 5635 potius
919 5564 1132 5636 quando
1167 5565 1237 5622 de
1268 5582 1373 5621 uno
1403 5566 1703 5638 eodemque
1744 5567 1826 5621 di-

248 5668 406 5710 verso
422 5656 597 5712 modo
624 5666 681 5712 et
714 5661 1001 5714 contraria:
1032 5661 1393 5728 suspicantur,
1430 5657 1531 5714 hoc
1564 5667 1647 5714 est
1676 5658 1823 5715 enim

247 5750 387 5817 quod
410 5752 502 5805 ait.
532 5751 669 5807 Sunt
698 5761 876 5808 autem
906 5754 1003 5809 ista
1035 5753 1328 5820 contraria,
1372 5769 1432 5809 ea
1466 5752 1672 5809 scilicet
1703 5767 1823 5823 qua

246 5841 299 5897 in
341 5841 531 5899 anima:
556 5844 896 5915 opinionibus
929 5847 1101 5915 posita
1134 5855 1280 5915 sunt,
1311 5860 1540 5914 quorum
1566 5843 1822 5914 proposi-

1935 4746 2073 4793 stum
2116 4745 2353 4791 nonest.
2402 4734 2627 4790 inﬁnitae
2667 4738 2808 4789 enim
2857 4744 3095 4804 utrmque
3123 4745 3266 4801 sunt,
3313 4743 3366 4789 ct
3395 4748 3508 4802 qum

1935 4844 2054 4885 esse
2079 4829 2362 4897 Opinantur
2393 4827 2533 4896 quod
2568 4844 2671 4882 nun
2707 4837 2805 4893 est,
2839 4836 2893 4883 et
2921 4842 3040 4898 quae
3091 4844 3194 4883 non
3223 4843 3343 4883 esse
3370 4826 3508 4897 quod

1934 4912 2034 4976 est.
2067 4920 2161 4975 Hac
2189 4921 2350 4989 igitur
2377 4918 2683 4989 rejicienda:
2724 4929 2869 4983 sunt.
2903 4929 2957 4975 et
2988 4920 3052 4975 ad
3081 4921 3275 4975 nullam
3303 4930 3507 4973 contra-

1932 5011 1996 5066 rii
2018 5009 2327 5081 opinionem
2360 5010 2655 5075 sumenda,
2682 5010 2930 5079 quoniam
2963 5009 3185 5064 inﬁnita:
3215 5019 3360 5071 sunt,
3392 5025 3421 5062 c
3461 5026 3509 5061 ill

1933 5119 2142 5173 semper
2165 5104 2558 5158 contrariorum
2586 5102 2852 5172 Oppositio
2876 5103 2944 5157 sit
2972 5104 3139 5158 ﬁnita.
3174 5103 3509 5170 Quaecunque

1932 5207 2110 5252 autem
2150 5196 2435 5252 contraria
2471 5196 2729 5267 ponenda:
2779 5196 2887 5250 siut
2931 5194 3232 5263 Opiniones,
3273 5193 3504 5262 seqttilut
3602 5268 3607 5269 γ

1931 5287 2114 5343 dicens
2150 5303 2164 5341 :
2198 5287 2302 5342 Sed
2350 5287 2402 5342 in
2445 5288 2637 5357 quibus
2689 5293 2774 5341 est
2813 5287 3040 5354 fallacia,
3076 5287 3156 5339 liae
3183 5295 3359 5339 autem
3387 5293 3509 5340 sunt

1930 5393 1995 5434 ex
2027 5377 2109 5433 his
2135 5393 2201 5433 ex
2231 5379 2428 5448 quibus
2455 5386 2579 5432 sunt
2622 5386 2676 5432 et
2700 5376 3095 5447 generationes.
3134 5376 3210 5429 Ex
3254 5376 3509 5445 oppositis

1929 5485 2056 5526 vero
2076 5471 2477 5541 generationes,
2512 5486 2677 5538 quave
2712 5469 2872 5523 etiam
2906 5467 3113 5523 fallacia
3144 5464 3406 5534 opinioni,
3434 5468 3510 5522 in-

1930 5564 2067 5635 quit,
2089 5563 2154 5620 de
2180 5563 2323 5620 bono
2344 5561 2599 5634 quoniam
2629 5561 2828 5616 bonum
2850 5570 2955 5629 est,
2988 5555 3251 5621 contraria
3282 5555 3369 5611 illa
3395 5558 3509 5613 sola

1931 5658 2176 5728 ponenda
2221 5666 2325 5723 est,
2374 5656 2425 5711 in
2457 5671 2556 5725 qua
2607 5655 2835 5723 primum
2886 5653 3090 5707 fallacia
3124 5653 3411 5718 repetitur.
3457 5653 3510 5708 In

1928 5766 2032 5820 qua
2075 5759 2251 5805 autem
2284 5748 2491 5803 fallacia
2525 5748 2751 5817 primum
2784 5747 3105 5815 reperiatur,
3151 5744 3388 5798 ostendit
3415 5759 3510 5810 per

1928 5842 1981 5899 id
2010 5840 2153 5911 quod
2180 5839 2315 5897 dixit
2342 5856 2355 5892 :
2386 5839 2464 5896 Ex
2492 5841 2683 5908 quibus
2709 5852 2837 5898 sunt
2878 5852 2931 5899 ct
2960 5830 3344 5910 generationes
3369 5834 3516 5889 falla-
