4022 6332
452 356 549 425 εει

1687 358 1801 421 AN.
1838 357 2044 423 tam.
2084 344 2237 425 ssi.
2266 352 2486 427 nostra

3619 366 3729 429 388

450 487 533 544 cia
574 472 826 544 facillime
864 484 1147 555 reperitur.
1191 479 1481 539 Generatio
1523 483 1670 537 enim
1707 494 1922 550 semper
1959 495 2030 537 ex
2057 485 2112 546 Α
2137 488 2242 548 εει,
2273 492 2421 539 recte
2450 483 2541 539 illa
2584 483 2755 553 magis
2786 482 2915 540 falsa
2945 485 3165 553 dicitur,
3196 499 3321 558 quae
3339 487 3636 543 secundum
3670 500 3738 559 se

450 579 708 650 oppositis
734 590 845 643 est;
876 578 1086 647 quoties
1112 575 1255 631 enim
1284 570 1484 645 aliquid
1517 573 1575 628 lit
1603 572 1812 641 album,
1840 588 1947 629 non
1974 573 2036 631 fit

450 688 516 729 ex
554 672 718 737 dulci,
761 684 860 726 nec
897 685 960 724 ex
991 668 1150 736 duro,
1197 682 1296 724 nec
1325 682 1388 724 ex
1425 666 1650 737 liquido,
1686 666 1782 722 sed
1812 680 1880 722 ει
1925 681 2032 723 non

449 766 590 821 albo.
622 764 688 819 Et
706 764 847 833 quod
877 762 1034 819 dulce
1059 761 1138 827 fit,
1170 775 1276 815 non
1316 760 1374 815 [il
1401 775 1469 817 ex
1496 760 1696 826 calido,
1738 775 1914 829 neque
1940 759 2037 813 fri-

447 861 589 931 gido,
624 871 722 912 nec
768 858 940 926 nigro,
987 870 1087 912 nec
1125 868 1191 908 ex
1223 854 1332 909 ulla
1373 853 1476 909 alia
1507 853 1786 922 qualitate,
1838 852 1939 910 nisi
1968 867 2034 908 ει

447 953 549 1009 sibi
593 950 863 1020 opposito,
893 950 946 1005 id
973 960 1057 1005 est
1102 963 1205 1003 non
1236 947 1403 1003 dulci.
1453 945 1764 1016 Eodemque
1789 944 1950 1000 modo
1979 944 2035 999 iu

447 1044 565 1099 aliis
590 1058 710 1100 sese
752 1057 841 1099 res
880 1042 1059 1097 habet.
1087 1040 1278 1097 Omnis
1308 1053 1438 1108 ergo
1466 1037 1745 1107 generalia
1775 1052 1840 1093 ex
1880 1050 1947 1092 eo
1977 1036 2036 1092 ﬁt

447 1137 591 1207 quod
617 1154 721 1193 non
754 1135 873 1203 fuit,
918 1144 976 1189 ut
1002 1136 1161 1190 dulce
1185 1149 1248 1190 ex
1284 1148 1389 1189 non
1417 1132 1588 1196 dulci,
1619 1132 1798 1187 album
1829 1146 1894 1187 ex
1926 1146 2033 1188 non

447 1233 590 1297 albo.
635 1232 867 1287 calidum
897 1245 960 1286 ex
995 1245 1102 1285 non
1147 1227 1345 1284 calido.
1374 1228 1552 1296 Quare
1584 1226 1630 1281 si
1656 1225 2035 1296 generationes

446 1325 658 1396 quidem
687 1339 752 1378 ex
782 1322 1045 1392 oppositis
1073 1331 1219 1387 sunt,
1267 1322 1319 1376 in
1354 1320 1437 1375 his
1483 1330 1663 1375 autem
1694 1328 1778 1374 est
1814 1308 2032 1374 fallacia

446 1419 501 1474 in
531 1418 726 1488 quibus
754 1425 881 1471 sunt
910 1416 1302 1483 generationes.
1340 1414 1443 1469 erit
1484 1412 1538 1468 in
1570 1411 1831 1480 oppositis
1863 1410 2032 1481 prima

445 1507 672 1563 fallacia.
708 1507 884 1562 Prima
928 1521 1160 1575 namque
1196 1504 1407 1559 fallacia
1455 1515 1539 1560 est
1576 1519 1684 1559 non
1713 1516 1899 1572 putare
1936 1504 2035 1559 ali-

445 1601 570 1674 quid
597 1599 885 1672 essequod
925 1609 1028 1656 est.
1070 1599 1313 1655 Secunda
1355 1606 1544 1668 putare
1586 1612 1711 1653 esse
1740 1596 1881 1666 quod
1922 1613 2029 1652 non

444 1704 548 1765 est,
572 1707 629 1751 ut
661 1696 714 1750 in
745 1709 813 1749 eo
840 1693 981 1764 quod
1022 1703 1102 1749 est
1134 1692 1334 1748 bonum
1377 1692 1549 1761 prima
1582 1690 1787 1746 fallacia
1816 1700 1899 1746 est
1928 1704 2031 1760 pu-

446 1800 561 1846 tare
591 1789 720 1845 illud
751 1803 855 1843 non
890 1803 1010 1843 esse
1038 1787 1260 1843 bonum.
1287 1785 1532 1841 Secunda
1557 1786 1757 1839 malum
1786 1799 1908 1840 esse
1935 1800 2028 1839 ar-

2139 576 2272 633 falsa
2322 589 2426 645 est,
2481 579 2533 635 id
2564 591 2649 636 est
2693 596 2816 650 quas
2857 580 2908 636 id
2959 591 3121 651 negat
3156 582 3301 653 quod
3340 582 3639 639 secundum
3673 598 3736 639 se

2140 686 2326 727 verum
2357 682 2462 730 est.
2492 674 2632 745 Ergo
2672 686 2738 731 ea
2780 690 2898 747 quae
2935 683 3021 731 est.
3062 678 3314 747 quoniam
3368 691 3474 732 non
3517 691 3597 733 est
3634 678 3736 731 bo-

2140 782 2268 821 num
2292 768 2432 835 quod
2466 769 2662 823 bonum
2684 782 2788 838 est,
2810 769 3101 824 secundum
3135 782 3195 823 se
3216 769 3565 824 consistentis
3598 768 3736 823 falsa

2138 869 2242 913 est.
2273 860 2353 913 Ad
2381 859 2524 930 quod
2557 860 2726 915 tendit
2755 870 2864 914 tota
2897 858 3142 927 supeiior
3168 870 3564 932 arguuwntatm
3603 875 3735 915 con-

2140 952 2287 1006 tinua
2336 951 2699 1020 d-sputatione
2745 952 3036 1008 subnectit.
3074 966 3329 1021 ruperius
3358 953 3499 1007 enim
3526 951 3735 1007 dictum

2138 1052 2223 1100 est
2251 1044 2559 1114 Opinionem
2593 1060 2708 1098 eam
2734 1060 2854 1114 quia:
2879 1053 3030 1114 putat
3059 1048 3256 1100 bonum
3285 1059 3426 1108 esse,
3457 1044 3603 1115 quod
3631 1044 3735 1099 bo-

2139 1150 2268 1190 num
2306 1146 2411 1200 est,
2443 1136 2735 1191 secundum
2785 1151 2845 1191 se
2874 1152 3028 1201 esse;
3060 1152 3231 1205 quare
3262 1136 3351 1192 illa
3381 1138 3568 1205 opinio
3611 1151 3736 1208 qua

2137 1226 2266 1282 dicit
2294 1243 2397 1282 non
2413 1242 2535 1284 esse
2548 1230 2745 1285 bonum
2772 1230 2914 1299 quod
2946 1228 3142 1284 bonum
3166 1240 3269 1295 est,
3294 1228 3426 1284 falsa
3450 1238 3557 1295 est,
3580 1241 3635 1283 et
3665 1228 3733 1286 de

2136 1333 2197 1374 ea
2222 1333 2280 1373 re
2307 1319 2436 1373 falsa
2466 1329 2716 1391 est,qn:e
2744 1322 3038 1376 secundum
3063 1335 3121 1375 se
3152 1336 3276 1375 vera
3307 1320 3733 1375 est.b‘ecundttm

2136 1426 2195 1466 se
2214 1413 2356 1467 enim
2400 1427 2524 1467 vera
2546 1422 2631 1469 est
2656 1412 2837 1483 opinio
2863 1429 2984 1484 qua)
3029 1424 3178 1483 putat
3208 1414 3405 1468 bonum
3434 1428 3559 1469 esse
3586 1412 3733 1484 quod

2135 1505 2334 1561 bonum
2370 1518 2476 1574 est,
2528 1523 2647 1577 quae
2697 1524 2829 1563 vero
2878 1509 3170 1563 arbitratur
3210 1524 3316 1563 non
3365 1522 3490 1564 esse
3522 1508 3730 1564 bonum

2134 1599 2274 1668 quod
2305 1599 2501 1654 bonum
2531 1607 2636 1667 εει,
2664 1600 2780 1668 ejus
2814 1616 2934 1670 qua:
2976 1601 3274 1655 secundum
3322 1616 3383 1657 se
3428 1610 3533 1667 est,
3589 1601 3733 1657 veri-

2135 1698 2300 1745 tatem
2344 1688 2616 1759 opinionis
2666 1691 2960 1760 intercipit.
3019 1693 3148 1746 Mm
3198 1692 3544 1748 bonumesse
3584 1693 3734 1762 quod

2135 1781 2332 1837 bonum
2372 1794 2476 1850 est,
2505 1783 2748 1853 quisquis
2773 1785 3026 1853 opinatur
3066 1784 3360 1839 secundum
3399 1784 3566 1854 ipsius
3594 1785 3728 1841 boni

444 1883 628 1941 bitrari
657 1882 799 1953 quod
829 1882 1028 1938 bonum
1070 1890 1174 1936 est.
1238 1879 1499 1946 Quocirca
1534 1878 1647 1933 illic
1677 1877 1911 1934 maxime
1935 1893 2028 1947 po-
2058 1869 2109 1933 Β
2135 1883 2380 1929 naturam
2411 1874 2574 1931 habet
2604 1876 2937 1944 opinionem,
2974 1886 3133 1946 atque
3179 1876 3300 1931 ideo
3332 1877 3628 1932 secundum
3672 1891 3733 1934 se

444 1976 631 2043 nenda;
655 1984 738 2031 est
766 1974 1123 2029 contrarietas
1153 1971 1241 2026 tibi
1270 1983 1353 2027 est
1384 1971 1554 2040 prima
1593 1968 1830 2034 fallacia,
1861 1968 1914 2024 in
1947 1968 2030 2023 bis

443 2078 620 2124 autem
678 2075 761 2123 est
810 2066 978 2138 prima
1033 2063 1240 2119 fallacia
1286 2077 1352 2118 ex
1409 2062 1603 2132 quibus
1656 2061 2031 2131 generationes

443 2162 709 2215 oriuntur.
742 2157 1128 2213 Generationes
1173 2170 1303 2209 vero
1341 2153 1464 2209 dico
1494 2167 1617 2209 esse
1643 2168 1762 2222 quae
1791 2152 1919 2207 fiunt
1959 2166 2028 2208 ex

444 2253 527 2308 bis
556 2267 675 2323 qua:
704 2250 756 2306 id
788 2250 929 2322 quod
960 2249 1090 2303 liunt
1113 2262 1218 2303 non
1250 2248 1482 2302 fuerunt.
1515 2245 1901 2301 Generatiunes
1928 2261 2032 2299 an-

442 2353 550 2401 tem
584 2342 718 2398 fiunt
742 2356 811 2398 ει
856 2340 1141 2411 oppositis,
1173 2339 1225 2394 in
1253 2337 1516 2407 oppositis
1556 2346 1636 2391 est
1666 2336 1830 2405 igitur
1857 2334 2025 2405 prima

442 2438 690 2504 fallacia;
737 2436 833 2492 sed
880 2433 1154 2503 inquibus
1183 2441 1266 2487 εει
1305 2432 1477 2501 prima
1519 2428 1749 2493 fallacia,
1794 2428 2027 2484 maxime

443 2530 714 2587 contraria
746 2529 834 2586 illa
867 2526 1111 2596 ponenda
1137 2524 1297 2581 sunt:
1325 2524 1572 2595 opposita
1604 2524 1769 2593 igitur
1796 2523 2027 2579 maxime

440 2623 708 2701 contraria
738 2630 882 2688 sunt,
928 2619 1023 2675 sed
1064 2618 1262 2674 bonum
1290 2632 1410 2673 esse
1454 2625 1510 2673 et
1538 2616 1733 2670 bonum
1766 2630 1871 2670 non
1905 2630 2026 2671 esse

438 2731 579 2787 oppo
612 2716 684 2770 ita
726 2722 870 2770 sunt.
907 2711 1109 2767 Bonum
1154 2709 1316 2781 igitur
1353 2724 1460 2764 non
1503 2722 1625 2764 esse
1671 2709 1720 2763 ei
1756 2707 1899 2777 quod
1942 2715 2027 2763 est

438 2807 636 2865 bonum
677 2820 796 2863 esse
824 2803 1151 2861 contrarium
1181 2812 1289 2870 est,
1321 2818 1428 2857 non
1467 2800 1600 2857 illud
1629 2800 1771 2869 quod
1800 2809 1884 2856 est
1912 2816 2024 2855 ma-

436 2902 546 2958 lum
588 2915 733 2967 esse,
762 2899 902 2971 quod
936 2895 1128 2968 majori
1156 2895 1619 2965 argumentatione
1645 2893 1945 2949 confirmat.

508 2993 571 3051 Si
617 3008 736 3063 ergo
765 2992 901 3060 quod
934 2995 1120 3044 bonum
1143 2996 1237 3052 est,
1267 2996 1315 3040 et
1360 2986 1547 3038 bonum
1590 2994 1639 3039 et
1685 3000 1789 3038 non
1830 2984 2024 3038 malum

434 3099 527 3157 ut,
563 3098 609 3145 et
651 3088 747 3141 hoc
789 3085 994 3157 quidem
1036 3082 1316 3137 secundum
1345 3095 1417 3144 se,
1446 3078 1578 3133 illud
1602 3094 1719 3132 vero
1746 3078 2021 3132 secundum

434 3182 690 3239 accident.
715 3178 911 3233 Accidit
933 3177 1064 3231 enim
1089 3174 1136 3229 ei
1161 3173 1351 3226 malum
1384 3187 1482 3226 non
1510 3187 1637 3236 esse,
1663 3170 1827 3241 magis
1851 3180 2021 3224 autem

2136 1967 2419 2037 opiniones
2448 1967 2755 2038 hujusnodi
2801 1969 3185 2034 nominantur;
3239 1985 3406 2040 quase
3454 1971 3561 2026 erit
3612 1971 3734 2028 hac

2134 2077 2348 2130 quoque
2394 2063 2690 2117 secundum
2738 2078 2799 2119 se
2847 2062 3003 2128 falsa,
3055 2064 3310 2134 quoniam
3334 2066 3626 2120 secundum
3669 2080 3733 2123 se

2132 2156 2322 2212 Veritat
2344 2172 2371 2211 ε
2399 2157 2611 2212 videtur
2639 2156 2855 2212 auferre
2884 2157 3301 2225 propositionem
3327 2175 3342 2223 ;
3377 2158 3516 2212 idem
3543 2168 3728 2214 autem

2130 2247 2331 2304 bonum
2367 2249 2658 2304 secundum
2685 2250 2935 2305 accidens
2976 2261 3079 2314 est,
3130 2267 3237 2305 non
3276 2252 3494 2307 malum.
3532 2254 3594 2305 tt
3623 2253 3730 2306 hoc

2130 2340 2198 2396 de
2225 2340 2367 2395 bono
2397 2356 2582 2396 verum
2613 2352 2696 2397 est
2725 2342 2934 2408 dicere,
2962 2343 3217 2411 quoniam
3251 2359 3356 2399 non
3386 2355 3466 2400 εει
3501 2345 3729 2411 malum,

2127 2434 2225 2489 sed
2249 2434 2666 2489 accdentaliter.
2702 2435 2848 2489 Bono
2878 2436 3023 2490 enim
3055 2436 3248 2491 accidit
3281 2452 3313 2491 ιι
3354 2452 3389 2491 ιι
3431 2452 3553 2492 esse
3602 2452 3726 2493 ma-

2130 2525 2261 2592 lum,
2295 2528 2382 2582 illa
2437 2542 2565 2583 vero
2607 2543 2728 2598 qua:
2774 2537 2923 2597 putat
2971 2530 3171 2583 malum
3204 2543 3323 2584 esse
3351 2530 3491 2600 quod
3526 2530 3728 2586 bonum

2128 2632 2231 2688 εει,
2263 2621 2438 2677 aufert
2469 2637 2575 2676 non
2606 2621 2809 2675 malum
2840 2621 2908 2675 ab
2934 2637 3000 2677 eo
3028 2621 3171 2693 quod
3206 2623 3404 2676 bonum
3431 2634 3533 2691 est,
3566 2635 3623 2679 et
3652 2624 3729 2680 in-

2130 2717 2328 2773 terimit
2357 2733 2468 2773 rem
2497 2716 2791 2772 secundum
2820 2717 3068 2771 accidens
3099 2732 3299 2782 veram,
3330 2732 3452 2772 vera
3488 2731 3728 2787 namque

2127 2818 2211 2864 est
2229 2809 2410 2879 Opinio
2444 2825 2562 2880 quae
2609 2810 2738 2863 dicit
2766 2825 2872 2863 non
2923 2824 3049 2864 esse
3095 2810 3292 2863 malum
3343 2811 3488 2879 quod
3525 2810 3725 2867 bonum

2126 2913 2226 2967 est,
2273 2903 2366 2958 sed
2404 2903 2699 2958 secundum
2739 2902 3029 2967 accidens;
3079 2918 3247 2973 quare
3274 2905 3571 2959 secundum
3623 2920 3725 2960 ac-

2124 2998 2312 3053 cidens
2338 2998 2468 3053 falsa
2513 3000 2617 3053 erit
2645 3013 2709 3054 ea
2738 3013 2858 3067 qua
2882 2997 3012 3052 dicit
3044 2998 3240 3051 malum
3262 3013 3383 3053 esse
3430 2998 3575 3068 quod
3623 2998 3728 3053 bo-

2125 3105 2252 3145 num
2299 3100 2402 3145 est.
2447 3091 2591 3145 Illam
2630 3090 2775 3144 enim
2808 3089 3231 3160 propositionem
3281 3089 3419 3143 tollit
3466 3106 3587 3160 qua:
3633 3105 3725 3146 se-

2124 3183 2359 3238 cundum
2392 3183 2641 3238 accidens
2692 3197 2818 3237 vera
2851 3193 2960 3237 est.
2998 3182 3178 3249 Quare
3207 3183 3460 3247 quoniam
3504 3184 3726 3252 propior

434 3276 488 3331 in
517 3287 819 3341 unoquoque
842 3283 967 3323 vera
997 3277 1094 3332 est,
1115 3281 1232 3338 qua
1258 3264 1541 3320 secundum
1565 3279 1617 3318 re
1638 3274 1736 3328 eat,
1765 3271 1811 3317 et
1861 3263 2016 3333 falsa,

2125 3284 2209 3331 est
2233 3290 2295 3330 ea
2321 3292 2439 3345 qua:
2468 3275 2758 3331 secundum
2791 3290 2850 3330 se
2875 3284 2959 3329 est
2988 3290 3147 3345 quam
3175 3290 3239 3328 ea
3266 3290 3383 3344 qua:
3416 3275 3724 3331 secundum

435 3368 686 3441 siquidem
710 3375 757 3419 ει
773 3354 909 3427 vera,
940 3378 1061 3434 ergo
1089 3377 1148 3417 ea
1175 3376 1291 3430 qua:
1314 3371 1409 3422 eat,
1441 3358 1683 3428 quoniam
1706 3375 1809 3411 non
1829 3365 1902 3412 est
1930 3357 2020 3411 bo-

434 3474 558 3515 num
584 3457 718 3529 quod
742 3454 929 3511 bonum
957 3465 1050 3520 est,
1082 3453 1363 3509 secundum
1393 3467 1447 3506 se
1475 3452 1607 3522 falsa
1634 3462 1730 3505 est.
1766 3449 1869 3506 Illa
1900 3466 2019 3506 vero

433 3573 546 3631 qua
568 3565 660 3623 eat,
692 3555 933 3628 quoniam
961 3552 1175 3618 malum,
1213 3560 1307 3611 est.
1329 3550 1439 3622 ejus
1476 3564 1592 3620 quia
1635 3555 1709 3602 est
1737 3546 2017 3602 sectandum

433 3652 687 3710 accidens.
719 3651 892 3718 Quare
911 3647 1074 3719 magis
1100 3646 1196 3702 erit
1237 3646 1374 3716 falsa
1416 3644 1480 3697 de
1522 3641 1650 3697 bona
1690 3658 1749 3696 ea
1787 3655 1904 3711 qna:
1945 3648 2019 3694 eat

433 3746 716 3818 negationis
748 3742 942 3812 opinio,
972 3757 1123 3811 quam
1145 3753 1205 3792 ea
1229 3752 1345 3805 qua:
1372 3745 1444 3789 est
1484 3734 1746 3789 contrarii.

503 3836 819 3892 I’ClSﬂbiiiiS
860 3831 1254 3903 argumentatio
1280 3828 1367 3882 tali
1400 3837 1608 3882 ratione
1637 3826 1861 3879 formata
1891 3834 1971 3880 est
1997 3840 2011 3879 τ

432 3931 651 3993 bonum,
676 3926 869 3998 inquit,
893 3934 946 3980 ει
975 3924 1169 3979 bunum
1194 3928 1297 3985 εει,
1322 3930 1377 3975 ει
1407 3934 1511 3973 non
1536 3919 1758 3986 tnalum,
1786 3932 2014 3987 quorum

431 4040 593 4082 unum
642 4019 934 4077 secundum
961 4033 1018 4072 se
1058 4024 1111 4070 et
1157 4014 1419 4085 proxime,
1464 4021 1518 4067 et
1563 4011 1875 4065 naturaliter
1905 4019 2012 4078 est,

432 4115 534 4170 hoc
561 4129 601 4168 ει
622 4112 762 4167 ilicet
790 4125 823 4180 q
848 4109 927 4164 :od
963 4108 1157 4162 bonum
1186 4115 1287 4168 est,
1334 4104 1563 4158 alterum
1592 4116 1721 4158 vero
1766 4113 1849 4157 εει
1870 4099 2015 4155 acci-

428 4205 731 4271 dentalitr-r,
760 4203 811 4257 id
857 4209 940 4257 est
978 4197 1119 4271 quod
1143 4199 1341 4253 malum
1367 4212 1473 4252 non
1498 4203 1601 4251 est.
1639 4194 1846 4250 Accidit
1867 4194 2013 4247 enim

428 4300 479 4356 ei
524 4297 663 4370 quod
717 4296 911 4350 bonum
943 4301 1048 4359 est,
1084 4306 1139 4347 ut
1171 4293 1367 4346 malum
1403 4306 1507 4344 non
1550 4294 1659 4355 sit;
1699 4304 1828 4359 ergo
1867 4288 2010 4359 quod

427 4394 627 4450 bonum
676 4402 755 4447 est
789 4389 1080 4444 naturalius
1129 4387 1286 4441 habet
1319 4387 1517 4439 bonum
1549 4399 1669 4439 csse
1713 4398 1870 4453 quam
1906 4398 2011 4437 non

427 4501 548 4543 esse
572 4485 789 4539 malum.
826 4482 960 4537 lllud
985 4481 1127 4535 enim
1160 4462 1453 4535 secundum
1478 4491 1537 4531 se
1581 4476 1737 4541 inest,
1775 4477 1901 4529 illud
1932 4475 2014 4546 (ιιι

426 4576 624 4632 dieluttt
655 4575 758 4646 est)
790 4573 1085 4629 secundum
1110 4569 1377 4626 accidens.
1408 4568 1558 4636 Quod
1582 4567 1625 4621 si
1659 4566 1760 4621 hoc
1787 4578 1890 4629 est,
1919 4581 2008 4620 ve-

2122 3368 2395 3434 accidens,
2420 3368 2626 3423 falsitas
2655 3370 2771 3436 ejus
2801 3385 2918 3438 qua:
2949 3368 3244 3423 secundum
3275 3384 3333 3422 se
3356 3378 3438 3423 est
3477 3368 3728 3425 fallacior

2122 3466 2227 3519 erit
2251 3479 2312 3519 ea
2345 3462 2576 3518 falsitate
2604 3476 2727 3532 quae
2761 3463 3056 3516 secundum
3097 3462 3347 3517 accidens
3377 3473 3480 3517 εει.
3515 3461 3623 3518 Sed
3656 3477 3727 3519 ea

2120 3575 2240 3630 quae
2272 3568 2418 3628 putat
2448 3575 2551 3613 non
2585 3572 2707 3613 esse
2742 3558 2939 3613 bonum
2967 3558 3109 3627 quod
3159 3559 3356 3613 bonum
3388 3568 3492 3623 εει,
3523 3576 3732 3616 secun-

2120 3651 2247 3706 dttm
2281 3666 2341 3706 se
2373 3651 2611 3706 veritatis
2646 3651 3004 3719 peremptoria
3036 3661 3119 3703 εει
3147 3665 3233 3718 ea,
3270 3666 3399 3705 vero
3426 3667 3545 3719 qua:
3587 3651 3729 3709 dic't

2119 3746 2320 3797 malum
2348 3758 2468 3797 esse
2490 3743 2627 3812 quod
2656 3741 2850 3795 bonum
2877 3752 2979 3803 est.
3026 3741 3143 3809 ejus
3171 3742 3311 3811 quod
3342 3751 3424 3795 est
3456 3757 3559 3795 non
3591 3757 3729 3798 esse

2121 3850 2316 3889 maum
2373 3836 2513 3905 quod
2574 3836 2771 3888 bonum
2813 3844 2919 3899 est,
2974 3834 3271 3889 secundam
3336 3834 3589 3889 accidens
3633 3834 3727 3890 rei

2120 3943 2259 3983 verre
2287 3928 2641 3998 perem..turia
2676 3939 2778 3982 est.
2807 3927 2987 3994 Quare
3016 3928 3199 3982 falswr
3228 3937 3311 3982 est
3338 3942 3400 3981 ea
3431 3942 3550 3997 qua:
3583 3927 3726 3981 dicit

2119 4036 2224 4077 non
2265 4035 2386 4077 esse
2440 4021 2638 4076 bonum
2669 4022 2814 4091 quod
2871 4022 3068 4076 bonum
3111 4034 3219 4088 εει,
3261 4035 3419 4091 quam
3474 4036 3535 4076 ea
3589 4035 3724 4091 qua:

2117 4114 2247 4170 dicit
2274 4129 2394 4169 esse
2422 4115 2620 4169 malum
2655 4114 2705 4169 id
2731 4115 2872 4185 quod
2910 4126 2991 4169 est
3022 4104 3241 4169 bonum.

2189 4208 2380 4264 Falsus
2420 4218 2587 4264 autem
2629 4219 2703 4265 εει
2751 4192 2973 4263 maxime
3013 4209 3149 4263 circa
3191 4206 3396 4277 singula
3423 4208 3514 4278 qni
3560 4204 3726 4261 habet

2116 4305 2425 4359 contrariam
2454 4303 2766 4374 opinionem.
2795 4301 3065 4356 Contraria
3089 4303 3221 4355 enim
3244 4315 3358 4354 sum
3385 4314 3563 4354 eorum
3593 4315 3722 4368 qua

2116 4397 2395 4468 plurimum
2436 4400 2572 4448 circa
2602 4394 2735 4445 idem
2762 4392 3033 4461 differunt.
3081 4393 3229 4458 Quod
3269 4393 3314 4445 si
3358 4393 3541 4445 harum
3579 4406 3725 4445 con-

2116 4489 2276 4542 traria
2320 4488 2527 4558 quidem
2554 4497 2625 4541 est
2648 4487 2832 4553 altera,
2862 4487 3023 4556 magis
3054 4500 3170 4539 vero
3192 4486 3450 4539 contraria
3481 4495 3552 4537 est
3576 4500 3722 4537 con-

2115 4580 2375 4647 tradictio,
2400 4581 2728 4651 manifestum
2758 4588 2833 4633 est
2888 4578 3130 4650 quoniam
3171 4580 3277 4633 haec
3297 4580 3390 4633 erit
3423 4579 3721 4633 contraria.

426 4670 538 4727 rior
570 4678 648 4723 et
690 4643 750 4722 ea
786 4667 1075 4737 propositio
1101 4679 1220 4734 quae
1249 4663 1482 4717 affirmat
1522 4660 1664 4733 quod
1711 4659 2005 4715 secundum

2184 4673 2533 4740 Quazrebatur
2563 4683 2739 4727 utrum
2765 4672 3051 4726 afirmatio
3080 4672 3358 4740 contrarii,
3392 4687 3461 4725 an
3490 4671 3718 4742 negatio

423 4779 482 4820 se
500 4770 583 4817 est
604 4773 759 4831 quam
784 4760 871 4814 illa
898 4772 1015 4829 qua:
1040 4756 1271 4810 affirmat
1286 4755 1426 4825 quod
1444 4752 1735 4809 secundum
1758 4753 2007 4807 accidens

423 4863 523 4910 est.
573 4855 665 4908 Est
710 4865 885 4907 autem
934 4851 1225 4906 secundum
1259 4863 1317 4905 se
1350 4848 1545 4903 bonum
1591 4861 1710 4901 esse
1739 4846 1877 4916 quod
1912 4846 2007 4899 bo-

422 4962 547 5005 num
580 4955 681 5011 Bst,
707 4944 999 5000 secundum
1041 4942 1292 4998 accidens
1338 4957 1465 4997 vero
1511 4940 1707 4994 malum
1751 4955 1857 4993 nun
1885 4953 2005 4995 esse

421 5041 563 5112 quod
598 5039 793 5095 bonum
825 5046 908 5095 est
930 5053 946 5104 ς
970 5038 1154 5092 verius
1182 5037 1339 5107 igitur
1367 5044 1421 5091 et
1452 5034 1799 5105 propinquius
1819 5041 1901 5089 est
1923 5034 2006 5087 di-

421 5150 541 5190 cere
572 5134 638 5189 de
678 5134 817 5188 bono
862 5147 1111 5202 quomam
1137 5129 1334 5184 bonum
1383 5137 1487 5191 est,
1519 5142 1679 5196 quam
1712 5128 1892 5183 dicere
1935 5125 2004 5182 de

420 5225 562 5281 bono
601 5225 853 5297 qu0niam
904 5223 1099 5276 malum
1150 5236 1256 5274 non
1298 5231 1412 5285 est;
1474 5218 1614 5289 quod
1663 5219 1708 5273 si
1741 5219 1840 5272 hoc
1894 5226 1999 5284 est,

417 5318 578 5371 etiam
609 5316 792 5385 opinio
820 5330 938 5385 qua:
967 5314 1260 5369 secundum
1285 5326 1343 5367 se
1382 5310 1511 5366 falsa
1554 5321 1636 5365 est
1692 5310 2003 5365 mendacior

417 5411 555 5481 jusle
581 5410 841 5465 videbitur
862 5424 924 5464 ea
956 5422 1072 5478 qua:
1096 5407 1393 5462 secundum
1436 5404 1683 5460 accidens
1722 5405 1999 5460 mentitur.

418 5504 549 5559 Nam
575 5506 619 5559 si
643 5504 731 5559 illa
777 5518 899 5558 vera
930 5513 1031 5567 est,
1080 5501 1427 5572 propinquius
1462 5515 1579 5569 qua:
1604 5501 1894 5554 secundum
1937 5511 1997 5553 se

415 5608 518 5667 cst,
547 5599 632 5653 illa
657 5610 758 5652 Cl‘ll
785 5599 916 5652 fa'sa
947 5597 1299 5667 propinquius
1326 5612 1445 5667 qua:
1472 5596 1768 5651 secundum
1800 5611 1859 5650 se
1890 5602 1993 5650 est.

417 5691 529 5746 lluc
573 5702 655 5746 est
700 5690 839 5746 enim
878 5690 1019 5763 quod
1052 5691 1149 5756 ait,
1179 5691 1347 5761 magis
1388 5696 1565 5743 autem
1600 5691 1651 5743 in
1677 5703 1999 5759 unoquoque

424 5793 507 5839 est
536 5799 681 5848 vera,
712 5800 830 5855 ιιιιιε
874 5784 1172 5838 secundum
1201 5798 1261 5838 se
1312 5793 1396 5839 est
1438 5782 1598 5837 etiam
1650 5783 1804 5851 falsa,
1864 5783 2001 5836 sicut

413 5884 467 5934 et
515 5892 660 5947 vera,
696 5880 736 5930 si
809 5876 870 5931 ιι·
910 5895 937 5928 ιι
964 5875 1074 5948 διεὶς
1122 5888 1246 5933 vera
1304 5889 1378 5933 ρει
1441 5890 1557 5949 qua:
1590 5878 1882 5934 secundum
1943 5888 2002 5934 se

2109 4768 2397 4836 proposita:
2424 4767 2527 4832 rei,
2554 4765 2727 4821 eidem
2760 4767 3045 4835 propositae
3078 4763 3154 4819 rei
3202 4763 3546 4819 affirmationi
3580 4778 3710 4815 nia-

2108 4858 2190 4929 gis
2213 4860 2522 4929 pessitesse
2564 4859 2855 4914 contraria.
2897 4857 3002 4912 Sed
3050 4872 3191 4911 nunc
3243 4857 3344 4911 hoc
3389 4856 3517 4911 dicit
3557 4858 3715 4925 quod

2108 4967 2227 5021 qua:
2258 4950 2387 5006 falsa
2416 4965 2534 5006 sunt
2562 4951 2747 5021 magis,
2777 4966 2839 5005 ea
2866 4959 2990 5005 sunt
3034 4950 3202 5019 magis
3226 4958 3514 5004 contraria.
3554 4949 3707 5003 Con-

2106 5046 2268 5099 traria
2317 5044 2460 5099 enim
2508 5053 2635 5099 sunt
2684 5058 3020 5114 qu;i:cunque
3082 5044 3226 5097 circa
3286 5042 3526 5098 eamdem
3584 5058 3714 5100 rem

2112 5137 2399 5206 plurimum
2431 5134 2704 5205 diﬂ’crunt,
2736 5146 2793 5189 ut
2828 5135 2970 5188 circa
3016 5135 3253 5189 colorem
3297 5135 3473 5188 album
3523 5142 3577 5187 et
3619 5135 3715 5188 ηις

2108 5246 2303 5301 grum;
2356 5244 2483 5301 ergo
2534 5245 2653 5299 qua:
2700 5230 2932 5284 maxime
3000 5227 3133 5282 falsa
3181 5237 3307 5284 sunt
3364 5237 3419 5281 et
3464 5229 3709 5283 maxime

2108 5338 2253 5387 vera.
2283 5337 2344 5378 ea
2377 5323 2663 5391 plurimum
2689 5337 2717 5375 a
2742 5334 2799 5376 se
2821 5320 3041 5375 distant.
3079 5319 3305 5374 Maxime
3351 5326 3531 5374 autem
3572 5332 3713 5374 vera

2107 5425 2189 5472 est
2218 5416 2511 5472 secundum
2536 5430 2593 5471 se
2620 5414 2962 5470 consistentis
2992 5415 3070 5467 rei
3101 5412 3422 5468 enuntiatio.
3468 5411 3715 5467 Maximo

2106 5520 2284 5565 autem
2310 5508 2438 5563 falsa
2462 5507 2755 5563 secundum
2781 5522 2838 5561 se
2866 5505 3214 5561 consistentis
3228 5505 3467 5558 vltritatis
3487 5518 3714 5573 perem-

2108 5604 2299 5674 ptoria.
2348 5601 2575 5657 Necesse
2619 5611 2701 5654 est
2745 5607 2924 5654 autem
2974 5600 3112 5652 inter
3141 5596 3535 5651 afﬁrmationen
3564 5610 3711 5649 con-

2107 5696 2258 5751 trarii
2290 5709 2337 5750 c:
2383 5694 2724 5764 negationem
2768 5701 3055 5761 propositae
3085 5689 3160 5743 rei
3194 5702 3354 5743 unam
3383 5688 3549 5755 magis
3572 5700 3708 5741 esse

2106 5787 2453 5843 contrariam.
2514 5783 2722 5838 Falsor
2768 5791 2946 5837 autem
2976 5788 3030 5835 et
3076 5780 3246 5849 magis
3295 5775 3564 5835 contraria
3611 5786 3706 5831 est

2106 5878 2286 5946 opinio
2316 5875 2403 5933 Illa
2448 5890 2569 5948 quae
2608 5874 3093 5931 contradictionem
3115 5872 3334 5944 cogitat,
3386 5880 3442 5927 ut
3483 5884 3545 5926 ea
3573 5878 3707 5941 qua
