3982 6334
177 366 287 427 εει)

946 362 1010 423 IN
1050 366 1307 429 LIBRUM
1348 368 1434 429 os
1476 352 2123 433 inrsapamrione
2160 367 2390 435 εοιτιο
2428 367 2659 429 PRIMA.

3342 368 3445 435 390

177 498 263 542 est
292 500 399 541 non
426 498 547 541 esse
567 483 766 540 bonum
786 484 928 554 quod
952 484 1150 541 bonum
1180 498 1283 553 est,
1312 502 1469 558 quam
1491 501 1551 542 ea
1576 483 1757 555 opinio
1784 485 1839 551 Α
1863 482 2011 554 tingit
2042 484 2321 561 simulasse
2343 502 2504 543 veras.
2534 491 2598 541 At
2628 503 2745 541 vero
2777 503 2869 541 nec
2899 484 2989 542 ille
3024 504 3135 558 quae
3179 496 3273 555 est,
3320 507 3445 560 quo-

179 597 300 650 qua:
333 579 489 633 habet
518 579 713 633 malum
741 593 859 635 esse
888 579 1031 649 quod
1059 586 1267 635 bonum
1293 590 1394 647 est,
1419 580 1670 649 quoniam
1700 592 1763 633 ea

176 687 301 740 quae
348 679 473 726 sunt
532 670 584 724 in
636 671 853 729 vocibus
893 670 1176 740 opiniones
1229 669 1761 741 sequuntur;simili

176 767 340 819 modo
369 763 578 833 negatio
597 764 714 832 ejus
735 779 852 833 qua:
882 772 965 818 est
994 766 1161 825 omne‘
1196 764 1392 819 bonum
1427 765 1622 832 bonum
1656 772 1760 829 est,

175 874 239 913 ea
270 858 476 911 scilicet
506 871 626 925 ψιω
647 855 777 911 dicit
803 856 1004 913 nullum
1034 856 1231 913 bonum
1269 857 1465 911 bonum
1506 866 1609 922 est,
1645 870 1760 911 ma-

176 953 263 1022 gis
283 962 362 1006 est
382 951 650 1005 contraria
672 965 829 1018 quam
858 966 916 1005 ea
935 965 1056 1020 quae
1081 950 1329 1019 proponit
1368 965 1531 1005 omne
1561 950 1759 1005 bonum

177 1045 377 1099 titulum
399 1051 500 1100 est.
532 1043 793 1110 Quocirca
840 1052 894 1099 et
924 1044 974 1098 in
999 1042 1117 1098 aliis
1138 1058 1351 1114 quoque
1381 1056 1437 1097 ut
1474 1044 1527 1098 in
1549 1056 1610 1097 ea
1640 1057 1759 1112 qua:

176 1146 263 1190 eet
301 1136 476 1190 omnis
498 1136 659 1189 homo
694 1133 870 1204 justus
900 1142 1003 1199 est,
1040 1132 1207 1203 inagis
1236 1145 1314 1189 est
1362 1131 1633 1188 contraria
1669 1131 1758 1185 illa

177 1241 296 1297 qua
318 1227 463 1291 dicit,
494 1222 668 1281 nullus
692 1224 851 1279 homo
876 1224 1051 1294 justus
1072 1233 1176 1293 est,
1204 1239 1363 1295 quam
1381 1238 1438 1279 ει
1468 1239 1585 1293 qua:
1610 1222 1758 1289 dicit,

178 1319 351 1372 omnis
383 1317 542 1371 homo
573 1316 803 1385 injustas
823 1326 924 1371 est.

249 1409 355 1466 Illa
400 1426 513 1465 vero
543 1426 656 1478 quo:
677 1420 768 1474 est,
808 1410 1047 1480 quoniam
1078 1411 1271 1465 malum
1300 1419 1374 1465 est
1412 1412 1546 1475 quod
1573 1410 1759 1464 bonum

177 1513 272 1568 est,
304 1504 549 1566 implicita
572 1510 665 1557 est.
701 1502 901 1557 Etenim
922 1505 1162 1571 quoniam
1184 1518 1287 1557 non
1326 1505 1512 1557 bonum
1542 1513 1636 1569 est,
1670 1518 1759 1557 ne-

176 1611 317 1651 cesse
342 1606 414 1650 est
438 1594 546 1665 [ore
565 1594 699 1650 idem
728 1594 894 1663 ipsum
920 1594 1145 1661 apinari.

255 1688 421 1744 Addit
453 1687 518 1741 ad
546 1686 1052 1742 demonstrationem
1100 1686 1432 1756 superiorem
1476 1699 1758 1754 argumen-

184 1788 298 1834 tum
351 1779 491 1849 quod
534 1779 867 1839 demonstret
906 1778 1072 1847 magis
1113 1792 1233 1832 esse
1282 1778 1607 1833 contrariam
1639 1791 1758 1833 eam

178 1892 303 1947 qua:
324 1885 479 1945 negat
502 1875 673 1946 potius
690 1889 849 1944 quam
872 1888 991 1930 eam
1012 1890 1132 1942 qua:
1154 1874 1480 1929 contrariam
1499 1870 1758 1937 afﬁrmat;

180 1968 437 2037 implicita
467 1976 569 2035 est,
616 1966 805 2035 inquit,
845 1963 1129 2020 afﬁrmatio
1178 1965 1456 2020 contrarii.
1503 1963 1757 2032 Quisquis

180 2074 321 2114 enim
355 2068 501 2127 putat
534 2057 582 2111 id
604 2056 745 2128 quod
776 2056 974 2113 bonum
1005 2067 1087 2111 est
1114 2056 1313 2112 malum
1344 2071 1484 2120 esse,
1516 2054 1631 2111 ﬁeri
1658 2054 1759 2109 ali-

182 2158 262 2204 tct‘
286 2163 391 2203 non
417 2156 611 2217 potest,
647 2148 748 2203 nisi
771 2147 898 2204 illud
925 2163 1136 2217 quoque
1166 2156 1315 2217 putet
1354 2162 1460 2203 non
1490 2161 1617 2202 esse
1659 2147 1759 2202 δερ

182 2256 330 2294 inim.
357 2240 533 2307 Quare
571 2240 769 2309 duplex
809 2240 1203 2310 quodammodo
1255 2239 1546 2309 propositio
1578 2246 1662 2293 est
1698 2252 1759 2293 ea

181 2351 300 2404 qua:
340 2334 470 2389 dicit
509 2334 705 2389 malum
752 2349 877 2390 esse
903 2334 1043 2400 quod
1075 2334 1270 2390 bonum
1299 2343 1401 2388 est.
1442 2332 1573 2388 Nam
1599 2332 1759 2387 etiam

181 2427 311 2482 illud
360 2429 412 2483 in
438 2442 498 2482 se
541 2427 802 2491 continet,
834 2425 977 2497 quod
1023 2427 1220 2481 bonum
1251 2442 1355 2480 non
1386 2435 1484 2481 est.
1521 2423 1760 2493 Simplex

182 2530 360 2581 autem
389 2530 475 2575 est
523 2519 837 2588 propositio,
888 2518 1084 2575 bonum
1114 2515 1400 2587 essequod
1434 2516 1629 2570 bonum
1656 2524 1761 2581 est,

180 2623 236 2668 et
263 2612 491 2682 simplici
519 2612 742 2681 simplex
771 2618 945 2681 potest
974 2611 1141 2682 magis
1164 2624 1285 2665 esse
1311 2608 1604 2673 contraria,
1634 2608 1763 2663 sim-

182 2704 412 2775 plexque
461 2714 543 2759 est
589 2704 802 2775 negatio
828 2701 971 2773 quod
1012 2706 1207 2757 bonum
1248 2713 1351 2771 est,
1382 2718 1485 2758 non
1515 2717 1636 2757 esse
1668 2702 1762 2763 bo-

183 2813 330 2869 num.
380 2797 507 2853 llaec
538 2797 698 2867 igitur
726 2797 896 2867 magis
923 2795 1192 2851 contraria
1231 2804 1335 2850 est.

252 2888 554 2960 Aetplius'si
580 2891 729 2944 etiam
762 2890 814 2943 in
845 2889 962 2944 aliis
983 2889 1219 2944 similiter
1251 2896 1447 2957 oportet
1482 2904 1534 2942 se
1554 2887 1760 2953 habere,

184 2992 233 3038 es
271 2981 355 3035 hic
397 2981 592 3037 videtur
630 2981 752 3037 bene
787 2997 895 3036 esse
931 2982 1145 3046 dictum,
1192 2990 1283 3037 aut
1315 2981 1450 3035 enim
1482 2982 1663 3050 ubique
1703 2994 1777 3035 ea’

185 3082 401 3145 mest
422 3074 772 3138 contradictio,
799 3084 888 3128 aut
914 3089 1187 3142 nusquam,
1222 3072 1400 3143 quibus
1423 3088 1536 3128 vero
1558 3088 1662 3126 non
1688 3080 1765 3126 est

183 3166 513 3230 contrariam,
547 3166 612 3221 de
655 3166 735 3221 his
771 3167 973 3236 quidem
1009 3175 1083 3221 est
1114 3164 1247 3233 falsa
1287 3182 1343 3220 eu
1372 3180 1485 3230 quia
1515 3172 1589 3218 est
1633 3178 1763 3218 vera:

1866 575 2005 628 nium
2061 593 2161 629 non
2203 578 2418 640 malum,
2472 594 2587 633 t'era
2644 580 2777 633 enim
2816 591 2862 633 et
2894 580 3019 644 huc,
3052 584 3205 634 simul
3237 583 3371 635 enim
3400 590 3447 638 et

1863 664 1944 720 ha!
1965 678 2133 721 erunt.
2171 667 2495 737 Relinquitur
2519 686 2636 740 ergo
2664 672 2706 724 ei
2729 687 2841 743 qure
2867 682 2937 724 est
2968 689 3066 725 non
3098 674 3283 725 bonum
3311 693 3442 742 quo-

1862 757 2001 812 niam
2032 775 2133 813 non
2170 759 2354 814 bonum
2382 770 2472 821 est,
2504 763 2761 815 contraria
2783 780 2841 816 ea
2866 780 2977 829 qna'
3006 775 3077 818 est
3116 780 3215 818 non
3259 767 3447 827 bonum

1863 866 1995 920 quon
2018 869 2099 905 am
2129 851 2314 906 bonum
2342 864 2435 908 est.
2474 853 2629 908 Falsa
2658 857 2790 912 enim
2817 859 2948 925 haec,
2980 875 3134 931 quare
3154 873 3202 915 et
3249 858 3294 913 ei
3335 875 3446 927 qua:

1863 954 1935 998 est
1966 944 2081 998 boni
2107 947 2350 1016 quoniam
2378 947 2563 1002 bonum
2586 958 2678 1017 est,
2721 965 2781 1004 ea
2826 934 2939 1020 qua:
2966 963 3041 1005 est
3070 952 3188 1007 boni
3208 954 3446 1024 quoniam

1864 1050 1965 1089 non
1992 1040 2175 1091 bonum
2196 1048 2290 1093 est.

1937 1127 2010 1179 Ex
2040 1128 2386 1183 similitudine
2422 1139 2474 1183 et
2519 1131 2862 1200 pr0portione
2908 1135 3309 1191 contrarietatis
3340 1137 3445 1194 vim

1864 1223 2288 1290 propositionum:
2320 1224 2589 1291 vestigare
2633 1235 2877 1281 conatur.
2912 1227 3016 1281 Sed
3058 1227 3153 1284 has
3203 1231 3445 1299 pretiosis

1865 1310 2040 1365 tiones
2093 1312 2237 1381 prius
2281 1314 2650 1384 disponamus,
2675 1326 2795 1385 post
2824 1327 3000 1373 autem
3030 1332 3284 1388 quantum
3319 1336 3445 1392 pos-

1862 1414 2048 1457 Sumus
2105 1402 2342 1460 breviter
2388 1408 2497 1462 vim
2552 1408 2909 1466 Aristotelicze
2966 1413 3446 1482 argumentationis

1861 1512 2241 1567 exsequamur.

1934 1591 2072 1647 Vera
2101 1595 2223 1649 boni
2251 1596 2500 1666 quoniam
2532 1596 2728 1653 bonum
2769 1606 2873 1657 est.

1939 1687 2092 1740 Falsa
2122 1687 2251 1744 boni
2289 1690 2539 1758 quoniam
2573 1691 2768 1746 bonum
2800 1708 2907 1748 non
2934 1702 3033 1750 est.

1938 1779 2074 1836 Vera
2104 1798 2209 1839 non
2238 1784 2360 1839 boni
2394 1788 2645 1853 quoniam
2676 1801 2781 1841 non
2815 1788 3013 1843 bonum
3036 1796 3138 1845 est.

1791 1864 1841 1933 B
1939 1872 2092 1930 Falsa
2123 1892 2228 1931 non
2258 1876 2382 1935 boni
2406 1877 2657 1947 quoniam
2687 1880 2882 1935 bonum
2913 1890 3014 1936 est.

1938 1968 2134 2027 llarum
2163 1980 2389 2038 quatuor
2426 1972 2738 2039 Opinionum
2786 1973 2905 2029 dure
2956 1989 3092 2030 verat
3133 1983 3279 2043 sunt,
3326 1975 3445 2043 dua

1864 2058 2033 2114 fals:i-.
2059 2061 2151 2116 Illa
2167 2077 2287 2130 qua:
2315 2072 2398 2117 est
2415 2064 2536 2117 boni
2563 2064 2815 2132 quoniam
2838 2065 3032 2121 bonum
3055 2076 3161 2135 est,
3182 2083 3311 2124 vera
3331 2078 3444 2137 est;

1864 2150 1949 2204 illa
1978 2166 2096 2219 qua:
2125 2162 2207 2205 est
2235 2153 2357 2207 boni
2384 2154 2634 2223 quoniam
2670 2157 2865 2210 bonum
2897 2173 3002 2212 non
3029 2168 3137 2223 est,
3167 2159 3296 2214 falsa
3338 2171 3441 2217 εει.

1862 2241 2067 2297 Rursus
2084 2243 2169 2298 illa
2193 2260 2311 2313 quae
2333 2255 2415 2300 est
2442 2263 2546 2301 non
2580 2247 2700 2301 boni
2720 2250 2970 2315 quoniam
2996 2250 3191 2307 bonum
3218 2261 3444 2321 nonest,

1865 2350 1915 2386 vi
1936 2351 1992 2389 ra
2021 2347 2099 2393 est
2126 2352 2139 2401 ;
2169 2338 2253 2392 illa
2281 2353 2399 2406 qua:
2424 2349 2508 2395 est
2539 2354 2643 2394 non
2677 2340 2803 2396 boni
2827 2344 3079 2412 quoniam
3112 2344 3309 2401 bonum
3335 2354 3440 2414 est,

1865 2425 1997 2483 falsa
2025 2437 2127 2482 est.
2152 2427 2289 2497 Ergo
2313 2430 2427 2483 haec
2448 2441 2531 2483 est
2550 2430 2842 2487 similitudo
2872 2445 2925 2489 et
2955 2436 3228 2504 proportio
3256 2438 3443 2493 harum

1864 2532 2091 2591 quatuor
2112 2523 2555 2589 propositionum.
2581 2524 2712 2579 Nam
2732 2528 3179 2596 quemadmodum
3203 2546 3261 2586 se
3286 2530 3443 2588 habet

1864 2614 2045 2681 opinio
2076 2612 2198 2668 boni
2223 2615 2472 2683 quoniam
2503 2615 2701 2673 bonum
2731 2626 2835 2685 est,
2863 2620 2929 2674 ad
2970 2634 3087 2676 eam
3132 2622 3441 2689 Opinionem

1867 2718 1987 2772 qua:
2013 2714 2091 2759 est
2118 2704 2240 2757 boui
2273 2706 2523 2771 qUoniam
2553 2706 2748 2763 bonum
2783 2724 2887 2765 non
2916 2722 3019 2776 est,
3050 2712 3238 2766 eodem
3287 2714 3443 2772 modo

1806 2852 1813 2855 _
1865 2809 1987 2850 sese
2019 2795 2175 2850 habet
2200 2807 2254 2853 et
2277 2798 2458 2866 opinio
2479 2816 2598 2868 quas
2630 2808 2714 2854 est
2741 2816 2846 2855 non
2877 2800 3002 2856 boni
3047 2803 3298 2870 quoniam
3337 2819 3443 2862 non

1863 2885 2064 2941 bonum
2091 2895 2195 2948 est.
2227 2887 2291 2942 ad
2320 2902 2438 2943 eam
2470 2904 2588 2957 quae
2609 2898 2695 2945 est
2723 2906 2828 2947 non
2877 2891 3000 2957 boni
3043 2892 3293 2963 quoniam
3347 2894 3443 2950 bo-

1865 2997 1993 3035 num
2033 2990 2134 3036 est.
2168 2980 2300 3035 Nam
2342 2980 2477 3037 sicut
2507 2982 2618 3043 illic
2647 2999 2772 3045 vera
2805 2998 2906 3039 una
2951 2996 3054 3049 εει,
3086 2986 3253 3041 altera
3288 2984 3442 3054 falsa,

1864 3074 1937 3129 ita
1962 3089 2176 3145 quoque
2202 3073 2289 3131 hic
2314 3090 2414 3131 una
2443 3091 2565 3130 vera
2596 3086 2697 3142 est,
2730 3076 2899 3131 altera
2925 3077 3075 3141 falsa.
3104 3077 3258 3148 Capit
3284 3078 3442 3149 igitur

1866 3167 2168 3237 exemplum
2194 3167 2337 3236 prius
2353 3167 2420 3222 ab
2448 3183 2509 3223 ea
2531 3184 2651 3239 qua:
2671 3179 2751 3225 est
2774 3184 2878 3223 non
2903 3170 3025 3233 boni
3054 3170 3307 3240 quoniam
3338 3187 3442 3231 non

183 3261 440 3331 apposita,
465 3260 631 3327 utqui
654 3259 912 3317 hominem
957 3275 1058 3315 non
1087 3269 1229 3330 putat
1269 3257 1547 3323 hominem,
1597 3257 1761 3328 falsus
1788 3248 1837 3317 (ἶ
1869 3261 2064 3317 bonum
2094 3271 2197 3318 est.
2244 3261 2368 3317 llwc
2413 3263 2580 3323 enim,
2616 3264 2803 3331 inquit.
2837 3279 2957 3318 cum
2997 3277 3123 3319 vera
3163 3265 3249 3328 sit,
3284 3280 3442 3335 quam

183 3360 298 3419 est;
328 3368 448 3424 ergo
472 3351 641 3407 silice
666 3352 938 3408 saturnia
966 3361 1101 3419 sunt,
1148 3362 1197 3408 st
1224 3354 1328 3409 alia
1354 3367 1467 3422 quae
1491 3361 1610 3408 sunt
1641 3367 1760 3406 con-

184 3446 530 3502 tradictiones.
1734 3432 1739 3439 δ

256 3542 363 3595 Aut
409 3539 463 3596 in
516 3539 786 3604 omnibus,
840 3539 1030 3608 inquit,
1081 3553 1207 3595 vere
1253 3538 1450 3595 dicitur
1492 3537 1763 3593 contradi-

185 3635 418 3691 ctionem
453 3634 622 3703 magis
640 3648 761 3689 esse
783 3634 1105 3688 contrariam
1130 3648 1289 3703 quam
1320 3632 1576 3688 contrarii
1606 3631 1763 3687 sitir-

183 3725 494 3791 mationem,
513 3732 606 3779 aut
633 3739 909 3793 nusquam.
936 3725 1042 3779 Aut
1066 3725 1208 3779 enim
1234 3733 1287 3779 et
1315 3723 1521 3797 maliis
1550 3736 1762 3792 quoque

183 3817 324 3873 idem
353 3818 569 3873 evenire
597 3826 826 3885 oportet,
856 3827 946 3871 aut
975 3832 1041 3873 ne
1088 3816 1173 3872 hic
1200 3816 1418 3886 quidem
1448 3831 1630 3869 verum
1656 3825 1759 3881 est,

184 3911 325 3982 quod
383 3896 596 3979 dicitur,
654 3909 975 3964 contrariam
1026 3923 1148 3966 esse
1196 3925 1315 3965 eam
1368 3925 1489 3978 quae
1542 3917 1761 3993 contra-

183 4002 433 4060 dictionis
459 4011 561 4068 est,
591 4001 642 4056 id
664 4010 744 4056 cst
787 4002 1085 4071 negationis
1115 4004 1290 4069 potius
1318 4017 1476 4071 quam
1503 4001 1760 4057 contrarii

186 4094 612 4149 aitirmationem.
645 4093 755 4150 Hoc
778 4102 956 4149 autem
984 4094 1345 4163 speculetuur,
1380 4094 1571 4162 inquit,
1600 4095 1652 4147 in
1680 4093 1761 4148 his

186 4200 307 4255 qua:
354 4186 670 4239 contrarium
715 4201 820 4241 non
853 4186 1070 4251 habent,
1114 4196 1170 4240 ut
1210 4188 1262 4240 in
1289 4186 1521 4240 homine.
1554 4184 1612 4240 Si
1640 4186 1760 4254 quis

183 4278 326 4334 enim
359 4285 505 4347 putet
547 4277 811 4334 hominem
865 4278 1132 4332 hominem
1158 4292 1304 4342 esse,
1340 4292 1460 4333 vera
1485 4292 1627 4346 esse,
1662 4292 1758 4331 vc-

181 4384 302 4425 rum
341 4379 417 4424 est
444 4386 459 4435 ;
485 4370 527 4423 si
557 4371 678 4439 quis
706 4386 832 4426 vero
864 4371 1131 4425 hominem
1182 4380 1332 4441 putet
1373 4388 1477 4426 non
1511 4387 1633 4427 esse
1666 4371 1759 4426 ho-

182 4460 401 4526 minem,
437 4461 587 4516 falsa.
636 4462 690 4517 Si
720 4464 839 4532 quis
864 4472 1042 4519 autem
1092 4474 1238 4534 putet
1265 4464 1530 4520 hominem
1562 4480 1757 4536 equum

182 4568 321 4617 esse,
351 4553 525 4607 nullus
556 4554 749 4607 dixerit
777 4555 915 4610 hanc
933 4557 1113 4625 magis
1142 4571 1263 4611 esse
1292 4556 1614 4611 contrariam
1638 4572 1757 4625 qua:

1872 3354 1996 3409 huic
2047 3368 2305 3423 ponemus
2351 3370 2470 3411 esse
2514 3354 2881 3413 contrariam?
2907 3372 3097 3414 eamne
3134 3374 3253 3428 quae
3293 3360 3441 3423 dicit.

1866 3450 2065 3503 malum
2096 3449 2220 3503 est?
2252 3449 2345 3503 sell
2380 3462 2484 3503 non
2514 3458 2597 3503 est
2636 3450 2924 3503 contraria.
2969 3450 3152 3506 Potest
3186 3453 3326 3507 enim
3366 3454 3441 3510 si-

1866 3543 1974 3596 mul
1998 3556 2121 3599 esse
2141 3556 2286 3604 vera,
2317 3551 2371 3596 et
2392 3555 2453 3595 ea
2476 3556 2592 3610 qua:
2616 3542 2744 3596 dicit
2766 3556 2870 3596 non
2899 3556 3022 3597 esse
3053 3543 3247 3599 bonum
3300 3546 3442 3613 quod

1868 3631 2068 3687 bonum
2112 3649 2218 3687 non
2248 3641 2353 3695 est,
2382 3640 2435 3687 et
2478 3646 2540 3687 ea
2583 3646 2697 3701 quae
2742 3631 2874 3687 dicit
2905 3632 3100 3688 malum
3129 3648 3250 3688 esse
3302 3634 3442 3705 quod

1866 3723 2064 3778 bonum
2112 3738 2216 3777 non
2262 3733 2357 3777 est.
2390 3722 2521 3777 Sttnt
2548 3721 2689 3779 enim
2720 3722 2965 3791 qua-dam
3011 3738 3114 3781 non
3164 3725 3299 3779 bona
3326 3741 3442 3793 qum

1867 3814 2003 3869 mala
2034 3810 2177 3869 sunt.
2206 3814 2464 3882 Quocirca
2493 3814 2776 3869 contrariae
2819 3830 2929 3869 non
2978 3826 3120 3877 sunt,
3168 3816 3221 3870 in
3250 3818 3441 3885 quibus

1868 3906 2080 3973 ponitur
2106 3905 2244 3974 quod
2295 3921 2398 3960 non
2449 3904 2645 3960 bonum
2692 3916 2794 3969 cst,
2849 3907 3043 3961 bonum
3072 3922 3176 3962 non
3217 3923 3362 3973 esse,
3389 3918 3443 3971 et

1866 3997 2007 4065 quod
2050 4011 2154 4050 non
2185 4006 2266 4051 est
2289 3996 2508 4063 bonum,
2563 3997 2758 4051 malmn
2784 4012 2926 4052 esse.
2976 3997 3270 4053 Cantraria:
3299 4003 3441 4056 enim

1868 4104 2010 4143 vera:
2033 4088 2190 4143 simul
2216 4101 2479 4158 nequeunt
2510 4088 2758 4153 inveniri,
2782 4098 2833 4143 et
2855 4104 2979 4144 vera
3007 4104 3147 4144 verat
3173 4093 3442 4149 co-.traria

1868 4197 2133 4251 nunquam
2161 4192 2263 4245 est,
2288 4181 2381 4236 sed
2412 4195 2508 4234 nec
2530 4180 2616 4235 illa
2640 4182 2836 4248 poti-rit
2854 4195 2975 4236 esse
2998 4184 3264 4237 contraria
3291 4184 3443 4254 huic,

1867 4290 1988 4341 qua:
2016 4273 2146 4327 dicit
2176 4274 2371 4325 malum
2398 4287 2519 4326 esse
2541 4271 2681 4341 quod
2718 4271 3054 4326 bonnmnon
3084 4284 3185 4326 est.
3219 4273 3443 4336 Possunt

1867 4365 2010 4417 enim
2041 4361 2283 4431 quaedam
2313 4377 2416 4415 non
2443 4361 2655 4429 quidem
2685 4375 2804 4415 esse
2837 4362 2994 4427 bona,
3051 4378 3156 4418 non
3197 4379 3319 4421 εμεε
3362 4376 3443 4420 ta-

1871 4470 1991 4508 men
2018 4455 2175 4519 mala,
2210 4466 2263 4507 ut
2290 4469 2353 4508 ex
2398 4453 2591 4507 arbore
2632 4453 2827 4507 nullius
2863 4442 3104 4510 utilitatis
3148 4469 3308 4511 causa
3360 4472 3443 4513 ra-

1870 4563 2013 4601 mum
2044 4546 2368 4616 del‘ringere,
2400 4544 2441 4599 si
2467 4544 2715 4599 arborem
2747 4544 2873 4598 nihil
2909 4546 3085 4611 laedat,
3131 4565 3305 4619 neque
3335 4567 3444 4606 ma~

183 4655 327 4713 putat
356 4644 622 4698 hominem
644 4661 836 4714 equum
861 4661 983 4702 esse
1011 4662 1170 4717 quam
1200 4663 1320 4717 qua!
1352 4649 1621 4705 hominem
1651 4664 1755 4703 non

1869 4640 1975 4708 lum
2025 4654 2196 4708 neque
2246 4640 2440 4691 bonum
2488 4647 2590 4691 est.
2622 4636 2796 4702 Quare
2848 4652 2989 4693 vero.
3018 4640 3176 4695 simul
3223 4651 3444 4710 possunt

180 4750 300 4791 esse
341 4736 614 4791 hominem
647 4738 956 4793 arbitratur.
987 4741 1166 4806 Quare
1192 4740 1236 4794 si
1269 4742 1319 4794 in
1363 4741 1445 4797 his
1481 4758 1599 4813 que
1630 4759 1761 4797 con-

180 4831 342 4881 traria
372 4843 476 4882 non
508 4828 731 4893 habent,
764 4831 851 4884 illa
889 4832 1158 4887 contraria
1206 4842 1290 4886 est
1325 4850 1444 4902 quse
1486 4837 1758 4891 contradi-

179 4920 357 4975 ctione
379 4919 657 4982 lormatur,
682 4923 736 4975 in
756 4922 837 4978 bis
858 4939 1067 4993 quoque
1108 4940 1225 4994 quae
1248 4923 1446 4979 habent
1468 4927 1760 4992 contraria,

180 5029 287 5068 non
304 5016 555 5069 contrarii
581 5013 972 5085 adﬁrmationis,
1005 5017 1099 5072 sed
1132 5018 1430 5087 negationis
1466 5018 1762 5089 propositio

179 5107 350 5175 magis
377 5108 655 5175 contraria
684 5121 788 5163 est.

252 5200 483 5268 Amplius
501 5200 732 5255 similiter
751 5217 804 5255 se
825 5201 1009 5257 habent
1048 5203 1166 5257 boni
1192 5205 1437 5275 quoniam
1458 5203 1643 5257 bonum
1665 5213 1761 5267 est,

177 5299 225 5341 et
257 5305 358 5343 non
383 5290 500 5344 boni
543 5292 786 5361 quoniam
828 5309 929 5347 non
969 5295 1157 5348 bonum
1186 5304 1281 5348 est.
1330 5295 1395 5348 Et
1426 5295 1493 5347 ad
1519 5296 1614 5348 has
1644 5295 1763 5348 boni

178 5383 421 5448 quoniam
452 5398 554 5437 non
587 5387 773 5439 bonum
802 5395 896 5450 est,
937 5396 985 5443 et
1014 5403 1114 5439 non
1147 5385 1264 5439 boni
1297 5387 1534 5457 quoniam
1576 5389 1760 5441 bonum

178 5482 273 5525 est.
307 5471 395 5525 Illi
422 5489 542 5543 ergo
571 5492 683 5545 qua
709 5486 781 5531 est
805 5494 904 5531 non
936 5478 1051 5531 boni
1071 5478 1310 5547 quoniam
1333 5495 1433 5530 non
1462 5478 1645 5531 bonum
1670 5488 1760 5545 est,

180 5579 309 5615 torre
341 5568 620 5632 opinationi
670 5583 903 5637 quwnam
944 5581 1016 5621 est
1058 5567 1335 5621 contraria.
1374 5566 1495 5621 Non
1546 5568 1680 5621 enim
1702 5583 1764 5622 ea

180 5670 296 5725 qua:
338 5656 459 5710 dicit
490 5662 727 5728 quoniam
761 5659 953 5713 malum
999 5668 1091 5715 est.
1124 5659 1294 5715 Simul
1329 5660 1461 5715 enim
1484 5660 1763 5730 aliquando

180 5754 328 5799 erunt
372 5763 519 5814 verm,
565 5766 825 5815 nunquam
856 5761 1027 5806 autem
1054 5768 1172 5806 vera
1202 5768 1332 5806 verte
1378 5763 1447 5805 est
1481 5754 1755 5805 contraria.

181 5831 278 5890 Est
326 5839 459 5894 enim
488 5840 732 5913 quiddam
781 5856 879 5900 non
922 5842 1126 5910 bonum,
1159 5843 1373 5899 malum.
1429 5844 1601 5912 Quare
1639 5859 1760 5899 cono

1871 4746 2012 4795 esse,
2044 4739 2096 4784 et
2125 4730 2204 4781 ha:
2226 4742 2435 4797 quoque
2458 4743 2574 4796 qua-
2610 4727 2894 4793 epinau'ur
2937 4728 2987 4781 id
3033 4731 3173 4797 quod
3220 4741 3303 4786 est
3340 4750 3444 4792 tum

1873 4825 2067 4878 bonum
2098 4822 2344 4891 quoniam
2375 4834 2479 4874 non
2522 4821 2717 4875 honuni
2746 4833 2847 4887 e~t,
2886 4830 2940 4876 ct
2971 4823 3021 4877 id
3053 4825 3192 4893 quod
3224 4836 3308 4880 est
3338 4844 3443 4884 non

1872 4916 2066 4970 bonum
2096 4915 2346 4985 quoniam
2379 4914 2571 4968 malum
2611 4930 2714 4968 non
2742 4925 2843 4969 est.
2880 4916 3056 4985 Quare
3083 4933 3181 4973 nec
3213 4919 3293 4971 ha:
3315 4936 3444 4975 con.

1872 5008 2049 5063 traria:
2081 5017 2239 5072 sunt;
2289 5015 2453 5061 restat
2496 5008 2651 5076 igitur
2694 5017 2747 5062 ut
2776 5007 2892 5076 eius
2923 5010 3189 5076 opinionis
3216 5028 3333 5081 quae
3366 5024 3442 5073 est

1872 5117 1975 5155 non
2022 5101 2144 5163 boni
2190 5100 2440 5169 quoniam
2485 5114 2587 5152 non
2637 5099 2834 5154 bonum
2864 5114 2967 5167 εει,
2993 5118 3053 5163 ea
3079 5114 3146 5158 Sit
3175 5105 3443 5161 cantraria

1869 5210 1937 5264 qu
1958 5213 1985 5243 ν
2016 5204 2098 5248 εει
2129 5208 2232 5246 non
2256 5191 2378 5245 boni
2409 5205 2656 5260 quoniam
2680 5191 2878 5245 bonum
2906 5202 3009 5248 est.
3036 5194 3186 5260 Quod
3207 5195 3252 5247 si
3278 5196 3328 5249 in
3359 5197 3440 5253 his

1869 5295 2094 5353 quatuor
2154 5284 2604 5353 propositionibus
2664 5299 2796 5353 quas
2843 5298 3003 5353 supra
3057 5286 3439 5355 desciipsimus

1869 5376 2161 5432 similitudo
2207 5384 2465 5436 Servatur,
2519 5383 2571 5429 et
2618 5375 2755 5429 sicut
2802 5387 2884 5429 est
2930 5377 3111 5445 opinio
3158 5395 3262 5433 non
3319 5382 3441 5439 houi

1870 5471 2115 5539 quoniam
2148 5481 2254 5520 non
2285 5467 2478 5520 bonum
2504 5476 2608 5528 est,
2640 5466 2707 5519 ad
2738 5480 2855 5521 eam
2899 5482 3019 5537 qua:
3062 5476 3143 5520 est
3175 5485 3278 5523 non
3318 5473 3440 5533 b0ui

1878 5560 2125 5632 quoniam
2143 5558 2334 5612 bonum
2350 5558 2545 5620 est,sic
2568 5557 2804 5621 opiniuio
2819 5557 2938 5611 boni
2960 5559 3207 5626 quoniam
3234 5561 3432 5619 bellum

1868 5663 1949 5709 est
1970 5654 2033 5707 ad
2057 5652 2361 5720 opinionem
2387 5650 2508 5705 boni
2528 5653 2778 5719 quoniam
2827 5650 3023 5705 bonum
3056 5665 3279 5710 nonest.
3301 5658 3440 5713 Con-

1869 5747 2024 5800 traria
2056 5754 2228 5799 antem
2257 5754 2334 5798 est
2376 5743 2559 5810 opinio
2608 5758 2712 5795 non
2757 5742 2879 5796 honi
2927 5741 3177 5812 quoniam
3238 5746 3434 5805 bonum

1869 5837 1918 5892 ni
1969 5854 2072 5892 non
2128 5845 2230 5901 est,
2276 5835 2565 5905 opiniouon
2600 5833 2720 5888 boni
2772 5836 3023 5904 quoniam
3069 5835 3271 5892 bonum
3320 5846 3442 5911 est;
