4022 6332
580 371 678 430 591

1801 365 1911 423 ΑΝ.
1953 364 2161 422 MANL.
2201 364 2352 422 θεν.
2397 364 2619 422 ΒΟΕΤΙΙ
3682 363 3766 421 399.

580 485 844 545 contraria
874 483 1030 554 igitur
1072 481 1173 536 erit
1212 479 1448 550 opinioni
1485 479 1613 536 boni
1673 480 1923 549 quoniam
1957 479 2152 535 bonum
2181 490 2239 553 Α
2260 488 2362 537 est.
2391 478 2583 535 Nullus
2611 478 2690 535 illi
2715 477 2923 534 scilicet
2944 474 3165 546 opponit
3189 488 3301 541 quas
3321 473 3443 530 dicit
3469 475 3623 530 omnis
3642 479 3767 535 homo

579 590 683 645 est,
716 580 894 649 opinio
918 576 1042 632 boni
1071 576 1322 646 quoniam
1356 575 1551 629 bonum
1584 589 1690 629 non
1729 583 1834 629 est.

654 670 985 731 Manifestum
1029 675 1101 720 est
1145 676 1311 720 autem
1354 668 1597 736 quoniam
1644 665 1776 719 nihil
1800 667 2031 732 interest,
2065 679 2159 718 nec

578 758 1023 824 siunitersaliter,
1072 773 1324 829 ponamus
1382 756 1784 827 aﬁirmationem.
1839 754 1979 810 Huic
2028 756 2161 808 enim

580 852 879 906 uniuersalis
900 849 1097 919 negatio
1115 848 1205 903 erit
1228 851 1505 913 contraria,
1532 856 1586 901 ut
1618 847 1849 916 opinioni
1889 861 2006 917 quia
2048 846 2160 914 opi-

529 935 538 945 ’
578 954 729 997 natur
755 942 995 1013 quoniam
1023 956 1170 995 omne
1214 940 1353 1010 quod
1383 947 1457 995 est
1480 939 1666 994 bonum
1707 939 1898 993 bonum
1955 949 2049 1006 est,
2102 953 2163 992 ea

577 1053 690 1106 qua!
715 1047 810 1099 est,
841 1036 1081 1105 quoniam
1121 1032 1251 1086 nihil
1279 1035 1460 1086 horum
1487 1048 1600 1103 quae
1629 1031 1760 1085 bona
1792 1039 1929 1098 sunt,
1973 1031 2164 1084 bonum

577 1137 667 1181 est.
706 1125 842 1181 Nam
880 1126 993 1197 ejus
1021 1139 1134 1193 qua:
1169 1132 1242 1177 est
1285 1122 1402 1175 boni
1446 1121 1691 1193 quoniam
1743 1122 1929 1175 bonum
1976 1129 2072 1184 est,
2119 1120 2165 1173 si

580 1215 933 1271 universaliter
951 1216 1018 1270 sit
1046 1216 1254 1279 bonum,
1288 1215 1462 1269 eadem
1493 1223 1562 1267 est
1590 1215 1635 1268 ei
1662 1229 1779 1284 qua:
1824 1215 2085 1285 opinatur,
2111 1212 2167 1266 id

578 1308 713 1378 quod
743 1311 928 1361 bonum
956 1319 1030 1361 est
1053 1306 1293 1372 quoniam
1321 1304 1508 1360 bonum
1537 1315 1628 1359 est.
1669 1305 1785 1359 Hoc
1815 1316 1987 1359 autem
2036 1304 2167 1359 nihil

579 1394 751 1463 differt
778 1397 840 1450 ab
866 1412 926 1452 eo
960 1396 1100 1467 quod
1128 1404 1219 1459 est,
1245 1396 1484 1464 quoniam
1518 1412 1664 1450 omne
1692 1396 1828 1463 quod
1877 1404 1950 1449 est
1978 1396 2168 1449 bonum

582 1486 767 1541 bonum
795 1496 889 1540 est.
920 1486 1172 1541 Similiter
1215 1496 1386 1539 autem
1422 1497 1468 1540 et
1518 1487 1569 1539 in
1603 1502 1707 1539 non
1737 1485 1893 1542 bono.
1923 1486 2098 1552 Quare
2124 1487 2169 1540 si

582 1580 635 1634 in
670 1580 908 1649 opinione
951 1580 1023 1633 sic
1049 1595 1103 1633 se
1142 1579 1309 1633 liabet.
1356 1579 1489 1635 Sunt
1532 1592 1702 1633 autem
1725 1580 1940 1647 haeque
1968 1592 2083 1633 sunt
2115 1581 2171 1632 in

584 1689 700 1728 voce
723 1673 1086 1743 ofﬁrmationes
1113 1684 1158 1727 et
1186 1674 1480 1744 negationes
1522 1680 1658 1744 noue
1687 1688 1861 1727 eorum
1903 1688 2018 1744 qum
2050 1681 2172 1728 sunt

586 1766 640 1820 in
667 1767 856 1821 anima.
894 1764 1225 1837 Manifestum
1266 1774 1361 1831 est,
1391 1738 1634 1837 quoniam
1679 1768 2007 1837 επεν-ηιαιίοηὶ
2050 1784 2172 1822 con-

2262 576 2434 629 bonus
2464 583 2567 640 est,
2596 584 2654 629 ut
2678 575 2785 629 sint
2812 574 2913 628 hoc
2963 556 3145 645 modo,
3191 585 3346 625 omne
3387 571 3568 642 bonum
3609 571 3769 628 bonum

2261 677 2367 735 est,
2410 668 2535 724 hnic
2575 668 2840 723 contraria
2891 672 2976 721 est
3016 663 3215 719 nullum
3260 664 3448 718 bonum
3496 663 3769 720 bonum‘est.

2266 762 2469 815 Rursus
2498 760 2675 814 omnis
2708 758 2869 812 homo
2895 756 3069 811 bonus
3100 762 3203 819 est,
3235 752 3353 807 huic
3392 755 3653 817 contraria,
3680 754 3773 808 uul-

2265 850 2349 905 lus
2392 849 2555 905 homo
2583 849 2755 904 bonus
2783 857 2885 903 est.
2914 846 3367 903 Contradictorias
3394 856 3559 898 autem
3583 844 3777 902 diciteu

2263 954 2385 997 esse
2412 957 2548 1010 quas
2572 955 2731 1011 supra
2758 939 2955 1009 posuit,
2978 937 3102 993 dum
3125 936 3192 991 de
3220 934 3589 991 universalibus
3614 949 3668 989 ac
3688 950 3777 1004 par-

2266 1033 2578 1089 ticularibus
2607 1032 2935 1100 loqueretur,
2983 1043 3078 1084 eas
3106 1028 3307 1083 scilicet
3352 1042 3464 1097 quae
3493 1034 3607 1080 sunt
3646 1040 3778 1095 angu.

2268 1123 2431 1179 lares.
2456 1122 2782 1179 Universalis
2828 1121 2974 1177 enim
3019 1118 3305 1174 afﬁrmatio
3350 1115 3633 1187 particulari
3654 1131 3779 1186 nega-

2267 1217 2421 1281 tioni,
2468 1228 2520 1272 et
2562 1204 2898 1287 particularis
2940 1213 3229 1269 afﬁrmatio
3260 1209 3537 1266 universali
3567 1206 3782 1278 negationi

2270 1324 2365 1379 per
2392 1310 2869 1365 contradictionem
2899 1307 3099 1377 opponi
3124 1312 3412 1360 monSIrata
3439 1312 3535 1358 est.

2342 1400 2678 1469 Manifestum
2706 1410 2779 1455 est
2806 1407 2975 1454 autem
3021 1399 3265 1468 quoniam
3310 1405 3357 1450 et
3399 1409 3559 1448 veram
3584 1407 3695 1446 certe
3712 1406 3784 1444 non

2270 1493 2516 1563 contingit
2554 1509 2661 1547 esse
2685 1493 3019 1557 contrariam,
3051 1505 3143 1544 nec
3174 1488 3485 1559 Opinionem,
3518 1500 3601 1537 nec
3622 1492 3786 1537 contra-

2273 1584 2564 1636 dictionem.
2618 1581 2899 1636 Contrarite
2948 1581 3081 1635 enim
3126 1587 3246 1634 sunt
3293 1593 3405 1650 qua:
3440 1577 3571 1629 circa
3604 1573 3787 1644 opposite

2272 1684 2409 1742 sunt,
2428 1675 2563 1728 circa
2575 1675 2749 1729 eadem
2767 1684 2935 1727 autem
2957 1672 3204 1740 contingit
3223 1686 3395 1726 verum
3416 1669 3573 1722 dicere
3588 1663 3787 1718 eumdem.

2275 1764 2446 1821 Simul
2472 1776 2641 1821 autem
2668 1782 2770 1819 non
2800 1767 3057 1835 contingit
3087 1764 3252 1819 eidem
3278 1764 3440 1818 inesse
3459 1758 3703 1814 contraria.

585 1857 743 1911 traria
770 1856 974 1928 quidem
1010 1859 1214 1929 negatio
1238 1868 1312 1911 est
1352 1858 1490 1911 circa
1518 1859 1655 1911 idem
1684 1859 2017 1923 uniuersalis,
2045 1868 2101 1912 ut
2126 1861 2172 1914 ei
2206 1867 2253 1929 Β
2351 1857 2425 1912 Ex
2459 1858 2541 1911 his
2569 1872 2687 1927 quae
2713 1871 2872 1925 supra
2898 1864 3023 1911 sunt
3061 1855 3206 1911 diota
3231 1853 3361 1909 illud
3387 1865 3587 1922 quoque
3612 1845 3787 1914 colligit,

585 1964 698 2023 quo:
718 1960 790 2035 est
818 1952 1059 2023 quoniam
1086 1967 1235 2006 omne
1256 1952 1443 2006 bonum
1496 1952 1683 2006 bonum
1704 1962 1796 2015 est,
1829 1953 1907 2007 uel
1926 1953 2171 2023 quoniam

587 2018 937 2186 omnisihomo
962 2043 1122 2097 bonus
1152 2051 1249 2109 est,
1290 2059 1349 2098 ea
1384 2058 1496 2111 qua:
1536 2052 1636 2109 est,
1676 2044 1922 2114 quoniam
1946 2042 2167 2111 nullum,

588 2135 661 2186 vel
692 2149 761 2186 nu
788 2132 889 2186 lus.
919 2133 1327 2186 cuntradictoriar
1349 2142 1539 2186 autem.
1581 2135 1826 2186 auoniam
1869 2150 1973 2186 non
2000 2150 2167 2186 omne.

588 2135 661 2189 vel
692 2132 889 2201 nullus,
919 2133 1327 2189 contradictoriw
1349 2142 1539 2200 autem,
1581 2135 1826 2204 quoniam
1869 2150 1973 2188 non
2000 2150 2169 2202 omne,

588 2234 673 2278 aut
696 2239 797 2277 non
822 2224 1005 2278 omnis.

660 2313 793 2370 Illud
817 2320 1030 2385 quoque
1058 2324 1205 2370 recte
1242 2323 1631 2370 commemorat
1658 2313 1801 2384 quod
1826 2313 1959 2370 nihil
1993 2312 2174 2369 diﬁ‘ert

592 2405 645 2463 in
687 2407 1029 2476 opinionibus
1052 2407 1167 2461 haec
1203 2421 1325 2461 esse
1353 2406 1621 2462 contraria
1651 2421 1754 2460 non
1798 2406 2176 2462 universaliter

594 2501 917 2565 constitutis,
968 2500 1103 2555 etin
1148 2499 1360 2569 iisquae
1416 2499 1521 2554 sibi
1574 2498 1951 2555 universaliter
2003 2512 2175 2569 oppo-

595 2603 810 2647 nuntur.
865 2588 1122 2647 Similiter
1150 2589 1293 2645 enim
1321 2588 1376 2643 in
1408 2603 1469 2643 ea
1499 2605 1711 2659 quoque
1762 2589 2017 2659 opinione
2054 2603 2177 2660 qua:

597 2685 874 2743 arbitratur
890 2699 1050 2739 omne
1076 2683 1273 2739 bonum
1292 2683 1489 2737 bonum
1517 2697 1658 2748 esse,
1681 2683 1770 2737 illa
1787 2684 2061 2738 contraria
2086 2691 2171 2738 est

597 2792 715 2849 qua:
734 2784 882 2849 putat
897 2777 1101 2833 nullum
1124 2776 1320 2832 bonum
1351 2778 1546 2832 bonum
1568 2792 1707 2832 esse.
1735 2777 1866 2831 Nam
1893 2775 2034 2846 quod
2051 2774 2179 2830 dici-

598 2887 715 2928 mus
736 2871 936 2927 bonum
958 2884 1081 2925 esse
1110 2870 1162 2925 id
1191 2870 1334 2940 quod
1359 2870 1556 2926 bonum
1585 2880 1690 2936 est,
1714 2870 1766 2925 id
1786 2871 1832 2925 si
1855 2870 1909 2925 in
1922 2870 2181 2939 opinione

599 2965 971 3022 universaliter
994 2965 1289 3019 afﬁrmatur
1319 2980 1333 3029 ;
1363 2964 1435 3018 ita
1467 2962 1756 3034 putandum
1785 2973 1887 3029 est,
1919 2960 2178 3030 quidquid

602 3060 794 3117 bonum
822 3066 905 3114 est
934 3058 1131 3112 bonum
1150 3072 1291 3113 esse.
1325 3057 1436 3111 lloc
1459 3065 1637 3111 autem
1668 3055 1797 3110 nihil
1822 3054 2020 3119 diﬁert,
2057 3063 2175 3108 tan-

602 3166 755 3222 quam
785 3150 832 3204 si
852 3150 1112 3214 dicamus,
1137 3162 1296 3204 omne
1327 3148 1523 3203 bonum
1555 3148 1751 3202 bonum
1778 3158 1882 3203 est.
1904 3148 2033 3215 Quae
2063 3146 2178 3216 opi-

2273 1951 2414 2023 quod
2440 1964 2538 2005 nec
2562 1964 2625 2005 ea
2654 1964 2773 2020 quae
2797 1958 2921 2004 sunt
2947 1932 3218 2003 contraria
3246 1961 3373 2003 vera
3403 1942 3554 1999 simul
3574 1955 3677 1997 esse
3695 1952 3788 2009 pos-

2273 2044 2403 2109 sint,
2428 2058 2525 2097 nec
2545 2057 2606 2096 ea
2630 2056 2751 2112 qua:
2774 2056 2897 2096 vera
2915 2049 3041 2095 sunt
3060 2040 3162 2095 sibi
3186 2039 3396 2109 possint
3416 2051 3533 2093 esse
3558 2030 3789 2091 contraria.

2274 2143 2330 2190 et
2355 2133 2457 2189 hoc
2482 2147 2585 2187 non
2608 2132 2777 2186 solum
2812 2133 2864 2186 in
2894 2131 3237 2202 Opinionibus
3265 2143 3405 2195 esse,
3434 2135 3490 2183 ut
3518 2137 3633 2180 vera
3656 2120 3792 2191 opinio

2275 2240 2420 2280 verae
2440 2223 2677 2295 opinioni
2707 2223 2977 2280 contraria
3016 2223 3111 2291 sit,
3158 2221 3256 2277 sed
3308 2222 3364 2275 in
3410 2213 3795 2289 propositionibus

2276 2332 2523 2388 quoque;
2562 2331 2733 2387 neque
2759 2321 2903 2372 enim
2947 2316 3063 2371 ﬁeri
3104 2324 3290 2385 potest
3316 2324 3376 2371 ut
3410 2312 3539 2368 duas
3563 2306 3798 2365 contrarias

2276 2412 2436 2467 simul
2465 2424 2623 2466 veras
2650 2425 2771 2466 esse
2795 2409 3089 2479 contingat.
3126 2408 3193 2463 Et
3235 2409 3345 2463 hoc
3380 2422 3474 2476 per
3496 2400 3795 2475 syllogismum

2279 2505 2481 2576 colligit
2510 2503 2831 2574 hujusmodi.
2876 2503 3066 2558 Omnia
3110 2503 3389 2557 contraria
3431 2509 3549 2554 sunt
3586 2490 3796 2565 opposita.

2279 2597 2410 2665 Quae
2450 2605 2628 2650 autem
2656 2595 2900 2665 opposita
2937 2605 3084 2662 sunt,
3113 2594 3284 2649 simul
3324 2593 3497 2648 eidem
3542 2590 3696 2644 inesse
3726 2596 3801 2637 non

2200 2745 2208 2748 Α
2281 2700 2528 2761 possunt,
2559 2690 2824 2745 contraria
2847 2688 3013 2760 igitur
3038 2691 3088 2743 in
3133 2703 3238 2743 uno
3287 2687 3577 2755 eodemque
3597 2692 3698 2737 esse
3732 2690 3801 2730 na-

2281 2790 2400 2838 tura
2440 2797 2545 2837 non
2580 2783 2800 2851 patitur,
2827 2796 2993 2852 quare
3020 2780 3065 2836 si
3089 2781 3195 2835 duo
3218 2793 3352 2836 vera
3399 2778 3467 2833 de
3503 2775 3673 2831 eodem
3703 2781 3804 2841 pre-

2280 2876 2447 2933 dicari
2473 2875 2837 2947 possunt,duo
2862 2884 3039 2930 autem
3067 2876 3343 2929 contraria
3370 2871 3538 2928 eidem
3557 2868 3711 2924 inesse
3725 2873 3802 2915 non

2282 2976 2524 3039 possunt.
2580 2968 2711 3035 Qua:
2754 2967 3025 3021 contraria
3074 2976 3221 3032 sunt,
3252 2980 3388 3020 vera
3434 2976 3549 3018 esse
3574 2956 3697 3014 nulla
3734 2965 3802 3007 us-

2282 3070 2415 3116 turaa
2446 3060 2655 3115 ratione
2701 3058 3048 3129 permittitur.
3100 3056 3211 3112 Hoc
3266 3064 3356 3112 est
3405 3056 3542 3111 enim
3583 3045 3705 3120 quod
3736 3042 3805 3108 ait.

2283 3150 2550 3206 contraria
2586 3148 2729 3205 enim
2760 3159 2884 3203 sunt
2923 3164 3043 3219 quae
3072 3150 3213 3203 circa
3260 3148 3509 3218 opposita
3537 3150 3666 3205 sunt,
3691 3136 3732 3192 id
3748 3139 3808 3189 est

603 3243 692 3298 nio
727 3258 849 3297 cum
880 3242 952 3297 sit
1002 3256 1149 3307 vera,
1195 3242 1285 3297 illa
1340 3241 1390 3297 ei
1440 3241 1707 3297 contrarie
1745 3242 2030 3311 opponitur
2060 3255 2181 3311 qua:
2210 3250 2257 3315 ο
2286 3258 2447 3299 omne
2467 3243 2791 3297 contrarium
2816 3242 3118 3310 oppositum
3143 3247 3246 3304 est,
3287 3254 3389 3295 nec
3440 3237 3551 3292 ﬁeri
3592 3236 3739 3303 potest
3766 3231 3808 3279 ιιι

605 3334 730 3388 dicit
752 3329 1008 3404 quidquid
1032 3334 1226 3389 bonum
1249 3345 1331 3390 est
1358 3334 1558 3390 bonum
1592 3348 1697 3389 non
1722 3344 1825 3389 est.
1859 3333 1971 3389 Hoc
2002 3342 2180 3389 autem

606 3429 734 3484 nihil
758 3426 956 3493 diﬁ‘ert,
987 3436 1238 3497 tanquam
1259 3430 1303 3483 si
1328 3429 1610 3498 opinemur
1631 3426 1833 3482 nullum
1862 3428 2056 3482 bonum
2090 3428 2185 3482 bo-

607 3534 730 3574 num
747 3533 892 3579 esse.
904 3519 1023 3574 etin
1040 3534 1145 3572 non
1161 3518 1301 3574 bono
1315 3534 1526 3590 quoque
1540 3519 1729 3575 eodem
1753 3518 1935 3584 modo,
1969 3527 2026 3572 ut
2040 3520 2082 3573 si
2111 3518 2184 3573 ita

608 3609 847 3667 dicamus
864 3651 881 3678 ,
895 3625 1056 3666 omne
1072 3612 1212 3681 quod
1230 3628 1334 3667 non
1353 3613 1548 3668 bonum
1571 3622 1654 3668 est
1667 3627 1771 3667 non
1789 3620 1876 3669 est
1891 3613 2110 3679 bonum,
2132 3621 2188 3669 et

609 3718 985 3773 rursus,omue
1005 3704 1148 3774 quod
1175 3720 1280 3759 non
1306 3705 1504 3760 bonum
1530 3714 1612 3762 est
1636 3705 1833 3761 bonum
1858 3715 1962 3775 est,
1993 3706 2183 3763 eodem

609 3796 765 3851 modo
792 3796 894 3849 sibi
924 3805 1049 3850 sunt
1089 3794 1206 3851 ista:
1232 3797 1539 3861 contrariae,
1565 3806 1626 3851 ut
1656 3813 1757 3851 una
1791 3813 1912 3852 vera
1973 3799 2065 3863 sit,
2103 3800 2181 3852 al-

611 3896 722 3945 tera
771 3888 925 3943 lalsa.
957 3886 1108 3953 Quod
1157 3886 1210 3941 in
1261 3888 1548 3943 contrariis
1592 3892 1822 3942 maxime
1881 3890 2185 3957 reperitur;

614 3991 773 4049 quare
814 3985 923 4032 tota
978 3977 1267 4046 disputatio
1311 3977 1646 4047 quaestioque
1699 3978 1771 4032 ita
1823 3980 2185 4034 concluditur.

614 4068 741 4124 Nam
770 4067 814 4122 si
837 4081 900 4122 ea
922 4081 1043 4137 quae
1065 4076 1188 4121 sunt
1216 4066 1270 4121 in
1291 4067 1467 4121 anima
1494 4066 1779 4136 principia,
1800 4066 2043 4136 quaedam
2067 4076 2192 4123 sunt

534 4178 537 4179 '
616 4174 797 4217 eorum
827 4173 947 4229 quae
997 4159 1367 4228 signiﬁcantur
1394 4159 1451 4214 in
1489 4173 1642 4226 voce,
1691 4173 1797 4212 vox
1842 4169 2020 4213 autem
2067 4167 2192 4213 nota

617 4253 855 4325 quaedam
886 4262 968 4307 est
994 4252 1188 4307 animm
1217 4253 1548 4322 passionum,
1573 4251 1829 4322 quidquid
1851 4252 2112 4321 contingit
2141 4252 2193 4306 in

619 4348 811 4411 mima,
837 4345 977 4399 idem
1006 4359 1221 4415 quoque
1248 4345 1314 4400 ad
1348 4359 1535 4400 vocem
1585 4344 1760 4399 redire
1811 4358 2035 4400 necesse
2088 4351 2193 4398 est.

620 4437 764 4505 Quod
791 4437 835 4492 si
876 4436 1193 4493 universalis
1239 4436 1527 4491 alﬁrmatio
1555 4444 1609 4490 et
1638 4436 1954 4490 universalis
1982 4436 2194 4504 negatio

622 4538 741 4584 sunt
782 4528 836 4587 in
885 4528 1135 4599 Opinione
1174 4528 1479 4592 contrarie,
1523 4528 1725 4582 eaedem
1773 4542 1984 4597 quoque
2014 4527 2068 4581 in
2096 4542 2191 4581 vo-

2284 3350 2404 3406 quee
2428 3344 2551 3390 sunt
2608 3332 2877 3387 contraria
2920 3332 2972 3386 in
2996 3330 3257 3401 oppositis
3308 3345 3416 3386 non
3457 3324 3807 3383 contineantur:

2284 3429 2420 3483 sicut
2465 3426 2607 3480 enim
2640 3426 2692 3480 in
2744 3423 3173 3494 medicamentis
3209 3421 3455 3487 edocuit,
3482 3414 3808 3474 contrariorum

2286 3534 2454 3591 genus
2501 3517 2768 3587 quoddam
2799 3525 2878 3572 est
2926 3515 3221 3585 oppositio,
3275 3514 3424 3570 circa
3463 3509 3640 3567 eadem
3677 3510 3811 3557 autem

2285 3611 2547 3681 contingit
2570 3623 2760 3665 verum
2787 3608 2969 3664 dicere
2995 3607 3273 3671 eumdem,
3306 3605 3359 3662 id
3383 3613 3465 3661 est
3486 3604 3587 3658 duo
3604 3609 3714 3653 vera
3728 3605 3815 3662 pos-

2288 3710 2412 3756 sunt
2454 3698 2611 3754 simul
2647 3713 2787 3768 esse,
2817 3708 2871 3755 et
2896 3699 2963 3754 de
2992 3698 3181 3754 eodem
3205 3697 3373 3753 simul
3400 3708 3526 3752 vere
3570 3682 3817 3764 praedicari.

2292 3804 2347 3847 ut
2390 3808 2511 3849 cum
2558 3792 2784 3847 dicimus
2806 3791 3004 3862 aliquid
3036 3792 3231 3847 bonum
3276 3807 3385 3846 non
3418 3804 3557 3855 esse,
3591 3794 3639 3839 et
3665 3780 3817 3834 malum

2290 3898 2432 3951 esse,
2463 3893 2688 3954 utraque
2708 3884 2868 3939 simul
2899 3898 3027 3939 vere
3071 3884 3177 3939 dici
3202 3892 3455 3953 possunt.
3488 3882 3699 3937 Possunt
3714 3866 3822 3927 enim

2292 3975 2534 4047 quaedam
2558 3991 2679 4047 qua:
2696 3991 2817 4031 cum
2844 3976 2981 4032 bona
3004 3991 3109 4031 non
3131 3976 3260 4042 sint,
3293 3985 3477 4032 tamen
3496 3972 3626 4028 mala
3644 3977 3765 4026 esse,
3786 3966 3828 4012 ut

2295 4069 2568 4139 turpitudo
2599 4069 2737 4125 bona
2762 4068 2978 4140 quidem
3023 4084 3128 4124 non
3176 4077 3281 4139 est,
3337 4068 3538 4123 malum
3569 4060 3827 4119 tameu'csl.

2297 4164 2436 4235 Ergo
2458 4177 2523 4218 ea
2553 4178 2676 4233 quae
2702 4178 2828 4218 vera
2868 4170 3013 4228 sunt,
3055 4162 3212 4218 simul
3252 4171 3319 4217 ut
3367 4161 3716 4233 pra-dicentur
3740 4160 3832 4203 vere

2298 4256 2413 4312 ﬁeri
2463 4264 2660 4326 potest,
2688 4264 2742 4311 et
2762 4264 2821 4311 ut
2849 4256 2906 4310 in
2935 4256 3127 4311 eodem
3155 4256 3287 4321 sint,
3317 4254 3481 4311 simul
3508 4260 3675 4306 autem
3695 4241 3834 4299 eidem

2299 4363 2404 4404 non
2432 4347 2695 4417 contingit
2721 4350 2897 4402 inesse
2917 4347 3207 4401 contraria.
3251 4347 3521 4415 Quocirca
3548 4344 3593 4399 si
3618 4354 3727 4394 vera
3747 4331 3833 4403 qui-

2298 4439 2421 4495 dem
2468 4447 2691 4509 possunt
2716 4437 2890 4493 eidem
2939 4438 3134 4501 inesse,
3168 4438 3448 4493 contraria
3497 4443 3667 4489 autem
3702 4424 3837 4481 eidem

2301 4536 2479 4589 inesse
2521 4514 2893 4602 non-possunt,
2916 4546 2979 4586 ea
3007 4546 3123 4602 quae
3154 4532 3429 4586 contraria
3481 4534 3624 4596 Sunt,
3655 4535 3762 4577 vera
3788 4514 3842 4569 si-

622 4623 767 4679 cibus
793 4630 970 4689 erunt,
1000 4622 1055 4679 id
1083 4632 1187 4690 est,
1217 4638 1323 4677 non
1362 4622 1460 4677 erit
1489 4635 1552 4676 ea
1599 4620 1864 4676 contraria
1909 4635 2030 4690 quas
2060 4636 2185 4675 con-
2224 4629 2276 4690 ι)
2302 4628 2408 4682 mul
2433 4641 2553 4682 esse
2580 4641 2687 4680 non
2717 4633 2976 4695 possunt;
3006 4639 3171 4695 quare
3213 4623 3574 4686 convertitur,
3622 4630 3713 4673 nec
3755 4621 3844 4678 (11⁸³

624 4716 839 4769 trarium
885 4714 1137 4782 afﬁrmat,
1186 4715 1279 4770 sed
1326 4727 1390 4771 ea
1429 4730 1549 4785 quae
1576 4713 1628 4768 id
1664 4714 1802 4785 quod
1849 4723 1974 4769 ante
2007 4729 2204 4784 propo-

628 4807 790 4862 situm
836 4815 921 4861 est
962 4821 1058 4877 per
1095 4805 1510 4862 universalitatis
1540 4807 1972 4863 contrarietatem
2022 4817 2200 4878 negat,

627 4908 685 4956 ut
713 4908 793 4955 est
822 4914 983 4955 omne
1006 4901 1201 4956 bonum
1231 4902 1430 4955 bonum
1461 4909 1564 4967 est,
1600 4899 1681 4955 vel
1707 4901 1883 4955 omnis
1910 4900 2070 4955 homo
2108 4900 2203 4956 bo-

629 5004 728 5044 nus
754 4997 874 5046 est:
905 4988 988 5043 liis
1017 4990 1284 5045 contraria
1306 4997 1389 5044 est
1411 4990 1614 5044 nullum
1641 4990 1840 5045 bonum
1874 4991 2069 5046 bonum
2098 5000 2200 5056 est,

629 5082 711 5138 vel
756 5082 933 5138 nullus
978 5081 1141 5137 homo
1171 5083 1341 5138 bonus
1369 5091 1471 5138 est.
1517 5082 1628 5138 Hoc
1661 5092 1741 5137 est
1768 5084 1909 5138 enim
1936 5084 2077 5152 quod
2106 5085 2200 5151 ait,

629 5175 711 5231 vel
741 5176 993 5247 quoniam
1015 5177 1241 5242 nullum,
1272 5176 1357 5231 vel
1384 5174 1584 5241 nullus,
1614 5174 1815 5229 nullum
1847 5174 1913 5229 ad
1943 5175 2085 5230 illam
2118 5192 2204 5230 re-

631 5264 810 5323 ferens
833 5269 1273 5338 propositionem,
1299 5283 1416 5337 quce
1445 5265 1571 5323 dicit
1599 5281 1759 5323 omne
1780 5266 1977 5323 bonum
2009 5269 2204 5324 bonum

2310 4735 2435 4776 vera
2482 4719 2640 4774 simul
2692 4727 2818 4774 sunt
2859 4718 3126 4774 contraria
3156 4732 3283 4774 esse
3308 4725 3560 4789 possunt.
3587 4714 3696 4770 Non
3725 4706 3850 4777 ί8ί¹⁰τ

2311 4812 2425 4867 ﬁeri
2463 4819 2641 4882 potest
2662 4818 2742 4877 ut,
2779 4812 2860 4865 vel
2894 4811 2944 4866 in
2976 4809 3320 4880 opinionibus
3348 4809 3434 4865 vel
3482 4809 3538 4863 in
3578 4795 3851 4875 propositio

2311 4903 2466 4958 nibus
2495 4917 2557 4957 ea
2582 4916 2703 4971 qua
2746 4917 2871 4957 vera
2932 4913 3076 4967 sunt,
3120 4903 3289 4970 possit
3336 4900 3539 4971 aliquis
3583 4901 3722 4951 recte
3757 4899 3857 4942 con-

2314 4994 2475 5049 traria
2502 4993 2785 5063 suspicari.
2813 4992 2936 5048 Haec
2961 5002 3142 5048 autem
3167 5002 3434 5062 quantum
3465 4989 3698 5047 brevitas
3719 4990 3855 5043 exPO‘

2314 5080 2523 5140 sitionis
2553 5084 2891 5153 permittebat
2926 5085 3312 5154 expressimus.
3345 5083 3490 5152 Quid
3538 5092 3711 5141 autem
3735 5071 3858 5130 allio!

2315 5176 2470 5245 hujus
2494 5175 2612 5230 libri
2646 5184 2900 5249 tractatus
2950 5178 3192 5243 edoceat,
3238 5175 3500 5233 secundae
3528 5168 3766 5230 editionis
3797 5176 3863 5217 κο

2322 5274 2423 5329 ries
2447 5274 2756 5343 explicabit.
