3982 6334
105 348 209 407 595

2953 490 3394 516 =2:

107 477 475 504 mu

731 628 991 733 ΑΝ.
1130 628 1622 732 MANL.
1766 625 2123 731 SEV.
2262 632 2803 737 BOETII

857 350 918 405 IN
959 350 1212 407 LIBRUM
1256 348 1341 408 DE
1382 347 2023 410 lNTEllPRETATlONE
2066 352 2283 409 EDIIIO
2323 348 2653 413 Sl-lliliVDA.
3292 338 3395 420 394

2162 485 2953 503 τευ-...κιαηλ--υ-σμς---ν--η

2216 498 2468 507 ο-τ--μ-
2480 500 2543 507 πο.
2568 503 2633 507 ...ί
2642 500 2953 512 ...φὴ-..ᾹἏ

114 846 261 957 lN
306 844 834 959 LIBRUM
878 843 2021 985 ARISTOTELIS-DE
2062 812 3400 969 INTERPRETA'I‘IONE

1549 1021 1763 1083 LIBRI
1789 1020 1969 1083 SEX.

453 1164 828 1279 EDITIO
858 1203 1381 1279 SECUNDA.
1439 1204 1637 1275 SEU
1692 1203 2159 1275 MAJORA
2219 1205 3065 1311 COMMENTABIA.

1621 1336 1871 1351 ξ..-

1394 1432 1688 1510 LIBER
1752 1430 2133 1509 PRIMUS

1644 1574 1885 1588 *-

194 1662 496 1718 Alexander
515 1661 569 1715 in
603 1658 1003 1715 commentariis
1032 1658 1143 1713 suis
1172 1658 1273 1712 hac
1309 1673 1369 1714 se
1412 1658 1705 1728 impulsum
1733 1660 1790 1721 Α
1813 1677 2000 1716 vocem
2028 1662 2368 1731 conjunctam
2398 1659 2878 1729 compositamque,
2903 1675 3020 1730 quae
3050 1661 3247 1717 locutio
3276 1680 3407 1733 prae.

120 1770 285 1811 causa
309 1753 609 1823 pronuntiat
633 1751 925 1819 sumpsisse
957 1751 1329 1820 longissimum
1359 1752 1709 1822 expositionis

119 1847 391 1909 laborem,
424 1843 561 1914 quod
611 1843 663 1896 in
718 1841 900 1897 multis
942 1841 1089 1896 illea
1138 1844 1378 1912 priorum
1432 1844 1710 1899 sententiis

116 1940 445 2004 scriptorum
491 1935 798 1990 dissideret.
830 1933 955 1988 Mihi
990 1950 1117 1989 vero
1147 1935 1318 2004 major
1350 1936 1707 2005 persequendi

119 2031 300 2101 Operis
322 2044 479 2083 causa
507 2039 612 2091 est,
637 2028 778 2096 quod
806 2043 910 2081 non
934 2027 1090 2082 facile
1118 2028 1397 2098 quisquam
1420 2030 1507 2084 vel
1539 2037 1713 2084 trans-

121 2125 347 2188 ferendi,
373 2123 453 2176 vel
480 2125 641 2178 etiam
673 2121 1077 2177 commentandi
1117 2122 1427 2177 continuam
1462 2137 1708 2193 sumpse-

122 2220 194 2273 rit
223 2216 436 2281 seriem,
483 2216 581 2269 nisi
640 2214 781 2283 quod
812 2213 1066 2285 Vegetius
1109 2223 1456 2281 prmtextatus
1503 2216 1713 2284 priores

122 2321 532 2378 postremosque
572 2306 870 2376 analyticos
913 2322 1019 2360 non
1050 2307 1318 2361 vertendo
1367 2298 1719 2363 Aristotelem

122 2399 312 2454 Latino
334 2398 569 2453 sermoni
626 2396 860 2461 tradidit,
912 2397 1006 2451 sed
1064 2397 1439 2454 transferendo
1492 2399 1713 2454 Themi-

122 2495 308 2555 stium,
341 2489 483 2558 quod
512 2490 602 2559 qui
634 2497 890 2558 utrosque
917 2488 1044 2559 legit
1064 2488 1221 2544 facile
1252 2490 1515 2560 intelligit.
1561 2490 1709 2546 Albi—

123 2601 225 2640 nus
253 2599 464 2655 quoque
488 2584 557 2638 de
595 2582 800 2636 eisdem
853 2580 1019 2637 rebus
1063 2582 1344 2651 scripsisse
1380 2582 1709 2650 perhibetur,

123 2676 276 2745 cujus
296 2689 395 2742 ego
422 2672 782 2743 geometricas
821 2671 1038 2740 quidem
1068 2671 1239 2727 libros
1267 2664 1447 2728 editos
1492 2673 1627 2738 scio,
1649 2673 1715 2728 de

122 2768 400 2822 dialectica
432 2780 559 2820 vero
580 2764 668 2817 diu
701 2763 1035 2832 multumque
1056 2762 1308 2831 quaesitos
1335 2764 1574 2831 reperire
1608 2779 1713 2818 non

122 2858 284 2910 valui.
314 2856 437 2911 Sive
459 2854 619 2925 igitur
649 2853 738 2907 ille
765 2854 985 2908 omnino
1015 2852 1199 2919 tacuit,
1228 2868 1327 2908 nos
1353 2854 1713 2921 praetermissa

119 2948 393 3011 dicemus,
423 2947 533 2999 sive
553 2936 753 3014 aliquid
779 2944 1015 3013 scripsit,
1054 2956 1154 2997 nos
1190 2958 1401 3013 quoque
1439 2942 1581 2997 docti
1612 2944 1712 2997 viri

1813 1752 2040 1808 dicatur.
2076 1753 2201 1809 Sive
2230 1762 2408 1806 autem
2444 1750 2645 1820 aliquid
2678 1766 3013 1821 quaecunque
3062 1770 3164 1808 vox
3210 1756 3410 1822 signiﬁ.

1814 1857 1917 1910 cet,
1949 1858 2004 1900 ut
2026 1855 2106 1901 est
2132 1846 2218 1900 hic
2248 1860 2448 1909 sermo,
2484 1844 2667 1907 homo,
2713 1843 2828 1898 sive
2858 1846 3078 1898 omnino
3114 1846 3267 1911 nihil,
3295 1850 3412 1905 sivo

1818 1940 2049 2007 positum
2104 1940 2267 1993 alicui
2331 1952 2526 1991 nomen
2579 1936 2884 2005 signiﬁcare
2938 1939 3155 2006 possit,
3212 1948 3271 1992 ιιι
3329 1949 3412 2001 est

1815 2030 2055 2093 blictiri;
2089 2030 2201 2084 lucc
2230 2030 2371 2083 enim
2428 2043 2529 2081 vox
2563 2043 2685 2081 cum
2717 2044 2814 2096 per
2845 2044 2902 2082 se
2959 2029 3087 2082 nihil
3122 2031 3411 2100 signiﬁcet,

1817 2123 1992 2192 posita
2020 2132 2194 2177 tamen
2229 2130 2286 2175 ut
2316 2121 2473 2175 alicui
2528 2136 2721 2174 nomen
2779 2121 2863 2186 sit,
2915 2122 3257 2189 significabit,
3299 2124 3412 2181 sive

1816 2229 1913 2284 per
1942 2229 2000 2268 se
2029 2212 2243 2283 quidem
2278 2212 2411 2265 nihil
2444 2210 2727 2281 signiﬁcet,
2771 2226 2891 2264 cum
2925 2212 3044 2265 aliis
3072 2229 3199 2267 vero
3225 2212 3414 2282 juncta

1817 2307 2087 2376 designet,
2116 2314 2173 2360 ut
2193 2314 2317 2359 sunt
2358 2304 2788 2372 conjunctiones,
2822 2304 2935 2358 htec
2974 2307 3150 2359 omnia
3189 2306 3409 2360 locutio-

1816 2413 1915 2453 nes
1938 2409 2230 2462 vocantur,
2268 2407 2321 2449 ttt
2371 2397 2435 2449 sit
2490 2394 2700 2465 protiria
2750 2395 3033 2449 locutionis
3081 2396 3248 2451 forma
3300 2412 3410 2455 vox

1816 2496 2109 2557 composita
2141 2490 2474 2559 qttzclitteris
2498 2487 2855 2542 describatur.
2893 2488 2960 2543 Ut
3016 2489 3181 2552 igitur
3228 2490 3296 2543 sit
3335 2491 3409 2543 lo.

1818 2583 1981 2647 cutio,
2005 2596 2137 2636 voce
2159 2596 2295 2648 opus
2343 2591 2447 2644 est,
2497 2578 2548 2632 id
2580 2588 2659 2631 est
2704 2594 2769 2632 eo
2812 2594 2945 2633 sono
2978 2596 3135 2647 quem
3185 2582 3414 2649 percutit

1817 2674 2015 2744 lingua,
2048 2684 2100 2728 et
2123 2681 2181 2727 nt
2211 2687 2316 2727 vox
2345 2672 2455 2739 ipsa
2488 2671 2556 2723 sit
2594 2686 2688 2738 per
2715 2670 2943 2737 linguam
2978 2672 3328 2725 determinata
3360 2672 3412 2727 in

1818 2781 1939 2821 eum
1971 2780 2163 2820 sonum
2193 2764 2281 2833 qui
2306 2761 2524 2816 inscribi
2556 2761 2753 2815 litteris
2798 2763 2985 2830 possit,
3019 2763 3261 2817 similiter
3281 2778 3415 2832 opus

1824 2869 1908 2915 est
1936 2875 1999 2914 eo
2032 2873 2166 2913 sono
2191 2872 2348 2926 quem
2385 2855 2613 2922 percutit
2642 2854 2840 2921 lingua.
2865 2854 2971 2907 Sed
3005 2863 3057 2907 nt
3080 2854 3193 2909 haec
3218 2855 3413 2910 locutio

1822 2948 2175 3018 signiﬁcativa
2224 2948 2326 3009 sit,
2360 2944 2491 2998 illud
2543 2958 2754 3012 quoque
2810 2942 2934 2996 addi
2969 2953 3180 3011 oportet
3234 2954 3289 2999 ut
3344 2945 3413 3001 sit

122 3041 326 3093 imitati
375 3039 605 3092 studium
662 3038 712 3091 in
751 3036 940 3092 eadem
990 3036 1147 3091 laude
1200 3036 1555 3090 versabimur.
1607 3036 1713 3091 Sed
1747 3040 1795 3101 B
1821 3042 1994 3111 aliqua
2026 3037 2727 3107 signiﬁcandi'imaginatio,
2763 3051 2859 3102 per
2907 3052 3067 3105 quam
3107 3038 3158 3091 id
3185 3038 3323 3107 quod
3356 3040 3412 3093 in

123 3145 439 3202 quanquam
496 3131 656 3184 multa
706 3129 816 3183 sint
858 3125 1162 3183 Aristotelis
1202 3142 1322 3197 quae
1367 3127 1714 3182 subtilissima

125 3222 486 3296 philosophiae
515 3230 630 3276 arte
655 3221 829 3276 celata
859 3228 1014 3283 sunt,
1067 3208 1357 3274 hic‘tamen
1389 3230 1513 3273 ante
1541 3221 1716 3274 omnia

128 3318 272 3371 liber
302 3316 459 3368 nimis
485 3324 538 3368 et
584 3313 831 3368 acumine
877 3310 1292 3374 sententiarum,
1326 3318 1380 3364 et
1426 3310 1715 3365 verborum

129 3407 396 3461 brevitate
426 3404 746 3459 constrictus
791 3410 897 3457 est.
954 3400 1216 3467 Quocirca
1249 3400 1369 3467 plus
1418 3398 1505 3455 hic
1557 3414 1716 3468 quam

127 3500 185 3551 in
266 3496 452 3551 decem
519 3490 945 3563 praedicamentis
1010 3490 1347 3559 expositione
1418 3489 1715 3544 sudabitur.

130 3586 292 3641 Prius
321 3600 450 3656 ergo
472 3584 598 3654 quid
626 3597 729 3637 vox
760 3582 829 3636 sit
874 3581 1249 3636 diftiniendum
1290 3588 1392 3637 est.
1428 3580 1539 3635 Hoc
1573 3581 1716 3635 enim

131 3680 422 3749 perspicuo
451 3684 507 3732 et
534 3675 822 3729 manifesto
837 3674 1021 3750 omnis
1049 3673 1169 3727 libri
1205 3673 1365 3741 hujus
1390 3673 1608 3741 pateﬁet
1638 3673 1717 3725 in-

131 3771 324 3824 tentio.
359 3768 475 3823 Vox
518 3777 603 3822 est
641 3766 781 3821 aeris
832 3780 928 3835 per
972 3763 1207 3834 linguam
1262 3763 1567 3832 percussio,
1601 3779 1720 3832 qua:

130 3877 237 3932 per
266 3861 522 3930 quasdam
552 3858 783 3930 gutturis
813 3866 1014 3927 partes,
1046 3871 1163 3924 quae
1191 3854 1402 3909 arterizc
1433 3864 1711 3919 vocantur,

127 3955 205 4008 ab
234 3953 451 4007 animali
498 3952 786 4021 profertur.
840 3949 974 4005 Sunt
1036 3949 1180 4002 enim
1231 3947 1445 4015 quidam
1479 3946 1569 3999 alii
1603 3944 1722 3999 soni

124 4045 232 4116 qui
264 4045 456 4099 eodem
488 4043 831 4111 perﬁciuntur
878 4040 1027 4105 flatu,
1057 4052 1192 4109 quos
1220 4038 1399 4107 lingua
1442 4052 1550 4091 non
1601 4052 1722 4105 per-

126 4138 300 4200 cutit,
333 4146 390 4189 ut
410 4146 491 4191 est
520 4135 696 4190 tussis.
743 4135 869 4189 llaec
918 4135 1061 4189 enim
1093 4132 1215 4185 llatu
1249 4134 1306 4185 lit
1353 4131 1581 4199 quodam
1630 4144 1723 4197 per

124 4228 376 4284 arterias
401 4225 724 4296 egrediente,
770 4210 891 4280 sed.
920 4223 1064 4278 nulla
1120 4222 1311 4290 linguzc
1364 4220 1721 4286 impressione

124 4324 426 4385 formatur,
485 4328 641 4387 atque
684 4316 806 4371 ideo
846 4329 947 4370 nec
992 4316 1095 4369 illis
1128 4312 1369 4381 subjacet
1413 4309 1716 4376 elementis,

1822 3150 1956 3189 voce
1978 3134 2063 3188 vel
2093 3135 2143 3186 in
2201 3131 2471 3186 locutione
2518 3138 2600 3183 est
2643 3128 2965 3198 proferatur.
3021 3134 3127 3184 Aut
3168 3141 3313 3186 certe
3342 3132 3414 3190 ita

1821 3225 2106 3280 dicendum
2137 3233 2218 3277 est
2240 3224 2283 3275 si
2316 3224 2368 3275 in
2394 3222 2493 3274 hoc
2519 3222 2646 3274 llatu
2677 3236 2834 3289 quem
2865 3236 2961 3289 per
2987 3223 3212 3275 arterias
3251 3224 3413 3277 emit-

1821 3318 2013 3382 timus,
2038 3318 2105 3371 sit
2126 3316 2317 3385 lingua:
2340 3316 2449 3367 sola
2475 3313 2772 3377 percussio,
2802 3328 2902 3366 vox
2928 3317 3029 3367 es’t.
3055 3314 3111 3369 Si
3138 3330 3268 3369 vero
3297 3314 3412 3369 talis

1825 3410 2101 3480 percussio
2129 3409 2228 3471 sit,
2260 3419 2316 3459 ut
2366 3406 2417 3459 in
2464 3406 2668 3459 litteras
2724 3404 2930 3474 redigat
2971 3421 3183 3470 sonum,
3213 3406 3412 3461 locutio

1823 3514 1927 3559 est.
1959 3501 2109 3569 Quod
2156 3501 2201 3552 si
2233 3499 2312 3552 vis
2340 3512 2549 3566 quoque
2594 3495 2846 3565 qumdam
2895 3497 3286 3562 imaginationis
3312 3498 3407 3552 ad-

1823 3596 2002 3657 datur,
2036 3593 2124 3646 illa
2152 3590 2502 3657 signiﬁcativa
2526 3603 2625 3639 vox
2653 3587 2911 3640 redditur.
2954 3587 3409 3642 Concurrentibus

1824 3687 1986 3756 igitur
2009 3687 2091 3738 his
2123 3683 2312 3745 tribus,
2347 3680 2537 3749 lingua!
2563 3678 2927 3747 percussione,
2958 3678 3240 3731 articulate
3258 3680 3409 3734 vocis

1825 3776 2025 3839 sonitu,
2053 3759 2635 3842 intaginatione'aliqna
2686 3768 3011 3837 proferendi,
3057 3768 3115 3820 ﬁt
3144 3768 3410 3837 interpre-

1826 3874 1976 3920 tatto.
2012 3863 2387 3933 lnterpretatio
2426 3874 2656 3927 namque
2707 3869 2786 3912 est
2832 3874 2934 3911 vox
2983 3857 3265 3911 articulata
3315 3873 3415 3927 per

1824 3958 2055 4026 seipsam
2088 3953 2415 4023 signiﬁcans.
2442 3952 2699 4018 Quocirca
2724 3964 2828 4002 non
2878 3949 3056 4001 omnis
3088 3963 3189 4001 vox
3243 3948 3410 4003 inter-

1827 4049 2056 4118 pretatio
2083 4056 2186 4113 est,
2212 4056 2337 4100 sunt
2366 4044 2506 4098 enim
2538 4051 2853 4097 caeterorum
2882 4042 3193 4095 animalium
3225 4056 3408 4107 voces,

1827 4156 1950 4212 qua:
1999 4137 2458 4205 interpretationis
2501 4134 2764 4188 vocabulo
2813 4149 2917 4184 non
2968 4143 3234 4186 tenentur.
3302 4133 3414 4186 Nec

1830 4234 2005 4289 omnis
2033 4232 2233 4286 locutio
2263 4228 2630 4295 interpretatio
2657 4236 2762 4287 est.
2796 4225 2995 4279 idcirco
3035 4226 3155 4293 quia
3205 4225 3286 4294 (ut
3327 4226 3413 4281 di-

1829 4334 1974 4381 ctum
2006 4325 2108 4390 est)
2138 4331 2264 4377 sunt
2320 4320 2616 4375 locutiones
2664 4319 2935 4388 quaedam,
2986 4333 3106 4388 quae
3146 4319 3414 4388 signiﬁca-

125 4430 173 4466 ει
201 4409 304 4477 ribi
348 4410 490 4465 enim
536 4408 679 4461 nullo
732 4407 891 4461 modo
936 4415 1131 4473 potest.
1163 4403 1422 4469 Quocirca
1452 4417 1552 4454 vox
1606 4400 1724 4453 haec
1756 4417 1803 4481 α
1837 4420 1983 4474 “one
2008 4412 2192 4473 car’em
2221 4427 2273 4469 ει
2298 4430 2414 4467 cum
2448 4430 2545 4483 per
2575 4428 2632 4467 se
2681 4411 2921 4487 quamam
2952 4427 3057 4465 ηοη
3091 4412 3411 4480 signiﬁcent,

127 4523 248 4583 non
279 4506 494 4569 dicitur,
538 4504 633 4557 sed
683 4512 888 4557 tantum
940 4515 1121 4555 sonus.
1167 4499 1261 4553 Illa
1307 4504 1521 4567 quoque
1551 4502 1728 4563 potest

124 4617 263 4659 esse
315 4599 561 4655 difﬁnitio
594 4598 759 4662 vocis,
807 4606 863 4650 ut
916 4587 1051 4651 eam
1090 4594 1327 4648 dicamus
1373 4606 1562 4644 sonum
1609 4603 1750 4671 esse,

123 4711 265 4753 cum
292 4695 519 4765 quadam
550 4673 929 4763 imaginatione
955 4686 1314 4760 signiﬁcandi.
1344 4685 1459 4737 V'ox
1498 4697 1728 4751 namque

122 4806 270 4847 cum
323 4786 607 4853 emittitur,
656 4783 1060 4853 signiﬁcationis
1084 4781 1306 4845 alicujus
1337 4793 1491 4832 t-auSn
1528 4776 1733 4845 profer—

123 4894 251 4938 tur.
279 4879 466 4935 Tussis
489 4893 621 4933 vero
649 4892 769 4932 cum
799 4891 965 4931 sonus
1011 4871 1099 4939 sit,
1133 4872 1332 4926 nullius
1388 4868 1733 4939 signiﬁcatio-

124 4978 233 5031 nis
253 4988 447 5039 causa,
504 4971 739 5041 surrepit
787 4969 963 5040 potius
1013 4981 1170 5038 quam
1220 4963 1507 5034 profertur.
1557 4960 1735 5028 Quare

123 5068 399 5139 quoniam
424 5066 577 5121 ﬂatus
608 5075 793 5120 uoster
822 5065 894 5117 ita
920 5076 1039 5117 sese
1062 5061 1244 5125 habet,
1266 5069 1323 5113 ut
1371 5058 1415 5113 si
1445 5056 1517 5117 ita
1548 5071 1737 5125 percn—

126 5163 314 5216 tiatur
343 5168 502 5226 atque
529 5156 809 5221 formetur,
841 5164 895 5209 ut
928 5169 1051 5208 eum
1094 5152 1271 5222 lingua
1322 5150 1603 5220 percutiat,
1635 5162 1735 5201 vox

126 5256 237 5309 sit.
274 5251 332 5307 Si
363 5266 485 5305 eum
535 5249 714 5319 lingua
756 5251 825 5309 ita
864 5248 1149 5317 percutiat,
1182 5257 1238 5299 ut
1269 5243 1555 5299 terminato
1602 5258 1737 5309 quo-

128 5345 274 5399 dam
307 5351 362 5395 et
380 5340 785 5409 circumscripto
813 5354 947 5393 sono
979 5352 1083 5393 vox
1115 5344 1288 5401 exeat,
1320 5334 1518 5389 locutio
1540 5333 1596 5385 ﬁt
1622 5347 1740 5399 qua:

129 5437 339 5493 Graece
369 5433 564 5488 dicitur
589 5434 737 5497 λέξις.
779 5430 998 5486 Locutio
1022 5430 1162 5484 enim
1195 5438 1277 5482 est
1300 5426 1579 5480 articulata
1609 5439 1738 5488 vox,

130 5541 327 5595 neque
363 5525 507 5579 enim
541 5524 684 5577 hunc
714 5536 1037 5584 sermonem,
1071 5520 1122 5574 id
1171 5526 1254 5574 est
1274 5518 1423 5583 λέξιν,
1453 5516 1741 5569 dictionem

129 5619 414 5681 dicemus,
445 5614 649 5669 idcirco
699 5612 839 5681 quod
890 5613 1039 5685 φάσιν
1080 5609 1369 5664 dictionem
1422 5610 1743 5675 interpreta-

128 5727 296 5774 mur,
328 5711 478 5775 λέξιν,
510 5708 857 5762 locutionem.
894 5704 1058 5773 Cujus
1090 5702 1373 5757 locutionis
1400 5708 1579 5769 partes
1623 5705 1746 5752 sunt

126 5806 366 5866 litterae,
410 5815 536 5870 qua;
563 5814 683 5854 cum
722 5798 1026 5867 conjuncta:
1050 5793 1275 5864 fuerint,
1304 5808 1462 5849 unam
1502 5789 1743 5847 efliciunt

356 5896 628 5960 ΡΑτιοι..
674 5890 901 5955 LXIV.

1831 4512 2011 4579 juncta
2034 4520 2211 4563 tamen
2237 4521 2357 4562 cum
2382 4506 2499 4559 aliis
2531 4502 2833 4572 signiﬁcant
2854 4546 2867 4566 ,
2903 4511 2960 4555 ut
2983 4504 3413 4570 conjunctiones.

1838 4600 2211 4670 lnterpretatio
2236 4607 2412 4651 autem
2468 4597 2518 4649 in
2552 4597 2680 4651 solis
2727 4612 2820 4665 per
2862 4609 2919 4649 se
2969 4596 3334 4663 signiﬁcativis
3365 4608 3416 4653 et

1838 4693 2133 4748 articulatis
2162 4690 2383 4743 veribus
2426 4699 2721 4756 permanet.
2755 4690 2936 4753 Quare
2963 4690 3316 4757 convertitur,
3364 4699 3417 4748 ut

1838 4783 2095 4855 quidquid
2119 4783 2188 4834 sit
2215 4780 2605 4846 interpretatio,
2658 4779 2781 4832 illud
2832 4781 3118 4843 signiﬁcet.
3169 4780 3231 4832 Et
3267 4781 3417 4849 quid-

1840 4876 1965 4945 quid
1995 4873 2294 4944 signiﬁcat,
2330 4871 2783 4939 interpretationis
2825 4872 3086 4924 vocabulo
3145 4887 3418 4939 noncupe-

1841 4977 1947 5022 tur.
1988 4964 2345 5022 Unde‘etiam
2404 4964 2517 5032 ipse
2564 4977 2775 5032 quoque
2822 4962 3144 5017 Aristoteles
3190 4963 3239 5015 in
3275 4962 3422 5017 libris

1842 5073 1978 5128 quos
2008 5056 2076 5112 de
2107 5061 2234 5110 Arte
2264 5055 2465 5123 poetica
2492 5055 2729 5120 scripsit,
2760 5054 3047 5107 locutionis
3087 5062 3263 5119 partes
3306 5069 3424 5106 esse

1842 5151 2076 5223 syllabas
2128 5162 2174 5203 et
2230 5148 2633 5217 ennjuuctioncs
2686 5149 2847 5201 etiam
2897 5146 3154 5209 tradidit,
3199 5160 3424 5213 quarum

1844 5246 2089 5318 syllabae,
2115 5246 2166 5297 in
2197 5259 2260 5298 eo
2282 5242 2420 5309 quod
2447 5250 2570 5296 Snnt
2591 5241 2833 5311 syllabas,
2857 5239 2991 5292 nihil
3021 5238 3239 5291 omnino
3268 5237 3423 5305 signi-

1849 5339 2033 5393 ﬁcant.
2091 5335 2510 5404 Conjunctinnes
2553 5349 2681 5386 vero
2754 5331 3164 5399 t-onsignilicare
3215 5328 3427 5396 quidem

1852 5434 2096 5494 possunt,
2146 5440 2239 5493 per
2272 5439 2330 5478 se
2362 5438 2490 5477 vero
2522 5422 2651 5476 nihil
2683 5423 2983 5490 designant.
3030 5418 3427 5488 Interpretatio-

1849 5518 1935 5572 nis
1961 5530 2092 5571 vero
2122 5523 2303 5585 partes
2344 5514 2444 5567 hoc
2493 5513 2628 5567 libro
2658 5510 2937 5587 constituit
2975 5524 3169 5562 nomen
3212 5518 3263 5562 et
3309 5524 3421 5560 vcr-

1846 5606 1997 5671 butn,
2031 5620 2151 5676 qua:
2180 5605 2387 5659 scilicet
2414 5620 2507 5672 per
2534 5605 2707 5692 seipsa
2731 5600 3048 5670 signiﬁcant.
3080 5600 3428 5659 Nihilominus

1850 5710 2063 5767 quoque
2115 5699 2410 5749 orationem
2460 5692 2953 5760 interpretationem
3005 5706 3125 5746 esse
3182 5701 3427 5758 constat.

1852 5803 1974 5859 quas
2017 5796 2071 5844 et
2101 5788 2215 5857 ipsa
2250 5802 2369 5842 cum
2425 5802 2525 5841 vox
2577 5784 2647 5840 sit
2690 5794 2745 5839 et
2789 5782 3155 5855 signiﬁcativis
3195 5783 3427 5853 partibus

2960 5874 3033 5935 13
