4022 6332
610 276 727 395 395

1870 321 1983 379 AN.
2026 304 2231 377 MANL.
2274 319 2423 381 sev.
2465 319 2686 379 eoern

3723 336 3801 394 596

605 429 806 509 iuncta,
840 432 1227 507 signiﬁcatione
1267 448 1369 489 non
1402 438 1564 489 caret.
1597 434 1773 503 Quare
1801 437 2051 507 quoniam
2078 452 2186 490 non
2226 439 2274 496 Α
2299 445 2486 503 gnem.
2520 435 2650 489 Nam
2683 430 2937 504 quoniam
2968 432 3155 491 decem
3186 446 3276 491 res
3300 430 3502 492 omnino
3520 429 3571 493 in
3591 442 3711 505 omni
3732 463 3801 500 na-

610 526 679 583 de
707 529 948 581 oratione
975 526 1109 591 sola,
1144 526 1235 579 sed
1267 527 1425 579 etiam
1450 525 1517 579 de
1546 527 1761 580 nomine
1791 536 1845 581 et
1876 530 2063 591 verbo,
2094 542 2193 581 nec

605 634 738 675 vero
765 623 831 673 de
872 619 983 673 sola
1036 601 1333 682 tinctione,
1367 616 1463 672 sed
1512 618 1673 683 etiam
1720 618 1785 672 de
1839 617 2196 687 signiﬁcativa

606 713 896 779 locutione,
932 727 1048 780 quae
1106 722 1189 766 est
1239 711 1609 780 interpretatio,
1636 751 1651 776 ,
1712 711 1765 765 in
1817 710 1918 764 hoc
1947 712 2087 764 libro
2128 709 2230 764 ab'

606 806 893 860 Aristotele
936 812 1229 868 tractatur,
1262 803 1461 857 idcirco
1502 804 1752 873 quoniam
1807 801 1987 855 verbis
2033 810 2194 870 atque

606 895 932 957 nominibus,
968 896 1402 963 etsigniiuativis
1433 884 1790 950 locutiOnibus
1813 909 2009 948 nomen
2041 894 2198 948 inter-

523 977 527 981 ’
605 986 920 1060 pretationis
947 996 1179 1054 aptatur,
1236 1002 1261 1037 a
1309 988 1579 1040 communi
1629 986 1846 1040 nomine
1893 1001 2077 1040 eorum
2131 985 2198 1053 de

605 1078 801 1150 quibus
828 1080 878 1131 in
904 1078 1005 1132 hoc
1031 1078 1165 1150 libro
1196 1086 1473 1143 tractatur,
1507 1078 1555 1130 id
1589 1087 1670 1132 est
1726 1078 2193 1146 interpretatione,

606 1170 727 1239 ipse
756 1186 967 1239 quoque
996 1170 1065 1224 de
1110 1170 1549 1238 lnterpretatione
1586 1169 1719 1223 liber
1768 1170 2055 1239 inscriptus
2087 1178 2191 1233 est,

604 1264 758 1334 cujus
782 1265 1166 1334 expositionem
1192 1281 1290 1317 nos
1318 1264 1523 1318 scilicet
1555 1280 1712 1334 quam
1741 1267 1979 1320 maxime
2004 1281 2031 1317 a
2060 1265 2194 1320 Por-

606 1357 821 1427 phyrio,
870 1372 1173 1427 quanquam
1222 1358 1382 1410 etiam
1446 1372 1473 1408 a
1527 1358 1739 1410 caneris
1784 1357 2191 1422 transferentes,

604 1446 790 1505 Latina
818 1451 1060 1503 oratione
1094 1450 1434 1518 digessimus.
1471 1450 1566 1503 Hic
1597 1453 1737 1504 cnim
1773 1452 1929 1505 nobis
1976 1452 2193 1519 exposi-

606 1548 689 1595 tor
716 1552 765 1595 et
799 1541 1101 1594 intellectus
1133 1540 1379 1593 acumine
1425 1548 1479 1593 et
1533 1541 1921 1593 sententiarum
1968 1539 2197 1606 disposi-

606 1635 751 1688 tione
780 1634 989 1685 videtur
1015 1631 1299 1686 excellere.
1346 1630 1512 1684 Erunt
1560 1647 1690 1701 ergo
1736 1631 2192 1701 interpretationis

607 1726 725 1781 dum
754 1728 937 1794 primm
968 1734 1146 1793 partes
1177 1738 1369 1776 nomen
1400 1734 1449 1774 et
1471 1724 1714 1787 verbum,
1752 1724 1834 1777 his
1861 1724 2005 1778 enim
2036 1722 2193 1793 quid-
2244 1730 2247 1731 '

605 1819 732 1890 quid
758 1828 834 1872 cst
870 1817 921 1871 in
951 1816 1113 1871 animi
1146 1816 1501 1869 intellectibus
1548 1816 1882 1884 designatur,
1928 1814 2010 1871 his
2044 1833 2194 1871 nam-
2227 1812 2275 1872 B

606 1924 708 1980 que
741 1917 882 1964 totus
926 1908 1057 1962 ordo
1103 1907 1365 1960 orationis
1413 1906 1665 1977 efﬁcitur,
1715 1917 1769 1961 et
1826 1907 1879 1960 in
1934 1916 2189 1975 quantum

607 2016 708 2059 vox
738 2004 849 2072 ipsa
878 2001 1095 2071 quidem
1151 1999 1453 2054 intellectus
1508 2000 1794 2071 signiﬁcat,
1848 2000 1899 2053 in
1935 1998 2029 2052 has
2063 1998 2195 2053 ditas

608 2106 691 2176 (ut
717 2105 915 2158 dictum
945 2102 1049 2172 est)
1078 2109 1289 2156 secatur
1318 2116 1527 2170 partes,
1564 2118 1755 2157 nomen
1780 2110 1835 2156 et
1867 2101 2109 2156 verbum.
2140 2101 2196 2156 In

606 2219 862 2285 quantum
884 2222 1008 2260 vero
1026 2221 1125 2259 vox
1161 2220 1255 2274 per
1280 2205 1640 2259 intellectnum
1678 2205 2016 2265 medietatem
2070 2205 2198 2261 sub-

605 2301 775 2372 iectas
795 2299 1089 2355 intellectui
1104 2313 1190 2352 res
1207 2301 1554 2363 demonstrat,
1575 2299 1988 2368 signiﬁcantium
2010 2313 2205 2368 vocum,

606 2402 926 2467 Aristoteles
948 2415 1226 2455 numerum
1249 2400 1304 2454 in
1323 2401 1505 2454 decem
1533 2400 1942 2469 praedicamenta
1968 2403 2192 2470 partitus

610 2506 715 2561 εει,
732 2506 889 2565 atque
907 2494 1007 2547 hoc
1024 2494 1320 2551 distatlibri
1338 2492 1730 2560 bujnsintentio
1758 2509 1786 2546 a
1823 2492 1967 2562 prmd
1993 2507 2201 2548 carnea-

609 2604 785 2654 tot'nm
800 2599 849 2651 in
864 2597 1133 2651 denariam
1152 2597 1541 2651 multitudinem
1558 2598 1939 2652 numemsitate
1950 2597 2197 2661 collecta,

608 2699 668 2757 ut
686 2692 770 2745 hic
782 2692 993 2761 quidem
1013 2701 1216 2744 tantum
1241 2690 1305 2745 de
1326 2706 1549 2745 numero
1570 2693 1983 2760 signiﬁcantium
2010 2704 2200 2745 vocum

608 2795 902 2855 qnteratur,
931 2794 1188 2852 quantum
1220 2782 1286 2836 ad
1314 2782 1455 2851 ipsas
1478 2784 1668 2837 attinet
1691 2798 1849 2838 voces
1868 2824 1881 2846 ,
1910 2783 2103 2852 quibus
2130 2784 2204 2839 si-

608 2879 932 2949 gniﬁcativis
980 2879 1201 2931 vocibus
1268 2878 1568 2931 intellectus
1612 2879 1773 2930 animi
1832 2877 2203 2945 designentur,

608 2987 731 3043 qua:
761 2981 886 3026 sunt
915 2973 1121 3026 scilicet
1149 2970 1412 3039 simplicia
1442 2970 1658 3039 quidem
1688 2970 1899 3023 nomina
1929 2981 1982 3023 et
2012 2970 2195 3034 ψει-δτι,

611 3080 675 3123 ex
710 3065 791 3120 his
819 3080 945 3121 vero
975 3065 1288 3132 composita:
1330 3064 1620 3116 orationes.
1659 3062 2197 3115 Praedicamcntorum
2224 3120 2225 3123 η

612 3170 741 3213 vero
774 3157 887 3211 haec
910 3156 1137 3211 intentio
1158 3164 1259 3215 est,
1290 3154 1357 3207 de
1383 3154 1747 3221 signiﬁcativis
1774 3170 1952 3207 rerum
1981 3153 2203 3207 vocibus

611 3255 844 3305 tractare
868 3250 923 3302 in
952 3256 1154 3303 tantum
1184 3254 1437 3313 quantum
1468 3261 1559 3297 eas
1588 3246 1754 3299 animi
1786 3247 1992 3299 medius
2027 3246 2193 3314 signi-

611 3340 736 3397 ﬁcet
780 3341 1104 3396 inzellectus.
1152 3336 1313 3392 Vocis
1360 3339 1500 3391 enim
1550 3338 1791 3405 quaedam
1842 3339 2068 3402 qualitas
2114 3346 2200 3394 est

612 3444 889 3491 nomen'et
914 3432 1161 3497 verbum,
1184 3446 1302 3501 qua:
1330 3430 1577 3484 nimirum
1605 3430 1690 3484 illa
1718 3446 1827 3499 ipsa
1851 3433 2035 3485 decem
2066 3447 2201 3497 prae-

613 3526 917 3582 dicantenta
948 3523 1267 3594 signiﬁcant.
1301 3524 1492 3577 Decem
1526 3538 1754 3592 namque
1787 3525 2197 3590 prazilicamenta

613 3632 887 3687 nntiquam
916 3616 1034 3670 sine
1061 3617 1232 3684 aliqua
1258 3616 1401 3669 verbi
1431 3615 1690 3685 qualitate
1710 3616 1793 3669 vel
1826 3617 2055 3669 nominis
2080 3632 2202 3684 pro-

614 3709 879 3764 feruntur.
910 3707 1085 3772 Quare
1112 3709 1212 3761 erit
1242 3706 1359 3759 libr.
1399 3707 1550 3773 hujus
1584 3706 1811 3759 intentio
1840 3706 1904 3759 dc
1934 3706 2202 3780 signiﬁca-

615 3800 738 3855 tivis
764 3814 945 3854 rerum
978 3802 1196 3852 vocibus
1230 3799 1283 3851 in
1314 3811 1516 3851 tanuim
1543 3810 1797 3867 quantum
1821 3804 2203 3867 conceptione:

616 3890 780 3946 animi
828 3890 1239 3958 intellectusque
1288 3890 1606 3957 signiﬁcent.
1660 3873 1753 3944 De
1784 3890 1970 3944 decem
2021 3904 2202 3945 autem

617 3982 1055 4055 praedicamentis
1104 3981 1223 4035 libri
1271 3980 1498 4034 intentio
1546 3982 1597 4034 in
1650 3982 1765 4048 ejus
1815 3981 2205 4035 commentario

618 4075 760 4131 dicta
786 4084 889 4135 est,
915 4076 1166 4145 quooiam
1189 4075 1259 4128 sit
1278 4074 1345 4127 de
1367 4074 1733 4142 signiﬁcativis
1757 4089 1933 4126 rerum
1957 4074 2200 4139 vocibus,

618 4176 749 4237 quot
792 4168 1029 4235 partibus
1060 4166 1302 4219 distribui
1350 4164 1515 4230 possit
1554 4180 1735 4219 earum
1780 4166 2116 4234 signiﬁcatio,
2151 4166 2204 4219 in

618 4271 831 4318 tantum
854 4271 1110 4331 quantum
1140 4278 1232 4328 per
1254 4276 1503 4313 Sensuum
1522 4270 1681 4328 atque
1707 4261 2068 4313 intellectuum
2097 4273 2206 4314 me-

620 4353 875 4410 dietatem
899 4367 984 4408 res
1003 4352 1269 4420 subjectas
1295 4352 1652 4405 intelectibus
1671 4366 1828 4404 voces
1850 4352 1980 4420 ipsa:
1999 4352 2209 4404 valeant

621 4448 923 4519 designare.
960 4449 1012 4501 In
1043 4461 1205 4515 opere
1234 4461 1362 4499 vero
1386 4446 1453 4499 de
1478 4446 1606 4499 Arte
1636 4446 1842 4514 poetica
1876 4460 1981 4497 non
2016 4446 2205 4497 eodem

620 4543 783 4599 modo
811 4541 1004 4596 dividit
1033 4541 1375 4605 locutionem,
1401 4540 1494 4593 sed
1523 4554 1710 4593 omnes
1733 4540 1953 4591 omnino
1979 4538 2209 4592 locutio-

625 4645 710 4700 nis
741 4657 919 4715 partes
939 4643 1204 4712 apposuit,
1229 4640 1551 4697 cmiﬁrmans
1574 4655 1694 4694 esse
1722 4641 2007 4693 lor-inionis
2031 4649 2210 4709 partes

628 4738 929 4802 elementa,
977 4735 1243 4806 syllabas,
1281 4732 1725 4802 conthnCIiones,
1778 4732 2062 4798 articulos,
2115 4749 2210 4787 no-

626 4829 805 4895 mina,
835 4842 1012 4891 casus,
1045 4826 1235 4889 verba,
1270 4827 1559 4878 orationes.
1594 4824 1816 4877 Locutio
1845 4840 2072 4892 namque
2102 4840 2211 4879 non

625 4923 679 4977 in
709 4921 839 4977 solis
868 4918 1231 4989 signiﬁcativis
1262 4918 1477 4970 vocibus
1506 4925 1746 4979 constat,
1792 4917 1884 4969 sed
1922 4932 2210 4985 supergre-

626 5024 778 5078 diens
826 5020 1245 5087 signiﬁcationes
1292 5034 1516 5085 vocum,
1573 4998 1638 5071 ad
1684 5018 1997 5072 articulatos
2048 5032 2215 5075 sonos

627 5130 797 5185 usque
822 5113 1085 5168 consistit.
1114 5112 1377 5177 Quaelibet
1409 5112 1548 5165 enim
1580 5110 1781 5180 syllaba
1806 5150 1820 5175 ,
1853 5113 1933 5164 vel
1961 5111 2212 5179 quaelibet

628 5217 730 5272 alia
762 5232 863 5270 vox
890 5232 1008 5286 quze
1038 5216 1197 5269 scribi
1233 5216 1423 5267 litteris
1458 5223 1647 5280 potest,
1684 5214 1965 5267 locutionis
1990 5218 2212 5268 nomine

630 5310 952 5373 continetur,
984 5323 1104 5377 qua:
1144 5305 1325 5359 Gru’ce
1353 5306 1544 5358 dicitur
1572 5307 1717 5368 λέξις.
1751 5305 1855 5359 Sed
1886 5322 1989 5358 non
2023 5309 2211 5360 eodem

634 5413 799 5469 modo
825 5413 1216 5483 interpretatio,
1254 5409 1374 5463 huic
1404 5425 1630 5476 namque
1658 5426 1761 5461 non
1794 5421 1875 5463 est
1906 5412 2036 5483 satis
2066 5420 2121 5464 ut
2147 5418 2214 5466 sit

634 5516 942 5589 huiusmodi
981 5530 1078 5569 vox
1122 5527 1240 5581 qum
1272 5512 1463 5566 litteris
1506 5511 1671 5562 valeat
1716 5510 1990 5574 adnotari,
2024 5513 2119 5565 sed
2152 5511 2218 5566 ad

634 5610 739 5666 hcc
779 5621 835 5664 ut
865 5608 1063 5679 aliquid
1098 5619 1308 5677 (rituque
1348 5605 1630 5674 significet.
1678 5604 2219 5671 l’rsndiramentnrum

632 5716 764 5758 vero
795 5703 847 5756 in
881 5701 981 5755 hoc
1010 5704 1146 5755 ratio
1175 5696 1462 5754 constituta
1492 5706 1594 5761 est,
1626 5697 1676 5750 in
1709 5712 1815 5764 quo
1844 5698 1925 5750 Ιιιε
1954 5700 2071 5751 duze
2100 5714 2219 5766 par-

633 5806 722 5861 ιιι
759 5799 1215 5869 interpretationis
1277 5813 1364 5854 res
1394 5796 1750 5853 intellectibus
1778 5799 2051 5864 subiectas
2076 5801 2218 5857 desi-

2303 534 2421 579 tura
2463 527 2829 594 reperiuntur,
2875 525 3060 581 decem
3104 542 3311 597 quoque
3359 528 3625 587 intellectus
3660 550 3801 603 erunt,

2302 633 2439 688 quos
2486 619 2794 685 intellectus
2815 652 2837 687 ,-
2876 620 3129 690 quoniam
3171 622 3377 677 nomina
3408 633 3458 677 et
3486 624 3626 678 verba
3653 629 3804 696 signiﬁ-

2301 721 2445 776 cant,
2472 711 2658 767 decem
2690 712 2908 768 omnino
2930 726 3087 769 erunt
3112 716 3526 783 prmdicamenta,
3545 732 3647 785 qure
3670 722 3806 777 verbis

2302 817 2436 878 tque
2461 810 2770 866 nominibus
2794 809 3176 880 designentur;
3204 812 3305 865 duo
3325 826 3446 885 vero
3467 814 3679 877 quadam
3698 828 3804 881 sunt,

2305 900 2358 955 id
2391 912 2475 959 est
2506 919 2699 959 nomen
2731 913 2785 959 et
2816 903 3036 959 verbum
3070 919 3189 974 quac
3218 904 3358 971 ipsos
3385 905 3655 973 signiﬁcent
3690 908 3806 963 intel-

2298 996 2489 1059 lectus.
2520 997 2653 1052 Sunt
2679 997 2844 1069 igitur
2875 997 3138 1052 elementa
3172 997 3604 1065 interpretatiOnis
3632 1000 3755 1053 verba
3774 1012 3811 1055 et

2300 1089 2518 1144 nomina
2540 1131 2555 1155 ,
2589 1090 2805 1160 proprie
2834 1106 2963 1145 vero
2996 1101 3175 1159 partes
3200 1090 3390 1158 quibus
3421 1091 3525 1158 ipsa
3553 1102 3729 1146 constat
3752 1096 3808 1147 in-

2305 1183 2618 1250 terpretatio
2645 1191 2771 1245 sunt
2800 1184 3094 1238 orati0nes.
3127 1166 3436 1237 Orationum
3466 1198 3586 1235 vero
3616 1183 3713 1235 aliae
3726 1196 3811 1237 sunt

2300 1272 2581 1343 perfectio,
2618 1275 2734 1327 alii:
2780 1270 3128 1343 imperfectae.
3166 1264 3419 1329 Perfecta:
3453 1285 3562 1328 sunt
3589 1291 3645 1329 ex
3671 1277 3812 1343 quibus

2300 1358 2456 1435 plene
2487 1366 2537 1419 id
2568 1366 2707 1436 quod
2736 1366 2937 1437 dicitur
2960 1366 3103 1421 valet
3128 1367 3382 1436 intelligi;
3413 1366 3708 1434 imperfectae
3724 1384 3814 1423 vero

2301 1460 2352 1514 in
2406 1450 2607 1527 quibus
2632 1459 2834 1527 aliquid
2884 1459 3057 1513 adhuc
3113 1459 3323 1527 plenius
3365 1458 3565 1512 animus
3603 1469 3814 1525 exspectat

2300 1554 2514 1621 audire,
2542 1564 2603 1609 ut
2631 1563 2711 1609 est
2740 1554 2989 1610 Socrates
3021 1570 3140 1609 cum
3175 1553 3416 1607 Platone.
3447 1552 3592 1607 Nullo
3616 1553 3735 1605 enim
3753 1552 3815 1605 ad-

2304 1646 2445 1711 dito,
2464 1645 2726 1700 orationis
2754 1644 3258 1703 intellectusadhuc
3288 1645 3482 1712 pendet
3508 1656 3570 1695 ac
3589 1642 3761 1705 titubat,
3781 1650 3814 1695 et

2302 1737 2513 1791 auditor
2544 1737 2743 1806 aliquid
2788 1736 2930 1809 ultra
2963 1743 3240 1804 exspectat
3286 1733 3486 1788 audire.
3528 1730 3816 1786 Perlectarttm

2302 1846 2433 1886 vero
2464 1830 2764 1891 orationum
2816 1841 2992 1899 partes.
3032 1830 3270 1899 quinque
3314 1838 3454 1883 sunt.
3506 1825 3815 1893 Deprei-atira,

2301 1934 2361 1978 ut
2383 1941 2396 1977 :
2428 1924 2669 1993 luppiter
2685 1925 3045 1993 omnipotens,
3069 1923 3316 1991 precibus
3330 1922 3373 1974 si
3394 1918 3612 1973 ﬂecteris
3633 1917 3746 1979 ullis,
3767 1916 3817 1969 Da

2302 2016 2500 2071 deinde
2527 2016 2808 2082 auxilium,
2842 2026 3014 2085 pater,
3043 2023 3206 2082 atque
3227 2017 3344 2067 haec
3371 2010 3543 2065 omina
3576 2009 3719 2063 ﬁrma.
3744 2006 3817 2059 lm-

2302 2112 2569 2178 perativa,
2604 2118 2697 2165 nt:
2734 2108 2878 2165 Vade
2908 2124 3031 2177 age,
3052 2118 3222 2173 nate,
3269 2121 3399 2161 voca
3429 2103 3671 2173 zephyros
3705 2111 3743 2153 et
3766 2102 3815 2151 la-

2302 2199 2433 2255 bere
2461 2201 2669 2268 pennis.
2706 2198 3121 2268 lnterrogativa,
3154 2208 3215 2252 ut
3248 2194 3273 2252 π’
3296 2198 3391 2252 Dic
3428 2196 3584 2257 mihi,
3615 2194 3819 2252 Damon.

2302 2290 2479 2359 cnjum
2514 2305 2708 2361 pecus,
2743 2306 2807 2343 an
2842 2289 3107 2345 Melibmi?
3141 2288 3431 2353 Vorativa,
3462 2296 3516 2339 ut
3548 2303 3557 2337 2
3594 2286 3629 2339 Ο
3652 2292 3822 2351 pater,o

2303 2382 2576 2441 hominum
2609 2398 2895 2451 rerumque
2926 2393 3123 2437 arterna
3159 2392 3422 2452 potestas.
3458 2374 3824 2438 Enunt‘ativa,in

2302 2492 2403 2546 qua
2427 2477 2628 2533 veritas
2656 2476 2739 2530 vel
2768 2474 2968 2529 falsitas
3001 2475 3302 2539 invenitur,
3333 2482 3429 2527 ut:
3463 2465 3821 2536 Principiuarbe

2303 2569 2453 2622 ribus
2494 2568 2637 2622 varia
2680 2577 2761 2631 est
2802 2575 2987 2620 natura
3032 2565 3309 2621 creandis.
3357 2561 3523 2633 llnjus
3554 2570 3710 2617 autem
3741 2556 3826 2611 due

2303 2667 2484 2728 partes
2532 2668 2686 2724 sunt,
2730 2668 2810 2711 cst
2852 2673 3079 2726 nanume
3123 2666 3178 2712 et
3228 2658 3464 2726 simplex
3516 2654 3670 2707 oratio
3705 2664 3823 2702 enun-

2304 2752 2509 2816 tiativa,
2540 2762 2594 2806 et
2624 2751 2938 2820 composita.
2970 2751 3230 2819 Simplex,
3276 2759 3335 2804 ut
3367 2769 3379 2801 ε
3414 2748 3527 2803 dies
3550 2753 3643 2810 est,
3666 2746 3734 2798 lux
3755 2752 3825 2794 est.

2303 2843 2634 2914 Composita.
2669 2852 2765 2901 ut:
2797 2843 2839 2895 si
2869 2843 2985 2897 dies
3018 2853 3125 2906 est,
3156 2842 3241 2896 lux
3280 2854 3385 2896 est.
3420 2841 3475 2895 In
3507 2840 3601 2893 hoc
3628 2836 3752 2902 igitur
3773 2831 3827 2883 li-

2305 2933 2403 2988 bro
2433 2934 2735 2991 Aristotelis
2766 2934 2833 2990 de
2871 2933 3205 2991 enuntiativa
3252 2933 3488 3003 simplici
3517 2930 3730 2985 oratione
3750 2923 3825 2977 ὥς·

2305 3037 2485 3095 putat,
2527 3037 2579 3081 et
2619 3026 2687 3083 de
2728 3027 2843 3097 ejus
2871 3029 3188 3091 elementis,
3230 3029 3458 3085 nomine
3501 3025 3680 3080 sciliret
3720 3030 3829 3084 atque

2308 3119 2494 3172 verbo.
2530 3118 2659 3185 Quae
2690 3118 2943 3187 quoniam
2969 3118 3333 3184 signiﬁcativa
3354 3129 3477 3175 sunt
3497 3159 3511 3181 ,
3549 3126 3599 3171 et
3623 3111 3829 3183 signiﬁca-

2227 3194 2273 3257 (ἶ
2307 3212 2409 3263 tiva
2442 3225 2574 3276 vox,
2606 3218 2661 3264 et
2690 3210 2968 3265 articulata
2999 3213 3466 3281 interpretationis
3491 3210 3686 3264 nomine
3709 3202 3831 3259 conti-

2304 3310 2486 3369 netur,
2516 3303 2582 3358 de
2624 3305 2893 3357 communi
2930 3303 3015 3375 (ut
3044 3304 3245 3359 dictum
3281 3306 3392 3374 est)
3427 3302 3668 3357 vocabulo
3693 3297 3830 3350 librum

2299 3394 2367 3448 de
2398 3392 2849 3464 interpretatione
2883 3394 3200 3463 appellavit.
3240 3393 3312 3447 Et
3354 3393 3733 3461 TbeOphrastus
3754 3382 3835 3453 qui-

2300 3485 2422 3540 dem
2453 3486 2504 3541 in
2549 3503 2615 3539 eo
2666 3486 2801 3541 libro
2829 3502 2989 3554 quem
3018 3486 3085 3540 de
3114 3487 3495 3542 Allirmatione
3514 3498 3564 3541 et
3608 3477 3855 3555 Negatione

2302 3576 2639 3644 composuit,
2694 3576 2762 3632 de
2818 3578 3148 3635 enuntiativa
3210 3581 3465 3633 oratione
3515 3572 3749 3630 tractavit.
3793 3566 3835 3618 Et

2302 3667 2468 3723 Stoici
2496 3685 2709 3738 quoque
2746 3672 2799 3723 in
2840 3670 2923 3723 his
2958 3671 3111 3725 libris
3149 3687 3305 3739 quos-
3332 3676 3451 3747 napi
3478 3670 3744 3740 ἀξιωμάτων
3773 3674 3838 3726 ηδ’

2306 3760 2537 3827 pellant,
2580 3762 2649 3814 de
2688 3761 2892 3816 eisdem
2945 3761 3303 3817 nihilominus
3349 3764 3647 3828 disputant,
3676 3755 3752 3809 scd
3790 3749 3840 3802 illi

2305 3850 2516 3918 quidem
2560 3859 2615 3906 et
2657 3851 2724 3906 de
2762 3852 2992 3922 simplici
3026 3863 3079 3907 et
3126 3853 3192 3907 de
3235 3870 3347 3910 non
3392 3851 3616 3922 simplici
3655 3843 3843 3901 oratione

2305 3942 2635 3999 enuntiativa
2659 3944 3028 4011 speculantur.
3059 3947 3383 4002 Aristoteles
3407 3963 3538 4001 vero
3563 3948 3610 3998 in
3634 3943 3717 3994 hoc
3741 3936 3847 3989 libro

2308 4036 2438 4089 nihil
2474 4036 2574 4090 nisi
2606 4036 2674 4091 de
2704 4038 2816 4090 sola
2841 4038 3069 4106 simplici
3094 4040 3433 4094 enuntiativa
3461 4038 3685 4093 oratione
3707 4027 3847 4084 consi-

2307 4126 2481 4181 derat.
2515 4126 2771 4187 Asnasins
2820 4144 3034 4198 quoque
3065 4139 3119 4184 et
3151 4130 3464 4186 Alexander
3510 4132 3642 4183 sicut
3687 4124 3731 4177 in
3764 4117 3851 4173 aliis
3928 4134 3929 4191 ι

2309 4220 2617 4273 Aristotelis
2642 4220 2655 4272 l
2682 4219 2811 4283 bris,
2842 4222 2893 4275 in
2920 4221 3021 4274 hoc
3042 4217 3256 4291 quoque
3278 4219 3696 4277 commentarios
3712 4210 3851 4268 edide-

2311 4317 2463 4374 runt,
2496 4312 2587 4362 sed
2622 4318 2845 4377 uterque
2876 4311 3218 4366 Aristotelem
3245 4311 3315 4366 de
3346 4311 3597 4366 oratione
3650 4312 3856 4361 tractasse

2311 4400 2634 4468 pronuntiat.
2673 4399 2803 4453 Nam
2832 4401 2874 4452 si
2900 4401 3142 4469 proferre
3164 4401 3367 4470 aliquid
3394 4403 3642 4456 oratione
3662 4401 3772 4468 (uta
3792 4398 3858 4440 mu

2316 4488 2439 4560 ipsi)
2490 4490 2831 4577 interpretari
2879 4503 2991 4557 est,
3043 4494 3111 4549 de
3153 4495 3615 4562 interpretatione
3658 4486 3862 4544 nimirum

2233 4572 2286 4633 Ι)
2314 4584 2447 4639 liber
2478 4572 2640 4638 veluti
2682 4586 2745 4637 de
2776 4587 3019 4640 oratione
3062 4588 3397 4654 perscriptus
3443 4597 3559 4651 est,
3597 4580 3737 4652 quasi
3770 4588 3863 4628 vel"

2315 4677 2425 4730 sola
2457 4675 2662 4741 oratio,
2696 4691 2758 4730 ac
2788 4692 2891 4730 non
2923 4677 3083 4732 verba
3124 4691 3340 4747 quoque
3384 4686 3443 4732 et
3492 4676 3702 4731 n0mina
3738 4668 3865 4723 inter-

2315 4768 2632 4838 pretationis
2661 4770 2919 4823 vocabulo
2942 4769 3355 4824 concludantur.
3390 4770 3570 4839 Eque
3598 4777 3803 4831 namque
3822 4770 3868 4809 ac

2316 4863 2511 4927 oratio,
2543 4872 2648 4915 tam
2681 4863 2917 4917 verbaet
2941 4863 3175 4927 nomina,
3205 4879 3324 4932 qua:
3355 4874 3488 4918 sunt
3520 4855 3870 4929 interpretam-

2319 4958 2400 5011 nis
2428 4955 2724 5023 elementa,
2759 4956 2973 5009 nomine
3002 4955 3469 5024 interpretatiOuis
3502 4963 3770 5010 vocantur.
3794 4942 3873 4998 Sed

2318 5046 2622 5109 Alexander
2662 5046 2864 5107 addidit
2895 5048 3202 5117 imperfecte
3242 5063 3360 5102 sese
3410 5046 3619 5101 habere
3667 5041 3874 5096 titulum.

2321 5154 2493 5205 neque
2523 5139 2667 5193 enim
2695 5138 2979 5207 designare
3008 5139 3077 5191 de
3105 5155 3204 5208 qua
3230 5141 3487 5195 oratione
3522 5128 3878 5205 perscripserit.

2322 5231 2499 5284 Multa:
2545 5246 2773 5299 namque
2820 5239 2900 5287 (ut
2938 5229 3139 5285 dictum
3168 5234 3274 5297 ρει)
3323 5239 3452 5283 sunt
3492 5229 3783 5282 orationes.
3810 5214 3881 5269 sed

2322 5304 2686 5391 adjiciendum
2709 5322 2791 5376 vel
2828 5321 3326 5390 subit-telligendnm
3378 5329 3543 5389 putat.
3573 5321 3640 5372 de
3682 5312 3883 5369 cratium

2324 5417 2469 5469 illum
2501 5417 2737 5475 scribere
2769 5413 3133 5483 philosophica
3164 5414 3248 5468 vel
3277 5413 3567 5485 dialectica
3589 5453 3604 5473 ,
3641 5408 3687 5461 id
3712 5416 3784 5457 est
3810 5414 3886 5469 qm

2328 5522 2507 5561 verum
2542 5507 2839 5575 falsumque
2868 5506 3042 5561 valeat
3070 5504 3336 5573 expediri.
3367 5502 3483 5557 Sed
3516 5503 3611 5571 qui
3643 5495 3799 5553 semel
3826 5507 3889 5544 so»

2326 5599 2430 5653 lam
2457 5600 2752 5655 orationem
2778 5597 3232 5661 interpretationis
3255 5596 3485 5652 nomine
3510 5585 3891 5655 Vocarixecipili

2327 5700 2380 5754 in
2406 5700 2680 5757 intellectu
2710 5715 2927 5769 quoque,
2962 5698 3130 5769 ipsius
3161 5695 3539 5765 inscriptionis
3569 5694 3786 5749 eiravil.
3812 5685 3894 5738 Ct"

2328 5804 2470 5858 enim
2513 5812 2727 5871 putaret
2768 5800 3147 5871 imperﬁwtutn
3191 5814 3313 5865 esse
3360 5797 3621 5864 titulum,
3674 5788 3894 5905 quoniam
