4022 6332
200 356 283 419 391
600 356 603 357 ί
902 318 969 421 tu
1006 348 1267 443 LIBRUM
1306 361 1395 419 os
1435 356 2090 427 INTERPRETATIONE
2128 348 2358 420 EDITlO
2396 324 2730 422 saeuum;

3351 374 3453 432 598

196 480 305 535 nihil
329 477 393 534 de
417 492 523 551 qua
549 466 1116 554 orationejdisputaret
1140 486 1400 554 adiecerit
1431 504 1441 537 :
1475 494 1531 539 ttt
1560 486 1602 541 si
1636 486 1754 561 quis
1781 485 1838 551 Α
1860 496 1990 535 vero
2023 482 2276 550 magister
2304 484 2421 554 ejus
2449 488 2643 555 tacuit,
2677 489 2791 558 ipse
2828 490 3092 548 subtiliori
3125 494 3287 550 modo
3316 512 3451 553 cou-

196 577 531 643 iuterrngans,
563 576 697 644 Quid
727 588 809 653 est
844 578 1037 634 homo?
1065 580 1170 634 alio
1200 578 1583 649 respondente,
1618 578 1749 633 Ani-

194 668 303 730 ntal,
328 669 506 735 culpet
540 686 601 727 ac
629 670 803 738 dicat,
834 671 1148 741 imperfecte
1181 674 1325 736 illum
1358 672 1599 745 dixisse,
1628 671 1752 740 quid

193 763 273 823 sit,
302 760 547 823 quoniam
594 778 699 816 nun
727 764 798 817 sit
832 764 1375 821 omnes-differentias
1417 777 1750 833 persecutus.

192 853 314 920 Quod
342 871 384 909 sx
419 854 565 920 huic,
598 855 648 908 id
678 866 759 910 est
792 858 1025 916 homini.
1056 868 1180 911 sunt
1203 858 1448 927 quaadam
1475 859 1756 912 alia.com-

192 946 338 998 munia
367 945 434 998 ad
468 962 664 1001 nomen
690 950 973 1015 aniutalts‘,
1010 949 1138 1019 nihil
1172 960 1349 1004 tamen
1383 951 1606 1020 impedit
1631 966 1770 1027 per:

191 1034 300 1092 lecte
322 1039 725 1095 demonstrasse
752 1044 876 1105 quid
912 1043 942 1095 lt
969 1058 1073 1097 uno
1098 1056 1261 1107 esset,
1290 1060 1411 1109 eum
1435 1044 1751 1114 qu'tauimal

190 1130 380 1195 dixerit;
416 1134 705 1201 siveeuim
740 1135 1068 1209 differentias
1098 1138 1257 1191 addat
1286 1138 1432 1204 quis,
1466 1139 1581 1192 sive
1607 1153 1713 1193 non
1735 1180 1753 1203 ,

189 1221 427 1277 hominem
478 1224 676 1277 animal
728 1242 955 1281 necesse
997 1238 1079 1281 est
1124 1244 1261 1282 esse.
1308 1229 1508 1285 Eodem
1539 1245 1769 1299 quoque,

188 1317 319 1371 modo
344 1327 399 1372 et
432 1318 499 1373 de
527 1320 770 1391 oratione
792 1361 808 1385 ,
837 1322 879 1373 si
911 1326 1027 1392 quis
1073 1323 1175 1378 hoc
1204 1325 1465 1379 concedat
1496 1327 1748 1391 primum,

188 1410 293 1464 nihil
318 1411 459 1464 aliud
492 1412 937 1483 interpretatione
986 1415 1231 1473 dicinisi
1282 1417 1612 1487 orationem,
1656 1434 1752 1471 cur

190 1505 256 1572 qui
280 1506 336 1557 de
372 1506 823 1574 interpretatione
861 1507 1223 1576 inscripserit,
1257 1520 1306 1563 et
1340 1509 1406 1563 du
1449 1526 1551 1580 qua
1586 1512 1765 1586 inter-3

187 1597 469 1665 pretatione,
498 1597 647 1653 dicat
694 1615 797 1651 non
844 1600 1139 1663 addiderit,
1182 1602 1462 1672 culpetur?
1495 1603 1636 1657 Satis
1667 1614 1759 1660 est

188 1690 307 1741 enim
346 1706 461 1743 eum
508 1690 630 1743 libri
665 1690 873 1746 titulum
908 1696 1083 1747 etiam
1134 1694 1200 1749 de
1229 1697 1408 1765 aliqua
1454 1700 1763 1759 continenti~

189 1784 528 1838 communione
562 1786 770 1855 fecisse,
806 1796 863 1840 ut
900 1803 998 1841 nos
1026 1804 1148 1843 eum
1179 1801 1232 1844 et
1260 1789 1327 1843 de
1360 1791 1665 1847 nominibus
1694 1802 1747 1847 et

1857 575 2203 631 siderationis
2225 579 2438 647 adjecit.
2470 580 2631 635 Addit
2656 598 2867 652 quoque
2890 586 3025 640 hanc
3050 602 3289 653 causam,
3320 607 3452 661 quo-

1858 669 2001 723 niam
2031 670 2344 726 Aristoteles
2371 672 2585 741 quidem
2616 672 2683 728 de
2709 676 3034 747 syllogiSuiis
3064 681 3301 737 scribere
3336 687 3453 738 ani-

1857 770 2055 819 matus,
2088 777 2357 831 nunquam
2388 762 2437 815 id
2470 748 2615 818 recte
2640 765 2814 821 facere
2856 773 3143 837 potuisset,
3177 774 3274 827 nisi
3306 794 3451 844 quac—

1856 851 1980 906 dam
2036 852 2103 908 de
2165 853 2619 925 propositionibus
2688 861 2984 933 aduolaret.
3053 864 3178 918 Mihi
3237 882 3451 936 quoque

1856 942 2066 996 videtur
2098 942 2200 998 hoc
2230 946 2503 1002 subtiliter
2534 950 2988 1018 perpelideutibus
3022 954 3229 1023 liquere
3250 1000 3262 1019 ,
3309 960 3448 1013 ltunc

1856 1030 2051 1087 librum
2084 1035 2148 1087 ad
2182 1037 2479 1107 analytieos
2500 1053 2619 1093 esse
2646 1040 3023 1111 praeparatum.
3048 1046 3179 1100 Nam
3203 1050 3338 1102 sicut
3366 1050 3448 1103 hic

1856 1119 1924 1177 de
1950 1123 2176 1192 simplici
2212 1128 2577 1194 propositione
2605 1129 2860 1199 disputat,
2893 1136 2960 1187 ita
2992 1151 3203 1207 quoque
3234 1141 3285 1192 in
3312 1156 3445 1194 ana-

1854 1211 2032 1283 lyticis
2060 1218 2128 1271 de
2157 1217 2490 1286 simplicibus
2522 1230 2725 1277 tantum
2765 1227 3063 1281 considerat
3097 1232 3441 1301 syllogismis,

1855 1316 1913 1379 ut
1938 1308 2048 1378 ipsa
2081 1308 2515 1380 syllogismorum
2548 1317 3082 1391 propositionumque
3111 1324 3443 1393 simplicitas,

1854 1415 1961 1454 non
1994 1401 2058 1456 ad
2090 1403 2233 1457 aliud
2270 1406 2366 1458 nisi
2411 1407 2475 1460 ad
2514 1409 2800 1465 continens
2829 1427 2963 1480 opus
2995 1415 3297 1471 Aristotelis
3328 1434 3447 1487 per-

1853 1488 2023 1548 tinere
2046 1494 2308 1551 videatur.
2328 1498 2506 1565 Quare
2529 1518 2634 1555 non
2659 1512 2741 1557 est
2763 1506 3061 1562 audiendus
3086 1510 3443 1580 Andronicus,

1852 1587 1941 1656 qui
1991 1594 2208 1658 propter
2240 1593 2544 1658 passionum
2582 1610 2807 1655 nomen.
2843 1597 2983 1653 hunc
3016 1601 3204 1655 librttm
3235 1605 3301 1659 ab
3331 1608 3444 1660 Ari.

1851 1682 2060 1734 stotelis
2104 1684 2356 1750 operibus
2402 1696 2634 1755 separat.
2682 1689 3007 1748 Aristoteles
3064 1697 3203 1749 enim
3252 1698 3446 1754 ideirco

1853 1770 2129 1837 passiones
2167 1775 2363 1827 anima:
2428 1777 2731 1833 intellectus
2763 1776 3008 1847 vocavit,
3048 1788 3187 1856 quod
3231 1790 3445 1844 intelle-

187 1876 337 1930 verbis
362 1890 411 1931 et
437 1877 503 1931 de
531 1878 897 1942 orationibus,
933 1896 1054 1935 eum
1090 1881 1202 1937 haec
1227 1883 1405 1939 omnia
1439 1900 1544 1938 uno
1576 1886 1741 1939 inter-

1851 1873 1967 1930 Qus
1994 1881 2128 1933 quos
2157 1878 2407 1923 sermone
2436 1869 2617 1925 dicere
2681 1883 2735 1927 et
2776 1877 3022 1931 oratione
3051 1881 3292 1947 proferre
3322 1899 3446 1937 cou-

185 1969 463 2035 pretationis
508 1973 728 2024 nomine
767 1973 1189 2040 continerentur,
1221 1989 1382 2043 supra
1415 1973 1607 2029 fecisse
1652 1977 1745 2029 do-

186 2061 383 2125 cuimus,
418 2077 541 2117 cum
574 2063 657 2117 hic
700 2065 835 2117 liber
878 2066 946 2117 ab
976 2082 1041 2121 eo
1076 2068 1145 2122 de
1180 2068 1620 2138 interpretatione
1649 2087 1746 2126 no-

184 2154 379 2207 minans
406 2166 512 2209 est.
532 2156 636 2210 Sed
653 2158 793 2225 quod
823 2159 1047 2225 addidit,
1074 2160 1221 2215 illam
1248 2161 1743 2232 interpretationem

181 2246 323 2298 solam
348 2248 454 2301 dici
502 2265 602 2318 qua
662 2248 713 2303 in
746 2251 989 2306 oratione
1034 2253 1428 2316 possitveritas
1455 2266 1509 2310 et
1544 2256 1745 2313 [abitas

179 2334 397 2400 inveniri,
423 2351 481 2392 ut
502 2351 585 2394 εει
606 2342 937 2396 enuntiativa
962 2347 1155 2407 oratio,
1186 2344 1430 2415 fingentis
1457 2357 1539 2402 est
1564 2349 1648 2415 (ut
1672 2351 1747 2404 ait

176 2426 508 2501 Porphyrius)
531 2434 975 2504 significationem
1004 2439 1237 2491 notuiuis
1264 2440 1439 2507 potius
1461 2456 1622 2509 quam
1649 2442 1744 2497 doc

175 2524 369 2589 oculis,
402 2536 559 2590 atque
587 2529 673 2582 ille
702 2529 921 2596 quidem
952 2543 1005 2584 et
1038 2531 1090 2584 iu
1121 2532 1415 2587 intentione
1458 2535 1577 2588 libri
1608 2546 1662 2589 et
1694 2538 1744 2591 in

174 2615 315 2670 titulo
347 2617 512 2672 falsus
552 2629 659 2688 est,
703 2624 796 2677 sed
845 2638 950 2675 non
994 2623 1184 2678 eodem
1234 2626 1394 2679 modo
1437 2626 1507 2698 de
1544 2627 1747 2697 judicio

178 2724 366 2779 quoque
408 2711 530 2764 libri
562 2713 711 2781 ltujus
756 2724 922 2768 errat.
973 2718 1311 2772 Andronicus
1354 2720 1499 2773 enim
1546 2721 1743 2776 librum

180 2796 293 2855 hanc
318 2804 618 2860 Aristotelis
647 2821 769 2860 esse
800 2824 905 2861 non
931 2819 1078 2873 putat
1106 2827 1262 2877 quem
1292 2813 1593 2869 Alexander
1622 2831 1745 2870 vere

177 2890 460 2963 fortiterque
504 2900 797 2968 redarguit.
838 2902 1007 2966 Quem
1054 2917 1177 2956 cum
1224 2914 1470 2959 exactum
1517 2907 1743 2976 diligen-

176 2993 364 3056 temque
388 2990 695 3045 Aristotelis
724 2992 980 3046 librorum
1006 3004 1057 3048 et
1081 2993 1315 3062 iudicem
1339 3007 1389 3049 et
1413 3007 1743 3066 repertorem

176 3076 397 3148 iudiearit
427 3083 747 3152 antiquitas,
776 3101 873 3140 cur
904 3087 953 3139 in
991 3088 1147 3155 hujus
1177 3088 1294 3143 libri
1320 3091 1523 3161 judicio
1553 3094 1625 3146 sit
1649 3092 1747 3146 fal—

172 3186 282 3239 sus,
329 3192 546 3245 prorsus
581 3189 666 3234 est
714 3195 902 3251 magna
956 3182 1315 3245 admiratione
1350 3184 1743 3255 digttiSsitttum.

176 3262 269 3318 Non
292 3282 401 3324 esse
450 3286 683 3339 namque
718 3273 995 3340 proprium
1016 3274 1328 3329 ’Aristotelis
1371 3275 1492 3330 ltiuc
1522 3288 1745 3333 conatur

180 3360 455 3424 ostendere,
487 3362 744 3429 quoniam
774 3364 1019 3431 quadam
1049 3365 1364 3421 Aristoteles
1392 3367 1445 3420 in
1478 3368 1744 3437 principio

178 3445 270 3501 libri
298 3451 453 3520 hujus
480 3453 550 3506 de
580 3453 942 3509 intel'leetibus
968 3457 1128 3509 animi
1164 3464 1353 3510 tractat
1377 3497 1392 3519 ,
1425 3472 1559 3527 quos
1592 3458 1747 3527 iutels

177 3538 314 3595 lectus
337 3547 540 3599 anima!
576 3548 853 3613 passiones
878 3557 1120 3614 vocavit,
1159 3558 1213 3603 et
1244 3552 1310 3603 de
1342 3550 1425 3602 bis
1451 3564 1511 3605 se
1537 3550 1744 3621 plenius

174 3632 213 3685 in
242 3638 375 3691 libris
410 3638 486 3693 de
515 3639 695 3692 anima
731 3640 1037 3708 divsptttas-e
1078 3652 1486 3697 commemorat.
1520 3644 1586 3698 Et
1612 3660 1742 3714 quo~

172 3726 286 3782 niam
319 3734 607 3795 passiones
656 3734 849 3788 animae
880 3735 1138 3802 vocabat,
1175 3735 1259 3790 Vel
1306 3736 1609 3804 tristitiam,
1660 3741 1741 3795 vel

171 3824 419 3890 gaudium,
461 3826 543 3879 vei
582 3826 963 3893 cupiditatem,
999 3829 1078 3881 vel
1111 3830 1241 3883 alias
1277 3830 1580 3900 ltujusmodi
1612 3832 1743 3887 affe-

171 3914 347 3972 ctiones
366 3918 503 3973 dicit
526 3914 888 3981 Andronicus.
914 3937 978 3977 ex
1010 3924 1111 3978 hoc
1140 3925 1353 3991 probari
1386 3923 1524 3980 hunc
1549 3926 1742 3995 librum

161 4006 446 4066 Aristotelis
479 4027 588 4066 non
627 4028 749 4068 esse
769 4058 784 4081 ,
828 4014 969 4082 quod
1010 4016 1078 4070 de
1110 4014 1414 4099 huiusmodi
1446 4016 1743 4091 affectionie

158 4097 253 4154 bus
287 4106 417 4158 nihil
446 4108 497 4158 in
530 4107 679 4161 libris
709 4109 776 4163 de
805 4109 979 4163 anitna
1007 4097 1371 4176 tractavisset,
1406 4127 1511 4167 non
1544 4113 1739 4168 intelli-

153 4210 283 4265 gens
328 4201 377 4251 in
418 4199 519 4255 hoc
556 4202 690 4257 libro
733 4206 1075 4260 Aristotelem
1107 4208 1386 4275 passiones
1415 4211 1607 4264 animm
1633 4225 1741 4267 non

153 4302 245 4359 pro
267 4293 673 4360 aliectiontbus,
703 4301 797 4352 sed
829 4314 927 4368 pro
956 4300 1319 4356 intelIt-ctibus
1352 4304 1594 4369 posuisse
1650 4305 1742 4360 llis

152 4384 452 4441 Alexander
484 4390 649 4443 multa
684 4390 785 4442 alia
806 4390 969 4445 addit
1001 4402 1315 4461 argumenta
1353 4410 1450 4450 cur
1480 4396 1582 4452 hoc
1605 4412 1740 4467 opus

151 4479 371 4532 maxime
403 4480 720 4535 Aristotelis
743 4496 864 4537 esse
894 4483 1158 4539 videatur.
1194 4484 1265 4538 Ea
1300 4501 1529 4555 namque
1554 4486 1741 4542 dicun-

147 4572 219 4619 tur
247 4568 333 4623 bic
362 4586 493 4639 qua:
522 4573 806 4626 sententiis
844 4574 1148 4628 Aristotelis
1177 4592 1294 4643 qua!
1323 4587 1448 4632 sunt
1477 4577 1545 4633 de
1574 4594 1740 4634 enun-

1851 1955 2154 2021 suevimus,
2203 1974 2269 2013 ex
2321 1959 2493 2029 aliqua
2535 1978 2693 2017 causa
2741 1973 2902 2035 atque
2954 1968 3184 2025 utilitate
3223 1974 3446 2043 profecti

1850 2057 1978 2102 sunt
2020 2067 2033 2103 :
2065 2062 2119 2104 ut
2143 2038 2285 2106 enim
2314 2053 2539 2123 dispersi
2580 2056 2826 2114 homines
2856 2062 3256 2137 colligerentur,
3286 2078 3339 2123 et
3366 2070 3447 2124 le-

1848 2140 2005 2210 gibus
2049 2145 2256 2199 vellent
2300 2162 2421 2202 esse
2470 2147 2730 2219 subjecti,
2775 2154 3125 2225 civitatesque
3173 2159 3444 2229 condere,

1850 2233 2047 2286 utilitas
2078 2235 2321 2304 quaedam
2355 2235 2453 2290 fuit
2491 2246 2545 2293 et
2580 2256 2778 2308 caust;
2823 2245 3069 2313 quocirca
3102 2264 3220 2317 qua:
3250 2266 3314 2304 ex
3344 2252 3448 2305 ali»

1848 2339 1951 2391 qua
2000 2326 2227 2383 utilitate
2268 2330 2553 2394 eveniunt,
2605 2350 2671 2387 ex
2724 2338 2974 2407 passione
3018 2356 3228 2411 quoque
3265 2345 3445 2401 venire

1848 2431 2071 2472 necesse
2104 2429 2209 2473 est.
2254 2420 2385 2475 Nam
2426 2433 2481 2477 ut
2509 2423 2689 2480 divina
2738 2428 2855 2483 sine
2887 2432 2991 2486 ulla
3024 2444 3147 2487 sunt
3176 2439 3442 2505 pas~ioue,

1847 2505 1918 2561 ita
1953 2508 2236 2564 nulla‘illis
2263 2514 2600 2569 extrinsecus
2641 2519 2844 2573 utilitas
2885 2523 3023 2576 valet
3049 2525 3287 2596 adjuugi.
3319 2528 3446 2596 Qum

1848 2614 1977 2655 vero
2001 2610 2127 2655 sunt
2154 2602 2425 2672 passibilia
2472 2620 2687 2677 semper
2740 2611 2974 2681 aliquam
3004 2629 3219 2671 causam
3287 2630 3445 2687 atque

1846 2694 2127 2748 utilitatem
2173 2698 2365 2766 quibus
2408 2710 2772 2757 sustententur
2823 2706 3124 2764 inveniunt.
3177 2713 3445 2776 Quocirca

1849 2784 2155 2851 huiusmodi
2188 2788 2489 2845 intellectus
2520 2792 2609 2861 qui
2641 2794 2708 2848 ad
2744 2796 2971 2851 alterum
3002 2802 3245 2856 oratione
3276 2805 3445 2873 profe-

1848 2877 2002 2931 rendi
2032 2887 2158 2934 sunt
2180 2921 2193 2945 ,
2228 2884 2482 2951 quoniam
2513 2902 2576 2939 ex
2616 2887 2792 2956 aliqua
2826 2906 2985 2944 causa
3028 2903 3187 2961 atque
3218 2896 3445 2954 utilitate

1850 2968 2101 3024 videntur
2130 2986 2251 3027 esse
2279 2973 2491 3030 collecti
2519 3019 2532 3042 ,
2565 2990 2711 3034 recte
2758 2981 3035 3047 passiones
3078 2987 3242 3041 animi
3276 2990 3443 3043 nomi-

1806 3114 1813 3125 ,
1847 3060 1955 3117 nati
1983 3075 2126 3117 sunt.
2159 3066 2302 3121 Etde
2327 3068 2623 3125 intentione
2650 3072 2888 3142 quidem,
2922 3085 2975 3130 et
3003 3077 3072 3130 de
3102 3079 3220 3134 libri
3246 3080 3443 3136 inscri-

1848 3156 2062 3227 ptione,
2096 3168 2150 3213 et
2178 3159 2245 3215 de
2288 3177 2353 3216 eo
2395 3164 2538 3233 quod
2573 3166 2656 3219 hic
2688 3168 2920 3223 maxime
2963 3170 3269 3228 Aristotelis
3313 3175 3444 3232 liber

1769 3252 1815 3315 ο
1848 3265 1967 3305 esse
2015 3253 2282 3320 putandus
2320 3270 2351 3310 e
2385 3264 2434 3321 t,
2478 3255 2591 3313 hinc
2633 3259 2772 3314 diota
2813 3254 3102 3318 sufficiant.
3148 3266 3285 3331 Quid
3320 3283 3445 3324 vero

1850 3343 2093 3400 tttilitatis
2124 3346 2339 3413 habeat,
2371 3365 2476 3404 non
2507 3351 2769 3421 ignorabit
2827 3356 2917 3425 qui
2950 3358 3085 3413 sciet
3107 3375 3208 3429 qua
3239 3361 3289 3415 in
3319 3377 3445 3416 ora-

1847 3438 1993 3494 tione
2035 3441 2231 3496 veritas
2274 3453 2485 3497 constet
2524 3454 2579 3498 et
2621 3445 2846 3503 falsitas.
2892 3447 2945 3501 lu
2993 3451 3103 3505 sola
3142 3455 3283 3507 enim
3334 3455 3445 3512 haec

1847 3529 2179 3584 enuntiativa
2214 3534 2458 3587 oratione
2489 3536 2811 3591 consistunt.
2842 3536 2958 3593 Jam
2990 3555 3118 3595 vero
3150 3556 3269 3612 quae
3310 3545 3445 3597 αἰνί-

1845 3618 1974 3673 dant
2020 3637 2205 3677 verum
2254 3623 2587 3696 falsumque;
2631 3642 2819 3699 qurere
2872 3631 3129 3695 diffinita,
3183 3637 3265 3689 vel
3326 3652 3445 3706 quia

1844 3710 2008 3765 variat
2034 3723 2085 3766 et
2121 3715 2452 3771 mutabiliter
2476 3720 2757 3775 veritatem
2791 3723 3183 3797 falsitatemque
3212 3731 3445 3797 partiau-

1848 3811 1967 3867 tur;
1997 3819 2115 3871 quae
2155 3806 2339 3875 juncta
2380 3809 2481 3863 dici
2531 3811 2767 3881 poSsint,
2801 3828 2922 3869 cum
2951 3828 3195 3887 separata
3231 3823 3446 3878 valeant

1848 3896 2160 3965 praedicari;
2191 3916 2305 3970 quo
2328 3914 2571 3972 separata
2598 3904 2864 3975 dicantur,
2879 3909 3313 3980 cumjunctanon
3337 3917 3443 3971 sint

1848 3986 2170 4054 prmdicata;
2203 4007 2322 4060 qua:
2353 3992 2460 4047 sint
2491 3995 2799 4065 negationes
2830 4015 2949 4053 cum
2996 4002 3153 4057 modo
3196 4007 3439 4071 preposi-

1846 4079 2085 4143 tionum;
2119 4098 2237 4149 quae
2268 4099 2451 4139 earum
2483 4074 2905 4156 consi-queutite,
2936 4092 3145 4163 aliaque
3176 4097 3348 4164 plura,
3384 4102 3437 4153 in

1845 4170 1963 4240 ipso
1994 4188 2157 4240 onere
2180 4177 2551 4232 consideratur
2582 4182 2773 4248 poterit
2805 4183 3091 4253 diligenter
3121 4202 3434 4258 agnoscere,

1844 4272 2069 4328 quarum
2099 4279 2344 4333 magnam
2384 4271 2691 4335 experietur
2748 4274 3027 4329 utilitatem
3068 4279 3157 4346 qui
3199 4281 3440 4337 animum

1843 4364 1970 4403 cura
1998 4352 2221 4422 alicujus
2254 4358 2678 4427 investigationis
2715 4361 3025 4421 adverterit.
3058 4366 3165 4423 Sed
3202 4386 3341 4437 nunc
3370 4373 3437 4430 ad

1844 4442 2012 4511 ipsius
2038 4447 2345 4503 Aristotelis
2369 4452 2528 4505 verba
2559 4458 2858 4511 veniamus.

2466 4534 2559 4619 οε
2591 4566 2822 4624 SIGNIS.

148 4658 312 4714 tiativa
330 4664 589 4717 oratione
609 4667 977 4730 consentiant;
1008 4667 1133 4719 illud
1158 4670 1547 4739 quoque,quod
1564 4672 1735 4742 stylus
1763 4640 1819 4705 Β
1845 4667 2085 4723 Primum
2137 4683 2332 4743 oportet
2385 4679 2692 4734 constituere
2744 4681 2871 4752 quid
2897 4684 2962 4737 sit
2994 4701 3204 4753 nomen,
3235 4700 3282 4743 et
3313 4693 3437 4760 quid

144 4750 244 4819 ipse
269 4769 504 4828 propter
529 4757 846 4812 brevitatem
875 4761 1109 4828 pressior
1132 4762 1198 4815 ab
1224 4764 1525 4818 Aristotelis
1546 4764 1735 4819 obscu-

143 4845 289 4902 ritate
329 4825 445 4905 non
500 4849 807 4918 discrepat;
853 4825 906 4905 et
949 4853 1090 4921 quod
1136 4853 1568 4924 Theophrastus,
1602 4859 1738 4914 utin

139 4937 247 4993 aliis
275 4942 459 5003 solet,
492 4958 615 4996 cum
646 4942 714 4998 de
742 4944 1007 4999 similibus
1038 4946 1197 4999 rebus
1229 4958 1449 5011 tractat,
1491 4967 1606 5020 quin
1637 4951 1740 5005 sci-

142 5028 252 5085 licet
278 5035 348 5086 ab
378 5036 685 5090 Aristotele
713 5047 835 5091 ante
860 5048 1079 5092 tractata
1108 5051 1251 5107 sunt,
1281 5044 1330 5095 iu
1365 5044 1499 5097 libro
1528 5062 1740 5115 quoque

136 5122 195 5179 de
218 5125 606 5182 affirmatione
633 5142 685 5183 et
714 5132 1017 5197 negatione,
1052 5133 1237 5188 iisdem
1267 5137 1533 5207 aliquibus
1558 5140 1738 5196 verbis

134 5219 313 5283 utitur,
343 5222 557 5291 quibus
590 5222 640 5274 in
673 5222 773 5276 hoc
806 5224 940 5279 libro
965 5226 1279 5284 Aristoteles
1306 5245 1433 5283 Usus
1462 5240 1564 5286 est.
1593 5231 1738 5288 Idem

135 5325 339 5385 quoque
380 5316 805 5382 Theophrastus
849 5319 939 5373 dat
984 5337 1192 5389 signum
1247 5325 1385 5379 hunc
1434 5326 1738 5384 Aristmelis

132 5403 314 5463 librum
348 5426 488 5465 esse
519 5430 531 5464 ε
566 5413 616 5465 in
646 5413 894 5467 omnibus
923 5416 1064 5469 enim
1096 5419 1162 5471 de
1193 5419 1386 5486 quibus
1419 5422 1530 5487 ipse
1558 5421 1739 5491 dispu-

133 5503 197 5551 tat
225 5514 343 5569 post
385 5504 745 5572 magistrum,
775 5506 961 5561 leviter
989 5525 1049 5562 ea
1086 5511 1252 5577 tangit
1281 5526 1400 5578 qua:
1430 5510 1499 5564 ab
1530 5513 1738 5569 Aristo-

132 5593 224 5646 tele
265 5595 423 5650 dicta
471 5604 599 5649 ante
632 5598 912 5667 cognovit,
961 5601 1096 5655 alias
1137 5618 1263 5655 vero
1303 5603 1608 5668 diligentius
1651 5621 1737 5683 res

132 5695 223 5736 non
255 5688 325 5741 ab
376 5689 685 5744 Aristotele
712 5701 965 5745 tractatas
1005 5696 1332 5763 exsequitur.
1380 5695 1476 5751 l-léc
1521 5713 1738 5769 quoque

128 5771 257 5831 idem
285 5777 464 5845 fecit,
514 5795 635 5834 nam
664 5796 783 5851 qua:
819 5782 1137 5839 Aristoteles
1171 5788 1270 5843 hoc
1303 5788 1439 5843 libro
1468 5788 1537 5843 de
1569 5805 1739 5849 enun-

129 5865 346 5930 tiatione
380 5877 663 5940 tractavit.
686 5876 881 5933 leviter
903 5878 970 5934 ab
999 5880 1090 5935 illo
1119 5889 1423 5941 transcursa
1452 5891 1595 5952 sunt,
1618 5898 1739 5956 qua:

1915 4765 1979 4816 sit
2010 4768 2426 4838 rerbum,postca
2453 4773 2577 4842 quid
2592 4776 3177 4849 negatio,etaﬁirmatio,
3212 4794 3259 4838 et
3282 4803 3439 4842 cimu-

1842 4898 1845 4903 ,
1922 4856 2088 4913 tiaiio.
2124 4867 2171 4910 et
2203 4861 2385 4913 oratio.

1917 4968 2136 5026 Librum
2179 4972 2438 5030 inclinans
2470 4979 2536 5033 de
2566 4982 2757 5049 quibus
2786 4985 2837 5037 in
2880 4989 3026 5041 omni
3057 4992 3197 5045 serie
3237 5003 3432 5049 tracta-

1849 5069 2000 5117 turus
2030 5064 2100 5117 sit
2148 5078 2275 5122 ante
2315 5072 2609 5138 proposuit.
2643 5073 2734 5128 Ait
2751 5079 2893 5131 enim
2920 5092 3168 5150 oportere
3201 5086 3344 5151 prius
3371 5088 3439 5142 de

1850 5152 2043 5222 quibus
2072 5156 2439 5225 disputaturos
2484 5173 2568 5216 est
2613 5165 2864 5222 diffinire.
2920 5171 3015 5225 llic
3058 5174 3198 5228 enim
3240 5182 3438 5232 euasti-

1846 5253 2003 5299 tuere
2058 5245 2293 5303 diffinire
2333 5251 2737 5323 intelligendum
2811 5269 2912 5314 est.
2966 5263 3437 5324 Determiuandum

1850 5349 2081 5405 namque
2111 5350 2192 5393 est
2222 5340 2347 5409 quid
2380 5340 2491 5396 haec
2516 5347 2696 5400 omnia
2726 5349 2858 5415 sint,
2890 5353 2941 5405 id
2965 5364 3049 5408 est
3077 5358 3200 5423 quid
3244 5374 3436 5415 nomen

1852 5429 1940 5492 sit,
1973 5429 2096 5495 quid
2131 5431 2371 5497 verbum,
2402 5444 2459 5488 et
2484 5450 2675 5494 canera
2698 5481 2711 5503 ,
2743 5458 2863 5511 quae
2886 5448 3150 5501 elementa
3183 5452 3436 5519 interpre-

1851 5519 2066 5575 tationis
2094 5537 2213 5578 esse
2244 5526 2607 5592 prmtlixitnus.
2642 5531 2745 5587 Sed
2777 5535 3061 5592 altirntatio
3089 5550 3245 5610 atque
3280 5560 3435 5613 iega-

1850 5611 1923 5666 tio
1951 5615 2052 5667 sub
2081 5615 2519 5686 interpretatione
2545 5634 2688 5678 sunt.
2713 5625 2888 5691 Quare
2913 5644 3106 5684 nomen
3132 5640 3191 5686 et
3217 5611 3437 5691 verbum

1849 5704 2221 5763 affirmationis
2250 5719 2306 5764 et
2334 5715 2630 5782 negationis
2657 5716 2923 5772 elementa
2954 5734 3072 5776 esse
3090 5726 3438 5784 manifestum

1850 5806 1952 5854 est.
1994 5800 2087 5855 llis
2122 5802 2264 5857 enim
2304 5809 2615 5875 compositis
2647 5810 2934 5866 affirmatio
2977 5826 3031 5868 et
3057 5820 3269 5887 negatio
3306 5834 3438 5876 cou-

1842 5887 2162 5960 junguntur.
2193 5896 2390 5951 Existit
2419 5898 2504 5953 hic
2531 5901 2771 5977 quzedtlm
2804 5907 3031 5975 quanio
3056 5924 3154 5966 cur
3182 5911 3291 5970 duo
3319 5924 3436 5971 tau-
