4022 6332
570 334 673 424 399
698 456 701 459 ν

1796 363 1905 420 AN.
1945 357 2157 419 MANL.
2195 356 2349 421 SEV.
2391 362 2613 423 BOETII

3680 378 3757 434 lilii

568 497 682 539 tum
713 497 911 540 nomen
934 493 987 538 et
1012 482 1228 537 verbum
1253 496 1311 536 se
1333 480 1695 535 determinare
1720 480 2013 549 promittat,
2036 492 2155 534 cum
2183 481 2589 551 A‘tmperfecta:
2608 524 2623 549 ,
2665 484 2744 540 vel
2791 485 3064 554 perfectae,
3115 487 3267 557 cujus
3292 487 3455 557 plures
3476 502 3593 545 esse
3618 505 3755 560 partes

572 578 751 648 plures
782 586 961 647 partes
1001 574 1260 629 orationis
1303 588 1423 628 esse
1466 572 1770 627 videantur.
1812 571 2015 639 Quibus
2054 579 2159 624 hoc

569 669 851 723 dicendum
895 675 1013 732 est,
1063 673 1272 720 tantum
1321 663 1663 720 Aristotelem
1712 663 1812 717 hoc
1842 662 1979 718 libro
2012 661 2155 715 difﬁ-

569 760 743 821 nisse.
773 768 1028 830 quantum
1074 759 1148 813 illi
1192 758 1258 811 ad
1306 757 1358 812 id
1405 756 1547 827 quod
1596 756 1896 811 instituerat
1928 764 2173 837 tractare

567 850 794 905 suﬁ‘ecit.
830 852 1043 906 Tractat
1068 866 1297 921 namque
1323 850 1393 907 de
1418 850 1647 917 simplici
1675 848 2002 904 enuntiativa
2034 862 2156 902 ora-

563 943 737 1007 tione,
770 959 888 1012 quae
916 943 1119 998 scilicet
1146 942 1450 1012 huiusmodi
1481 952 1565 996 est
1585 982 1601 1006 ,
1630 951 1688 996 ut
1725 940 1920 1010 iunctis
1948 950 2153 994 tantum

564 1036 745 1089 verbis
774 1047 828 1090 et
854 1036 1159 1090 nominibus
1180 1044 1554 1105 componatur.
1578 1035 1630 1089 Si
1664 1035 1782 1105 quis
1812 1048 2005 1089 nomen
2028 1033 2155 1102 jun-

560 1134 650 1194 gat
675 1135 728 1179 et
750 1127 996 1191 verbum,
1018 1136 1075 1180 ut
1095 1126 1239 1181 dicat
1262 1144 1273 1177 :
1300 1126 1551 1182 Socrates
1574 1126 1830 1191 ambulat,
1854 1125 2151 1193 simplicem

560 1218 685 1272 fecit
700 1220 1080 1274 enuntiativam
1098 1220 1418 1273 orationem.
1435 1217 1775 1273 Enuntiativa
1794 1231 2023 1284 namque
2033 1231 2155 1270 ora-

558 1311 636 1365 tio
659 1322 742 1367 est
768 1314 784 1369 (
794 1323 847 1367 ut
874 1328 1034 1381 supra
1060 1313 1380 1384 memoravi)
1406 1329 1524 1383 qua:
1552 1314 1714 1368 habet
1745 1313 1797 1367 in
1826 1328 1886 1366 se
1915 1314 2025 1367 veri
2059 1312 2155 1366 fal-

562 1403 679 1457 sive
704 1404 1152 1473 designationem.
1176 1405 1281 1459 Sed
1307 1405 1360 1459 in
1387 1405 1489 1459 hoc
1514 1404 1655 1474 quod
1681 1404 1930 1469 dicimus,
1958 1404 2168 1467 Sacra-5

558 1508 641 1552 tes
668 1500 927 1563 ambulat,
961 1508 1053 1554 aut
1083 1503 1283 1556 veritas
1312 1515 1533 1557 necesse
1562 1511 1647 1555 est
1674 1501 2032 1567 contineatur,
2060 1506 2153 1553 aut

556 1587 783 1643 falsitas.
822 1590 932 1645 Hoc
977 1591 1119 1645 enim
1148 1593 1192 1645 si
1230 1592 1536 1653 ambulante
1564 1592 1786 1647 Socrate
1814 1592 2030 1656 dicitur,
2060 1605 2151 1645 ve-

554 1691 673 1732 rum
709 1689 820 1744 est,
862 1680 908 1734 si
946 1695 1051 1734 non
1096 1681 1434 1744 ambulante,
1469 1682 1662 1736 falsum
1713 1692 1815 1736 est.
1870 1680 2151 1736 Perﬁcitur

556 1784 685 1839 ergo
715 1772 1043 1826 enuntiativa
1086 1774 1257 1826 oratio
1289 1774 1516 1842 simplex
1560 1789 1627 1827 ex
1672 1773 1802 1827 solis
1843 1771 2150 1827 nominibus

2261 587 2421 643 supra
2448 574 2557 641 iam
2598 572 2788 638 docui,
2827 576 2965 631 inter
2989 591 3121 642 quas
3150 580 3385 645 perlecta:
3410 581 3637 635 orationis
3668 600 3761 653 spe-

2260 663 2372 719 cies
2399 674 2483 720 est
2522 668 2836 723 enuntiatio.
2885 670 2950 723 Et
2991 669 3146 739 huius
3189 686 3391 740 quoque
3430 672 3522 726 alia
3548 675 3756 743 simplex,

2259 754 2357 809 alia
2404 758 2695 825 composita
2727 767 2827 813 est.
2876 760 2951 813 De
2991 760 3249 828 simplicis
3284 762 3763 819 verolenuntiationis

2257 846 2539 915 speciebus
2579 850 2719 903 inter
2759 849 3105 918 philosophos
3133 838 3648 923 commentatoresque
3675 870 3763 910 cer-

2260 945 2420 992 tatur.
2454 938 2615 993 Aiunt
2644 940 2785 994 enim
2811 941 3024 1011 quidam
3057 941 3451 997 afﬁrmationem
3478 957 3617 1013 atque
3639 961 3767 1015 nega-

2259 1029 2460 1084 tionem
2476 1022 2850 1087 Qnuntiationi
2890 1043 2944 1087 ut
2974 1035 3180 1102 species
3216 1037 3435 1104 supponi
3462 1050 3702 1104 oportere,
3728 1039 3766 1092 in

2255 1120 2447 1187 quibus
2476 1134 2529 1176 et
2559 1123 2887 1194 Porphyrius
2912 1136 3014 1179 est.
3053 1125 3276 1192 Quidam
3298 1142 3421 1182 vero
3449 1127 3579 1181 nulla
3605 1130 3770 1183 ratione

2255 1215 2631 1282 consentiunt,
2664 1218 2757 1272 sed
2787 1219 3113 1273 contendunt
3140 1220 3539 1275 alﬁrmationem
3577 1232 3625 1276 et
3649 1236 3773 1291 nega-

2255 1307 2455 1362 tionem
2481 1310 2808 1378 tequivocam
2838 1326 2980 1376 esse,
3011 1322 3064 1367 et
3086 1327 3190 1365 uno
3214 1312 3425 1381 quidem
3448 1296 3774 1368 enuntiationis

2253 1402 2513 1456 vocabulo
2544 1404 2872 1473 nuncupari,
2906 1405 3179 1474 praedicari
3212 1415 3387 1461 autem
3415 1406 3777 1461 enuntiationem

2253 1491 2319 1545 ad
2350 1501 2603 1562 utrasque
2628 1503 2686 1550 ut
2705 1511 2897 1551 nomen
2921 1499 3276 1571 tequivochm,
3314 1513 3416 1551 non
3445 1507 3499 1551 ut
3522 1511 3670 1567 genus
3692 1497 3777 1549 uni-

2255 1597 2477 1649 vocum,
2530 1600 2754 1654 quorum
2807 1588 3055 1657 princeps
3103 1588 3403 1641 Alexander
3447 1596 3557 1652 est,
3601 1601 3781 1655 quorum

2252 1676 2627 1730 contentiones
2663 1691 2933 1746 apponere
2962 1693 3069 1731 non
3100 1678 3314 1732 videtur
3342 1675 3544 1732 inutile.
3583 1678 3649 1730 Ac
3672 1676 3780 1746 print

2252 1765 2443 1833 quibus
2474 1766 2646 1820 modis
2692 1766 3101 1823 afﬁrmatiouem
3151 1781 3314 1838 atque
3359 1769 3676 1838 negationem
3708 1782 3784 1818 non

555 1872 715 1932 atque
741 1865 938 1920 verbis.
966 1865 1145 1933 Quare
1174 1866 1501 1935 superﬂuum
1525 1876 1609 1921 est
1630 1881 1873 1936 qurerere
1893 1881 1989 1920 cur
2013 1842 2146 1919 alia;
2182 1857 2224 1916 Β
2250 1868 2369 1909 esse
2396 1857 2605 1924 species
2625 1858 3009 1913 enuntiationis
3031 1859 3340 1913 Alexander
3362 1869 3509 1927 putet
3551 1856 3782 1911 dicendurm

554 1971 765 2028 quoque
786 1972 905 2027 quae
934 1958 1182 2013 videntur
1211 1958 1472 2015 orationis
1497 1968 1677 2028 partes
1706 1974 1812 2012 non
1851 1971 2143 2026 proposue—

552 2049 653 2111 rit,
685 2050 777 2118 qui
813 2064 917 2103 non
951 2050 1113 2104 totius
1143 2050 1461 2119 simpliciter
1489 2050 1777 2114 orationis,
1807 2049 1901 2103 sed
1938 2054 2140 2101 tantum

552 2141 807 2212 simplicis
865 2144 1249 2198 enuntiationis
1310 2142 1543 2198 instituit
1602 2142 1866 2197 elementa
1919 2141 2138 2211 partiri,

550 2249 857 2306 quanquam
887 2235 971 2290 hae
999 2235 1120 2290 dum
1147 2236 1361 2306 proprie
1392 2244 1572 2306 partes
1611 2234 1872 2313 orationis
1900 2232 2141 2309 dicendas

549 2329 692 2395 sint,
741 2342 937 2384 nomen
977 2328 1186 2383 scilicet
1223 2336 1386 2399 atque
1415 2330 1678 2393 verbum,
1719 2327 1836 2383 haec
1874 2328 2015 2382 enim
2047 2342 2142 2396 per

550 2439 671 2479 sese
714 2433 942 2492 utraque
993 2422 1317 2492 signiﬁcant.
1365 2408 1805 2491 Coniunctiones
1834 2432 2009 2476 autem
2054 2421 2138 2477 vel

547 2513 956 2584 praepositiones
985 2514 1117 2568 nihil
1149 2516 1371 2569 omnino
1397 2513 1498 2569 nisi
1528 2529 1650 2570 cum
1674 2514 1794 2568 aliis
1813 2512 2016 2583 iunctm
2046 2513 2140 2569 de-

549 2609 787 2677 signant.
826 2607 1110 2677 Participia
1156 2608 1321 2663 verbo
1349 2617 1572 2679 cognata
1611 2615 1763 2673 sunt,
1796 2607 1883 2661 vel
1922 2607 2064 2685 quod
2105 2620 2137 2661 a

546 2699 837 2769 gerundivo
879 2699 1041 2755 modo
1078 2701 1330 2771 veniant,
1363 2703 1445 2757 vel
1476 2702 1620 2770 quod
1663 2710 1875 2770 tempus
1918 2700 2135 2770 propria

545 2790 935 2861 signiﬁcatione
984 2792 1319 2847 contineant.
1365 2791 1771 2862 lnteriectiones
1811 2807 1940 2846 vero
1978 2800 2136 2859 atque

543 2881 896 2951 pronomina,
949 2898 1048 2937 nec
1080 2899 1187 2938 non
1230 2883 1482 2938 adverbia
1531 2884 1586 2937 in
1630 2884 1860 2937 nominis
1894 2882 2011 2937 loco
2042 2868 2145 2950 po-V

542 2972 721 3027 nenda
749 2981 905 3038 sunt,
950 2973 1152 3029 idcirco
1181 2975 1322 3044 quod
1368 2974 1569 3042 aliquid
1610 2974 1896 3028 difﬁnitum
1935 2973 2138 3042 signifi-

544 3071 687 3128 cant,
719 3062 809 3115 ubi
840 3063 983 3118 nulla
1010 3076 1091 3118 est
1120 3066 1207 3119 vel
1235 3065 1498 3131 passionis
1521 3065 1840 3133 signiﬁcatio
1860 3067 1947 3120 vel
1969 3044 2144 3121 actio;

2246 1959 2347 2005 est.
2378 1950 2507 2005 Post
2537 1966 2669 2007 vero
2694 1953 2884 2009 addam
2916 1970 3017 2025 qua
3045 1955 3380 2026 Porphyrius
3413 1954 3528 2008 haec
3557 1967 3785 2021 argumen-

2246 2044 2445 2097 tatione
2474 2044 2802 2103 dissolverit.
2848 2048 3153 2103 Alexander
3203 2061 3441 2117 namque
3489 2045 3669 2099 idcirco
3691 2042 3784 2096 dicit

2247 2156 2349 2194 non
2382 2157 2500 2197 esse
2547 2143 2753 2212 species
2783 2143 3167 2197 enuntiationis
3196 2142 3609 2197 afﬁrmationem
3642 2149 3686 2193 et
3722 2151 3789 2191 ne-

2244 2232 2534 2301 gationem,
2552 2234 2800 2303 quoniam
2818 2233 3101 2289 afﬁrmatio
3125 2238 3276 2303 prior
3303 2235 3376 2289 sit
3418 2250 3432 2288 :
3462 2233 3677 2303 priorem
3696 2244 3791 2281 vero

2244 2326 2653 2382 afﬁrmationem
2678 2328 2876 2383 idcirco
2899 2336 3123 2382 conatur
3152 2335 3482 2392 ostendere,
3508 2323 3641 2396 quod
3658 2319 3795 2377 omnis

2244 2421 2457 2492 negatio
2487 2421 2897 2477 affirmationem
2932 2422 3083 2477 tollat
3109 2436 3173 2477 ac
3200 2421 3494 2485 destruat;
3531 2418 3658 2487 quod
3683 2416 3720 2470 si
3743 2414 3795 2468 ita

2242 2526 2347 2580 est,
2382 2516 2528 2583 prior
2551 2527 2633 2570 est
2663 2515 2949 2570 afﬁrmatio
3000 2530 3120 2584 quae
3143 2515 3470 2581 subruatur,
3501 2525 3651 2582 quam
3674 2520 3797 2577 nega-

2243 2607 2320 2661 tio
2371 2622 2490 2676 quae
2514 2608 2760 2661 subruat.
2796 2606 2857 2660 in
2900 2597 3095 2677 quibus
3138 2614 3331 2661 autem
3378 2604 3529 2674 prius
3572 2598 3798 2671 aliquidet

2241 2700 2508 2770 posterius
2537 2710 2652 2766 est,
2686 2700 2775 2754 illa
2818 2699 2918 2755 sub
2960 2699 3149 2754 eodem
3191 2713 3403 2767 genere
3442 2694 3565 2766 poni
3592 2706 3687 2747 non
3708 2701 3799 2759 pos-

2240 2802 2385 2861 sunt,
2415 2802 2475 2848 ut
2516 2793 2571 2847 in
2600 2808 2666 2848 eo
2733 2791 2891 2847 titulo
2937 2789 3494 2861 medicamentorum
3531 2789 3709 2841 dictum
3744 2789 3804 2834 est

2239 2884 2329 2952 qui
2360 2884 2427 2938 de
2457 2883 2540 2936 his
2562 2899 2682 2952 qua:
2709 2891 2834 2937 sunt
2861 2881 3018 2935 simul
3046 2880 3403 2936 inscribitur.
3437 2876 3671 2946 Amplius
3693 2889 3706 2923 :
3726 2868 3803 2923 Ne

2238 2976 2383 3045 gatio
2408 2974 2607 3038 omnis,
2640 2974 2841 3043 inquit,
2865 2973 3058 3028 divisio
3086 2981 3190 3038 est,
3229 2970 3538 3028 afﬁrmatio
3590 2961 3808 3032 composi-

2241 3058 2313 3120 tio
2351 3076 2509 3137 atque
2550 3057 2861 3136 coniunctio
2905 3074 3007 3120 est.
3041 3064 3173 3119 Cum
3226 3066 3385 3120 enim
3436 3063 3561 3118 dico
3601 3059 3808 3115 Socrates

542 3158 646 3212 nis.
685 3159 841 3226 Quod
870 3159 914 3212 si
947 3157 1162 3213 casibus
1191 3159 1381 3212 horum
1412 3157 1657 3227 quaedam
1702 3158 1840 3214 ﬁecti
1876 3174 1980 3214 non
2010 3175 2133 3230 pos-
2199 3158 2206 3166 “
2239 3159 2409 3223 vivit,
2447 3159 2608 3213 vitam
2638 3174 2761 3213 cum
2802 3158 3028 3214 Socrate
3064 3156 3356 3226 coniunxi.
3394 3156 3529 3210 Cum
3571 3152 3710 3215 dico,
3742 3147 3811 3201 80'

541 3261 687 3317 sunt,
717 3253 849 3308 nihil
880 3251 1122 3323 impedit.
1155 3252 1293 3308 Sunt
1321 3252 1462 3306 enim
1489 3253 1732 3320 quasdam
1765 3254 1978 3309 nomina
2009 3271 2130 3324 quae
2155 3236 2201 3300 C
2236 3265 2413 3307 crates
2449 3269 2553 3308 non
2581 3252 2745 3315 vivit,
2780 3251 2944 3305 vitam
2975 3264 3004 3303 a
3057 3249 3296 3306 Socrate
3336 3246 3602 3319 disiunxi.
3653 3238 3812 3296 Divisio

540 3355 850 3415 monoptota
881 3358 1162 3400 vocantur.
1195 3343 1347 3410 Quod
1371 3346 1415 3398 si
1435 3344 1555 3414 quis
1582 3344 1791 3411 longius
1817 3346 1917 3401 ista
1945 3355 1999 3401 et
2022 3362 2128 3401 non

537 3440 781 3508 proxime
810 3439 977 3511 petita
1007 3454 1128 3494 esse
1158 3438 1466 3504 arbitretur,
1494 3438 1622 3493 illud
1663 3447 1839 3494 tamen
1872 3440 2131 3495 concedat

536 3530 678 3600 quod
700 3546 858 3599 supra
881 3531 992 3600 iam
1016 3530 1271 3594 diximus,
1301 3544 1407 3584 non
1432 3543 1555 3585 esse
1575 3545 1786 3597 aequum
1813 3530 2129 3585 calumniari

536 3623 586 3679 ei
616 3622 707 3692 qui
738 3638 844 3677 non
874 3621 941 3677 de
964 3623 1109 3677 omni
1135 3622 1402 3685 oratione,
1434 3620 1530 3676 sed
1561 3629 1769 3675 tantum
1800 3620 1869 3675 de
1897 3621 2128 3690 simplici

533 3715 904 3769 enuntiatione
948 3723 1244 3783 proponat,
1273 3713 1412 3783 quod
1458 3703 1660 3767 tantum
1692 3713 1794 3768 sibi
1830 3713 1896 3767 ad
1930 3713 2129 3767 difﬁni-

534 3804 737 3860 tionem
777 3805 1100 3873 sumpserit,
1137 3813 1393 3871 quantum
1416 3805 1727 3860 .arbitratus
1772 3806 1841 3859 sit
1867 3808 2017 3876 operi
2048 3806 2126 3860 in-

533 3895 722 3950 stituto
768 3894 1042 3953 sufﬁcere.
1092 3893 1270 3959 Quare
1317 3892 1602 3950 dicendum
1653 3904 1737 3951 est
1784 3897 2124 3953 Aristotelem

535 4001 643 4041 non
692 3986 868 4040 omnis
913 3985 1176 4039 orationis
1218 3995 1395 4053 partes
1444 3986 1545 4041 hoc
1590 4001 1753 4056 opere
1800 3988 1938 4044 velle
1979 3988 2123 4044 difﬁ-

531 4077 683 4142 nire,
730 4076 827 4133 sed
870 4085 1073 4131 tantum
1130 4076 1300 4133 solius
1352 4076 1612 4147 simplicis
1654 4080 1912 4134 orationis
1956 4096 2125 4136 enun-

531 4174 764 4241 tiativae,
813 4190 934 4245 quae
992 4183 1117 4246 sunt
1154 4175 1361 4232 scilicet
1410 4191 1607 4232 nomen
1643 4187 1699 4233 et
1737 4179 1981 4234 verbum.
2021 4179 2125 4234 Ar-

533 4275 850 4336 gumentum
880 4274 1059 4321 autem
1091 4266 1250 4336 huius
1278 4268 1355 4323 rei
1386 4267 1488 4323 hoc
1516 4278 1618 4323 est.
1654 4269 1942 4340 Postquam
1979 4271 2121 4325 enim

530 4357 816 4426 proposuit
842 4357 1064 4412 dicens:
1094 4358 1331 4414 Primum
1379 4371 1589 4427 oportet
1622 4363 1953 4418 constituere
1996 4362 2122 4432 quid

529 4451 601 4503 sit
627 4464 825 4504 nomen
856 4460 911 4504 et
940 4450 1066 4520 quid
1125 4452 1369 4520 verbum,
1398 4464 1505 4508 non
1560 4456 1741 4509 statim
1784 4456 1954 4525 inquit
1996 4456 2121 4526 quid

527 4544 599 4596 sit
626 4543 820 4608 oratio,
852 4543 945 4597 sed
983 4560 1108 4598 mox
1132 4545 1336 4601 addidit
1365 4548 1490 4617 quid
1520 4548 1760 4619 negatio,
1801 4558 1857 4603 et
1884 4548 2121 4621 quidaf-

2235 3346 2396 3415 igitur
2448 3343 2691 3414 quadam
2742 3344 3111 3417 negatio‘est‘,
3152 3341 3493 3411 coniunctio
3533 3330 3817 3391 afﬁrmatio.

2234 3439 2514 3507 compositi
2546 3447 2721 3491 autem
2758 3446 2839 3491 est
2872 3435 3262 3505 coniunctique
3300 3435 3535 3489 divisio.
3587 3428 3727 3484 Prior
3754 3430 3818 3476 est

2236 3534 2395 3604 igitur
2422 3531 2753 3601 coniunctio,
2788 3529 2929 3600 quod
2952 3536 3038 3584 est
3056 3528 3398 3592 afﬁrmatio;
3430 3526 3698 3596 posterior
3718 3527 3823 3569 vero

2231 3626 2447 3692 divisio,
2479 3624 2621 3696 quod
2651 3632 2733 3679 est
2761 3622 2995 3690 negatio.
3029 3620 3162 3675 Illud
3190 3636 3430 3691 quoque
3455 3616 3678 3687 adiecit,
3708 3606 3820 3679 quod

2232 3718 2409 3771 omnis
2441 3732 2537 3787 per
2564 3716 2975 3770 afﬁrmationem
3022 3713 3159 3767 facta
3200 3712 3529 3767 enuntiatio
3566 3703 3825 3774 simplicior

2231 3814 2320 3875 sit,
2354 3826 2448 3881 per
2476 3810 2813 3879 negationem
2848 3808 2983 3863 facta
3014 3806 3432 3862 enuntiatione.
3465 3806 3547 3860 Ex
3580 3800 3830 3870 negatione

2231 3905 2375 3961 enim
2410 3905 2669 3975 particula
2697 3904 2938 3973 negativa
2968 3902 3010 3957 si
3040 3901 3252 3956 sublata
3283 3890 3389 3967 sit,
3428 3894 3721 3955 afﬁrmatio
3738 3887 3836 3945 sola

2230 4000 2569 4069 relinquitur.
2604 3998 2777 4054 Βαεο
2802 3999 2945 4053 enim
2969 3996 3108 4066 quod
3137 4006 3245 4060 est,
3277 3997 3559 4052 Socrates
3581 4005 3681 4045 non
3703 3984 3836 4046 vivit.

2230 4090 2276 4146 si
2302 4107 2410 4147 non
2441 4091 2697 4161 particula
2726 4106 2844 4159 quae
2874 4099 2957 4144 est
2982 4089 3045 4142 ad
3072 4092 3309 4141 verbum
3342 4088 3661 4147 auferatur,
3683 4089 3838 4134 rema-

2230 4194 2335 4241 net
2364 4184 2614 4239 Socrates
2654 4184 2804 4236 vivit.
2856 4182 3164 4249 Simplicinr
3208 4182 3389 4251 igitur
3444 4189 3538 4235 est
3584 4169 3842 4231 afﬁrmatio

2228 4296 2388 4352 quam
2424 4280 2655 4350 negatio.
2687 4280 2842 4333 Prius
2873 4292 3000 4332 vero
3042 4278 3111 4332 sit
3139 4291 3391 4334 necesse
3421 4287 3515 4333 est
3553 4273 3699 4345 quod
3740 4269 3847 4325 sim-

2229 4375 2418 4445 plicius
2450 4381 2553 4427 est.
2593 4371 2645 4425 In
2686 4371 2979 4441 quantitate
3008 4371 3169 4424 etiam
3201 4372 3365 4440 quod
3401 4371 3473 4424 ad
3510 4368 3848 4439 quantitatem

2228 4468 2406 4521 minus
2434 4477 2534 4530 est,
2566 4466 2714 4535 prius
2737 4475 2817 4517 est
2847 4479 2912 4519 eo
2941 4464 3081 4533 quod
3109 4462 3174 4517 ad
3204 4466 3601 4530 quantitatem
3628 4459 3746 4531 plus
3763 4462 3850 4509 εει.

2228 4559 2414 4613 Omnis
2441 4560 2568 4612 vero
2589 4561 2764 4615 oratio
2785 4558 3176 4629 quantitas;est
3205 4556 3311 4609 sed
3339 4571 3483 4610 eum
3509 4556 3660 4619 dico,
3690 4551 3856 4606 Socra-

526 4634 781 4698 ﬁrmatio,
813 4635 1020 4719 ethuid
1048 4639 1365 4705 enuntiatio,
1395 4618 1667 4711 postremo
1686 4655 1816 4696 vero
1840 4642 1963 4712 quid
1995 4620 2118 4697 ora-

2237 4645 2309 4708 tes
2332 4653 2593 4716 ambulat,
2617 4657 2791 4709 minor
2818 4654 2990 4707 oratio
3011 4660 3092 4705 cst
3116 4664 3281 4718 quam
3318 4664 3459 4704 cum
3496 4648 3656 4711 dico,
3682 4644 3856 4699 Socra-

527 4725 624 4779 tio.
662 4725 812 4790 Quod
844 4727 887 4780 si
936 4726 1005 4782 de
1038 4728 1182 4783 omni
1219 4730 1463 4786 oratione
1494 4731 1824 4802 loqueretur,
1858 4743 1979 4799 post
2019 4750 2116 4791 no-

522 4831 647 4871 men
677 4826 729 4871 et
751 4817 970 4873 verbum
1014 4833 1121 4874 non
1150 4821 1217 4875 de
1246 4820 1603 4879 afﬁrmatione
1627 4833 1681 4879 et
1712 4824 2033 4895 negatione,
2061 4837 2116 4881 et

525 4919 645 4975 post
696 4909 833 4964 hanc
876 4910 945 4966 de
988 4914 1393 4983 enuntiatione,
1443 4918 1536 4972 sed
1584 4933 1709 4973 mox
1760 4919 1831 4975 de
1871 4921 2115 4977 oratione

522 5004 770 5058 dixisset.
810 5002 961 5059 Nunc
1001 5022 1133 5060 vero
1162 5008 1416 5075 quoniam
1457 5018 1577 5077 post
1608 5011 1842 5065 nominis
1881 5020 1936 5067 et
1964 5013 2113 5067 verbi

521 5095 967 5163 propositionem,
999 5096 1436 5165 afﬁrmationem,
1467 5103 1827 5171 negationem,
1856 5113 1911 5160 et
1937 5119 2111 5159 enun-

520 5190 801 5245 tiationem
834 5200 1041 5260 etpost
1066 5195 1364 5250 orationem
1412 5199 1718 5267 proposuit,
1750 5198 2113 5254 conﬁtendum

517 5293 601 5337 est
628 5283 679 5337 id
706 5285 848 5353 quod
881 5295 1007 5339 ante
1036 5286 1306 5354 diximus,
1330 5303 1436 5342 non
1468 5290 1728 5344 oratiOuis
1772 5292 2113 5358 universalis,

519 5376 617 5430 sed
649 5376 910 5445 simplicis
937 5379 1281 5434 enuntiativa:
1307 5382 1564 5435 orationis
1585 5422 1601 5445 ,
1629 5398 1749 5451 quae
1778 5383 2035 5438 dividitur
2062 5384 2114 5439 in

517 5467 931 5523 aiﬁrmationem
959 5477 1121 5539 atque
1144 5470 1509 5539 negationem,
1537 5472 1856 5529 divisionem
1882 5475 2111 5543 partium

514 5558 693 5616 facere
717 5560 971 5625 voluisse,
998 5576 1116 5630 quae
1141 5571 1266 5616 sunt
1292 5562 1507 5617 nomina
1535 5574 1591 5618 et
1611 5566 1803 5620 verba.'
1823 5567 1945 5620 Haec
1965 5568 2109 5621 enim

2229 4754 2310 4799 tes
2338 4760 2442 4798 non
2473 4745 2728 4799 ambulat.
2763 4745 2939 4811 Quare
2965 4744 3007 4797 si
3036 4742 3348 4797 secundum
3379 4742 3767 4812 quantitatem
3794 4730 3862 4785 af-

2226 4832 2463 4892 ﬁrmatio
2480 4838 2656 4892 minor
2681 4847 2782 4903 est,
2810 4852 2926 4890 eam
2949 4837 3183 4905 priorem
3208 4850 3459 4904 quoque
3489 4847 3629 4889 esse
3656 4834 3862 4883 necesse

2222 4932 2330 4986 est.
2362 4931 2491 4984 lllud
2522 4947 2735 5003 quoque
2778 4930 3051 5000 adiunxit,
3084 4928 3551 4984 afﬁrmationem
3585 4922 3869 4998 quemdam

2227 5035 2349 5075 esse
2392 5011 2666 5083 habitum.
2718 5021 3053 5090 negationem
3106 5032 3234 5071 vero
3283 5020 3735 5087 privationem;
3785 5005 3867 5062 sed

2225 5111 2389 5181 prior'
2410 5121 2495 5173 est
2523 5112 2734 5167 habitus
2766 5111 3064 5178 privatione
3084 5149 3099 5174 ,
3132 5108 3459 5163 affirmatio
3513 5110 3697 5179 igitur
3729 5116 3878 5171 negi-

2224 5207 2371 5261 tione
2403 5206 2549 5274 prior
2575 5215 2677 5260 est.
2710 5205 2774 5258 Et
2802 5220 2869 5259 ne
2893 5205 3095 5273 singula
3129 5205 3402 5272 persequi
3444 5203 3740 5259 laborem,
3766 5206 3876 5249 cum

2225 5300 2308 5353 his
2334 5300 2558 5367 aliisque
2602 5298 2776 5354 modis
2820 5292 3154 5353 demonstret
3196 5294 3691 5351 afﬁrmationem
3733 5304 3886 5357 nega-

2222 5390 2369 5445 tione
2391 5393 2623 5457 priorem
2655 5403 2794 5457 esse,
2827 5402 2857 5442 a
2881 5388 3150 5441 communi
3180 5402 3270 5442 eas
3305 5404 3555 5456 genere
3585 5384 3882 5453 separavi!-

2223 5480 2408 5535 Nullas
2435 5481 2576 5535 enim
2605 5480 2894 5535 arbitratur
2914 5483 3122 5548 species
3144 5481 3241 5535 sttb
3263 5484 3506 5539 eodem
3535 5502 3763 5553 genere
3786 5491 3894 5535 esse

2210 5589 2412 5643 posse,
2444 5575 2495 5628 in
2524 5575 2718 5643 quibus
2748 5574 2895 5642 prius
2922 5575 3002 5628 vel
3042 5574 3314 5641 posterius
3359 5576 3610 5647 aliquid
3644 5572 3893 5631 conside.

3976 1846 3983 1863 J

3938 2012 3983 2069 Li

3940 2260 3983 2322 t‘1

3958 2386 3983 2418 ηε

2210 5675 2389 5720 retur.
2421 5666 2525 5721 Sed
2552 5665 2884 5737 Porphyrius
2904 5666 2977 5721 ait
3000 5680 3120 5721 sese
3147 5665 3425 5723 docuisse
3452 5671 3713 5740 species
3734 5680 3902 5724 enun-

2208 5756 2461 5812 tiationis
2507 5771 2627 5811 esse
2675 5758 3085 5813 afﬁrmationem
3136 5768 3189 5813 et
3217 5762 3674 5827 negationem,
3724 5764 3791 5833 in
3826 5757 3903 5811 bis

2204 5849 2623 5905 commentariis
2647 5864 2783 5920 quos
2807 5849 2859 5905 in
2886 5848 3321 5920 Theophrastum
3369 5852 3623 5924 edidit,
3648 5855 3753 5912 hic
3780 5864 3911 5910 vero

511 5665 611 5721 per
637 5653 811 5720 seipsa
844 5653 1174 5709 intellectum
1218 5654 1518 5724 simplicem
1567 5668 1818 5723 servant,
1850 5674 1971 5727 quae
2001 5675 2112 5714 eae-

513 5743 637 5799 dem
665 5744 931 5800 dictiones
957 5755 1241 5815 vocantur,
1269 5747 1365 5804 sed
1386 5765 1493 5804 non
1522 5749 1653 5805 solae
1676 5750 1947 5805 dicuntur.
1975 5752 2110 5809 Sunt

510 5848 747 5904 namque
790 5835 1055 5895 dictiones
1092 5846 1149 5898 et
1194 5840 1314 5898 alia
1354 5857 1567 5914 quoque
1617 5852 1674 5899 ut
1718 5845 1992 5903 orationes
2021 5846 2127 5902 vel.
