4022 6332
223 355 315 414 401

945 338 1307 407 tN‘LlBRUM
1346 347 1434 404 DE
1473 340 2118 402 lNTERPRETATlONE
2157 338 2387 396 EDITIO
2424 335 2754 396 SECUNDA.

3382 314 3495 393 tua

227 470 500 528 Alexandri
550 465 1095 538 argumentationem
1128 466 1217 520 tali
1275 469 1481 520 ratione
1528 460 1792 518 dissolvit.
1814 458 1973 520 .A’ab
2014 456 2305 512 Alexandri
2335 470 2549 527 quoque
2594 452 2860 510 sententia
2909 466 3017 508 non
3062 449 3309 509 discedit.
3354 450 3495 508 Illud

226 566 303 617 Att
329 562 467 617 enim
503 574 607 614 non
631 568 882 627 Oportere
910 557 1161 613 arbitrari
1198 570 1531 627 quaecunque
1556 553 1797 625 quolibet

228 656 373 708 modo
425 652 601 720 priora
650 662 831 706 essent
864 652 1045 717 vallis,
1094 666 1158 706 ea
1214 652 1315 705 sub
1365 648 1554 704 eodem
1600 660 1798 716 genere

230 761 336 815 pOnt
363 760 466 796 non
501 757 676 811 posse.
704 743 809 798 Sed
831 758 1161 812 quaecunque
1182 742 1474 798 secundum
1498 754 1617 797 esse
1641 753 1796 793 suum

226 849 369 906 atque
391 836 741 890 substantiam
773 837 948 904 priora
972 836 1056 889 vel
1084 836 1379 903 posteriora
1404 843 1565 899 sunt,
1597 847 1659 885 ea
1683 831 1799 886 sola

225 934 313 982 sub
341 930 531 981 eodem
564 943 760 994 genere
817 942 919 981 non
960 937 1250 997 ponuntur.
1294 926 1361 980 Et
1398 918 1544 981 recte
1583 924 1797 979 dicitur.

224 1021 270 1071 Si
297 1020 439 1072 enim
470 1018 723 1087 quidquid
757 1018 996 1087 quolibet
1049 1018 1207 1072 modo
1249 1020 1399 1088 prius
1438 1027 1521 1072 est
1572 1032 1693 1071 cum
1734 1030 1800 1071 eo

224 1112 345 1180 quod
378 1111 648 1178 posterius
677 1121 758 1163 est
802 1111 902 1164 sub
931 1125 1038 1165 uno
1090 1126 1287 1180 genere
1317 1125 1439 1165 esse
1470 1124 1573 1163 non
1603 1116 1798 1178 potest,

225 1202 537 1268 necprimis
580 1201 894 1257 substantiis
923 1212 977 1257 et
1017 1204 1590 1258 secundis-commune
1630 1216 1800 1272 genus

226 1295 403 1361 poterit
434 1308 554 1347 esse
579 1294 874 1348 substantia
902 1312 916 1358 ;
950 1294 1090 1363 quod
1134 1296 1221 1365 qui
1251 1295 1412 1360 dicit,
1443 1312 1472 1349 a
1519 1304 1667 1351 recto
1708 1311 1799 1349 or-

226 1385 334 1437 dine
380 1386 935 1439 rationisexorbitat.
988 1387 1092 1441 Sed
1137 1387 1585 1456 quemadmodum
1626 1402 1800 1458 quan-

226 1491 364 1545 quam
424 1476 534 1530 sint
583 1476 768 1545 prima:
821 1485 875 1531 et
922 1477 1172 1532 secundae
1220 1478 1568 1543 substantias,
1619 1486 1800 1533 tamen

230 1579 450 1638 utraeque
478 1568 756 1637 aequaliter
800 1570 851 1623 in
897 1570 1140 1637 subjecto
1172 1586 1277 1626 non
1308 1580 1470 1637 sunt,
1502 1582 1556 1625 et
1602 1572 1801 1627 idcirco

230 1675 338 1715 esse
377 1660 615 1729 ipsorum
662 1676 728 1714 ex
774 1677 838 1714 eo
887 1662 1114 1729 pendet,
1160 1662 1299 1731 quod
1331 1664 1384 1735 in
1424 1662 1666 1732 subjecto
1693 1677 1800 1716 non

237 1760 379 1815 sunt,
405 1763 562 1820 atque
603 1751 723 1805 ideo
761 1752 861 1806 sub
903 1767 1007 1806 uno
1046 1754 1357 1807 substantia:
1398 1768 1594 1823 genere
1633 1753 1799 1807 collo-

1892 546 2113 620 "quoque
2126 560 2212 605 est
2236 550 2496 616 additum,
2531 548 2671 619 quod
2702 562 2812 602 non
2841 557 2984 603 esset
3012 546 3219 609 inutile,
3244 546 3493 601 enuntia-

1900 644 2104 699 tionem
2138 656 2307 713 genus
2333 642 2705 697 afﬁrmationis
2733 652 2788 697 et
2814 641 3113 713 negationis
3138 639 3306 709 accipi
3332 654 3495 708 opor-
3568 639 3572 643 ’

1903 747 2052 803 tere,
2084 737 2225 806 quod
2253 750 2557 805 quanquam
2580 735 2661 806 (ut
2684 735 2884 790 dictum
2914 735 3017 805 est)
3040 733 3105 788 ad
3136 732 3487 802 prolationem

1906 827 2053 895 prior
2081 838 2163 882 est
2189 827 2505 892 afﬁrmatio,
2535 834 2713 880 tamen
2744 825 2813 880 ad
2837 827 3007 895 ipsam
3030 825 3456 881 enuntiationem
3474 862 3488 882 .

1903 921 1956 975 id
1973 930 2057 975 est
2078 920 2187 974 veri
2211 920 2435 986 falsique
2456 919 2733 989 aequaliter
2751 918 2852 973 sub
2867 918 3255 983 enuntiatione,
3288 916 3496 971 Aristo-

1904 1013 2042 1065 teles
2083 1012 2380 1066 constituit.
2426 1010 2480 1063 ld
2515 1010 2676 1064 etiam
2709 1010 3051 1065 Aristotelem
3082 1008 3310 1079 probare
3340 1008 3490 1063 dicit.

1906 1101 2170 1156 Prmmisit
2213 1105 2357 1155 enim
2403 1100 2628 1169 primam
2658 1104 3025 1170 negationem,
3057 1101 3344 1157 secundam
3394 1114 3493 1169 po-

1905 1195 2016 1248 suit
2055 1193 2496 1258 affirmationem,
2541 1208 2658 1262 qua:
2694 1207 2782 1248 res
2810 1193 2939 1247 nihil
2971 1193 3132 1248 habet
3153 1194 3304 1259 vitii,
3337 1193 3379 1246 si
3426 1191 3495 1245 ad

1907 1285 2077 1355 ipsam
2109 1285 2531 1341 enuntiationem
2564 1285 2854 1340 affirmatio
2880 1295 2935 1340 et
2977 1287 3189 1356 negatio
3229 1294 3495 1355 ponantur

1903 1378 2167 1446 aequales,
2190 1394 2310 1447 qua:
2330 1377 2475 1432 enim
2499 1378 2732 1447 aequales
2755 1386 2912 1444 sunt,
2942 1377 3075 1431 nihil
3104 1378 3339 1431 retinent
3365 1391 3493 1431 con-

1907 1471 2058 1525 trarii
2086 1470 2454 1525 indifl'erenter
2475 1479 2731 1539 acceptae.
2770 1470 2865 1523 Est
2894 1471 3054 1538 igitur
3082 1469 3215 1524 ordo
3237 1484 3345 1539 quo
3372 1483 3497 1538 pro-

1904 1564 2086 1633 posuit
2115 1564 2343 1633 primum
2378 1562 2544 1616 totius
2588 1563 2846 1616 orationis
2890 1563 3249 1629 elementum,
3291 1560 3497 1616 scilicet

1906 1670 2102 1711 nomen
2132 1664 2185 1710 et
2213 1655 2465 1720 verbum,
2506 1664 2626 1724 post
2653 1656 2769 1709 haec
2803 1642 3144 1724 negationem
3173 1665 3228 1710 et
3256 1654 3496 1709 affirma-

1909 1752 2144 1814 tionem,
2194 1765 2311 1821 qua:
2361 1750 2568 1819 species
2615 1749 2996 1804 enuntiationis
3050 1761 3195 1803 sunt.
3249 1750 3489 1816 Quorum

236 1840 531 1895 cantur.‘lta
562 1857 774 1911 quoque
807 1859 1106 1913 quanquam
1136 1844 1519 1899 affirmationes
1556 1846 1796 1915 negatio—
1823 1844 1877 1905 Β
1902 1861 2092 1916 genus,
2110 1845 2252 1899 idest
2265 1843 2705 1910 enuntiationem,
2730 1842 2950 1905 tertium
2973 1843 3291 1907 nominavit,
3329 1856 3489 1911 quar-

232 1932 372 1985 nilius
402 1934 456 1985 in
485 1933 748 1987 orationis
776 1934 1074 2001 prolatione
1118 1937 1322 2003 priores
1362 1936 1499 2001 sint,
1530 1945 1707 1991 tamen
1735 1937 1803 1990 ad

232 2040 338 2079 esse
370 2033 532 2095 atque
559 2026 625 2079 ad
657 2035 901 2080 naturam
935 2028 1203 2097 propriam
1244 2030 1519 2098 aequaliter
1557 2030 1805 2083 enuntia-

232 2117 361 2171 tione
388 2118 728 2185 participant.
763 2116 1076 2173 Enuntiatio
1104 2134 1231 2174 vero
1264 2131 1347 2174 est
1376 2120 1429 2174 in
1461 2135 1565 2190 qua
1609 2126 1805 2174 veritas

231 2219 279 2261 et
317 2208 516 2261 falsitas
556 2208 786 2263 inveniri
829 2220 1022 2279 putest.
1050 2211 1164 2279 Qua
1193 2213 1249 2265 in
1275 2227 1334 2266 re
1359 2221 1413 2266 et
1438 2214 1726 2267 affirmatio
1753 2222 1809 2267 et

236 2301 434 2367 negatio
471 2300 705 2369 aequales
741 2312 882 2355 sunt.
945 2300 1241 2369 )Equaliter
1269 2303 1411 2357 enim
1441 2302 1727 2357 affirmatio
1753 2314 1808 2358 et

236 2394 437 2460 negatio
492 2392 718 2447 veritate
764 2404 819 2447 et
867 2394 1098 2449 falsitate
1155 2396 1492 2464 participant.
1544 2395 1803 2463 Quocirca

238 2483 481 2550 quoniam
510 2482 563 2537 id
590 2483 729 2552 quod
756 2494 878 2538 sunt
910 2486 1196 2540 affirmatio
1224 2498 1278 2543 et
1306 2488 1519 2558 negatio
1537 2529 1551 2553 ,
1590 2487 1809 2558 aequali-

243 2584 321 2629 ter
372 2575 441 2628 ali
486 2577 842 2631 enuntiatione
898 2579 1253 2648 participant,
1308 2596 1336 2633 a
1391 2581 1662 2635 communi
1716 2595 1809 2635 eas

239 2668 616 2722 enuntiationis
639 2684 835 2738 genere
861 2670 1027 2724 dividi
1055 2687 1159 2725 non
1182 2682 1413 2740 oportet.
1445 2672 1572 2726 Mihi
1598 2686 1810 2742 quoque

237 2758 441 2813 videtur
465 2761 602 2829 quod
625 2759 905 2832 Porphyrii
934 2762 1003 2816 sit
1026 2766 1295 2833 sequenda
1319 2755 1583 2820 sententia
1604 2806 1620 2830 ,
1649 2778 1705 2820 ut
1733 2765 1812 2820 af-

238 2848 457 2903 firmatio
477 2860 531 2903 et
550 2852 757 2919 negatio
774 2854 1045 2906 communi
1063 2854 1444 2909 enuntiationis
1463 2870 1661 2927 genere
1679 2873 1810 2930 sup-

243 2950 511 3008 ponantur.
563 2941 742 3013 Longa
799 2958 1026 3013 namque
1073 2946 1160 2998 illa
1214 2956 1279 3001 et
1306 2948 1618 3017 multiplicia
1645 2952 1813 3007 Alex-

245 3032 379 3085 andri
431 3043 739 3103 argumenta
806 3036 979 3089 soluta
1048 3048 1203 3106 sunt,
1253 3055 1374 3096 cum
1426 3042 1815 3100 demonstravit

247 3124 562 3209 Porphyrius
588 3142 696 3182 non
726 3128 900 3183 modis
925 3132 1172 3187 omnibus
1199 3147 1261 3188 ea
1290 3150 1409 3204 qua:
1453 3137 1630 3203 priora
1658 3113 1812 3206 sunt,

1909 1950 2021 1992 tum
2049 1932 2177 1993 verb
2206 1937 2505 1992 orationem
2534 1938 2729 2002 posuit,
2758 1951 2877 2006 quae
2905 1935 3285 1990 enuntiationis
3329 1948 3497 2004 genus

1907 2040 2023 2096 est,
2051 2038 2106 2085 et
2132 2030 2325 2083 horum
2348 2043 2408 2084 se
2433 2028 2782 2084 diffinitiones
2819 2029 3057 2083 omnium
3091 2027 3339 2082 daturum
3379 2042 3501 2083 esse

1904 2123 2182 2192 promisit,
2210 2135 2343 2191 quas
2373 2120 2588 2175 interim
2619 2121 2929 2191 relinquens
2959 2128 3121 2188 atque
3152 2119 3497 2189 praeteriens,

1909 2225 1965 2271 et
1992 2214 2044 2268 in
2078 2213 2430 2284 posteriorem
2457 2222 2744 2268 tractatum
2770 2212 3053 2278 differens,
3081 2213 3206 2267 illud
3241 2228 3382 2267 nunc
3408 2212 3504 2267 ad-

1908 2306 1988 2361 dit
2016 2322 2135 2374 quae
2162 2307 2270 2359 sint
2302 2304 2469 2361 verba
2497 2315 2553 2359 et
2581 2306 2827 2371 nomina,
2861 2313 2955 2359 aut
2981 2304 3108 2375 quid
3141 2306 3253 2373 ipsa
3298 2303 3502 2375 signifi-

1911 2408 2053 2453 cent.
2085 2397 2263 2465 Quare
2294 2411 2580 2467 antequam
2607 2397 2675 2451 ad
2707 2398 2868 2452 verba
2910 2397 3215 2451 Arismtelis
3257 2397 3369 2465 ipsa
3410 2411 3503 2451 ve-

1913 2492 2159 2552 niamus,
2221 2503 2386 2557 pauca
2443 2489 2799 2543 communiter
2848 2489 2918 2543 de
2973 2488 3279 2543 nominibus
3339 2497 3503 2559 atque

1912 2579 2091 2635 verbis
2111 2617 2128 2643 ,
2156 2587 2210 2633 et
2236 2577 2304 2632 de
2332 2579 2412 2631 his
2435 2593 2555 2648 quae
2583 2578 2951 2648 significantur
2975 2596 3005 2632 a
3026 2580 3205 2635 verbis
3230 2594 3294 2634 ac
3324 2580 3504 2634 nomi~

1914 2671 2070 2726 nibus
2097 2669 2449 2740 disputemus.
2499 2670 2627 2725 Sive
2669 2670 2811 2725 enim
2860 2670 3113 2739 quaelibet
3158 2673 3503 2739 intermgatio

1904 2762 1989 2816 sit
2005 2772 2165 2832 atque
2186 2764 2496 2831 responsio,
2521 2764 2633 2817 sive
2657 2772 2911 2832 perpetua
2936 2763 3224 2832 cujuslibet
3244 2762 3505 2817 orationis

1915 2857 2280 2923 continuatio,
2314 2866 2474 2925 atque
2514 2856 2735 2910 alterius
2777 2856 2991 2910 auditus
3030 2866 3085 2911 et
3114 2854 3505 2925 intelligentia,

1916 2952 2033 3007 sive
2074 2952 2160 3005 hic
2187 2949 2401 3019 quidem
2432 2949 2651 3016 doceat,
2686 2948 2775 3004 ille
2814 2963 2943 3003 vero
2978 2948 3180 3015 discat,
3211 2948 3382 3002 tribus
3425 2947 3509 3002 bis

1910 3054 2063 3099 totus
2115 3042 2306 3098 orandi
2363 3043 2497 3097 ordo
2556 3042 2849 3112 perficitur,
2908 3042 3096 3107 rebus,
3147 3041 3508 3097 intellectibus

1920 3135 2363 3207 atque‘vocibus.
2414 3135 2523 3190 Res
2570 3136 2713 3190 enim
2755 3137 2823 3191 ab
2872 3135 3144 3191 intellectu
3186 3135 3504 3204 concipitur.

240 3217 333 3271 sub
374 3220 650 3273 communi
689 3235 886 3290 genere
927 3224 1050 3290 poni
1078 3239 1183 3279 non
1215 3240 1400 3294 posse;
1429 3228 1522 3282 sed
1549 3244 1807 3297 quaecun-
1836 3226 1884 3292 C
1917 3231 2031 3287 Vox
2059 3244 2189 3286 vero
2224 3230 2603 3298 conceptiones
2650 3217 2816 3284 animi
2858 3228 3268 3299 intellectusque
3307 3228 3509 3298 signifi-

239 3324 333 3379 que
350 3310 415 3365 ad
452 3325 573 3367 esse
600 3313 873 3383 proprium
905 3325 1065 3386 atque
1087 3317 1440 3374 substantiam
1466 3323 1643 3391 priora
1692 3336 1819 3378 sunt

241 3403 317 3456 illa
345 3405 466 3457 sola
495 3405 595 3457 sub
634 3408 903 3461 communi
945 3421 1144 3476 genere
1188 3411 1439 3466 constitui
1485 3423 1644 3484 atque
1691 3415 1817 3484 poni

240 3508 333 3547 non
362 3509 549 3563 posse.
591 3494 846 3565 Syrianus
875 3513 1005 3552 vero
1032 3503 1116 3553 cui
1159 3500 1480 3557 Philoxenus
1518 3519 1819 3575 cognomen

240 3596 339 3649 est,
378 3588 489 3638 hoc
518 3585 638 3639 loco
680 3589 870 3655 quaerit
897 3603 992 3643 cur
1032 3604 1335 3660 proponens
1374 3597 1524 3663 prius
1561 3598 1630 3651 de
1659 3606 1822 3665 nega-

243 3673 392 3739 tione,
418 3684 546 3745 post
566 3675 635 3729 de
655 3675 1011 3734 affirmatione
1030 3684 1652 3749 prouuntiavcritdicens
1671 3704 1685 3740 :
1707 3688 1820 3743 Pri-

241 3779 373 3819 mum
424 3775 641 3835 Oportet
681 3770 1007 3824 constituere
1054 3773 1178 3841 quid
1226 3775 1297 3828 sit
1340 3791 1535 3832 nomen
1560 3819 1575 3844 ,
1608 3788 1663 3833 et
1691 3782 1818 3849 quid

242 3856 488 3921 verbum,
522 3868 703 3927 postea
736 3859 863 3929 quid
893 3863 1104 3930 negatio
1132 3874 1187 3918 et
1216 3865 1524 3922 affirmatio.
1555 3869 1622 3923 Et
1648 3871 1821 3938 primo

242 3945 451 4013 quidem
482 3947 614 4002 nihil
648 3949 919 4017 pr0priutn
954 3952 1129 4021 dixit,
1158 3958 1409 4025 quoniam
1440 3959 1492 4013 in
1522 3960 1716 4030 quibus
1743 3964 1824 4016 af-

241 4036 476 4090 firmatio
518 4046 693 4106 potest
746 4048 799 4093 et
831 4043 1038 4110 negatio
1070 4049 1382 4117 provenire,
1411 4051 1557 4119 prius
1584 4068 1702 4109 esse
1732 4072 1827 4111 ne-

246 4126 421 4193 gatio,
468 4140 646 4196 postea
695 4131 981 4189 affirmatio
1030 4147 1232 4205 potest,
1275 4151 1330 4195 ut
1377 4142 1445 4197 de
1491 4143 1747 4213 Socrate,
1778 4150 1826 4203 si

243 4230 413 4273 sanus
439 4230 537 4275 est.
576 4222 759 4278 Potest
786 4226 834 4280 ei
866 4227 986 4282 talis
1012 4229 1299 4287 affirmatio
1328 4236 1520 4304 aptari,
1548 4245 1605 4290 ut
1650 4238 1716 4292 de
1760 4254 1827 4293 eo

239 4308 455 4367 dicatur
497 4332 511 4367 :
554 4315 805 4372 Socrates
845 4332 1008 4374 sanus
1052 4330 1162 4386 est;
1210 4332 1264 4377 et
1304 4324 1607 4394 hujusmodi
1651 4340 1827 4396 potest

233 4405 407 4472 aptari
432 4412 646 4475 negatio
663 4447 679 4470 ,
706 4419 764 4462 ut
789 4409 857 4464 de
883 4424 951 4465 eo
974 4412 1186 4468 dicatur
1214 4433 1226 4467 :
1260 4414 1509 4472 Socrates
1533 4432 1695 4474 sanus
1718 4436 1826 4477 non

231 4508 334 4553 est.
364 4500 635 4565 Quoniam
674 4516 803 4572 ergo
842 4504 893 4558 in
934 4520 1058 4560 eum
1089 4508 1375 4565 affirmatio
1401 4521 1454 4565 et
1480 4514 1693 4583 negatio
1725 4531 1823 4584 po-

1921 3334 2043 3391 cat,
2076 3323 2176 3388 ipsi
2205 3336 2335 3376 vero
2362 3320 2667 3376 intellectus
2709 3330 2765 3376 et
2789 3321 3097 3392 concipiunt
3124 3320 3393 3389 subjectus
3423 3333 3512 3375 res

1922 3425 1981 3471 et
2006 3407 2374 3484 significantd‘r
2409 3430 2436 3466 a
2471 3414 2711 3468 vocibus.
2740 3413 2875 3469 Cum
2902 3414 3063 3485 igitur
3106 3415 3202 3468 tria
3246 3417 3348 3468 sint
3395 3415 3512 3468 licec

1912 3522 2024 3577 per
2068 3521 2188 3575 quae
2234 3506 2409 3559 omnis
2454 3507 2629 3559 oratio
2672 3504 3062 3574 collocutioque
3103 3507 3392 3575 perficitur,
3427 3521 3513 3560 res

1924 3613 2047 3668 qua:
2075 3597 2331 3667 subjectae
2360 3609 2516 3663 sunt,
2550 3598 2856 3653 intellectus
2898 3600 2988 3669 qui
3040 3615 3126 3654 res
3171 3602 3511 3668 concipiunt,

1926 3700 1979 3746 et
2003 3705 2188 3744 rursus
2210 3705 2241 3745 a
2263 3692 2484 3745 vocibus
2510 3692 2880 3762 significantur
2897 3731 2913 3757 ,
2939 3706 3102 3747 voces
3129 3707 3257 3747 vero
3283 3709 3401 3763 qua:
3433 3694 3515 3747 in~

1928 3783 2170 3839 tellectus
2210 3782 2527 3853 designant,
2574 3793 2821 3855 quartum
2862 3801 3076 3857 quoque
3118 3786 3370 3856 quiddatn
3397 3798 3514 3852 est.

1928 3890 2035 3946 quo
2062 3890 2222 3931 voces
2253 3877 2382 3947 ipsae
2407 3877 2617 3933 valeant
2642 3878 2943 3949 designari,
2975 3878 3027 3932 id
3066 3890 3246 3934 autem
3275 3889 3399 3933 sunt
3431 3879 3512 3933 lit-

1930 3982 2081 4027 terae.
2111 3973 2340 4043 Scripta:
2368 3988 2597 4044 namque
2621 3974 2817 4029 litterae
2838 3974 2985 4044 ipsas
3003 3975 3308 4044 significant
3334 3990 3516 4029 voces.

1930 4063 2109 4131 Quare
2147 4075 2376 4135 quatuor
2404 4067 2504 4121 ista
2534 4076 2694 4133 sunt,
2727 4077 2785 4123 ut
2822 4068 3014 4122 litterae
3055 4068 3291 4137 quidem
3316 4067 3522 4136 signifig

1928 4165 2057 4211 cent
2081 4170 2242 4211 voces
2261 4201 2276 4225 ,
2306 4172 2465 4212 voces
2491 4173 2621 4213 vero
2647 4159 2978 4223 intellectus,
3009 4160 3309 4214 intellectus
3337 4170 3515 4214 autem

1933 4250 2353 4316 resconcipiant,
2379 4264 2499 4318 quae
2521 4250 2728 4305 scilicet
2750 4250 2952 4305 habent
2975 4252 3266 4321 quamdam
3291 4267 3396 4306 non
3413 4269 3519 4307 con

1933 4337 2103 4391 fusam
2132 4352 2304 4409 neque
2332 4339 2605 4393 fortuitam
2627 4342 3091 4409 consequentiam,
3113 4343 3208 4397 sed
3234 4344 3522 4399 terminato

1935 4440 2138 4485 naturae
2162 4446 2275 4487 suae
2301 4431 2490 4487 ordine
2519 4441 2791 4487 constant.
2818 4432 2924 4489 Res
2950 4435 3093 4489 enim
3120 4449 3336 4505 semper
3357 4438 3523 4492 comi-

1934 4532 2117 4579 tantur
2157 4539 2280 4580 etun
2318 4524 2409 4594 qui
2438 4525 2507 4579 ab
2542 4526 2671 4594 ipsis
2711 4526 3010 4595 concipitur
3065 4528 3367 4583 intellectus
3389 4574 3402 4595 ,
3437 4533 3523 4600 ip-

233 4600 337 4644 test
365 4592 690 4660 provenire,
717 4596 865 4662 prius
895 4598 1107 4666 evenit,
1139 4610 1195 4653 ut
1226 4602 1296 4655 sit
1324 4605 1535 4674 negatio
1560 4620 1717 4675 quam
1747 4610 1814 4662 af-

1935 4629 2055 4670 sum
2096 4630 2225 4671 vero
2268 4616 2595 4672 intellectum
2640 4633 2741 4672 vox
2782 4620 3046 4689 sequitur,
3087 4622 3181 4675 sed
3226 4636 3385 4678 voces
3414 4625 3524 4677 ele-

233 4681 492 4740 firmatio.
520 4686 663 4741 Ante
689 4690 830 4743 enim
871 4706 1027 4759 quam
1072 4703 1228 4748 natus
1260 4707 1437 4767 esset,
1467 4703 1640 4767 potuit
1666 4702 1733 4756 de
1762 4719 1828 4757 eo

229 4778 364 4845 diei,
411 4780 670 4835 Socrates
718 4798 881 4837 sanus
928 4799 1031 4839 non
1069 4796 1178 4852 est,
1227 4791 1317 4857 qui
1359 4791 1502 4846 enim
1534 4804 1691 4849 natus
1721 4811 1828 4851 non

229 4882 378 4938 erat,
414 4887 521 4926 nec
547 4887 669 4927 esse
696 4884 905 4943 poterat
933 4891 1115 4932 sanus.
1151 4880 1280 4936 Huic
1309 4882 1436 4937 illud
1462 4884 1687 4954 adjecit,
1716 4903 1830 4941 ser-

231 4977 359 5019 vare
399 4965 713 5020 Aristotelis
743 4980 1057 5023 conversam
1101 4974 1478 5041 propositionis
1520 4987 1575 5030 et
1603 4993 1829 5033 exsecu-

231 5053 397 5110 tionis
426 5056 889 5113 distributionem.
927 5061 1022 5116 llic
1049 5065 1190 5117 enim
1223 5066 1371 5133 prius
1397 5077 1517 5133 post
1556 5083 1747 5125 nomen
1777 5081 1834 5126 et

230 5147 464 5201 verbum
509 5148 577 5201 de
598 5150 882 5217 negatione
900 5154 1198 5220 proposuit,
1224 5165 1342 5224 post
1356 5158 1424 5211 de
1443 5157 1829 5229 affirmatione,

226 5250 279 5294 et
322 5243 461 5295 hinc
499 5241 568 5295 de
604 5246 997 5310 enuntiatione,
1029 5258 1303 5315 postremo
1332 5249 1400 5303 de
1428 5252 1708 5320 oratione,
1735 5256 1831 5310 sed

228 5334 519 5402 proposita
550 5333 865 5413 diffinitione
896 5340 1126 5393 nominis
1152 5349 1209 5394 et
1244 5341 1394 5395 verbi
1447 5344 1595 5410 prius
1638 5347 1836 5402 oratio-

227 5440 390 5489 nem,
442 5434 627 5508 postea
675 5429 1127 5499 enuntiationem,
1183 5432 1336 5487 tertio
1384 5431 1828 5509 affirmationem,

228 5517 429 5571 ultimo
464 5517 583 5571 loco
608 5519 946 5587 negationem
974 5520 1382 5590 determinavit,
1410 5541 1564 5595 quam
1597 5527 1684 5582 liic
1712 5541 1832 5598 post

227 5614 667 5685 propositionem
710 5614 861 5670 verbi
909 5626 965 5671 et
1011 5618 1244 5673 nominis
1275 5620 1500 5687 primam
1532 5620 1825 5679 locaverat.

230 5706 296 5759 Ut
325 5708 500 5777 igitur
525 5708 658 5762 ordo
686 5717 992 5763 servaretur
1016 5723 1309 5765 conversus
1327 5753 1343 5778 ,
1369 5710 1568 5791 idcirco
1594 5715 1831 5785 negatio-

226 5819 357 5858 nem
393 5800 550 5871 prius
579 5802 652 5855 ait
690 5815 813 5857 esse
850 5802 1212 5871 propositam,
1253 5818 1358 5870 qua
1402 5804 1457 5859 in
1495 5806 1830 5866 exuositiono

1939 4718 2149 4772 menta,
2181 4707 2235 4762 id
2261 4718 2345 4763 est
2374 4711 2581 4764 litterae.
2622 4711 2800 4766 Rebus
2827 4714 2970 4767 enim
2998 4722 3124 4769 ante
3154 4717 3441 4784 propositis
3470 4727 3525 4771 et

1942 4799 1996 4851 in
2026 4799 2239 4866 pr0pria
2268 4799 2563 4855 substantia
2593 4803 2903 4859 constitutis
2927 4804 3230 4861 intellectus
3256 4808 3522 4864 oriuntur.

1941 4890 2139 4945 Rerum
2172 4892 2313 4946 enim
2344 4906 2559 4963 semper
2586 4894 2891 4951 intellectus
2921 4910 3077 4965 sunt,
3113 4899 3306 4969 quibus
3335 4901 3527 4956 iterum

1943 4982 2251 5037 constitutis
2297 4998 2420 5038 mox
2469 4985 2789 5055 significatio
2838 4989 2989 5043 vocis
3033 4992 3292 5045 exoritur.
3324 4991 3526 5047 Prmter

1920 5074 2276 5130 intellectum
2306 5090 2534 5145 namque
2564 5092 2664 5132 vox
2694 5081 2902 5147 penitus
2945 5081 3076 5137 nihil
3122 5083 3382 5151 designat.
3417 5084 3526 5139 Sed

1939 5162 2191 5231 quoniam
2239 5178 2401 5219 voces
2439 5175 2589 5230 sunt,
2620 5166 2822 5222 idcirco
2854 5168 3077 5235 litterae,
3108 5186 3241 5238 quas
3274 5186 3529 5226 vocamus

1939 5256 2203 5310 elementa
2223 5295 2240 5322 ,
2273 5268 2502 5326 reperta:
2531 5269 2690 5323 sunt,
2720 5260 2913 5330 quibus
2954 5277 3141 5316 vocum
3171 5263 3398 5332 qualitas
3427 5266 3525 5318 de-

1939 5347 2206 5416 signetur,
2237 5347 2304 5400 ad
2344 5351 2701 5418 cognitionem
2746 5342 2873 5407 vero
2919 5354 3220 5406 conversim
3270 5368 3392 5407 sese
3437 5370 3524 5409 res

1941 5438 2122 5492 habet.
2155 5439 2392 5509 Namque
2434 5442 2573 5510 apud
2610 5442 2753 5513 quod
2805 5444 3006 5499 eaedem
3050 5456 3175 5497 sunt
3220 5443 3439 5507 littcrm.
3475 5457 3529 5500 et

1924 5531 2030 5600 .qui
2059 5530 2259 5587 eisdem
2287 5535 2565 5589 elementis
2602 5546 2846 5604 utuntur,
2876 5536 3077 5592 eisdem
3114 5553 3327 5608 quoque
3358 5542 3527 5594 nomi-

1938 5623 2096 5679 nibus
2120 5639 2213 5678 eos
2240 5640 2305 5680 ac
2346 5627 2553 5693 verbis,
2586 5628 2639 5682 id
2669 5644 2747 5684 εει
2782 5630 3021 5695 vocibus,
3058 5630 3135 5684 uti
3160 5644 3381 5685 necesse
3408 5645 3486 5687 est
3506 5675 3523 5699 ,

1926 5726 1992 5775 et
2012 5719 2101 5787 qui
2124 5718 2342 5774 vocibus
2365 5720 2565 5776 eisdem
2590 5729 2829 5786 utuntur,
2854 5720 3013 5775 iidem
3034 5736 3246 5793 quoque
3265 5723 3406 5792 apud
3426 5740 3524 5780 eos

1927 5810 2242 5867 intellectus
2264 5813 2316 5867 in
2346 5813 2514 5868 animi
2540 5813 2891 5873 conceptione
2914 5824 3218 5873 versantur.
3243 5814 3348 5873 Sed
3380 5817 3521 5885 apud
