4022 6332
200 385 281 444 ιῦὅ

893 379 959 435 IN
995 375 1252 433 LIBRUM
1290 374 1377 431 DE
1417 370 2065 430 lNTERPBETATIONE
2105 376 2331 432 EDlTlO
2368 376 2706 435 SECUNDA.

197 508 270 556 aut
286 497 473 553 eisdem
503 504 716 549 utantur
740 491 1042 549 elementis.
1076 494 1244 559 Atque
1263 487 1363 541 hoc
1381 485 1616 556 estquod
1638 485 1742 538 ait:
1776 484 1825 543 Α
1852 485 2054 551 tabant,
2089 497 2288 541 etcum
2332 491 2449 543 aliis
2491 491 2615 544 item
2656 491 2817 546 rebus
2857 491 2909 544 in
2952 491 3434 563 signiﬁcetionibus

252 590 367 645 Sunt
396 604 513 657 ergo
542 602 600 639 ea
629 601 743 649 qua:
769 594 885 637 sunt
919 584 971 635 in
1026 596 1145 634 voce
1181 593 1357 633 eorum
1390 593 1504 648 qua:
1541 586 1657 630 sunt
1697 576 1748 629 in

196 684 335 737 animo
368 680 659 749 passionum
690 686 853 739 notae,
885 685 934 728 et
987 690 1048 727 ea
1102 687 1217 744 qua
1245 672 1538 725 scribuntur
1573 684 1747 723 eorum

194 790 285 837 aure
304 783 409 826 sunt
435 770 486 823 in
518 785 651 822 vare.
683 769 752 823 Ac
783 765 1207 834 quemadmodum
1237 779 1325 816 nec
1355 762 1531 815 litteris
1558 763 1745 814 eaedem

195 866 418 923 omnibus,
468 862 543 913 sic
592 845 680 913 nec
728 862 914 913 ewdem
957 868 1121 910 voces.
1177 855 1406 922 Quorum
1455 862 1625 905 autent
1669 853 1747 904 In:

197 972 323 1027 prmo
368 965 497 1006 nota:
542 958 695 1017 sunt,
749 950 935 1004 credam
977 947 1206 1001 munibus
1257 946 1513 1014 passiones
1561 944 1747 997 animi:

195 1057 312 1111 sunt,
338 1055 380 1099 et
409 1060 626 1114 quorum
653 1042 733 1096 lue
758 1041 1117 1095 similitudines
1144 1046 1259 1092 sunt
1286 1079 1301 1103 ,
1328 1053 1407 1091 res
1436 1036 1644 1090 ea'dvm.
1668 1034 1747 1091 De

196 1142 256 1192 lu's
279 1139 432 1208 itaque
462 1137 655 1189 dictum
685 1145 758 1188 est
788 1137 837 1187 in
868 1135 945 1188 his
968 1149 1081 1204 qum
1108 1132 1245 1185 dicta
1280 1141 1395 1184 sunt
1440 1129 1502 1182 de
1531 1130 1704 1181 animo
1724 1168 1741 1196 ,

198 1232 367 1285 alterius
395 1229 528 1283 enim
550 1237 625 1281 est
653 1227 861 1295 negotii.

248 1320 367 1378 Cum
389 1322 549 1393 igitur
579 1321 726 1391 prius
768 1319 1149 1389 prteposuisset
1183 1332 1376 1373 nomen
1404 1328 1458 1371 et
1483 1317 1703 1371 verbum
1723 1355 1739 1381 ,

194 1425 235 1472 et
256 1429 561 1486 quaecunque
591 1423 807 1466 secutus
832 1422 911 1465 est
953 1421 1133 1478 postea
1185 1425 1245 1464 se
1272 1408 1506 1463 difﬁnire
1539 1406 1738 1475 promi-

196 1511 351 1571 sisset,
381 1509 491 1564 hzec
544 1508 756 1560 interim
799 1503 1245 1574 praetermittens,
1291 1502 1357 1555 de
1405 1501 1739 1569 p..ssionibns

194 1602 351 1654 anima:
374 1601 540 1665 deque
576 1613 758 1652 earnm
803 1596 972 1658 uotis,
1016 1611 1134 1665 qua!
1174 1602 1296 1648 sunt
1331 1593 1530 1646 scilicet
1561 1606 1737 1655 voccs,

198 1708 337 1763 pauca
363 1691 642 1758 praemittit.
676 1690 778 1744 Sed
808 1705 903 1743 cur
944 1689 1043 1742 hoc
1075 1689 1142 1741 ita
1180 1687 1586 1753 interposuerit,
1621 1686 1737 1753 plu-

198 1788 299 1843 rimi
318 1792 749 1841 commentatores
774 1797 964 1837 causas
992 1781 1218 1836 reddere
1246 1780 1617 1852 ucglexernnt,
1644 1777 1736 1830 sed

1852 594 2007 647 posse
2034 582 2304 651 conjungi,
2329 594 2384 636 ut
2415 600 2479 637 ex
2510 585 2591 637 his
2617 586 2789 655 aliqua
2818 586 3113 640 enuntiatio
3144 587 3230 642 vel
3260 587 3434 642 oratio

1848 672 2225 727 conﬁceretur.
2260 674 2360 727 Alii
2391 691 2517 729 vero
2548 691 2768 740 ενιπευς,
2804 678 2890 731 alii
2921 677 3328 745 imaginationes
3354 678 3430 732 si-

1846 767 2085 837 gniﬁcari
2114 769 2337 823 vocibus
2365 770 2784 825 arbitrabantur.
2810 771 2941 826 Cum
2974 773 3130 841 igitur
3158 771 3258 825 ista
3289 780 3434 827 esset

1846 859 2118 912 contentio
2150 861 2286 923 aliud
2316 861 2638 929 superiores,
2657 872 2710 916 et
2733 864 2843 917 lucc
2867 879 3032 932 usque
3050 864 3113 916 ad
3132 862 3436 917 Aristotelis

1848 951 2177 1018 pervenisset
2224 961 2470 1015 tetatem,
2516 968 2737 1006 necesse
2783 955 2880 1008 luit
2927 964 2981 1007 ut
3026 955 3112 1022 qui
3147 970 3338 1007 nomen
3380 964 3433 1007 et

1844 1042 2063 1097 verbum
2111 1042 2460 1113 signiﬁcativa
2510 1055 2654 1100 esset
2706 1045 3066 1109 dil‘ﬁuiturus,
3120 1046 3432 1115 prtediceret

1843 1148 2066 1203 quorum
2114 1135 2210 1187 ista
2257 1135 2584 1197 designativa
2627 1136 2749 1191 sint.
2791 1139 3105 1192 Aristoteles
3153 1141 3293 1191 cnim
3337 1154 3432 1193 uo-

1845 1225 2075 1279 minibus
2107 1238 2159 1280 et
2189 1228 2371 1279 verbis
2401 1244 2485 1282 res
2514 1228 2782 1298 subjectas
2805 1229 3092 1297 signilicari
3129 1245 3234 1283 non
3260 1240 3429 1299 putat,

1844 1329 1941 1370 nec
1969 1330 2098 1369 vero
2127 1332 2319 1370 sensus
2360 1318 2443 1370 vel
2487 1319 2646 1373 etiam
2688 1320 3112 1389 imaginatioues.
3164 1321 3429 1376 Sensuum

1844 1407 2056 1476 quidem
2093 1423 2195 1462 non
2220 1424 2339 1461 essu
2365 1410 2742 1477 signiﬁcativas
2771 1424 2929 1465 voces
2951 1411 3164 1463 nomina
3184 1420 3236 1463 et
3266 1412 3428 1465 verba

1839 1499 1893 1552 iu
1925 1514 2086 1567 opere
2116 1501 2181 1551 de
2207 1500 2408 1566 jostitia
2437 1502 2670 1554 declarat
2697 1502 2879 1556 dicens
2907 1520 2919 1553 :
2946 1504 3096 1555 Φύσει
3125 1504 3226 1577 γὰρ
3267 1501 3426 1560 6mi-

1842 1593 2173 1663 χθησαντάτε
2192 1597 2415 1661 νοήματα
2435 1597 2516 1645 καὶ
2536 1598 2595 1648 τὰ
2617 1595 2928 1666 αἰσθηματα,
2947 1610 3063 1664 quze
3088 1594 3430 1662 interpretari

1846 1683 2028 1736 Latine
2063 1697 2237 1753 potest
2283 1685 2383 1737 hoc
2428 1690 2586 1737 modo
2616 1704 2629 1739 :
2679 1686 2883 1741 Natura
2911 1688 3045 1741 enim
3083 1699 3198 1739 sunt
3230 1687 3429 1741 diversa

1843 1775 2128 1828 intellectus
2158 1787 2203 1829 et
2234 1794 2429 1830 sensus.
2465 1777 2689 1831 Dill'erre
2719 1778 2879 1847 igitur
2912 1780 3109 1848 aliquid
3140 1781 3429 1833 arbitratur
3498 1784 3501 1789 '

195 1894 221 1933 a
246 1880 389 1934 tribus
414 1888 615 1933 tantum
674 1888 929 1946 quantum
980 1874 1153 1929 adhuc
1200 1873 1361 1927 sciam
1404 1871 1538 1924 ratio
1587 1870 1742 1937 hujus
1775 1854 2036 1920 Bvsensus
2065 1876 2225 1937 atque
2253 1870 2584 1929 intellectus;
2619 1870 2710 1923 sed
2744 1871 2832 1937 qui
2867 1872 3141 1936 passiones
3175 1871 3369 1923 anima:
3396 1885 3428 1928 ι

194 1971 573 2039 interpositiouis
594 1970 858 2038 explicata
882 1981 985 2037 est,
1005 1983 1228 2038 quorum
1245 1961 1490 2020 ~llermini
1520 1964 1734 2033 quidem

196 2078 216 2117 δ
242 2080 395 2117 rerum
424 2064 645 2117 veritate
674 2062 829 2130 longe
877 2060 1144 2130 disjuucta
1185 2068 1283 2113 est.
1338 2055 1424 2110 Ait
1467 2056 1608 2109 enim
1660 2053 1739 2107 id-

195 2156 310 2212 circo
336 2157 669 2211 Aristotelem
701 2155 768 2209 de
814 2154 951 2209 notis
996 2153 1188 2207 animm
1238 2151 1541 2220 passionum
1573 2148 1738 2201 inter-

194 2252 397 2319 posuisse
435 2262 773 2310 sermonem,
819 2256 875 2301 ut
914 2245 1195 2299 utilitatem
1261 2240 1513 2310 ιιι-οι)οεὶιί
1560 2241 1737 2308 operis

192 2335 462 2395 inculcaret.
498 2340 871 2404 Disriutaturus
916 2338 1059 2391 enim
1102 2335 1168 2390 de
1216 2335 1431 2388 vocibus
1461 2349 1579 2402 quae
1614 2338 1739 2385 sunt

189 2450 309 2488 noue
342 2435 515 2488 animae
544 2435 881 2503 passionum,
915 2442 1060 2486 recte
1101 2430 1165 2484 de
1207 2428 1289 2482 his
1326 2426 1564 2496 quaedam
1613 2440 1738 2494 pro-

190 2525 340 2577 misit.
366 2524 483 2578 Nam
505 2539 618 2577 cum
646 2538 757 2576 sua:
786 2520 963 2575 nullus
984 2521 1175 2575 animae
1201 2520 1474 2587 passiones
1505 2516 1735 2583 ignoret,

188 2626 327 2669 notas
380 2631 571 2685 quoque
608 2631 727 2670 cum
771 2614 963 2667 animae
1005 2609 1339 2681 passionibus
1385 2622 1488 2660 non
1532 2605 1739 2660 nescire

192 2704 496 2761 utilissimum
518 2716 616 2770 est,
638 2722 811 2776 neque
834 2707 974 2761 enim
998 2704 1103 2758 illa:
1120 2701 1368 2774 cognosci
1395 2709 1614 2770 possunt
1635 2697 1737 2751 nisi

193 2808 269 2865 per
297 2811 441 2851 voces
467 2813 582 2866 qua:
626 2807 749 2851 sunt
797 2810 976 2850 earum
1008 2794 1211 2848 scilicet
1249 2800 1406 2844 uota).
1441 2789 1739 2844 Alexander

192 2903 305 2943 vero
330 2890 469 2942 aliam
496 2884 803 2958 bujusmodi
835 2884 1251 2956 interpositionis
1282 2881 1455 2936 reddit
1483 2894 1698 2934 causam
1717 2917 1733 2942 ,

192 2981 433 3051 quoniam,
454 2982 642 3051 inquit,
665 2980 880 3035 nomina
900 2989 953 3033 et
972 2978 1129 3034 verba
1156 2975 1591 3043 interpretatione
1612 2972 1741 3025 sim-

190 3073 303 3142 plici
324 3075 660 3127 continentur.
686 3071 868 3126 Oratlo
889 3082 1016 3125 vero
1039 3084 1104 3123 ex
1134 3067 1309 3122 verbis
1333 3065 1739 3131 nominibusque

150 3186 153 3195 ι
189 3164 435 3232 conjuncta
463 3175 562 3228 «st,
591 3173 643 3219 et
670 3163 723 3217 in
747 3177 807 3217 ea
828 3161 938 3233 jam
973 3161 1169 3214 veritis
1190 3168 1281 3211 aut
1304 3157 1507 3211 falsitas
1534 3153 1736 3208 inveni-

1843 1960 2061 2015 vocibus
2094 1961 2381 2031 signiﬁcari
2413 1961 2575 2028 dicit,
2609 1963 2653 2016 is
2678 1978 2778 2017 non
2809 1964 2876 2018 de
2900 1964 3147 2017 sensibus
3171 1964 3426 2030 loquitur.

1843 2052 2045 2109 Sensus
2072 2054 2213 2107 enim
2262 2056 2539 2121 passiones
2577 2054 2818 2123 corporis
2870 2065 3015 2108 sunt.
3056 2055 3113 2110 Si
3163 2056 3322 2123 igitur
3353 2055 3427 2109 ita

1840 2145 2061 2199 dixisset
2102 2146 2376 2213 passiones
2440 2148 2683 2214 corporis
2744 2164 2773 2200 a
2825 2148 3041 2201 vni-ibus
3101 2145 3424 2214 signiﬁcari,

1843 2249 1969 2293 tunc
2000 2239 2191 2294 merito
2218 2253 2410 2295 sensus
2440 2241 2877 2309 intelligeremus.
2900 2239 3004 2294 Sed
3028 2240 3279 2309 quoniam
3307 2253 3427 2307 pas~

1842 2332 2020 2385 siones
2050 2334 2243 2385 aniture
2274 2332 2489 2386 nomina
2514 2344 2566 2386 et
2600 2335 2763 2388 verba
2787 2333 3087 2402 signiﬁcare
3112 2333 3421 2401 proposuit,

1842 2438 1949 2477 non
1978 2439 2169 2477 sensus
2197 2423 2288 2477 sed
2331 2423 2631 2479 intellectus
2655 2440 2777 2479 eum
2802 2425 2981 2479 dicere
3007 2424 3297 2491 putandum
3317 2434 3421 2479 est.

1842 2514 1949 2569 Sed
1980 2516 2228 2584 quoniam
2258 2516 2564 2585 ituaginatlo
2591 2532 2803 2587 quoque
2844 2531 2930 2570 res
2973 2516 3163 2569 animae
3183 2529 3259 2571 εει
3280 2554 3297 2578 ,
3328 2514 3424 2569 du-

1841 2609 2089 2665 bitaverit
2140 2610 2332 2677 aliquis
2370 2624 2436 2662 ne
2463 2609 2597 2664 forte
2642 2610 2915 2675 passiones
2940 2610 3132 2661 auimze
3166 2609 3423 2676 imagina-

1842 2706 2033 2768 tioues,
2049 2720 2177 2768 quas
2194 2701 2364 2757 Graeci
2388 2706 2669 2776 φαντασίας
2688 2704 2984 2766 nominant,
2999 2702 3160 2763 dicat.
3190 2700 3292 2753 Sed
3313 2699 3426 2754 haec

3328 374 3434 437 406
3489 463 3497 471 1

3452 930 3490 1187 ξ

3468 1212 3481 1247 τ

3471 1270 3483 1321 ἓ

1843 2797 1892 2849 in
1917 2795 2067 2850 libris
2087 2797 2155 2850 de
2175 2795 2361 2849 Anima
2381 2794 2653 2848 verissinn:
2679 2794 3191 2863 diligentissimeque
3212 2806 3428 2861 separa-
3472 2803 3481 2811 ’

1841 2888 1915 2941 vit
1955 2888 2136 2941 dicens
2168 2905 2178 2937 :
2210 2883 2360 2941 Ἐστι
2386 2884 2439 2939 δὲ
2480 2889 2727 2958 φαντασία
2764 2886 2932 2959 ἕτερον
2966 2885 3293 2955 καταφάσεως
3340 2884 3427 2937 καὶ

1841 2981 2166 3051 ἀποῑμάσεως,
2182 2980 2448 3048 συμπλοκὴ
2462 2980 2564 3051 γάρ
2579 2979 2836 3046 νοημάτων
2847 2978 2866 3029 ἐ
2877 2979 2960 3030 στὶ
2973 2977 3031 3030 τὸ
3046 2976 3219 3033 ἀληθὲς
3247 2973 3276 3033 ἦ
3290 2973 3421 3043 ψεῦ-

1842 3070 1947 3136 δος,
1976 3074 2041 3127 τὰ
2069 3070 2120 3124 δὲ
2146 3078 2328 3141 πρῶτος
2380 3074 2608 3140 νοήματα
2640 3071 2691 3123 τί
2719 3067 2897 3123 διοίσει
2926 3074 3015 3121 τοῦ
3042 3072 3110 3137 μὴ
3143 3068 3274 3120 αὐτὰ
3300 3085 3421 3135 φαν-

1842 3166 2085 3235 τάσματα
2106 3159 2248 3227 (iam;
2264 3160 2324 3215 Ἥ
2349 3161 2448 3216 οὐδ’
2466 3164 2592 3217 αὐτὰ
2605 3163 2940 3233 φαντάσματα
2952 3158 3053 3213 ἀλλ’
3069 3161 3158 3212 οὐκ
3171 3154 3290 3213 ἄνευ
3314 3179 3426 3230 γαν-

188 3263 289 3317 tur;
321 3257 424 3309 sive
452 3265 627 3309 autem
657 3253 877 3320 quilibet
905 3267 1082 3307 sermo
1111 3250 1177 3303 sit
1207 3248 1456 3315 simplex,
1489 3245 1601 3300 sive
1627 3244 1735 3313 jam

1847 3260 2135 3327 τασμάτων.
2178 3256 2324 3323 Quod
2344 3256 2419 3308 sic
2435 3255 2824 3323 interpretatur.
2849 3250 3430 3319 Estaulentimaginatie

192 3351 338 3401 oratio
366 3351 639 3417 conjuncta
667 3357 827 3417 atque
856 3345 1169 3414 composita,
1194 3358 1261 3398 ex
1296 3342 1376 3395 his
1399 3355 1516 3410 quia:
1543 3338 1742 3411 signiti-

189 3451 351 3493 cantur
396 3454 715 3495 momentum
766 3446 1001 3493 sumunt.
1053 3436 1109 3490 lu
1154 3435 1255 3488 illis
1307 3433 1449 3487 enim
1492 3430 1639 3499 prius
1661 3436 1744 3482 est

189 3544 347 3584 eorum
385 3531 509 3586 ordo
538 3542 591 3587 et
624 3531 980 3595 continentia,
1021 3538 1138 3597 post
1177 3526 1436 3581 redundat
1466 3523 1516 3577 in
1548 3536 1740 3586 voces;

185 3623 413 3688 quocirca
448 3624 692 3691 quoniam
744 3620 1154 3693 signiﬁcantium
1197 3626 1524 3672 momentum
1554 3628 1617 3668 ex
1662 3613 1745 3666 his

182 3727 283 3780 qua
308 3714 667 3783 signiﬁcantur
688 3715 877 3775 oritur,
904 3711 1102 3766 idcirco
1129 3710 1275 3779 prius
1300 3722 1397 3762 nos
1424 3707 1492 3760 de
1523 3706 1605 3759 bis
1625 3718 1744 3772 qua:

180 3817 320 3858 voces
354 3804 475 3874 ipsa:
503 3805 808 3874 signiﬁcant
844 3803 1040 3857 docere
1093 3800 1361 3870 proponit.
1393 3797 1497 3852 Sed
1532 3797 1744 3851 Hermi-

177 3910 265 3949 nus
294 3901 395 3952 hoc
424 3902 533 3951 loco
576 3895 935 3965 repudiandus
966 3910 1066 3949 esu.
1113 3894 1153 3948 N
1180 3894 1249 3947 hil
1280 3892 1424 3947 enim
1469 3892 1574 3945 tale
1602 3889 1745 3960 quod

170 3990 230 4042 ad
257 4005 444 4045 causas
491 3990 779 4062 pronositze
827 3990 1104 4043 sententia:
1134 3982 1439 4057 pertineret
1468 3983 1741 4053 explicuit.

168 4084 463 4139 Alexander
490 4098 616 4139 Vero
660 4082 882 4138 strictim
929 4082 1167 4151 proxima
1219 4080 1566 4150 intelligentia
1605 4092 1747 4147 prata

168 4183 438 4228 tervecius
472 4177 639 4246 tetigit
670 4175 881 4246 quidem
913 4188 1126 4228 causam
1152 4213 1167 4237 ,
1202 4187 1305 4225 non
1341 4180 1515 4224 tamen
1545 4170 1744 4239 princi-

159 4273 339 4341 palem
400 4278 639 4330 rationem
688 4275 1046 4329 Aristmelicte
1091 4272 1468 4343 propositiOnis
1498 4272 1745 4326 exsolvit.

153 4364 259 4421 Sed
308 4366 638 4440 Porphyrius
691 4369 827 4421 banc
870 4367 1038 4436 ipsum
1072 4366 1276 4434 plemus
1320 4378 1536 4418 causam
1583 4363 1746 4433 origi-

156 4474 393 4529 nemqne
418 4462 683 4516 sermonis
712 4459 866 4527 hujus
896 4469 1017 4512 ante
1060 4457 1246 4510 oculos
1293 4454 1608 4515 collocavit,
1656 4456 1746 4522 qui

152 4566 369 4607 omnem
401 4552 537 4621 apud
587 4553 789 4621 priscos
840 4548 1188 4619 philosophos
1236 4549 1302 4601 de
1344 4546 1745 4618 signiﬁcationis

1848 3349 2045 3401 diversa
2070 3348 2132 3399 ab
2163 3348 2493 3416 afﬁrmatione
2516 3354 2562 3399 et
2591 3346 2874 3414 negatione,
2902 3343 3186 3410 complexio
3213 3354 3429 3410 namque

1847 3440 2188 3495 intellectnum
2217 3449 2291 3494 est
2320 3441 2504 3492 veritas
2537 3440 2613 3491 υρι
2659 3439 2892 3507 falsitas,
2935 3436 3087 3507 primi
3120 3450 3237 3489 vero
3276 3433 3428 3487 intel-

1848 3536 2007 3587 lectas
2041 3534 2161 3594 quid
2205 3532 2560 3601 discrepabunt
2588 3572 2600 3593 ,
2651 3538 2705 3581 ut
2736 3546 2834 3581 non
2864 3529 2964 3581 sint
2999 3522 3431 3595 imaginationa?

1798 3622 1807 3631 ’
1846 3622 1992 3677 Certe
2034 3638 2189 3688 neque
2235 3622 2342 3673 lucc
2387 3631 2502 3673 sunt
2534 3620 2940 3689 imaginationes,
2991 3616 3079 3669 sed
3107 3616 3217 3669 sine
3240 3614 3426 3683 imagi-

1847 3713 2138 3767 nationibus
2165 3728 2263 3763 non
2290 3724 2425 3763 sunt.
2453 3709 2583 3776 Qua:
2612 3709 2872 3763 sententia
2918 3706 3248 3760 demonstrat
3283 3700 3430 3756 aliud

1847 3805 2059 3874 quidem
2091 3818 2213 3858 esse
2244 3803 2677 3868 imaginatioues,
2714 3799 2853 3854 aliud
2886 3798 3214 3858 intellectus,
3245 3808 3313 3848 ex
3350 3793 3430 3846 in-

1850 3899 2157 3953 tellectuum
2191 3897 2405 3966 quidem
2435 3893 2807 3965 complexione
2823 3890 3207 3944 afﬁrmatioues
3241 3885 3356 3940 ﬁeri
3373 3892 3430 3940 et

1849 3991 2155 4058 negationes
2195 3987 2488 4057 :quocirca
2516 3986 2641 4041 illud
2664 3998 2877 4055 quoque
2917 3979 3207 4046 dubitavit,
3253 3987 3429 4030 utrum

1850 4084 2009 4154 primi
2038 4083 2342 4138 intellectus
2368 4080 2779 4154 imaginationes
2806 4074 3048 4145 qumdaut
3082 4079 3285 4125 essent.
3311 4068 3430 4122 Pri-

1851 4191 1967 4231 mos
1993 4188 2168 4230 autem
2211 4174 2513 4228 intellectus
2555 4171 2815 4233 dicimus,
2848 4165 2939 4235 qui
2986 4161 3286 4229 simplicem
3320 4172 3431 4212 rem

1852 4268 2193 4334 concipiunt,
2222 4275 2272 4318 ut
2299 4264 2343 4317 si
2372 4266 2492 4333 quis
2518 4262 2659 4315 dicat
2683 4260 2931 4314 Socrates
2968 4254 3140 4308 solum
3159 4290 3174 4315 ,
3202 4248 3420 4303 dubitat-

1849 4375 1954 4429 que
1981 4370 2158 4413 utrum
2193 4356 2494 4425 huiusmodi
2527 4354 2865 4416 intellectus,
2892 4350 2980 4419 qui
3017 4350 3070 4404 in
3100 4363 3159 4403 se
3186 4346 3317 4400 nihil
3341 4358 3433 4399 ne-

1851 4467 1954 4521 que
1982 4450 2093 4505 veri
2123 4450 2363 4504 continet
2388 4460 2559 4515 neque
2598 4445 2714 4497 falsi
2737 4484 2753 4507 ,
2787 4444 3090 4497 intellectus
3120 4442 3222 4506 sit,
3258 4455 3323 4493 an
3357 4440 3435 4508 ip-

1850 4545 1961 4599 sius
1987 4543 2223 4599 Socratls
2250 4540 2576 4609 imaginatio.
2612 4537 2718 4592 Sed
2754 4535 2823 4591 de
2862 4540 2963 4589 hoc
2998 4548 3209 4604 quoque
3252 4541 3439 4602 aperte

154 4647 196 4693 vi
224 4647 634 4699 contentionem
668 4645 922 4712 litetuque
962 4643 1213 4696 retexuit.
1261 4642 1345 4694 Ait
1395 4655 1622 4707 natoque
1651 4641 1745 4691 du-
1776 4608 1829 4675 θ
1852 4637 2065 4707 quidem
2115 4635 2324 4688 videtur
2361 4631 2672 4691 ostendere,
2701 4630 2775 4683 ait
2809 4629 2954 4683 enim
2984 4642 3049 4680 an
3084 4636 3231 4681 certe
3264 4639 3437 4696 neque

149 4734 225 4786 hie
256 4736 409 4797 apud
441 4736 781 4803 antiquorum
817 4733 1257 4801 pltilnsophormu
1291 4732 1586 4785 sententias
1616 4746 1743 4783 con-

145 4828 347 4882 5titisse
382 4827 512 4898 qttid
559 4836 703 4882 eSset
736 4825 947 4892 praprie
986 4824 1125 4891 quod
1162 4823 1381 4877 vocibus
1425 4822 1750 4889 signiﬁcare-

145 4928 222 4970 tur
256 4937 268 4970 :
298 4920 573 4989 putabant
624 4931 852 4985 namque
896 4915 983 4969 alii
1034 4930 1119 4969 res
1173 4916 1393 4969 vocibus
1441 4914 1747 4984 designati,

142 5027 448 5081 carumque
477 5009 736 5063 vocabula
764 5022 883 5062 esse
911 5022 973 5061 ea
1000 5023 1116 5075 quae
1139 5008 1417 5061 sonuertnt
1449 5008 1499 5060 in
1531 5006 1751 5060 vocibus

140 5102 503 5156 arbitrantur.
538 5100 640 5154 ΑΙιί
677 5114 804 5153 vero
853 5100 1195 5168 incorporeas
1233 5097 1488 5165 quasdam
1533 5106 1749 5150 naturas

142 5198 576 5256 meditabantur,
600 5207 822 5261 quarum
847 5199 1026 5245 essent
1056 5190 1470 5260 signiﬁcationes
1498 5204 1749 5259 quaecun-

140 5306 232 5353 que
299 5289 543 5341 vocibus
583 5286 1027 5358 designarentur,
1075 5284 1309 5338 Platonis
1368 5282 1544 5352 aliquo
1591 5283 1751 5336 modo

140 5383 348 5443 ςιιςιί-ἰρε
410 5383 505 5434 inc
546 5368 767 5448 rporeas
819 5378 1051 5432 aemulati
1118 5375 1375 5442 dicentis,
1429 5374 1529 5429 hoc
1579 5376 1750 5443 ipsum

142 5478 294 5527 Erozun
330 5484 393 5527 et
433 5473 539 5527 huc
569 5474 741 5542 ipsum
790 5487 981 5539 equus,
1013 5486 1117 5524 non
1152 5473 1285 5522 hanc
1311 5468 1595 5537 cujuslibet
1620 5468 1749 5520 stib-

136 5570 149 5635 j
174 5580 332 5622 'ctatn
362 5564 1059 5634 stilist.untiattt,sedipsum
1080 5563 1227 5617 illum
1250 5562 1516 5616 hominem
1545 5560 1753 5629 specia-

142 5668 230 5716 lem
261 5682 307 5720 e‘
346 5664 522 5718 illum
553 5662 722 5729 ipsum
750 5675 945 5728 equum
971 5657 1344 5712 universaliter
1364 5665 1418 5708 ct
1443 5655 1752 5721 incorpora-

148 5762 261 5815 liter
306 5759 670 5829 Cogitantes,
704 5754 1046 5823 incorporeas
1085 5750 1341 5820 quasdam
1383 5757 1598 5802 naturas
1629 5760 1758 5799 con-

1855 4730 1969 4783 hzec
1994 4737 2120 4783 sunt
2141 4725 2563 4793 imaginationes,
2586 4723 2677 4777 sed
2703 4736 2805 4776 non
2830 4721 2947 4776 sine
2969 4718 3438 4789 imaginationibus

1854 4832 1995 4875 sunt.
2031 4820 2084 4872 Id
2114 4821 2257 4872 enim
2288 4817 2426 4886 quod
2457 4816 2543 4870 hic
2572 4830 2751 4869 sermo
2780 4813 3074 4883 signiﬁcat,
3098 4811 3189 4881 qui
3218 4820 3302 4865 est
3336 4808 3438 4863 So-

1853 4926 2051 4975 crates,
2074 4915 2156 4966 vel
2186 4910 2342 4973 alius,
2376 4908 2597 4975 simplex
2623 4922 2727 4960 non
2759 4914 2841 4960 est
2867 4905 3080 4974 quidem
3105 4901 3440 4969 imaginatio,

1858 5007 1949 5061 sed
1983 5004 2308 5063 intellectus,
2341 5003 2428 5068 qni
2460 5001 2756 5052 intellectus
2784 5006 2977 5065 praster
3009 4992 3440 5063 imaginationem

1863 5100 1973 5152 ﬁeri
2001 5111 2107 5150 non
2137 5104 2330 5162 potest.
2364 5091 2565 5146 Sensus
2586 5092 2727 5144 enim
2779 5097 2938 5157 atque
2964 5086 3270 5154 imaginatio
3294 5098 3443 5153 quaa-

1860 5190 1981 5242 darn
2008 5187 2192 5255 prima:
2215 5185 2398 5251 ﬁgurat
2413 5190 2554 5243 sunt,
2585 5196 2742 5249 supra
2765 5194 2899 5249 quas
2923 5179 3071 5233 velut
3097 5176 3445 5231 fundamento

1860 5282 2091 5352 quodam
2125 5277 2508 5346 superveniens
2533 5275 2878 5344 intelligentia
2908 5276 3109 5327 nititur.
3145 5269 3277 5325 Nam
3303 5269 3451 5328 sicut

1861 5378 2096 5446 pictores
2121 5369 2602 5438 solent'designare
2633 5367 2864 5421 lineatim
2895 5378 3091 5432 corpus
3127 5370 3286 5429 atque
3314 5359 3443 5415 sub-

1863 5479 2104 5523 sternere
2135 5464 2186 5517 in
2216 5476 2442 5529 corpore
2485 5461 2574 5514 ubi
2618 5457 2887 5515 coloribus
2928 5452 3211 5522 cujuslibet
3267 5449 3445 5515 expri-

1862 5569 2008 5614 mant
2041 5558 2271 5620 vultum,
2296 5555 2373 5608 sic
2394 5568 2584 5606 sensus
2604 5560 2761 5620 atque
2794 5546 3106 5615 imaginatio
3132 5540 3445 5595 naturaliter

1866 5657 1918 5709 in
1960 5654 2153 5706 anima:
2195 5648 2537 5719 perceptione
2587 5641 2963 5699 substernitur.
3014 5636 3144 5689 Nam
3190 5650 3311 5688 cum
3361 5647 3444 5690 res

1867 5749 2041 5816 aliqua
2073 5746 2172 5800 sub
2202 5758 2421 5799 sensum
2444 5742 2527 5794 vel
2555 5737 2928 5809 cogitationem
2961 5732 3125 5795 cadit,
3157 5731 3303 5798 prius
3330 5727 3446 5796 ejus

142 5819 494 5921 ttituebaiit,
522 5864 652 5921 quas
682 5847 748 5905 ad
776 5819 1182 5920 signiﬁcandum
1210 5841 1411 5915 primas
1441 5840 1625 5899 venire
1657 5857 1827 5921 ραι--
1866 5850 2089 5898 necesse
2131 5843 2211 5895 est
2253 5843 2314 5891 ut
2354 5831 2599 5906 quadam
2636 5826 2943 5898 imaginatio
2992 5833 3263 5881 nascatur.
3320 5819 3447 5881 Post
