4022 6332
426 329 523 386 I07

1650 334 1761 389 AN.
1805 311 2021 385 itane.
2070 326 2224 383 δην.
2267 329 2492 388 nomn

3620 342 3745 433 ιυῖς⁸

430 464 554 507 vero
604 452 813 522 plenior
854 453 1192 521 superveniat
1243 452 1570 515 intellectus,
1628 460 1848 504 cunctas
1892 448 2017 514 eius
2044 447 2106 505 Α
2132 453 2257 498 sunt
2284 445 2335 499 in
2362 446 2539 501 anima
2558 448 2870 517 passionum
2894 457 3126 517 notae,et
3150 464 3211 504 ea
3236 450 3397 506 verba
3428 460 3484 507 et
3505 454 3724 510 nomina

427 548 700 617 explicans
740 559 914 616 partes
957 563 1073 616 quae
1119 550 1338 600 confuse
1381 548 1590 601 fuerant
1629 544 2020 613 imaginatione

428 650 782 707 prfBSlllllpla).
813 641 1069 702 Quocirca
1095 638 1461 706 imperfectum
1491 637 1740 707 quiddam
1773 646 1854 689 est
1879 638 2018 689 ima-
2064 672 2065 677 η

425 733 646 800 ginatio.
698 731 919 784 Nomina
956 748 1076 784 κει-ο
1126 741 1180 784 et
1228 732 1389 784 Verba
1422 746 1525 784 non
1564 740 1712 782 curta
1739 728 2016 797 quaedam,

425 824 516 876 sed
551 823 782 889 perfecta
813 822 1113 891 significant
1139 842 1149 874 :
1183 837 1350 889 quare
1376 831 1518 874 recta
1551 820 1853 874 Aristotelis
1883 834 2019 873 seu-

426 915 587 966 tentia
619 924 727 973 est,
761 928 1093 981 quaecunque
1122 912 1173 965 in
1219 913 1395 965 verbis
1435 911 1843 976 nominibusque
1892 925 2023 961 ver-

425 1017 643 1069 santur,
672 1020 733 1057 ea
772 1020 943 1072 neque
974 1018 1195 1067 sensus,
1237 1019 1407 1070 neque
1449 999 1869 1070 imaginationis,
1915 997 2015 1051 sed
2052 1052 2055 1055 λ

424 1102 591 1153 solam
622 1100 927 1167 signiﬁcare
954 1099 1316 1153 intellectuuni
1341 1097 1668 1166 qualitatem.
1705 1093 1854 1149 Unde
1883 1091 2013 1146 illud

427 1209 642 1262 quoque
664 1192 731 1245 ab
763 1193 1052 1246 Aristotele
1083 1193 1307 1245 ﬂuentes
1337 1188 1673 1258 Peripatetici
1712 1188 2015 1241 rectissime

433 1300 687 1354 posuere,
723 1295 831 1339 tres
864 1300 983 1338 esse
1010 1286 1311 1347 orationes,
1342 1298 1499 1335 unam
1529 1280 1817 1349 quaescribi
1840 1279 2013 1347 possit

423 1377 646 1439 litteris,
684 1379 905 1431 alteram
938 1394 1057 1446 qua:
1086 1392 1218 1431 voce
1245 1375 1493 1446 proferri,
1528 1376 1735 1428 tertiam
1768 1388 1882 1441 qua:
1914 1386 2013 1424 co-

425 1469 677 1538 gitationc
700 1473 1057 1533 connectitur,
1085 1484 1348 1537 unamque
1379 1465 1758 1530 intellectibus,
1785 1465 2011 1517 alteram
2058 1492 2061 1499 -

424 1576 576 1623 voce,
608 1564 818 1615 tertiam
853 1562 1044 1615 litteris
1073 1558 1359 1614 contineri.
1390 1558 1649 1624 Quocirca
1679 1554 1927 1621 quoniam
1957 1552 2015 1608 id

423 1655 567 1723 quod
594 1655 983 1723 significaretur
1012 1669 1039 1708 a
1070 1653 1290 1707 vombus
1321 1653 1620 1704 intellectus
1650 1663 1768 1702 esse
1798 1648 2015 1701 Aristo-

425 1747 558 1800 teles
610 1748 865 1815 putabat,
915 1746 1126 1799 nomina
1174 1759 1301 1799 vero
1345 1754 1397 1797 et
1446 1742 1607 1795 verba
1659 1737 2017 1808 signiﬁcativa

422 1846 542 1893 esse
590 1840 643 1892 in
691 1854 875 1892 eorum
920 1848 1034 1893 erat
1078 1839 1486 1891 difﬁnitionihus
1528 1835 1831 1903 positurus,
1863 1841 2019 1887 recte

421 1947 648 2001 quorum
700 1941 882 1986 cs~cnt
927 1933 1282 2001 signiﬁcativa
1329 1929 1606 1998 prmdixit,
1663 1940 2017 1995 erroremque

435 2022 656 2077 lectoris
680 2038 746 2076 ex
772 2010 1045 2090 multiplici
1078 2031 1318 2076 veterum
1352 2021 1442 2073 lite
1469 2020 1768 2073 venientem
1796 2027 2019 2070 senten-
2046 2034 2052 2045 ι

422 2120 511 2173 tiae
538 2135 649 2174 suae
678 2118 1113 2173 manifestatione
1134 2114 1497 2184 compescuit,
1528 2124 1687 2179 atque
1716 2113 1817 2164 hoc
1847 2111 2018 2164 modo

420 2211 556 2266 nihil
587 2211 639 2264 in
671 2226 736 2265 eo
765 2209 1188 2278 deprehenditur
1217 2220 1337 2260 esse
1378 2203 1706 2271 superﬂuum
1727 2241 1741 2265 ,
1773 2199 2017 2267 nihilque

422 2300 494 2355 ab
539 2301 744 2354 ordinis
788 2299 1194 2354 continuatione
1249 2296 1570 2362 seiunctum.
1629 2293 1831 2356 Quaerit
1886 2303 2018 2342 vero

422 2390 753 2461 Porphyrius
776 2404 872 2443 cur
903 2390 973 2443 ita
1002 2387 1198 2442 dixerit
1230 2404 1242 2439 :
1275 2386 1410 2440 Sunt
1450 2400 1578 2454 ergo
1622 2399 1683 2437 ea
1729 2397 1847 2451 qua:
1889 2389 2018 2435 sunt

421 2480 479 2535 in
504 2495 653 2545 voce,
687 2489 740 2534 et
767 2495 870 2532 non
898 2480 993 2544 sic,
1029 2488 1152 2532 sunt
1196 2492 1325 2547 ergo
1371 2489 1563 2540 voces;
1603 2485 1655 2529 et
1686 2488 1871 2528 rursus
1917 2488 2018 2528 cur

422 2575 495 2627 ita
519 2582 571 2627 et
602 2588 664 2627 ea
705 2589 825 2641 qutc
855 2574 1197 2639 scribuntur,
1227 2580 1281 2627 et
1310 2586 1414 2624 non
1446 2568 1671 2632 dixerit,
1706 2577 1759 2622 et
1787 2566 2010 2631 litterae,
2040 2586 2045 2593 ·

420 2668 564 2736 quod
596 2668 812 2722 resolvit
839 2668 939 2722 hoc
987 2669 1165 2723 modo.
1209 2667 1416 2721 Dictum
1446 2674 1530 2720 est
1564 2674 1674 2719 tres
1716 2678 1837 2718 esse
1870 2660 2013 2730 apud

423 2755 810 2826 Peripateticos
843 2758 1148 2823 orationes,
1183 2774 1341 2811 unum
1373 2772 1488 2825 qua:
1514 2757 1706 2809 litteris
1733 2755 2011 2817 scribitur,

420 2848 580 2901 aliam
609 2864 727 2916 qum
760 2852 1026 2917 profertur
1054 2851 1105 2903 in
1138 2864 1290 2914 voce,
1328 2849 1540 2903 tertiam
1568 2862 1686 2918 quae
1716 2845 2039 2914 conjunge--

423 2948 573 2993 retur
603 2940 655 2992 in
682 2941 881 2993 animo.
915 2940 1064 3006 Quod
1103 2940 1148 2992 si
1180 2948 1289 2993 tres
1327 2938 1599 2991 orationes
1637 2944 1790 2998 sunt,
1832 2945 2012 3003 partes

422 3042 635 3096 quoque
669 3029 926 3083 orationis
969 3029 1203 3097 triplices
1252 3042 1373 3081 esse
1419 3027 1562 3081 nulla
1607 3026 1867 3079 dubitatio
1905 3032 2009 3078 est.

422 3119 599 3185 Quare
626 3122 876 3190 quoniam
907 3120 1126 3175 verbum
1157 3128 1212 3175 et
1242 3135 1435 3173 nomen
1475 3118 1843 3189 principaliter
1880 3132 2007 3171 ora-

2136 554 2254 607 qute
2280 540 2591 596 scribuntur
2620 556 2806 596 eorum
2856 544 3147 598 verborum
3188 554 3243 599 et
3287 547 3565 603 nominum
3604 568 3723 621 ῳιίε

2132 640 2255 684 sunt
2279 632 2330 683 in
2354 646 2518 686 voce:
2545 634 2689 702 quod
2715 638 3075 701 communiter
3087 637 3590 708 subintelligendunt
3614 651 3719 697 est.

2128 722 2254 776 licet
2277 738 2340 777 ea
2361 722 2480 792 quae
2504 725 2875 793 subjunximus
2896 728 3085 783 deesse
3104 730 3413 788 videantur:
3429 746 3594 799 quare
3618 747 3720 787 non

2131 827 2215 867 εει
2244 815 2512 883 disjuncta
2534 819 2799 873 sententia
2818 858 2833 885 ,
2867 820 2960 872 sed
2995 821 3176 887 prima:
3207 824 3560 891 propositioni
3588 839 3721 878 con-

2133 905 2301 960 tinua.
2336 907 2466 962 Nam
2513 924 2634 963 cum
2676 911 2801 979 quid
2848 912 2918 966 sit
2967 912 3224 978 verbum,
3254 924 3310 968 et
3351 902 3721 983 quid'nomen

2132 998 2370 1055 difﬁnire
2399 1002 2705 1068 constituit,
2736 1019 2857 1058 cum
2890 1006 3122 1061 numinis
3152 1015 3207 1061 et
3236 1008 3385 1062 verbi
3433 988 3724 1065 naturasit

2133 1093 2530 1159 multiplex,de
2571 1110 2676 1163 quo
2718 1096 2934 1151 nomine
2971 1106 3024 1151 et
3070 1100 3237 1152 verbo
3275 1108 3507 1154 tractare
3559 1100 3724 1155 vellet

2132 1181 2274 1233 clara
2298 1172 2697 1250 Signiﬁcatione
2730 1187 2989 1241 distinxit.
3030 1188 3295 1257 Incipiens
3335 1192 3509 1260 igitur
3538 1190 3608 1246 ab
3638 1192 3723 1248 his

2134 1272 2438 1326 numinibus
2466 1285 2521 1328 et
2544 1276 2727 1332 verbis
2747 1293 2869 1347 qua:
2888 1280 2938 1332 in
2965 1294 3097 1335 voce
3122 1290 3267 1347 sunt,
3288 1296 3513 1350 quorum
3536 1290 3725 1338 essent
3748 1266 3749 1269 η

2131 1363 2480 1431 signiﬁcativa
2510 1366 2783 1422 disseruit.
2811 1370 2899 1422 Ait
2921 1370 3064 1424 enim
3089 1370 3204 1425 ha‘c
3225 1373 3503 1440 passiones
3526 1374 3726 1428 animae

2129 1454 2433 1523 designare.
2474 1458 2607 1513 Illud
2644 1476 2855 1529 quoque
2895 1462 3092 1532 adjecit
3123 1463 3317 1530 quibus
3358 1466 3467 1533 ipsa
3501 1466 3728 1519 nomina

2129 1556 2181 1599 et
2205 1547 2363 1601 verba
2398 1563 2516 1614 quae
2570 1550 2623 1603 in
2666 1567 2794 1605 voce
2837 1562 2962 1607 sunt
2999 1555 3367 1624 designentur,
3401 1556 3481 1610 his
3513 1557 3734 1615 scilicet

2129 1654 2248 1705 qua:
2280 1639 2577 1695 litterarum
2611 1642 2856 1698 formulis
2900 1646 3298 1713 exprimuntur.
3332 1648 3436 1702 Sed
3470 1649 3730 1716 quoniam

2130 1747 2238 1786 non
2269 1736 2443 1788 omnis
2481 1751 2581 1789 vox
2611 1738 2963 1806 signiﬁcativa
2991 1749 3094 1803 est,
3140 1739 3301 1794 verba
3331 1748 3510 1794 autem
3541 1747 3599 1794 et
3624 1755 3753 1815 no-‘

2050 1814 2276 1891 Bmina
2302 1845 2572 1899 nunquam
2600 1814 3081 1907 signiﬁcationibus
3113 1842 3329 1897 carent;
3359 1833 3729 1903 quoniamque

2131 1934 2236 1973 non
2268 1924 2443 1973 omnis
2474 1936 2577 1975 vox
2612 1939 2730 1988 qua:
2764 1922 3033 1992 signiﬁcat
3060 1923 3289 1993 quadam
3324 1923 3593 1993 positione
3625 1923 3724 1977 de-
3752 1916 3753 1919 “

2128 2011 2323 2079 signat,
2355 2010 2447 2064 sed
2471 2011 2718 2078 qumdam
2746 2014 3083 2091 naturaliter,
3108 2024 3163 2068 ut
3192 2014 3463 2084 lacrymw,
3491 2014 3724 2083 gemitus

2128 2111 2289 2170 atque
2315 2116 2535 2165 mmror,
2559 2103 2870 2157 animalium
2888 2119 3101 2174 quoque
3120 2116 3439 2159 cancrorum
3472 2104 3725 2173 quaedam

2128 2208 2287 2249 voces
2315 2196 2628 2250 naturaliter
2651 2196 2851 2267 aliquid
2887 2184 3179 2253 ostendunt
3198 2240 3213 2264 ,
3248 2209 3303 2252 ut
3332 2215 3397 2253 ex
3427 2214 3617 2254 canum
3644 2200 3721 2253 la-

2130 2285 2395 2338 trantibus
2445 2287 2759 2354 iracundia,
2811 2303 3106 2359 eorumque
3160 2289 3262 2343 alia
3310 2291 3539 2359 quadam
3591 2306 3723 2347 voca

2126 2376 2491 2432 blandimenta
2529 2388 2929 2444 monstrantur;
2970 2381 3133 2435 verba
3185 2391 3363 2435 autem
3409 2395 3464 2437 et
3503 2383 3723 2438 nomina

2129 2468 2395 2537 positiOne
2424 2469 2748 2539 signiﬁcant,
2775 2486 2872 2526 nec
2898 2472 3071 2526 solum
3092 2481 3218 2528 sunt
3247 2474 3406 2527 verba
3432 2484 3485 2528 et
3507 2475 3720 2527 nomina

2126 2573 2286 2612 voces
2306 2599 2321 2623 ,
2349 2560 2443 2614 sed
2475 2575 2633 2615 voces
2664 2560 3058 2629 signiﬁcativte,
3100 2578 3199 2617 nec
3237 2564 3411 2618 solum
3453 2578 3615 2619 voces
3648 2564 3713 2617 si.

2125 2652 2475 2722 gniﬁcativaa,
2516 2654 2611 2708 sed
2652 2654 2811 2708 etiam
2851 2670 2971 2725 qua:
3009 2657 3271 2724 positione
3313 2655 3599 2724 designent
3625 2655 3719 2710 ali-

2125 2742 2273 2811 quid,
2307 2758 2412 2797 non
2440 2755 2650 2811 natura,
2678 2760 2784 2800 non
2815 2746 2985 2812 dixit;
3018 2757 3143 2801 sunt
3167 2747 3327 2817 igitur
3348 2762 3508 2802 voces
3536 2763 3719 2802 earum

2127 2849 2246 2903 qua:
2273 2844 2399 2888 sunt
2437 2838 2487 2889 in
2522 2837 2697 2890 anima
2738 2841 3047 2906 passionum
3078 2846 3253 2905 notat;
3285 2854 3516 2909 namque
3546 2850 3719 2910 neque

2123 2928 2299 2980 omnis
2333 2942 2437 2982 vox
2467 2928 2814 2998 signiﬁcativa
2853 2941 2962 2994 est,
2995 2943 3049 2987 et
3086 2941 3213 2985 sunt
3241 2932 3488 3001 qumdam
3518 2931 3717 3002 signiﬁo

2121 3022 2310 3075 cativae
2368 3039 2486 3093 qua:
2528 3024 2842 3078 naturaliter
2890 3039 2997 3078 non
3046 3027 3311 3094 positione
3354 3024 3655 3095 signiﬁcent
3698 3041 3716 3082 :

2123 3114 2263 3182 quod
2296 3113 2343 3168 si
2376 3115 2445 3167 ita
2475 3114 2730 3178 dixisset,
2761 3118 2892 3172 nihil
2925 3121 2988 3170 ad
3016 3118 3397 3187 proprietatem
3427 3118 3715 3173 verborum

422 3184 585 3265 tionis
628 3184 806 3281 partes
848 3223 1000 3278 sunt,
1042 3225 1198 3267 erunt
1228 3213 1329 3267 alia
1362 3214 1522 3268 verba
1558 3223 1612 3267 et
1643 3213 1856 3267 nomina
1891 3226 2016 3281 quae
2044 3184 2095 3249 θ
2126 3215 2180 3259 et
2212 3205 2485 3260 Hominum
2516 3207 2826 3275 pertineret.
2854 3209 3115 3276 QIIOCirca
3147 3224 3254 3266 non
3285 3210 3449 3264 voluit
3471 3223 3709 3265 commu-

422 3303 745 3369 scribantur,
778 3303 876 3357 alia
906 3320 1025 3374 quae
1053 3304 1333 3369 dicantur,
1362 3304 1463 3357 alia
1494 3320 1613 3373 qua:
1645 3304 1798 3357 tacita
1831 3312 2014 3356 mente

421 3400 739 3447 tractentur.
772 3396 907 3463 Ergo
934 3396 1187 3463 quoniam
1206 3395 1481 3466 proposuit
1510 3392 1735 3448 dicens’:
1771 3392 2012 3446 Primum

421 3493 633 3553 oportet
662 3487 988 3542 constituere
1028 3489 1155 3557 quid
1203 3490 1273 3541 sit
1314 3502 1508 3542 nomen
1551 3495 1606 3541 et
1634 3486 1757 3555 quid
1800 3485 1868 3538 sit
1894 3500 2015 3539 ver-

421 3576 546 3632 bum
574 3620 588 3644 ,
616 3568 807 3647 triplex
839 3589 1017 3633 autem
1050 3582 1324 3635 nominum
1365 3588 1554 3633 natura
1586 3588 1668 3631 est
1697 3585 1857 3645 atque
1885 3590 2007 3629 ver-

421 3673 647 3741 borum,
682 3676 748 3729 de
785 3677 977 3747 quibus
1018 3678 1354 3746 potissimum
1397 3675 1771 3745 proposuerit,
1812 3683 2013 3743 etquae

421 3764 655 3820 difﬁnire
681 3767 809 3821 velit
838 3768 1071 3822 ostendit
1090 3811 1102 3833 ,
1136 3778 1187 3822 et
1213 3769 1465 3838 quoniam
1496 3767 1564 3822 de
1591 3767 1675 3821 his
1705 3767 2012 3824 nominibus

421 3854 657 3923 loquitur
686 3872 749 3909 ac
790 3858 1004 3925 verbis,
1046 3873 1164 3925 quas
1195 3873 1326 3912 voce
1373 3856 1739 3924 proferuntur,
1777 3857 2007 3925 idipsum

421 3945 632 4014 planius
680 3947 953 4016 explicans
993 3947 1067 4001 ait
1113 3964 1126 4001 z
1175 3948 1310 4002 Sunt
1359 3962 1487 4016 ergo
1532 3962 1594 4001 ea
1636 3962 1755 4017 quae
1798 3956 1924 4002 sunt
1954 3949 2010 4004 in

421 4047 551 4089 voce
581 4050 761 4089 earum
795 4051 915 4105 qua:
944 4046 1067 4090 sunt
1096 4037 1147 4089 in
1179 4035 1355 4089 anima
1396 4036 1700 4104 passionum
1741 4045 1915 4107 notua,
1952 4051 2011 4094 et

419 4142 479 4179 ea
510 4142 629 4196 quae
653 4128 958 4181 scribuntur
988 4142 1171 4180 eorum
1199 4142 1318 4195 quae
1347 4134 1473 4180 sunt
1502 4126 1557 4181 in
1588 4141 1720 4182 voce
1739 4172 1753 4194 ,
1786 4128 1930 4183 velut
1960 4130 2006 4184 si

421 4218 619 4274 diceret
640 4238 651 4273 ε
671 4220 744 4273 Ea
765 4219 925 4274 vei-ba
949 4229 1003 4273 et
1027 4233 1090 4273 ea
1115 4218 1329 4272 nomina
1355 4234 1471 4287 quae
1492 4220 1544 4273 in
1569 4219 1739 4273 vocali
1763 4220 2007 4275 oratione

419 4312 781 4380 proferuntur,
815 4312 1007 4365 animae
1034 4312 1310 4379 passiones
1338 4310 1671 4366 denuntiant.
1706 4311 1795 4366 Illa
1827 4322 2005 4367 autem

417 4419 602 4459 rursus
632 4404 793 4457 verba
824 4415 878 4459 ct
909 4404 1124 4458 nomina
1154 4418 1275 4474 quae
1304 4403 1633 4472 scribuntur,
1665 4419 1853 4459 eorum
1883 4420 2006 4459 ver-

416 4501 604 4552 borum
634 4498 1018 4566 uominumque
1043 4496 1419 4566 signiﬁcationi
1453 4506 1685 4565 praesunt
1720 4514 1838 4565 quae
1869 4512 2004 4553 voce

2125 3297 2264 3350 niter
2291 3298 2471 3353 dicere
2503 3313 2690 3363 voces,
2722 3300 2817 3355 sed
2854 3300 2993 3356 dixit
3022 3310 3223 3355 tantum
3263 3316 3325 3356 ea
3362 3316 3482 3372 quae
3514 3311 3640 3357 sunt
3659 3301 3712 3355 is

2122 3405 2275 3445 voce.
2326 3389 2442 3445 Vox
2486 3392 2630 3445 enim
2683 3393 2985 3448 universale
3036 3394 3287 3464 quiddam
3334 3405 3447 3460 est,
3499 3396 3711 3451 nomina

2123 3497 2253 3538 vero
2282 3492 2336 3536 et
2362 3482 2526 3537 verba
2553 3493 2732 3553 partes
2751 3524 2767 3551 ,
2810 3498 2936 3555 pars
2966 3497 3141 3541 autem
3170 3487 3346 3541 omnis
3377 3487 3429 3541 in
3467 3496 3581 3542 toto
3610 3501 3709 3556 eat,

2063 3591 2078 3603 ο
2122 3574 2287 3629 verba
2334 3590 2464 3646 ergo
2506 3584 2563 3631 et
2607 3577 2823 3631 nomina
2870 3579 3121 3648 quoniam
3159 3590 3286 3633 sunt
3324 3580 3465 3633 intra
3493 3595 3708 3638 vocem.

2121 3677 2268 3722 recte
2291 3667 2490 3722 dictum
2512 3676 2624 3733 est,
2656 3682 2719 3722 ea
2740 3683 2861 3737 qua:
2890 3679 3015 3723 sunt
3045 3671 3096 3723 in
3125 3684 3289 3726 voce.
3321 3671 3466 3724 velut
3494 3671 3540 3724 si
3569 3671 3703 3727 dice-

2120 3768 2224 3825 ret,
2256 3760 2508 3828 quoniam
2552 3760 2692 3813 intra
2725 3774 2910 3814 vocem
2941 3761 3311 3826 continentur,
3345 3761 3709 3817 iutellectuum

2117 3849 2444 3919 designativa
2468 3858 2624 3913 sunt;
2654 3851 2750 3903 sed
2780 3849 2881 3903 hoc
2905 3850 3080 3904 simile
3099 3859 3184 3906 est
3211 3867 3273 3906 ac
3299 3856 3343 3906 si
3367 3853 3437 3907 ita
3461 3853 3709 3920 dixisset,

2119 3956 2219 3995 vox
2242 3952 2390 3994 certo
2425 3939 2586 3994 modo
2617 3954 2677 3993 se
2708 3939 2913 3993 habens
2940 3940 3207 4009 signiﬁcat
3237 3942 3556 3997 intellectus.
3589 3943 3707 3999 Non

2115 4032 2259 4089 enim
2292 4032 2379 4103 (ut
2419 4031 2618 4085 dictum
2652 4032 2766 4100 est)
2799 4047 2991 4087 nomen
3034 4043 3089 4089 et
3136 4038 3360 4089 verbum
3400 4050 3555 4090 voces
3588 4046 3704 4091 tan-

2115 4136 2228 4182 tum
2261 4137 2405 4180 sunt.
2438 4125 2589 4182 Sicut
2625 4142 2875 4182 nummus
2899 4143 3113 4198 quoque
3141 4145 3245 4185 non
3289 4131 3461 4187 solum
3490 4148 3565 4186 aes
3606 4133 3703 4187 im-

2112 4232 2358 4288 pressum
2386 4221 2613 4287 quadam
2646 4218 2811 4289 ﬁgura
2843 4229 2946 4285 est,
2976 4231 3032 4274 ut
3060 4237 3311 4276 nummus
3342 4234 3583 4291 vocetur,
3609 4224 3701 4279 sed

2113 4314 2274 4367 etiam
2323 4321 2379 4365 ut
2434 4311 2655 4366 alterius
2703 4314 2774 4365 sit
2819 4311 2895 4365 rei
2945 4314 3208 4382 pretium;
3250 4313 3440 4369 eodem
3492 4330 3699 4386 quoque

2112 4406 2273 4458 modo
2300 4406 2461 4460 verba
2505 4415 2558 4458 et
2610 4406 2823 4458 nomina
2858 4421 2962 4459 non
3008 4406 3181 4458 solum
3226 4422 3385 4462 voces
3419 4400 3701 4474 sunt,‘sed

2115 4499 2301 4566 positae
2348 4496 2414 4549 ad
2470 4497 2756 4565 quamdam
2816 4500 3180 4554 intellectuum
3234 4500 3699 4570 signiﬁcationem.

416 4592 780 4661 proferuntur.
832 4590 964 4645 Nam
1008 4593 1146 4645 sicut
1188 4592 1390 4645 vocalis
1431 4593 1689 4647 orationis
1741 4578 1900 4647 verba
1948 4603 2003 4647 et
2028 4569 2084 4630 Ῑ)
2112 4592 2224 4647 Vox
2262 4593 2405 4647 enim
2437 4583 2555 4661 quae
2582 4592 2714 4647 nihil
2751 4593 3031 4663 designat,
3064 4604 3119 4647 ut
3148 4601 3231 4649 est
3265 4595 3548 4665 gargulus,
3580 4596 3699 4650 licet

412 4684 629 4736 nomina
653 4684 1031 4753 conceptiones
1048 4685 1211 4737 animi
1238 4684 1647 4755 intellectusque
1674 4685 2000 4754 signiﬁcant,

412 4776 482 4828 ita
512 4790 724 4843 quoque
752 4778 913 4828 verba
944 4785 998 4830 et
1032 4777 1247 4830 nomina
1282 4776 1369 4830 illa
1397 4793 1515 4847 quae
1553 4779 1606 4831 in
1645 4778 1773 4832 solis
1800 4779 2002 4832 littera-

410 4883 529 4921 rum
555 4868 795 4920 formulis
825 4868 1001 4935 jacent
1044 4868 1259 4923 illorum
1312 4870 1596 4926 verborum
1627 4881 1679 4926 et
1719 4872 1998 4925 nominum

410 4960 762 5029 signiﬁcativa
791 4969 917 5013 sunt
945 4977 1062 5029 quae
1096 4962 1390 5031 loquimur,
1423 4962 1475 5016 id
1512 4972 1596 5017 est
1622 4978 1740 5031 quas
1775 4977 1870 5031 per
1904 4978 1996 5017 vo-

407 5065 525 5105 cem
551 5066 835 5114 sonamus;
870 5068 989 5105 nam
1019 5054 1157 5122 quod
1186 5055 1260 5109 ait
1286 5073 1298 5108 :
1327 5054 1463 5109 Sunt
1488 5069 1618 5123 ergo
1646 5071 1707 5108 ea
1736 5070 1853 5123 qua:
1873 5064 1999 5109 sunt

407 5145 463 5199 itt
498 5162 647 5211 voce,
682 5146 1108 5204 subaudiendum
1137 5160 1220 5205 est
1246 5151 1460 5203 nomina
1491 5161 1545 5204 et
1567 5150 1748 5205 verba.
1779 5150 1849 5204 Et
1877 5166 1997 5205 rur-

404 5249 497 5288 sus
524 5251 644 5289 cum
687 5237 813 5292 dicit
859 5255 873 5292 :
916 5237 981 5292 Et
1019 5254 1079 5293 ea
1110 5254 1230 5308 qua:
1260 5239 1592 5303 scribuntur,
1627 5240 1763 5294 idem
1792 5238 1993 5297 subne-

404 5328 654 5381 ctendnm
685 5344 871 5382 rursus
898 5340 999 5395 est,
1024 5331 1182 5382 verba
1207 5328 1407 5382 scilicet
1431 5337 1486 5382 et
1508 5332 1743 5385 numina.
1772 5331 1992 5399 thuod

402 5433 588 5475 rursus
619 5421 814 5490 adjecit
844 5440 858 5475 :
894 5422 1091 5474 Eorum
1124 5436 1243 5490 qnte
1269 5429 1394 5473 sunt
1423 5423 1473 5476 in
1503 5436 1655 5491 voce,
1689 5423 1988 5479 addendum

403 5525 514 5577 est,
564 5531 749 5569 eorum
805 5517 1078 5570 nominum
1121 5523 1278 5582 atque
1319 5514 1601 5569 verborum
1637 5530 1755 5583 quas
1794 5518 1994 5585 profert

400 5616 560 5675 atque
604 5609 835 5677 explicat
873 5606 1073 5660 vocalis
1114 5605 1303 5658 oratio.
1347 5606 1499 5671 Quod
1532 5606 1576 5659 si
1617 5608 1750 5661 nihil
1781 5608 1993 5665 deesset

398 5702 662 5763 omnino,
714 5701 787 5753 ita
833 5699 968 5751 foret
1010 5696 1169 5749 totius
1214 5695 1490 5765 plenitudo
1522 5699 1822 5753 sententiae.
1855 5700 1993 5755 Sunt

396 5810 525 5863 ergo
554 5809 615 5847 ea
640 5791 856 5847 nomina
881 5798 935 5843 ct
958 5786 1121 5844 verba
1141 5803 1260 5859 quae
1281 5788 1337 5843 iit
1356 5802 1489 5844 voce
1515 5797 1642 5845 sunt
1666 5804 1848 5846 earum
1871 5809 1991 5865 qua!

2108 4699 2226 4739 eam
2253 4683 2585 4752 grammatici
2610 4684 2832 4754 ﬁguram
2884 4684 3031 4738 vocis
3061 4684 3329 4740 intuentes
3357 4700 3552 4741 nomen
3578 4700 3697 4742 esse

2107 4777 2468 4842 contendant,
2502 4787 2685 4832 tamen
2718 4794 2834 4833 eam
2869 4793 3063 4834 nomen
3097 4781 3434 4850 philosophia
3465 4798 3569 4834 non
3603 4798 3695 4851 pu-

2107 4870 2263 4932 tavit,
2320 4870 2421 4922 nisi
2469 4871 2539 4923 sit
2582 4871 2753 4939 posita
2791 4880 2848 4923 ut
2894 4870 3205 4941 designaret
3244 4871 3479 4943 aliquam
3530 4872 3696 4926 animi

2103 4962 2543 5030 conceptionem,
2573 4978 2743 5033 eoque
2775 4964 2935 5019 modo
2957 4964 3261 5033 signiﬁcare
3288 4963 3486 5034 aliquid
3515 4980 3695 5020 rerum

2109 5054 2307 5125 possit,
2342 5054 2539 5109 etenim
2580 5071 2774 5111 nomen
2814 5057 3038 5125 alicujus
3088 5070 3284 5112 nomen
3323 5071 3446 5113 esse
3472 5071 3695 5113 necesse

2107 5147 2237 5211 erit;
2266 5146 2360 5201 sed
2390 5146 2434 5200 si
2463 5162 2565 5201 vox
2594 5147 2768 5216 aliqua
2796 5147 2924 5201 nihil
2964 5147 3240 5217 designat,
3271 5148 3473 5203 nullius
3496 5163 3690 5204 nomen

2102 5250 2217 5303 est;
2242 5252 2408 5309 quare
2440 5239 2487 5293 si
2525 5240 2722 5294 nullius
2746 5255 2938 5295 nomen
2970 5249 3091 5309 est,
3127 5256 3226 5295 nec
3251 5256 3448 5296 nomen
3478 5242 3691 5311 quidem

2102 5346 2225 5386 esse
2245 5330 2663 5403 dicitur.Atquc
2691 5332 2810 5386 ideo
2845 5331 3150 5402 hujusmodi
3172 5346 3308 5400 vox,
3340 5332 3391 5387 id
3417 5343 3501 5388 est
3529 5333 3688 5403 signi-

2098 5422 2344 5487 ﬁcativa,
2381 5438 2486 5477 non
2530 5440 2632 5477 vox
2684 5433 2919 5491 tantum,
2952 5425 3045 5480 sed
3082 5425 3307 5481 verbum
3341 5434 3566 5480 vocatur
3600 5436 3688 5480 aut

2097 5529 2319 5582 nomen,
2343 5517 2794 5587 quemadmodum
2822 5532 3074 5574 nummus
3100 5533 3207 5574 non
3234 5502 3330 5585 tes,
3352 5518 3447 5573 sed
3472 5518 3686 5588 proprio

2097 5608 2313 5664 nomine
2349 5624 2624 5676 nummus,
2649 5625 2756 5680 quo
2781 5611 2850 5668 ab
2886 5613 2990 5667 alio
3012 5628 3121 5667 tere
3149 5613 3452 5681 discrepet,
3484 5628 3683 5667 nuncu-
3750 5650 3755 5665 τ

2102 5712 2275 5771 patur.
2307 5704 2445 5773 Ergo
2471 5705 2779 5760 Aristotelis
2806 5706 2923 5760 haec
2950 5706 3214 5761 sententia
3244 5720 3349 5775 qua
3377 5705 3454 5759 ait
3475 5720 3539 5759 ea
3566 5720 3683 5775 quas

2093 5806 2221 5850 sunt
2247 5797 2298 5850 in
2331 5810 2464 5852 voce
2490 5836 2506 5863 ,
2549 5798 2682 5853 nihil
2720 5801 2861 5855 aliud
2899 5801 3143 5870 designat
3178 5799 3280 5857 nisi
3308 5814 3431 5856 eam
3460 5811 3681 5869 vocem,
