4022 6332
325 441 451 504 qua:
478 437 587 481 non
608 418 798 491 solum
826 423 930 465 vox
964 404 1060 471 sit,
1102 399 1197 456 sed
1240 408 1359 466 quae
1387 405 1417 445 c

320 476 453 584 Beat
490 482 672 573 tamen
716 508 945 576 aliquam
993 496 1377 568 proprietatem
1414 490 1469 536 et
1510 476 1742 543 aliquam
1787 476 1920 534 quo-

322 610 620 676 dammodo
648 606 868 675 ﬁguram
900 592 1085 663 positae
1125 571 1526 652 signiﬁcationis
1558 568 1878 634 impressam
1898 597 1915 622 ,

1456 666 1466 675 '
1639 666 1750 676 -ηρ-
1794 654 1915 676 ιιι-η.

324 654 617 676 υαιιιιι-νκν
648 654 769 675 -υργ
902 654 914 663 -

324 713 522 767 horum
552 713 703 764 vero,
730 696 783 750 id
815 699 897 746 est
921 684 1209 739 verborum
1242 682 1295 727 et
1325 666 1602 725 nominum
1632 666 1753 727 qua:
1794 654 1921 704 sunt

1612 756 1685 767 γ--Α
1719 741 1921 767 --ιιέιιηθ

325 741 522 767 ιιυιυιιι
561 741 703 764 ννη,
732 741 783 750 ._
819 741 890 746 --ν

325 803 388 857 in
412 810 576 859 voce,
604 791 781 857 aliquo
815 778 973 835 modo
1003 786 1124 828 sese
1153 768 1417 824 habente,
1462 769 1524 811 ea
1563 756 1689 817 sunt
1718 741 1925 799 scilicet

326 884 682 963 signiﬁcativa
704 891 827 949 quae
852 871 1182 928 scribuntur,
1209 870 1265 912 ut
1286 857 1387 909 hoc
1417 846 1559 920 quod
1589 843 1791 898 dictum
1815 840 1922 897 est,

1027 961 1037 963 -
1065 958 1075 963 ·
1352 946 1362 957 ⁸
1386 944 1525 963 Δειη...
1560 935 1756 963 ,πωπω
1804 939 1922 963 mm.

326 935 639 963 νεουι--ν---τ
724 935 739 949 .

326 1000 455 1058 quae
492 978 819 1035 scribuntur,
844 968 911 1020 de
933 958 1109 1016 verbis
1131 970 1195 1009 ac
1222 944 1528 1006 nominibus
1557 935 1782 994 dictum,
1804 939 1926 996 quae

943 1055 988 1058 7L
1205 1046 1238 1058 “
1287 1030 1680 1058 “⁴’⁸“⁴-Α¹υ“η
1713 1032 1926 1058 ηηηηηρ

329 1030 459 1135 :unt
482 1074 537 1128 in
568 1065 790 1128 litteris,
824 1055 1172 1122 intelligatur.
1204 1046 1384 1099 Potest
1411 1047 1542 1091 vero
1566 1030 1683 1085 haec
1712 1032 1927 1093 quoque

331 1114 459 1135 su...
776 1114 790 1128 ,
998 1114 1027 1122 ν

331 1185 457 1229 esse
485 1166 619 1222 ratio
648 1175 744 1215 cur
765 1152 982 1216 dixerit,
1012 1156 1065 1203 et
1084 1159 1146 1199 ea
1170 1154 1289 1210 qua:
1314 1131 1647 1203 scribuntur,
1669 1114 1928 1191 quoniam

331 1205 457 1229 σθω
485 1205 618 1222 ιιι-ιν
649 1205 735 1215 ν..-
769 1205 902 1210 ..-ην
969 1205 982 1216 ,
1190 1205 1205 1210 _

330 1265 546 1319 litteras
570 1263 626 1310 et
651 1250 878 1317 scriptas
917 1242 1111 1311 ﬁguras
1144 1241 1200 1303 et
1237 1239 1430 1291 voces,
1464 1233 1584 1291 quae
1613 1210 1818 1270 eisdem
1849 1205 1928 1261 si-

330 1354 655 1427 gniﬁcantur
679 1338 940 1400 formulis,
963 1337 1355 1401 nuncupamus,
1400 1324 1460 1370 ut
1484 1330 1516 1366 α
1541 1318 1597 1367 et
1625 1310 1742 1378 ipse
1762 1313 1928 1358 sonus

1414 1410 1459 1427 24
1504 1402 1744 1427 --.t.:....cn
1775 1406 1928 1427 nm...“

334 1402 534 1504 littera:
575 1446 772 1495 nomen
811 1432 985 1499 capit,
1019 1433 1073 1479 et
1112 1420 1204 1475 illa
1250 1428 1369 1485 quae
1414 1410 1467 1462 in
1503 1402 1745 1471 subjecto
1774 1406 1930 1450 carae

337 1555 525 1599 vocem
552 1530 863 1606 signiﬁcans
902 1523 1077 1577 forma
1105 1507 1444 1569 describitur.
1477 1497 1766 1565 Designare
1800 1501 1931 1556 ergo

339 1636 527 1690 volens
545 1586 742 1698 quibus
770 1615 947 1675 verbis
972 1621 1134 1679 atque
1161 1598 1468 1659 nominibus
1491 1606 1557 1647 ea
1577 1601 1696 1657 qua:
1723 1586 1776 1638 in
1798 1592 1931 1634 voce

1563 1680 1619 1698 ,ι
1664 1677 1723 1698 ,,
1770 1684 1930 1698 ,,“η“

345 1735 472 1784 sunt
518 1677 809 1789 apparent,
844 1723 951 1764 non
1000 1677 1139 1758 dixit
1186 1697 1435 1755 litteras,
1479 1680 1623 1754 quod
1660 1677 1727 1733 ad
1768 1684 1932 1730 sonos

342 1821 502 1877 etiam
523 1768 714 1870 relerri
745 1808 955 1877 poterat
979 1799 1299 1851 litterarum,
1323 1782 1416 1839 sed
1446 1779 1522 1834 ait
1546 1788 1667 1845 qua:
1686 1768 1931 1826 scribun-

341 1925 447 1978 tur,
479 1918 537 1963 ut
559 1858 871 1961 ostenderet
894 1893 962 1948 de
992 1888 1076 1944 his
1108 1880 1297 1939 litteris
1324 1876 1508 1931 dicere
1536 1882 1655 1937 quae
1693 1866 1747 1917 in
1798 1858 1931 1914 scri-

353 2573 444 2618 tur
463 2599 479 2625 ,
512 2510 613 2609 non
654 2549 829 2622 potius
854 2542 919 2597 ad
948 2540 1160 2596 litteras
1179 2572 1194 2598 ,
1216 2528 1310 2585 sed
1350 2523 1417 2578 ad
1447 2520 1614 2576 verba
1644 2525 1701 2571 et
1727 2510 1946 2568 nomina

353 2669 475 2726 quae
504 2646 677 2721 posita
708 2648 834 2697 sunt
865 2638 918 2691 in
958 2635 1258 2688 litterarum
1297 2616 1681 2685 inscriptione,
1710 2606 1951 2677 referens

355 2710 724 2803 dumjltestat
752 2734 913 2804 igitur
951 2736 1008 2781 ut
1035 2721 1161 2779 illud
1189 2729 1401 2788 quoque
1422 2710 1683 2766 addamus
1709 2717 1806 2787 cur
1836 2713 1943 2753 non

357 2836 433 2895 ita
472 2830 690 2890 dixerit.
724 2827 862 2883 Sunt
912 2833 1041 2888 ergo
1070 2832 1131 2870 ea
1168 2826 1287 2883 quae
1321 2814 1445 2862 sunt
1485 2804 1536 2856 in
1573 2812 1705 2854 voce
1746 2793 1952 2849 intelle-

360 2943 541 2989 ctuum
570 2934 727 2980 noue.
749 2916 858 2976 Sed
876 2917 1168 2979 ita,earum
1192 2916 1310 2975 qua!
1332 2896 1524 2954 suntin
1548 2895 1724 2947 anima
1743 2884 1951 2956 passio-

365 3040 488 3081 num
518 3027 682 3073 notae.
707 3011 838 3067 Nam
870 3019 992 3062 cum
1018 3016 1081 3056 ea
1115 3011 1233 3068 quat
1265 3000 1387 3048 sunt
1422 2989 1473 3040 in
1501 2997 1632 3040 voce
1662 2994 1747 3034 res
1788 2972 1949 3030 intel-

363 3116 638 3180 lectusque
666 3102 990 3173 signiﬁcent,
1011 3085 1376 3164 principaliter
1390 3077 1602 3151 quidem
1622 3071 1949 3128 intellectus,

364 3222 455 3264 res
482 3166 612 3259 vero
637 3166 772 3268 quas
801 3193 915 3262 ipsa
942 3177 1291 3252 intelligentia
1309 3166 1736 3241 comprehendit,
1764 3173 1958 3231 secun-

367 3496 487 3553 quaa
538 3479 593 3529 in
641 3470 873 3524 animam
906 3476 973 3516 ex
1007 3451 1263 3524 subjectis
1292 3445 1514 3501 veniunt
1554 3437 1734 3493 rebus.
1766 3432 1964 3487 Passus

1027 3551 1036 3553 ‘
1236 3542 1249 3553 '
1293 3549 1301 3553 ‘
1348 3548 1358 3553 -
1417 3549 1446 3553 —-
1507 3544 1656 3553 ------
1687 3523 1961 3553 :nlnl|nnln

369 3523 513 3631 :nim
541 3564 769 3639 quilibet
810 3557 926 3626 ejus
964 3551 1042 3606 rei
1072 3523 1476 3617 proprietatem,
1501 3544 1658 3602 quam
1687 3523 1963 3607 intellectu

370 3604 513 3631 CIIII"
584 3604 769 3621 υηινν-
812 3604 923 3626 νδ..-
966 3604 1013 3606 ,,
1074 3604 1089 3617 ι
1174 3604 1189 3614 .

370 3604 751 3734 εοωρῖἒειίιυι·
770 3692 785 3719 ,
816 3649 882 3704 ad
912 3646 1029 3716 ejus
1053 3634 1485 3697 enuntiationem
1516 3604 1973 3695 designationem-‘1

1065 3733 1070 3734 ⁷
1233 3729 1241 3734 ·
1334 3722 1367 3734 “⁶
1515 3732 1524 3734 μ
1556 3728 1665 3734 μ--Α
1694 3707 1944 3734 ἒ-ι..11;ηἶι

372 3770 477 3828 que
499 3707 786 3807 contendit
809 3707 965 3794 zeum
990 3733 1133 3788 enim
1156 3729 1279 3797 quis
1302 3722 1533 3791 aliquam
1556 3728 1669 3770 rem
1694 3707 1968 3775 intelligit,

973 3826 986 3828 -
1326 3824 1428 3828 πλ-
1465 3815 1537 3828 --ι
1570 3800 1861 3828 εηιηιιηηιω
1890 3794 1967 3828 ..οῖ

376 3794 527 3915 prius
555 3830 940 3905 imaginatione
967 3826 1190 3878 formam
1213 3824 1435 3869 necesse
1459 3815 1542 3863 est
1570 3800 1861 3858 intelleCtae
1890 3794 1969 3848 rei

1083 3914 1089 3915 ’
1284 3906 1308 3915 "
1357 3912 1365 3915 -
1468 3899 1481 3915 ι
1562 3895 1683 3915 ν--εΑ-
1739 3889 1821 3915 -.ι-ι
1851 3899 1969 3915 πη...

377 3889 870 4011 ἕτορτὶθιειιῖξωίιυθ
898 3914 1170 3983 suscipiat,
1199 3915 1257 3962 et
1278 3906 1373 3958 ﬁat
1398 3899 1485 3956 vel
1513 3895 1710 3967 passio,
1739 3889 1823 3945 vel
1849 3899 1972 3941 cum

940 4010 945 4011 ,
1051 4006 1079 4011 __
1400 3993 1563 4011 ί
1595 3989 1693 4011 LM
1721 3997 1849 4011 MM
1879 3996 1972 4011 Μ-

382 3989 637 4099 passione
666 4014 909 4089 quaedam
935 4006 1239 4063 intellectus
1263 3993 1567 4069 perceptio;
1595 3989 1695 4041 hac
1721 3997 1850 4037 vero
1879 3996 1975 4049 po-

1005 4096 1055 4099 ἠ
1242 4089 1273 4099 ἰ
1386 4095 1393 4099 -
1492 4080 1544 4099 ιι.
1577 4072 1874 4099 ε...ιε,.,...ιιη.
1907 4068 1970 4099 ..Α

380 4068 499 4171 :ita
528 4126 591 4165 ac
613 4068 890 4163 injmenlis
928 4096 1145 4152 sedibus
1175 4068 1456 4149 collocata,
1491 4080 1551 4133 ﬁt
1577 4072 1875 4131 indicandae
1907 4068 1973 4122 ad

391 4206 622 4263 alterum
648 4186 910 4268 passionis
944 4189 1222 4247 voluntas,
1251 4180 1334 4233 cui
1363 4184 1512 4229 actus
1554 4167 1773 4240 quidem
1806 4159 1978 4216 conti-

389 4286 620 4357 nuandaa
647 4282 1011 4357 intelligentiae
1036 4268 1281 4348 protinus
1312 4285 1376 4323 ex
1408 4265 1611 4321 intima:
1639 4256 1863 4313 rationis
1887 4267 1979 4321 po—

391 4398 585 4446 testate
628 4342 964 4451 supervEnit,
992 4342 1151 4441 quem
1203 4361 1437 4431 explicat
1467 4353 1672 4409 scilicet
1709 4358 1761 4402 et
1794 4342 1981 4401 eﬁ‘udit

392 4480 567 4539 oratio
587 4517 604 4541 ,
630 4476 807 4528 nitens
837 4483 899 4522 ea
928 4439 1048 4534 quae
1079 4457 1321 4529 primitus
1354 4450 1408 4504 in
1442 4454 1623 4504 mente
1660 4439 1874 4495 fundata
1900 4444 1982 4489 est

395 4556 1067 4647 passione,sive,quodest
1084 4550 1281 4614 verius,
1312 4553 1596 4614 progressa
1624 4532 1819 4595 oratio,
1866 4543 1985 4597 pro-

1127 4643 1173 4647 “
1273 4640 1283 4647 ·
1489 4644 1497 4647 -
1576 4624 1893 4647 ’νέα--..ιτα
1926 4634 1985 4647 ,Α

397 4624 675 4741 grediente
716 4624 876 4708 simul
912 4658 966 4703 et
1005 4640 1394 4714 signiﬁcatione
1451 4644 1505 4688 et
1546 4624 1897 4700 signiﬁcantis
1926 4634 1987 4675 se

398 4716 511 4741 Dn,

398 4754 658 4815 orationis
708 4746 939 4801 motibus
967 4741 1301 4806 atheqnantp.
1338 4730 1422 4785 Fit
1464 4740 1593 4780 vero
1647 4724 1762 4775 haec
1807 4716 1989 4788 passio

400 4855 541 4909 Velut
572 4847 762 4916 ﬁgurae
803 4836 1030 4905 alicujus
1070 4827 1373 4898 impressio,
1404 4821 1495 4877 sed
1526 4810 1601 4872 ita~
1627 4825 1683 4870 ut
1713 4814 1765 4866 in
1808 4810 1990 4863 animo

402 4946 516 5001 ﬁeri
545 4934 846 4994 consuevit.
894 4929 1065 4983 Aliter
1098 4933 1329 4989 namque
1379 4910 1697 4969 naturaliter
1721 4913 1803 4961 est
1853 4902 1906 4954 in
1935 4911 1991 4952 re

402 5036 643 5110 qualibet
675 5024 887 5098 propria
917 5023 1118 5091 ﬁguta,
1152 5015 1317 5093 aliter,
1334 5023 1462 5063 vero
1501 5004 1616 5074 ejus
1664 5001 1727 5053 ad
1754 4998 1991 5054 animum

1370 5104 1383 5110 -
1615 5097 1628 5110 .
1762 5108 1771 5110 _
1840 5109 1846 5110 ί
1912 5089 1991 5110 ῃ,

404 5086 547 5110 ‘1"""
604 5086 609 5087 ’
677 5086 688 5098 I
775 5086 789 5096 -
958 5086 981 5091 ν
1313 5086 1317 5093 ,

404 5136 574 5187 I'nrma
608 5122 945 5178 transfertur,
982 5112 1119 5166 velut
1153 5124 1256 5161 non
1287 5104 1474 5158 eodem
1508 5097 1667 5152 modo
1704 5108 1879 5156 carae,
1912 5089 1995 5143 vel

407 5219 699 5280 marmori,
750 5211 829 5265 vel
861 5207 1088 5269 chartis,
1125 5203 1344 5262 littergc,
1372 5195 1425 5249 id
1469 5184 1565 5246 est
1606 5201 1789 5240 vocum
1822 5186 1996 5251 signa,

408 5311 757 5369 mandantur,
790 5312 843 5357 et
868 5295 1302 5366 imaginationem
1337 5284 1501 5343 Stoici
1537 5299 1565 5335 a
1597 5264 1759 5357 rebus
1801 5277 1853 5328 itt
1885 5274 2001 5327 ani-

410 5420 555 5463 mam
590 5398 903 5455 translatam
925 5393 1231 5459 loquuntur,
1264 5378 1357 5435 sed
1388 5394 1509 5432 cum
1539 5354 1839 5442 adiectione
1856 5354 2001 5423 sem-

415 5514 535 5571 per,
565 5495 827 5553 dicentes,
859 5488 917 5542 ut
944 5485 997 5538 in
1035 5482 1208 5535 anima
1241 5474 1355 5529 ﬁeri
1395 5467 1688 5525 consuevit.
1743 5460 2004 5530 Quocirca

416 5608 541 5649 eum
571 5589 748 5645 omnis
790 5582 982 5637 animm
1016 5576 1192 5642 passio
1228 5569 1302 5623 rei
1331 5565 1570 5637 quaedam
1604 5557 1846 5612 videatur
1888 5566 2009 5608 esse

423 5683 745 5755 proprietas,
792 5689 950 5745 patro
981 5680 1157 5723 autem
1188 5676 1311 5719 cum
1342 5653 1687 5726 designativae
1732 5662 1891 5703 voces
1923 5648 2008 5700 in-

427 5741 739 5835 tollixnuum
766 5741 1148 5840 principaliter,
1176 5770 1355 5812 rerum
1378 5750 1573 5808 dehinc
1590 5763 1619 5801 a
1646 5746 1838 5818 quibus
1857 5741 2013 5798 intel-

1041 290 1103 347 IN
1142 278 1408 343 LIBRUM
1437 273 1531 330 DE
1570 246 2225 325 INTERPRETATIONE
2263 247 2489 307 EDITIO
2526 241 2867 317 SECUNDJ,

1419 401 1509 444 um
1555 394 1658 437 vox
1687 375 1787 439 sit,
1817 370 1915 425 ha-
1944 370 2000 431 Α
2024 368 2193 424 lectus
2219 362 2443 435 profecti
2485 369 2611 417 sunt
2641 352 3032 429 signiﬁcatione
3070 350 3326 413 nitantur,
3347 342 3605 417 quidquid

2918 140 3136 161 πισοσησλθξια-
3173 143 3203 155 ην
3232 147 3241 151 -
3288 142 3293 149 ι

3498 227 3605 285 HO

2026 470 2112 517 est
2148 463 2203 515 itt
2255 457 2474 513 vocibus
2520 449 2968 523 signiﬁcativum,
2997 443 3051 499 id
3091 443 3283 497 anima:
3328 436 3605 508 passiones

2028 551 2308 621 designat;
2342 546 2441 603 sed
2471 544 2555 599 hae
2580 541 2859 612 passiones
2901 535 3199 590 animorum
3229 544 3293 585 ex
3322 540 3499 583 rerum
3529 522 3607 579 si-

2031 616 2331 700 militudine
2358 644 2709 709 procreantur
2730 652 2742 685 :
2763 630 2950 687 videns
2971 640 3200 695 namque
3230 622 3422 690 aliquis
3438 616 3610 687 sphae-

2030 753 2179 803 ram,
2227 729 2701 815 vel'quadratum,
2752 725 2840 778 vel
2882 718 3176 792 quamlibet
3222 726 3400 768 rerum
3450 708 3609 763 aliam

2031 827 2290 900 ﬁguram,
2324 811 2441 879 eam
2488 823 2541 875 in
2593 816 2757 872 animi
2797 811 3145 883 intelligentia
3192 804 3424 876 quadam
3465 799 3513 854 vi
3551 794 3617 854 ac

2030 917 2376 977 similitudine
2423 914 2585 982 capit.
2635 908 2771 963 Nam
2820 905 2910 976 qui
2937 904 3207 973 sphaeram
3238 894 3468 959 viderit,
3498 889 3614 958 ejus

2032 1009 2438 1069 similitudinem
2492 1006 2546 1060 in
2574 1002 2757 1056 animo
2799 992 3080 1066 perpendit
3109 1000 3162 1045 et
3198 988 3425 1056 cogitat,
3455 991 3615 1051 atque

2032 1105 2153 1175 ejus
2183 1103 2236 1157 in
2266 1100 2445 1155 animo
2475 1092 2763 1165 quamdam
2778 1101 2786 1111 κ
2800 1101 2989 1158 passus
3016 1081 3333 1152 imaginem,
3368 1075 3421 1130 id
3463 1072 3617 1142 cujus

2032 1198 2323 1269 imaginem
2358 1191 2557 1263 patitur
2583 1184 2845 1256 agnoscit.
2876 1178 3061 1233 Omnis
3107 1188 3235 1230 vero
3282 1164 3457 1239 imago
3496 1166 3615 1231 rei,

2034 1291 2187 1360 cujus
2251 1259 2425 1354 imago
2469 1289 2553 1337 est
2609 1272 3223 1333 similitudinem‘tenet;
3259 1277 3410 1319 mens
3454 1259 3615 1331 igitur

2034 1394 2157 1435 cum
2210 1375 2487 1442 intelligit,
2519 1383 2697 1425 rerum
2750 1361 3149 1420 similitudinem
3190 1344 3613 1424 comprehendit.

2036 1469 2190 1527 Unde
2241 1467 2299 1521 ﬁt
2338 1474 2414 1520 ut.
2448 1476 2569 1518 cum
2600 1460 2827 1514 duorum
2874 1464 3160 1522 corporum
3203 1446 3376 1515 majus
3417 1456 3615 1505 unum,

2035 1563 2215 1619 minus
2243 1558 2472 1613 alterum
2511 1562 2858 1614 contuemur,
2908 1559 2939 1599 a
2977 1555 3138 1599 sensu
3181 1547 3365 1609 postea
3401 1531 3620 1590 remotis

2036 1652 2353 1723 corporibus
2384 1647 2470 1701 illa
2503 1646 2617 1715 ipsa
2644 1652 2874 1709 corpora
2898 1634 3219 1707 cogitantes,
3250 1628 3377 1684 illud
3407 1637 3619 1696 quoque

1960 1753 2011 1815 Β
2037 1743 2298 1803 memoria
2326 1746 2594 1799 servante,
2624 1732 2933 1788 noverimus
2981 1727 3320 1791 sciemusque
3346 1717 3487 1789 quod
3518 1717 3617 1769 mi-

1998 1852 2003 1857 ·
2037 1854 2160 1904 nus,
2176 1833 2319 1906 quod
2333 1845 2462 1887 vero
2479 1828 2651 1897 majus
2663 1837 2855 1893 corpus
2878 1819 3045 1874 fuisse
3064 1814 3460 1884 conspeximus,
3477 1806 3622 1878 quod

2037 1920 2344 1988 nullatenus
2392 1922 2632 1979 eveniret
2657 1916 2759 1971 nisi
2790 1928 2924 1985 quas
2943 1924 3096 1965 mens
3142 1905 3308 1962 semel
3348 1917 3500 1972 passa
3540 1908 3623 1954 est

2038 2036 2222 2079 rerum
2252 2013 2632 2072 similitudines
2673 2009 2982 2064 obtineret.
3008 2004 3184 2070 Quare
3221 1997 3471 2068 quoniam
3501 1990 3628 2063 pas-'

2042 2118 2222 2173 siones
2249 2112 2441 2167 animai
2470 2120 2603 2178 quas
2648 2102 2949 2159 intellectus
2998 2103 3197 2152 vocant
3235 2105 3413 2147 rerum
3470 2101 3619 2158 quaa-

2044 2208 2167 2263 dam
2191 2200 2569 2260 similitudines
2589 2203 2734 2259 sunt,
2760 2192 2961 2248 idcirco
2986 2183 3301 2244 Aristoteles
3324 2195 3444 2235 eum
3468 2176 3626 2248 paulo

2046 2306 2169 2385 post
2211 2295 2280 2351 de
2332 2289 2671 2363 passionibus
2728 2282 3286 2346 animm‘loqueretur
3333 2267 3629 2327 continenti

2588 2383 2615 2385 η
2900 2377 2911 2385 .
3058 2373 3078 2385 .
3141 2373 3174 2385 ._
3264 2361 3626 2385 ,μη

2048 2375 2237 2448 ordine
2258 2388 2324 2442 ad
2346 2383 2724 2441 similitudines
2746 2377 3029 2433 transitum
3056 2373 3199 2438 fecit,
3224 2366 3471 2440 quoniam
3497 2361 3628 2416 nihil

2050 2483 2228 2540 diﬁ'ert
2256 2490 2433 2534 utrum
2460 2475 2741 2546 passiones
2772 2470 2976 2524 diceret
2998 2480 3066 2520 an
3096 2458 3490 2519 similitudines.
3521 2453 3628 2508 Ea-

2052 2575 2174 2631 dem
2202 2585 2433 2640 namque
2466 2583 2556 2623 res
2582 2565 2776 2620 anima:
2806 2558 3019 2630 quidem
3051 2554 3230 2625 passio
3252 2559 3372 2615 est,
3400 2548 3475 2602 rei
3504 2560 3633 2600 vero

2054 2662 2371 2721 similitudo.
2405 2661 2471 2714 Et
2513 2654 2820 2712 Alexander
2847 2651 2988 2704 hunc
3016 2646 3191 2701 locum
3217 2661 3229 2696 :
3254 2642 3391 2696 Sunt
3417 2651 3543 2707 ergo
3574 2649 3634 2690 ea

2058 2773 2177 2827 qua:
2199 2762 2324 2809 sunt
2344 2753 2550 2808 in'voce
2572 2760 2756 2803 earum
2780 2754 2897 2812 quae
2913 2748 3037 2793 sunt
3057 2738 3109 2790 in
3134 2735 3309 2788 anima
3329 2729 3636 2800 passionum

2066 2857 2227 2909 nota),
2248 2853 2299 2898 et
2323 2857 2387 2897 ea
2408 2854 2528 2911 quae
2552 2835 2856 2892 scribuntur
2902 2842 3087 2883 eorum
3115 2840 3234 2894 qua:
3255 2829 3381 2877 sunt
3410 2821 3462 2873 in
3487 2831 3638 2884 voce,

2060 2949 2115 2995 et
2143 2932 2597 3008 quemadmodum
2637 2940 2735 2982 nec
2779 2923 2971 2977 litterae
3020 2915 3270 2972 omnibus
3299 2910 3535 2972 eaedem,
3563 2905 3641 2960 sic

2062 3045 2163 3086 nec
2186 3025 2387 3083 eaedem
2416 3033 2605 3084 voces,
2634 3017 2736 3071 hoc
2761 3012 2921 3068 modo
2942 3016 3177 3064 conatur
3192 3014 3480 3072 exponere.
3514 2997 3643 3051 Pro-

1984 3134 2032 3199 ρ
2065 3123 2265 3197 posuit,
2293 3116 2486 3188 inquit,
2508 3118 2723 3180 eaque:
2746 3104 2880 3162 ‘sunt
2904 3103 2957 3157 in
2989 3115 3122 3154 voce
3151 3096 3454 3153 intellectus
3480 3096 3643 3144 animi

2028 3178 2032 3239 τ
2066 3178 2373 3289 designare,
2395 3209 2569 3264 ethoc
2594 3178 2787 3275 probat
2812 3196 3080 3265 exemplo.
3102 3190 3304 3245 Eodem
3326 3186 3468 3240 enim
3489 3178 3646 3237 modo

2070 3328 2132 3369 ea
2190 3323 2309 3380 quae
2357 3294 2481 3357 sunt
2518 3300 2573 3353 in
2621 3310 2753 3350 voce
2799 3292 3077 3361 passiones
3121 3283 3310 3337 animae
3353 3276 3647 3347 signiﬁcant

2071 3394 2519 3475 quemadmodum
2549 3403 2614 3445 ea
2643 3401 2761 3455 quae
2808 3380 3114 3436 scribuntur
3147 3387 3305 3427 voces
3330 3368 3648 3437 designant,

2075 3457 2135 3553 ut
2161 3494 2211 3549 id
2242 3490 2385 3562 quod
2413 3486 2487 3539 ait
2508 3491 2562 3537 et
2590 3494 2654 3534 ea
2679 3491 2795 3546 qua:
2824 3471 3128 3527 scribuntur
3155 3466 3226 3519 ita
3256 3457 3649 3526 intelligamus,

2076 3552 2330 3655 tanquam
2373 3578 2417 3632 si
2463 3574 2694 3635 diceret,
2728 3557 3177 3636 quemadmodum
3204 3552 3380 3607 etiam
3424 3561 3487 3602 ea
3536 3557 3654 3614 quat

2078 3679 2384 3738 scribuntur
2405 3681 2591 3726 eorum
2609 3677 2727 3733 qua:
2748 3666 2872 3714 sunt
2892 3658 2946 3710 in
2966 3666 3115 3715 voce,
3138 3662 3202 3703 ea
3225 3657 3356 3700 vero
3378 3654 3501 3713 quae
3526 3636 3656 3694 scri-

2079 3777 2308 3836 buntur,
2341 3763 2511 3836 inquit
2540 3754 2857 3817 Alexander,
2888 3760 3040 3804 notas
3083 3757 3203 3799 esse
3231 3751 3421 3793 vocum
3445 3774 3462 3800 ,
3494 3733 3547 3787 id
3577 3737 3657 3787 est

2081 3867 2360 3924 nominum
2372 3873 2435 3912 ac
2451 3854 2733 3909 verborum
2759 3865 2771 3899 :
2798 3861 2863 3900 ex
2886 3843 2986 3896 hoc
3007 3831 3324 3893 monstravit
3343 3827 3485 3900 quod
3503 3824 3658 3891 dixit,

2083 3970 2139 4016 et
2164 3946 2617 4027 quemadmodum
2653 3956 2750 3995 nec
2799 3938 2989 3991 litterae
3018 3927 3279 3985 omnibus
3327 3921 3562 3983 eaedem,
3587 3916 3661 3973 sic

2087 4066 2187 4109 nec
2216 4047 2418 4105 eaedem
2458 4038 2641 4093 voces.
2675 4033 2896 4101 Signum
2930 4036 3159 4091 namque
3189 4025 3272 4073 est
3293 4027 3484 4069 vocum
3526 4010 3662 4079 ipsa-

2088 4159 2205 4201 rum
2243 4130 2690 4208 signiﬁcationem
2732 4121 2927 4177 litteris
2956 4109 3244 4171 contineri,
3276 4104 3418 4176 quod
3460 4101 3549 4156 ubi
3579 4114 3664 4152 va.

2088 4237 2183 4293 riae
2208 4240 2336 4287 sunt
2354 4229 2550 4282 litterae
2572 4231 2625 4275 et
2647 4232 2751 4272 non
2776 4212 2979 4269 eaedem
3006 4220 3125 4277 quae
3146 4200 3472 4262 scribuntur,
3495 4195 3667 4249 varias

2090 4338 2309 4400 quoque
2339 4312 2498 4373 voces
2523 4325 2647 4368 esse
2669 4318 2889 4362 necesse
2915 4311 3017 4367 est,
3041 4298 3155 4351 haec
3186 4288 3515 4347 Alexander.
3543 4284 3670 4339 POP.-

2091 4418 2321 4493 pliyrius
2344 4425 2473 4467 vero
2494 4404 2744 4477 quoniam
2777 4409 2884 4450 tres
2900 4385 3179 4464 proposuit
3198 4383 3487 4443 orationes,
3511 4388 3671 4431 unam

3109 4480 3121 4493 ‘
3319 4490 3351 4493 ς-
3405 4470 3581 4493 ---Λιιη
3612 4479 3671 4493 ..Α

2014 4478 2067 4538 D
2091 4470 2210 4585 quae
2260 4506 2453 4564 litteris
2478 4497 2872 4555 contineretur,
2921 4480 3211 4540 secundam
3238 4490 3359 4547 qua:
3405 4470 3584 4527 verbis
3612 4479 3673 4522 ac

2046 4622 2053 4623 ί
2092 4603 2401 4665 nominibus
2422 4598 2756 4667 personaret,
2784 4583 2994 4640 tertiam
3013 4589 3173 4647 quam
3191 4572 3389 4627 mentis
3406 4566 3676 4624 evolveret

2095 4696 2423 4757 intellectus,
2448 4690 2497 4743 id
2523 4678 2864 4740 Aristotelem
2888 4670 3185 4743 signiﬁcare
3210 4661 3538 4734 pronuntiat,
3556 4670 3675 4711 cum

2099 4796 2229 4852 dicit
2253 4809 2266 4842 :
2290 4792 2427 4846 Sunt
2454 4798 2585 4851 ergo
2610 4794 2673 4832 ea
2699 4780 2968 4846 quae‘sunt
2988 4771 3042 4827 in
3064 4779 3195 4821 voce
3214 4750 3536 4828 earumque:
3558 4763 3679 4811 sunt

2103 4888 2159 4943 in
2188 4887 2364 4938 anima
2391 4876 2700 4946 passionum
2744 4875 2884 4922 nota:
2904 4888 2933 4926 ,ν
2951 4856 3091 4931 quod
3112 4854 3425 4911 ‘ostenderet
3452 4863 3515 4902 ac
3536 4844 3583 4899 si
3610 4843 3682 4900 ita

2106 4971 2512 5038 dixisset,‘Sunt
2534 4982 2665 5034 ergo
2695 4977 2757 5017 ea
2784 4972 2906 5029 quae
2935 4962 3059 5010 sunt
3085 4950 3138 5005 in
3166 4961 3318 5010 voce,
3343 4949 3399 4996 et
3424 4937 3608 4998 verba,
3631 4942 3685 4991 et

2105 5066 2523 5129 nominaanimre
2537 5057 2841 5129 passionum
2856 5058 2994 5103 nota:
3010 5062 3024 5111 ;
3042 5053 3094 5099 et
3114 5038 3360 5112 quoniam
3373 5026 3687 5088 monstravit

2108 5170 2333 5239 quorum
2362 5169 2520 5211 voces
2568 5159 2748 5206 essent
2778 5139 3167 5214 signiﬁcativae,’
3197 5130 3325 5187 illud
3356 5137 3567 5197 quoque
3594 5121 3690 5175 do-

2866 5237 2875 5239 ‘
2959 5234 2969 5239 ‘
3117 5229 3128 5239 '
3237 5234 3248 5239 -
3314 5237 3325 5239 ι
3355 5211 3668 5239 --ε-ρηιι-ιλιι

2109 5211 2231 5239 Ἰν..-
2833 5211 2845 5214 _

2109 5258 2287 5315 cuisse
2308 5245 2614 5321 pronuntiat
2626 5240 2819 5311 quibus
2835 5234 3002 5307 signis
3021 5229 3181 5285 verba
3200 5234 3253 5279 et
3268 5220 3482 5277 nomina
3497 5211 3688 5285 pande-

2113 5319 2321 5411 rentur,
2336 5343 2453 5397 ideo
2466 5332 2755 5395 addidisse,
2776 5339 2830 5385 et
2842 5345 2903 5383 ea
2926 5319 3366 5396 quiescribumur
3376 5322 3559 5366 eorum
3576 5319 3693 5374 qua

2117 5453 2242 5500 sunt
2270 5442 2323 5496 in
2349 5436 2480 5489 voce
2505 5442 2532 5499 ,‘
2552 5440 2804 5498 tanquam
2827 5420 3121 5481 si‘diceret,
3152 5428 3215 5467 ea
3244 5422 3362 5481 quae
3390 5401 3692 5459 scribuntur

2113 5534 2333 5597 nomina
2357 5526 2417 5587 et
2433 5527 2593 5585 verba
2616 5536 2801 5578 eorum
2828 5531 2948 5587 qure
2988 5519 3114 5569 sunt
3150 5510 3203 5562 in
3256 5516 3385 5559 voce
3420 5498 3727 5555 nominum.

2122 5644 2177 5692 et
2204 5631 2487 5687 verborum
2508 5629 2647 5676 notae
2672 5625 2828 5680 sunt,
2858 5624 2957 5665 nec
2986 5607 3305 5674 disjunctam
3335 5610 3455 5653 esse
3477 5599 3696 5649 senten-

2125 5734 2273 5791 tiam,
2300 5738 2398 5780 nec
2416 5720 2436 5784 l
2443 5727 2502 5775 ut
2518 5710 2821 5772 Alexander
2841 5701 3018 5776 putat)
3039 5700 3091 5757 id
3116 5700 3254 5771 quotl
3284 5698 3385 5753 ait:
3415 5694 3480 5750 Et
3500 5706 3563 5750 ea
3582 5702 3701 5765 qua
