4022 6332
400 328 496 399 ιιι

1611 338 1723 404 Alt.
1767 340 1970 400 MANL.
2013 332 2162 435 sev.
2206 336 2425 399 animi

3556 354 3663 414 ιη

400 432 1236 547 sctibttntur,itainteliigcndtnn,
1264 456 1511 536 tanquam
1541 460 1973 526 si«lii-ei-et,sicttt
2085 461 2196 539 ﬁeri
2232 473 2407 531 potest
2437 468 2652 537 utquod
2683 466 2822 536 apud
2844 466 3112 527 Romanos
3141 470 3306 527 homo
3328 472 3658 544 intelligitur,

399 571 462 612 ea
488 574 607 625 quae
629 560 949 621 scribuntur,
970 559 1017 612 id
1041 562 1116 613 est
1146 560 1356 627 litterte,
1378 560 1461 612 illa
1486 574 1604 629 qum
1630 570 1749 612 sunt
1775 559 1824 611 in
1848 572 1975 611 voce

397 650 717 719 signiﬁcant,
746 652 815 705 ita
845 668 905 706 ea
929 669 1045 721 quae
1075 664 1199 706 sunt
1227 654 1276 707 in
1312 669 1440 707 voce
1466 664 1614 705 notas
1637 667 1755 705 esse
1785 652 1975 703 animre

398 743 725 811 passionum.
742 743 919 797 Primo
949 744 1159 815 quidem
1185 744 1321 813 quod
1346 745 1409 797 ad
1433 731 1974 825 sitnplicem'sensum

298 900 305 903 _
397 833 527 887 nihil
579 835 698 889 addi
748 847 997 905 oportet,
1031 836 1223 913 deinde
1270 836 1409 905 quod
1443 845 1545 890 tam
1587 837 1763 891 brevis
1810 834 1972 903 ordo,

400 933 648 993 tanquam
691 928 998 983 necessaria
1044 928 1301 984 orationis
1341 944 1449 984 non
1480 938 1559 982 est
1606 926 1975 983 intercidenda

397 1017 638 1085 partitio,
684 1021 846 1074 tertio
895 1021 1144 1088 quoniam
1192 1022 1236 1074 si
1285 1021 1477 1075 similis
1528 1029 1612 1075 est
1656 1021 1977 1091 signiﬁcatio

397 1107 694 1175 litterarum
731 1126 1053 1183 vocumque,
1082 1128 1199 1180 qua?
1222 1121 1304 1167 est
1337 1128 1525 1167 voc-um
1548 1123 1602 1167 et
1635 1114 1824 1168 anima:
1851 1128 1973 1183 pas-

396 1198 627 1265 sionum,
662 1213 935 1274 oporteret
980 1205 1115 1259 sicut
1157 1219 1315 1260 voces
1363 1205 1588 1259 diversis
1633 1204 1826 1259 litteris
1857 1221 1975 1274 per-

395 1278 700 1363 mutantur,
732 1297 803 1349 ita
825 1312 1037 1367 quoque
1084 1298 1363 1367 passiones
1393 1299 1583 1353 animae
1615 1298 1842 1353 diversis
1874 1290 1973 1353 vo?

395 1385 545 1443 cibus
579 1390 887 1457 permutari,
921 1390 1062 1461 qttod
1090 1407 1193 1446 non
1222 1392 1299 1457 lit,
1330 1393 1470 1447 idem
1512 1408 1742 1462 namque
1769 1390 1975 1446 intelle-

394 1488 512 1534 ctus
535 1482 747 1536 variatis
770 1494 944 1552 potest
969 1486 1186 1543 vocibus
1213 1487 1522 1556 signiﬁcari.
1546 1486 1650 1549 Sed
1670 1486 1975 1541 Alexander

476 1574 613 1643 quod
642 1591 763 1631 eum
808 1578 1044 1635 sensisse
1075 1581 1321 1647 Superius
1369 1579 1817 1646 ntemoravi,ltoc
1851 1594 1973 1649 pro-

393 1662 523 1721 bare
542 1668 728 1726 nititur
744 1685 1075 1741 argumento.
1093 1676 1182 1729 Ait
1203 1675 1349 1730 enim
1372 1675 1531 1730 etiam
1558 1677 1608 1729 in
1634 1678 1734 1731 ltoe
1755 1690 1971 1744 quoque

391 1757 617 1816 similem
669 1778 791 1819 esse
843 1766 1282 1836 signiﬁcationem
1328 1768 1620 1825 litterarum
1652 1784 1715 1823 ac
1736 1784 1963 1833 vocum,

2085 555 2219 623 lapis
2244 557 2384 626 apud
2421 560 2676 615 barbaros
2708 560 3055 632 intelligatur.
3091 558 3292 620 Eodem
3311 574 3524 636 quoque
3551 584 3665 623 mo-

2084 643 2152 697 do
2183 642 2249 699 de
2275 648 2481 703 Galeris
2528 652 2704 705 rebus.
2745 650 2883 722 Ergo
2926 652 3224 724 hnjusmndt
3268 662 3532 714 sententia
3557 671 3661 728 est,

2079 752 2197 807 quae
2226 737 2353 792 dicit
2384 756 2445 795 ea
2472 758 2590 812 qure
2625 758 2781 798 voces
2832 745 3127 815 signiﬁcent
3179 749 3316 817 apud
3348 765 3536 805 omnes
3561 753 3661 807 ho—

2082 829 2283 884 minum
2312 845 2496 902 gentes
2527 850 2632 889 non
2667 842 2895 905 mutari,
2924 851 2979 893 ut
3028 840 3157 905 itsze
3209 842 3421 911 quidem
3469 860 3660 914 voces,

2081 922 2218 976 sicut
2246 939 2405 996 supra
2440 931 2753 983 monstravit
2782 945 2898 985 cum
2927 931 3061 986 dixit
3087 933 3534 998 quemadmodum
3566 952 3663 993 nec

2079 1015 2269 1071 littera:
2296 1019 2544 1074 omnibus
2586 1020 2810 1087 etcdem,
2840 1023 3045 1079 sic-nec
3082 1026 3283 1079 etedein
3331 1042 3443 1081 voca
3466 1040 3512 1092 s,
3539 1044 3662 1083 cum

2080 1109 2216 1179 apud
2248 1108 2423 1177 plures
2451 1108 2675 1168 diversae
2715 1113 2841 1181 sint,
2873 1116 3001 1170 illud
3033 1130 3159 1171 vero
3181 1119 3321 1186 quod
3347 1130 3508 1173 Voces
3534 1121 3664 1188 ipsa:

2078 1190 2377 1267 signiﬁcant
2427 1204 2565 1273 apud
2611 1220 2797 1261 omnes
2828 1207 3071 1263 homines
3120 1209 3260 1264 idem
3293 1211 3391 1274 sit,
3430 1222 3526 1264 nec
3558 1212 3663 1267 ulla

2078 1294 2284 1348 rati-me
2312 1296 2483 1349 valeat
2517 1302 2826 1368 permutari,
2857 1302 2945 1371 qui
2978 1310 3099 1357 sunt
3123 1305 3327 1360 scilicet
3359 1306 3663 1363 intellectus
3724 1368 3727 1371 _

2077 1376 2279 1449 rerum,
2316 1387 2403 1456 qui
2433 1390 2685 1457 quoniam
2733 1393 3045 1449 naturaliter
3079 1408 3202 1450 sunt
3232 1403 3518 1464 permutari
3555 1417 3661 1455 nun

2077 1485 2318 1543 possunt.
2350 1475 2521 1547 Atque
2553 1480 2652 1533 hoc
2681 1493 2759 1536 eSt
2788 1485 2926 1553 quod
2958 1488 3052 1550 ait,
3086 1487 3323 1554 Quorum
3367 1504 3542 1548 amem
3580 1478 3683 1550 ha}.

2076 1562 2250 1634 priino
2274 1582 2435 1635 none,
2455 1572 2507 1625 id
2522 1584 2603 1627 est
2616 1589 2777 1630 voces
2795 1577 2995 1632 eadem
3008 1581 3256 1636 omnibus
3269 1586 3542 1650 passiones
3555 1592 3663 1642 anl-

2076 1671 2177 1711 mm
2196 1670 2341 1726 sunt,
2363 1671 2418 1715 ut
2433 1664 2826 1722 demonstraret
2844 1680 3005 1725 voces
3026 1674 3236 1741 quidem
3262 1692 3381 1732 esse
3396 1678 3662 1748 diversas,

2074 1766 2300 1820 quorum
2316 1764 2491 1810 autem
2511 1758 2640 1828 ipsa:
2653 1762 2811 1817 Voces
2825 1763 3190 1831 signiﬁcatine
3202 1781 3527 1841 essent,quae
3539 1785 3664 1831 sunt

346 1840 351 1845 ”
392 1852 641 1920 quoniam
668 1855 806 1910 sicut
831 1834 1021 1913 littera:
1048 1874 1153 1915 non
1197 1862 1509 1917 naturaliter
1538 1875 1714 1923 voces,
1746 1860 1840 1916 sed
1877 1875 1973 1930 po-
2008 1834 2053 1907 Β
2080 1844 2491 1907 εθίηθθῑτιηίῐητε
2510 1867 2632 1921 Ρτίδε
2657 1858 3039 1922 οηεδνυθδάυῐη
3056 1863 3194 1931 aPUd
3245 1881 3664 1931 ηιηθεθεεεωθο

390 1940 585 1999 sitione
611 1943 725 2016 sign
751 1948 934 2014 licant,
966 1949 1037 2004 ita
1068 1967 1281 2023 quoque
1331 1968 1491 2009 voces
1524 1969 1628 2017 non
1661 1953 1977 2021 naturaliter

390 2032 553 2091 animi
575 2034 896 2101 intellecuts,
923 2042 1014 2095 sed
1039 2043 1212 2112 aliqua
1242 2043 1503 2111 positione
1533 2045 1834 2114 designant.
1865 2042 1975 2099 Sed

390 2128 480 2198 qui
514 2129 661 2197 prius
692 2133 927 2201 recepit,
963 2145 1018 2191 ut
1070 2135 1118 2191 id
1150 2136 1291 2207 quod
1326 2137 1635 2193 Aristoteles
1667 2138 1781 2191 ait:
1817 2138 1879 2193 Et
1909 2152 1973 2195 ea

389 2233 507 2289 quae
535 2223 861 2291 scribuntur,
898 2228 965 2281 ita
994 2227 1194 2285 dictum
1239 2245 1362 2287 esse
1393 2240 1640 2301 tanquam
1677 2235 1719 2286 si
1744 2232 1971 2300 diceret,

389 2311 530 2367 sicut
550 2330 610 2369 ea
629 2331 748 2385 quin
776 2318 1103 2384 scribuntur,
1125 2322 1378 2389 quidquid
1395 2322 1460 2377 ad
1487 2323 1626 2378 hanc
1648 2324 1972 2380 sententiam

389 2405 597 2463 videtur
627 2409 935 2479 adiungere,
986 2414 1264 2483 mqualiter
1293 2432 1397 2470 non
1447 2416 1722 2473 dubitatur
1764 2434 1967 2474 errare.

391 2496 649 2561 Quocirca
682 2512 866 2557 nostro
909 2504 1109 2573 judicio
1154 2508 1243 2577 qui
1292 2509 1490 2565 rectius
1529 2520 1715 2566 tenere
1752 2512 1968 2581 volent,

390 2587 668 2660 Porphyrii
720 2594 1002 2649 sententiis
1049 2586 1410 2666 appiicaliunt.
1464 2599 1721 2669 Aspasius
1758 2617 1971 2671 quoque

389 2682 637 2747 secundae
657 2686 937 2741 sententia:
965 2689 1277 2755 Alexandri,
1301 2706 1460 2761 quam
1484 2708 1642 2762 supra
1672 2696 1967 2762 posuimus,

389 2770 537 2833 valde
563 2777 853 2836 consentit.
886 2779 976 2847 qui
1005 2793 1030 2835 a
1060 2782 1214 2833 nobis
1238 2782 1295 2835 in
1317 2783 1506 2837 eodem
1539 2799 1643 2849 quo
1664 2783 1970 2841 Alexander

388 2877 571 2931 errore
596 2867 919 2935 culpabitur.
943 2871 1258 2928 Aristoteles
1289 2888 1418 2929 vero
1440 2874 1647 2929 duobus
1670 2876 1843 2929 modis
1871 2876 1968 2932 has

389 2965 545 3012 notas
582 2972 704 3012 esse.
733 2969 904 3027 putat,
935 2962 1255 3026 litterarum.
1300 2982 1521 3031 vocum,
1550 2968 1970 3039 passionumque

386 3050 577 3104 animae
607 3053 949 3117 constitutas,
984 3070 1092 3109 uno
1138 3056 1352 3123 quidem
1390 3060 1673 3126 positione,
1705 3059 1812 3114 alio
1839 3076 1968 3117 vero

387 3143 721 3197 naturaliter.
744 3144 1029 3213 Atqueltoc
1060 3159 1140 3202 est
1157 3150 1294 3217 quod
1322 3152 1415 3216 ait,
1440 3152 1963 3217 thuemadtnodum
2012 3188 2015 3191 -

2080 1936 2184 1992 ulla
2217 1941 2454 2007 ratione,
2503 1935 2754 2013 quoniam
2806 1959 2933 2004 sunt
2973 1956 3276 2011 cpnstitutze
3318 1961 3661 2029 naturaliter,

2076 2034 2387 2099 permutari.
2438 2036 2546 2090 Nec
2576 2038 2794 2093 vero‘in
2853 2039 2955 2098 hoc
3006 2046 3281 2100 constituit
3327 2058 3381 2103 ut
3427 2051 3494 2105 de
3533 2053 3662 2112 solis

2076 2120 2295 2177 vocibus
2321 2132 2483 2194 atque
2512 2127 2875 2187 itttellectibus
2900 2133 3230 2205 loqueretur.
3266 2136 3372 2194 Sed
3409 2142 3663 2211 quoniam

2074 2224 2235 2267 voces
2265 2222 2427 2287 atque
2460 2218 2667 2276 litteras
2697 2236 2803 2278 non
2835 2234 2956 2280 esse
2995 2230 3318 2285 naturaliter
3345 2235 3659 2295 cnnstitutas

2075 2312 2170 2375 per
2197 2304 2246 2359 id
2276 2309 2611 2377 Signiﬁcavit,
2645 2315 2785 2383 quod
2811 2331 2904 2373 eas
2933 2330 3040 2374 non
3065 2322 3215 2391 apud
3234 2306 3421 2379 omnes
3444 2328 3660 2387 easdem

2074 2402 2192 2453 esse
2229 2405 2534 2473 proposuit,
2579 2420 2765 2463 rursus
2802 2411 3103 2470 intellectus
3139 2426 3273 2486 quos
3301 2420 3495 2475 anima!
3541 2436 3659 2493 pas-

2073 2489 2255 2545 siones
2286 2505 2472 2560 vocat,
2517 2511 2614 2566 per
2646 2499 2749 2555 hoc
2779 2516 2899 2559 esse
2928 2507 3203 2563 naturales
3226 2512 3486 2578 ostendit,
3519 2489 3660 2584 quod

2073 2582 2213 2651 apud
2244 2584 2433 2643 Omnes
2457 2590 2617 2646 iidem
2644 2594 2771 2662 sint,
2800 2609 2828 2649 a
2850 2596 3063 2669 quibus,
3091 2601 3140 2655 id
3165 2607 3246 2657 est
3276 2582 3657 2674 intellectibus,

2073 2677 2139 2730 ad
2170 2692 2256 2731 res
2289 2681 2575 2736 transitum
2608 2684 2749 2741 fecit.
2786 2688 2875 2742 Ait
2906 2690 3047 2746 enim
3088 2700 3315 2763 quorum
3359 2696 3439 2751 hil)
3474 2698 3661 2752 simiii~

2075 2770 2327 2838 tudines,
2382 2786 2468 2830 res
2510 2780 2671 2833 etiam
2720 2782 2942 2836 eaedem.
2990 2785 3103 2841 Hoc
3150 2788 3354 2843 scilicet
3381 2795 3655 2858 sentiens,

2072 2862 2213 2932 quod
2267 2879 2356 2921 res
2403 2882 2615 2937 quoque
2671 2874 2982 2930 naturaliter
3034 2879 3173 2948 apud
3228 2896 3416 2937 omnes
3473 2896 3661 2943 essent

2072 2958 2275 3013 eaedem
2318 2961 2495 3017 :sicnt
2528 2965 2671 3018 enim
2722 2966 2852 3037 ipsae
2880 2968 3072 3025 animae
3104 2958 3378 3041 paSsiones
3429 2992 3546 3047 qum
3589 2995 3654 3035 ex

2072 3048 2233 3103 rebus
2254 3062 2540 3107 sumuntur
2559 3056 2697 3122 apud
2721 3071 2909 3115 omnes
2932 3060 3177 3119 homines
3198 3066 3397 3121 easiiem
3419 3080 3561 3135 sunt,
3586 3072 3659 3128 ita

2072 3156 2284 3210 qucque
2312 3144 2472 3201 etiam
2497 3149 2624 3217 ipsae
2647 3165 2733 3206 res
2755 3166 2976 3221 quarum
2999 3157 3381 3214 similitudines
3401 3162 3527 3216 sunt
3546 3165 3658 3219 ani-

386 3247 487 3287 nec
503 3233 691 3289 litterae
704 3237 953 3290 omnibus
973 3240 1200 3304 ea'dem,
1214 3241 1291 3294 sic
1306 3257 1404 3296 nec
1416 3245 1618 3298 eaedem
1638 3259 1813 3303 voces.
1829 3244 1961 3301 Nam

2075 3246 2174 3289 mae
2202 3235 2476 3303 passiones
2504 3241 2705 3296 eatdem
2729 3220 2869 3314 apud
2900 3260 3086 3304 omnes
3119 3260 3261 3305 sunt.
3288 3253 3546 3320 Quot-iraa
3575 3271 3657 3314 res

383 3327 428 3381 si
447 3326 635 3380 littera:
657 3342 836 3394 voces,
866 3329 996 3399 ipsa:
1016 3347 1141 3385 vero
1164 3348 1325 3389 voces
1352 3334 1657 3391 intellectus
1680 3338 1843 3392 animi
1869 3353 1963 3399 na:

382 3404 627 3477 turaliter
642 3416 1007 3490 designarent,
1036 3437 1225 3479 omnes
1250 3426 1490 3481 homines
1515 3426 1716 3483 eisdem
1742 3428 1961 3497 litteris,

384 3506 586 3567 eisdem
609 3510 768 3565 etiam
792 3512 1013 3568 vocibus
1037 3525 1339 3572 uterentur.
1364 3518 1514 3584 Quod
1546 3520 1796 3589 quoniam
1822 3522 1962 3589 apud

383 3612 571 3657 omnes
596 3618 693 3660 nec
713 3605 917 3661 eaedem
944 3609 1158 3673 litterae,
1192 3626 1367 3680 neque
1394 3611 1597 3667 eandem
1630 3627 1791 3669 voces
1811 3624 1959 3682 sunt,

382 3705 579 3750 constat
613 3712 708 3752 cas
731 3714 835 3753 non
860 3715 981 3761 esse
1012 3704 1301 3758 naturales.
1327 3703 1433 3760 Sed
1467 3705 1551 3761 hic
1578 3706 1771 3775 duplex
1803 3709 1961 3766 lectio

380 3794 482 3838 est.
527 3787 826 3843 Alexander
856 3798 996 3849 enim
1023 3792 1121 3848 hoc
1154 3795 1313 3849 modo
1356 3794 1459 3866 legi
1486 3806 1635 3864 putat
1666 3809 1916 3865 oportere
1942 3816 1956 3853 :
1986 3857 1994 3868 ,

380 3875 613 3945 Duorum
637 3891 814 3937 autem
839 3882 920 3939 ha:
946 3887 1117 3953 primo
1143 3897 1303 3953 notae,
1331 3892 1531 3943 eaedem
1562 3905 1687 3945 omn
1713 3894 1810 3947 bus
1841 3908 1961 3962 pas-

379 3968 560 4025 siones
589 3975 787 4027 anima:
814 3986 958 4040 sunt,
982 3986 1036 4031 et
1062 3993 1290 4047 quorum
1323 3981 1525 4036 eaedem
1553 3982 1957 4053 similitudines,

380 4074 466 4116 res
492 4062 656 4117 etiam
696 4064 920 4121 eaedem.
971 4068 1347 4125 Valens-enim
1398 4073 1715 4129 Aristoteles
1746 4090 1807 4129 ea
1840 4090 1960 4145 qua)

380 4152 644 4221 positione
669 4157 968 4225 signiﬁcant
992 4160 1059 4213 ab
1090 4161 1157 4216 iis
1189 4176 1305 4229 quae
1334 4163 1530 4234 aliquid
1558 4164 1838 4234 designant
1864 4184 1959 4221 na-

378 4245 619 4299 turaliter
646 4260 948 4316 segregare,
970 4248 1072 4303 hoc
1095 4251 1434 4320 interposuit,
1462 4270 1522 4310 ea
1551 4272 1671 4325 qua:
1695 4261 1958 4327 positione

378 4335 687 4405 signiﬁcant
707 4354 853 4393 varia
897 4355 1050 4409 esse;
1082 4358 1143 4397 ea
1173 4358 1302 4399 vero
1324 4362 1442 4415 qua:
1475 4350 1790 4411 naturaliter
1816 4351 1956 4419 apud

378 4443 560 4487 otn..es
588 4430 798 4486 eadem.
840 4431 903 4486 Et
946 4434 1204 4489 inclinans
1229 4438 1503 4505 quidem'a
1538 4441 1754 4496 vocibus
1774 4441 1838 4496 ad
1870 4444 1959 4499 lit-

377 4531 518 4575 teras
543 4523 708 4586 venit,
740 4537 937 4592 easque
969 4528 1141 4594 primo
1173 4542 1278 4582 non
1302 4543 1421 4583 esse
1447 4532 1768 4586 naturaliter
1788 4535 1955 4603 signi-

2068 3342 2176 3397 quo
2194 3343 2282 3395 iue
2310 3331 2581 3388 naturales
2603 3345 2749 3402 sunt,
2775 3337 2912 3393 sicut
2940 3352 3066 3396 sunt
3090 3345 3251 3398 etiam
3282 3345 3655 3405 similitudines

2068 3430 2275 3485 rerum,
2304 3439 2422 3493 quae
2452 3435 2577 3481 sunt
2617 3430 2893 3496 passiones
2922 3436 3135 3491 animae.
3198 3437 3483 3495 Helminus
3534 3456 3655 3497 vero

2071 3508 2191 3566 huic
2224 3522 2305 3567 est
2336 3518 2657 3585 expositioni
2700 3523 3021 3580 contrarius.
3054 3526 3189 3589 Dicit
3218 3531 3497 3587 enimnon
3530 3548 3652 3589 esse

2068 3620 2250 3659 verum
2279 3609 2496 3664 etisdem
2522 3614 2662 3681 apud
2693 3624 2881 3671 omnes
2909 3615 3156 3675 homines
3176 3636 3295 3677 esse
3324 3624 3653 3692 intellectus,

2065 3713 2292 3767 quorum
2330 3714 2490 3756 voces
2511 3704 2874 3773 sigttilicativae
2899 3722 3042 3764 sunt.
3072 3711 3209 3779 Quid
3231 3712 3374 3769 enim
3392 3759 3406 3781 ,
3453 3716 3651 3786 inqu-Et,

2065 3791 2117 3846 in
2161 3793 2583 3860 :equivocatione
2622 3797 2864 3852 dicetur?
2912 3801 2999 3855 ubi
3032 3817 3169 3859 unus
3214 3796 3461 3877 ideulque
3501 3811 3652 3863 vocis

2066 3884 2256 3940 modus
2311 3886 2463 3956 plura
2505 3888 2809 3959 signiﬁcat;
2866 3896 2962 3949 sed
2994 3896 3165 3967 magis
3203 3899 3339 3954 banc
3372 3901 3652 3961 lectionem

2068 3992 2248 4032 veram
2270 3988 2440 4048 putat,
2463 3990 2517 4034 ut
2535 3982 2603 4035 ita
2627 3984 2713 4044 sit,
2740 3983 2979 4053 Quorum
3002 3998 3175 4043 autem
3202 3990 3285 4045 ha}
3306 3992 3471 4060 pritno
3488 4004 3647 4057 notzc,

2069 4069 2153 4125 hie
2196 4072 2448 4129 omnibus
2476 4076 2753 4143 passiones
2783 4080 2978 4135 anima:
3013 4091 3171 4149 sunt,
3212 4093 3264 4138 et
3295 4100 3517 4155 quurttm
3567 4084 3653 4141 ita!

2061 4165 2462 4234 similitudines,
2514 4184 2602 4224 res
2647 4173 2808 4226 etiam
2861 4173 3108 4228 caulem:
3158 4186 3215 4230 ttt
3254 4176 3653 4234 demonstrasse

2065 4260 2310 4315 videatur
2331 4279 2555 4329 quorum
2601 4280 2763 4321 voces
2785 4267 3151 4337 signiﬁcativae
3168 4270 3295 4329 sint.
3322 4272 3401 4326 vel
3424 4289 3651 4341 quorum

2066 4353 2344 4419 passiones
2400 4354 2592 4409 animm
2636 4356 3039 4414 similitudines.
3090 4360 3157 4414 Et
3196 4361 3295 4417 hoc
3337 4362 3652 4430 simpliciter

2062 4445 2433 4511 accipiendum
2458 4458 2539 4503 est
2556 4450 2849 4506 secundum
2873 4450 3208 4519 Herminum,
3228 4465 3281 4509 ut
3302 4455 3370 4509 ita
3388 4456 3648 4519 dicomus,

2062 4536 2299 4604 Quorum
2331 4522 2489 4593 voces
2521 4540 2888 4610 signiﬁcatita:
2926 4555 3084 4610 sunt,
3138 4547 3240 4599 illa;
3281 4556 3405 4600 sunt
3457 4549 3652 4602 anima:

376 4613 619 4669 licativas
649 4615 1186 4674 demonstratdicens
1221 4636 1235 4673 ε
1265 4620 1328 4673 Et
1368 4624 1815 4689 quemadmodum
1859 4642 1959 4685 nec
1985 4612 2041 4673 D
2068 4628 2361 4697 passiones,
2400 4639 2648 4698 tanquam
2679 4633 2881 4689 diceret
2910 4652 2923 4688 :
2963 4636 3154 4691 animae
3182 4642 3456 4707 passiones
3487 4650 3649 4703 sunt,

375 4704 564 4762 litterae
596 4709 844 4765 omnibus
872 4711 1095 4775 eaedem,
1123 4712 1202 4767 sic
1233 4728 1332 4768 nec
1358 4715 1559 4770 eaedem
1592 4733 1751 4775 voces
1778 4737 1791 4783 ;
1836 4738 1957 4780 nam

374 4801 419 4855 si
448 4800 650 4855 ideirco
674 4804 970 4867 probantur
998 4805 1190 4862 littera
1214 4822 1318 4863 non
1361 4823 1483 4865 esse
1530 4813 1844 4869 naturaliter
1882 4820 1958 4871 si-

373 4892 717 4962 gniﬁcantes,
750 4894 891 4961 quod
936 4895 1074 4963 apttd
1119 4897 1253 4951 alios
1298 4898 1416 4955 alite
1445 4902 1555 4957 sint
1585 4919 1647 4958 ac
1700 4905 1947 4973 diversze,

373 4985 562 5037 eodem
615 4999 825 5053 quoque
876 4987 1035 5041 modo
1070 4989 1344 5056 probabile
1390 4993 1494 5046 erit
1538 5009 1701 5050 voces
1744 5014 1955 5068 quoque

375 5089 478 5130 non
513 5076 825 5130 naturaliter
849 5076 1169 5145 signiﬁcare,
1204 5083 1456 5150 quoniam
1505 5085 1729 5156 singulre
1778 5088 1955 5143 homi-

374 5184 496 5223 num
529 5179 716 5235 gentes
756 5185 858 5223 non
890 5168 1076 5225 iisdt'lit
1125 5172 1261 5227 inter
1290 5188 1349 5227 se
1380 5175 1598 5231 vocibus
1642 5178 1955 5249 colloquun-

373 5269 474 5314 tur.
512 5259 708 5314 anetts
735 5275 860 5317 vero
899 5263 1315 5320 similitudinem
1351 5268 1714 5324 intellectuum
1746 5286 1953 5327 rerum-

372 5370 470 5422 que
495 5354 853 5423 subjectarutu
885 5354 1077 5410 docere
1103 5356 1420 5413 naturaliter
1447 5363 1810 5425 constitutam,
1837 5362 1948 5439 ait;

370 5453 606 5513 anruut
670 5460 847 5502 autem
901 5449 983 5503 hu:
1030 5451 1203 5518 primo
1246 5450 1647 5516 notae,ea2dc-m
1702 5456 1953 5511 omnibus

370 5550 645 5610 passiones
676 5544 870 5601 anima:
921 5554 1076 5613 sunt,
1110 5560 1337 5615 quorum
1360 5587 1374 5609 .
1406 5548 1600 5616 inquit,
1637 5564 1796 5606 voces
1834 5569 1953 5622 qua:

369 5636 504 5703 apud
538 5636 781 5693 diversas
810 5649 995 5706 gentes
1030 5638 1155 5708 ipsae
1186 5654 1399 5712 quoque
1433 5641 1660 5698 dit'erszc
1701 5657 1823 5699 sunt
1880 5648 1953 5702 si-

368 5733 760 5803 gniﬁcationem
795 5734 1051 5797 retinent,
1085 5750 1203 5803 quae
1236 5736 1440 5793 scilicet
1467 5750 1591 5795 sunt
1612 5742 1803 5797 auitnze
1833 5757 1951 5814 pas-

366 5826 568 5898 siones,
598 5827 705 5887 illa
742 5827 884 5899 apud
912 5841 1101 5886 omnes
1145 5826 1351 5889 eaedem
1391 5841 1539 5891 sunt.
1571 5832 1773 5914 Neque,
1802 5837 1949 5897 enim

2068 4735 2201 4789 quas
2241 4721 2545 4791 signiﬁcant
2574 4740 2737 4782 voces
2758 4772 2773 4796 ,
2820 4738 2874 4783 et
2903 4744 3089 4784 rursus
3129 4746 3375 4800 quorum
3401 4732 3650 4786 similitu-

2065 4814 2221 4870 dines
2276 4824 2401 4867 sunt
2449 4830 2511 4869 ea
2551 4831 2669 4886 qua:
2720 4820 3078 4877 intellectibus
3115 4824 3487 4889 continentur,
3546 4827 3650 4880 illic

2062 4914 2185 4959 sunt
2213 4919 2318 4959 res.
2344 4904 2619 4975 Tanquam
2642 4909 2685 4962 si
2713 4910 2957 4977 dixisset,
2983 4928 3068 4979 res
3096 4925 3218 4968 sunt
3246 4914 3395 4984 quas
3441 4916 3650 4971 intelle-

2063 5004 2181 5049 ctus
2213 4993 2307 5063 sig.
2337 4994 2538 5051 ilicant.
2594 4996 2701 5053 Sed
2751 5000 3076 5071 Porphyrius
3100 5004 3165 5056 de
3217 5006 3452 5073 utrisque
3490 5015 3649 5061 acute

2070 5089 2445 5159 subtiliterque
2468 5091 2705 5161 jttdicat,
2735 5105 2789 5149 et
2814 5096 3099 5152 Alexandri
3127 5082 3453 5153 sententiain.
3479 5100 3648 5171 magis

2068 5181 2287 5251 probat,
2319 5184 2457 5253 quod
2487 5184 2626 5240 dicat
2652 5202 2755 5242 non
2798 5188 2995 5245 debere
3020 5192 3341 5246 dissimulari
3373 5194 3438 5248 de
3470 5196 3647 5247 multi-

2076 5277 2201 5349 piici
2236 5280 2673 5359 a-quivocationis
2712 5282 3115 5349 signiﬁcatione.
3150 5286 3280 5339 Nam
3312 5298 3363 5340 et
3399 5288 3485 5355 qui
3516 5287 3648 5343 dicit

2065 5370 2131 5423 ad
2190 5386 2351 5424 unam
2383 5372 2675 5439 quamlibet
2705 5390 2815 5428 rem
2847 5376 3213 5429 accommodat
3240 5380 3471 5430 animum
3496 5421 3511 5441 ,
3536 5379 3646 5431 sci-

2066 5444 2197 5519 licet
2224 5480 2382 5534 quam
2407 5466 2711 5537 intelligens
2736 5483 2867 5522 voce
2895 5469 3151 5535 declarat,
3175 5482 3229 5525 et
3268 5488 3427 5525 unum
3458 5488 3645 5527 rursus

2065 5558 2394 5612 intellectum
2428 5561 2719 5627 quemlibet
2765 5563 2807 5614 is
2848 5562 2934 5630 qui
2979 5562 3126 5616 audit
3157 5574 3449 5634 exspectat.
3492 5567 3642 5632 Quod

2060 5648 2106 5705 si
2132 5666 2250 5705 cum
2283 5660 2511 5720 uterque
2531 5668 2594 5705 ex
2620 5668 2723 5706 uno
2752 5655 2967 5707 nomine
2997 5670 3082 5708 res
3103 5655 3344 5709 diversas
3368 5657 3638 5727 intelligit,

2057 5745 2152 5801 ille
2199 5744 2288 5815 qui
2346 5759 2540 5799 nomen
2588 5748 2916 5815 aequivocum
2954 5747 3081 5801 dixit
3108 5790 3121 5813 ,
3154 5749 3399 5819 de~iguet
3444 5752 3641 5805 elatius

2068 5836 2196 5910 quid
2217 5836 2312 5897 illo
2337 5836 2555 5899 nomine
2572 5837 2875 5915 signiﬁcare
2900 5840 3149 5919 voluerit,
3172 5843 3364 5917 accipit
3389 5860 3515 5907 mox
3544 5842 3640 5919 qui
