3982 6334
119 350 228 412 MS

836 341 903 399 IN
941 342 1204 399 LIBRUM
1242 342 1335 399 DE
1358 336 1736 397 ‘INTERPBE'T

1842 336 2021 396 ΓΙΟΝΕ
2059 336 2288 396 ΕὉΠῚΟ
2323 336 2667 398 SECUNDA;

3296 338 3403 398 ιιι

118 467 306 529 audit,
359 472 413 519 et
439 463 508 518 ad
545 470 711 516 unum
740 458 1075 513 intellectum
1107 457 1319 521 utrique
1347 457 1707 524 conveniunt,
1737 453 1793 517 Α
1821 453 2051 509 verbum
2065 463 2329 529 etnomen
2344 456 2670 512 diﬂiuiturus
2685 464 2852 522 esset,
2868 426 3407 527 eaq’oeasigniiicativa
3500 472 3501 475 ‘

126 559 216 629 qui
274 569 461 611 rursus
509 552 569 605 lit
596 565 735 604 unus
780 548 919 619 apud
962 549 1183 602 eosdem
1232 547 1353 602 illos
1397 549 1536 616 apud
1577 563 1714 618 quos

128 651 304 720 primo
325 647 550 701 diversa:
570 644 779 697 fuerant
802 642 993 696 :ininne
1017 642 1291 708 passiones
1315 652 1536 710 propter
1551 640 1711 707 διοριιί-

129 740 466 795 vocationem
499 736 749 791 nominis.
786 734 967 804 Neque
995 734 1137 788 enim
1189 733 1301 787 ﬁeri
1334 742 1510 801 potest
1537 742 1596 786 ut
1623 732 1714 801 qui

130 848 292 890 voces
341 833 605 902 positione
658 829 1018 900 signiﬁcantes
1060 843 1089 879 a
1121 837 1309 880 natura
1349 840 1417 879 eo
1464 824 1718 880 distinxit

132 926 272 997 quod
294 923 511 978 easdem
544 934 733 974 omnes
763 934 882 973 esse
920 932 1027 972 non
1055 917 1303 982 diceret,
1328 930 1424 971 eas
1461 928 1548 970 res
1585 930 1719 984 quas

135 1018 448 1073 naturaliter
477 1029 599 1070 esse
629 1012 980 1082 proponebat,
1015 1025 1119 1065 non
1150 1024 1219 1066 eo
1244 1009 1379 1063 tales
1408 1021 1531 1063 esse
1560 1024 1715 1063 mon-

104 1076 347 1173 ’sttaret,
381 1109 519 1177 quod
553 1106 691 1175 apud
721 1120 911 1160 omnes
944 1103 1161 1159 easdem
1190 1116 1312 1157 esse
1340 1102 1717 1156 contenderet.

134 1202 395 1269 Quocirca
442 1198 789 1259 Alexander,
837 1197 920 1250 vel
987 1196 1200 1265 propria
1271 1194 1574 1257 sententia,
1632 1193 1720 1247 vel

136 1295 416 1362 Porphyrii
458 1292 779 1345 auctoritate
823 1289 1131 1359 probandus
1166 1300 1269 1345 est.
1316 1288 1423 1344 Sed
1465 1288 1719 1359 quoniam

134 1388 205 1443 ita
228 1388 361 1441 dixit
392 1386 741 1446 Aristoteles,
766 1384 1004 1448 Quorum
1036 1391 1216 1436 autem
1243 1382 1323 1434 liae
1356 1381 1530 1450 primo
1557 1392 1720 1447 noue,

132 1480 335 1535 caedem
394 1476 643 1530 omnibus
695 1474 975 1543 passiones
1031 1476 1224 1526 animae
1285 1479 1459 1537 sunt,
1530 1471 1725 1540 quzrrit

134 1570 439 1625 Alexander
459 1569 503 1621 si
528 1583 707 1622 rerum
736 1567 953 1620 nomina
981 1578 1105 1620 sunt
1128 1608 1143 1631 ,
1174 1564 1301 1634 quid
1345 1578 1522 1619 causae
1557 1572 1637 1618 est
1668 1571 1726 1616 ut

128 1661 313 1730 primo
344 1660 706 1712 intellectuum
746 1668 899 1711 notas
924 1672 1045 1710 esse
1075 1672 1235 1711 vectes
1280 1656 1479 1711 dixerit
1515 1656 1726 1710 Ari~to~

137 1757 297 1810 tetes.
346 1754 441 1807 lici
491 1756 629 1806 enim
678 1755 893 1820 ponitur
929 1767 1125 1805 nomen
1153 1792 1167 1814 ,
1208 1759 1282 1804 tut
1318 1766 1440 1805 cum
1494 1750 1724 1803 dicimus

1819 546 2121 614 positurus,
2150 525 2279 601 dicit
2308 549 2455 615 prius
2496 564 2721 618 quorum
2750 525 3251 619 signiticativai-sint
3294 550 3408 620 ipsa

1823 638 1987 690 verba
2020 646 2075 692 et
2122 642 2373 706 nomina,
2408 652 2459 693 et
2489 640 2704 695 inchoat
2728 642 2941 711 quidem
2973 641 3043 696 ab
3068 641 3150 697 Itis
3173 641 3407 696 nomini-

1820 728 1922 784 bus
1973 740 2029 785 et
2078 731 2255 785 verbis
2281 747 2397 800 qua:
2429 741 2555 786 sunt
2579 732 2639 791 in
2666 748 2802 788 vote
2838 733 3026 788 dicens
3056 751 3071 787 :
3102 731 3240 788 Sunt
3278 741 3408 802 ergo

1818 837 1883 876 ea
1914 839 2035 891 quae
2064 831 2189 877 sunt
2219 825 2271 877 in
2314 838 2474 886 voce,
2500 835 2554 878 et
2581 824 2914 880 demonstrat
2934 840 3170 896 quorum
3199 836 3308 881 sint
3334 824 3409 880 si-

1821 913 2123 983 gttilicativa
2141 956 2154 980 ,
2205 913 2464 983 adjiciens
2492 928 2679 969 eorum
2704 931 2829 985 quae
2855 926 2980 970 sunt
3001 916 3053 970 in
3080 916 3256 970 anima
3292 930 3409 985 pas-

1816 1006 2033 1062 sionum
2067 1017 2225 1061 notat.
2275 1008 2477 1062 Rursus
2507 1008 2789 1063 nominum
2821 1010 3060 1077 ipsorum
3090 1008 3409 1064 verborum-

1820 1115 1924 1169 que
1944 1110 2063 1168 q’utc
2085 1100 2136 1153 in
2159 1115 2291 1154 voce
2311 1110 2435 1154 sunt
2462 1114 2522 1153 ea
2550 1100 2712 1155 verba
2754 1110 2810 1155 et
2837 1102 3051 1154 nomina
3078 1116 3199 1169 quae
3226 1108 3412 1160 essent

1822 1190 1878 1247 in
1903 1192 2093 1246 litteris
2110 1191 2398 1246 censtituta
2443 1190 2791 1260 signiﬁcativa
2807 1205 2929 1245 esse
2946 1190 3184 1245 declarat
3198 1193 3411 1257 dicens,

1820 1291 1881 1338 et
1914 1298 1977 1337 ea
2019 1297 2139 1351 qua:
2182 1283 2491 1337 Scribuntur
2522 1297 2709 1337 eorum
2740 1296 2861 1350 qua:
2899 1292 3024 1337 sunt
3056 1281 3110 1337 in
3142 1296 3293 1337 voce.
3342 1281 3413 1338 Et

1822 1378 2077 1446 quoniam
2124 1384 2355 1446 quatuor
2384 1376 2483 1429 ista
2502 1374 2746 1445 quaedam
2776 1384 2923 1440 sunt,
2964 1374 3188 1441 litterae,
3219 1387 3408 1439 voces,

1825 1470 2151 1535 intellectus,
2209 1483 2315 1535 res,
2348 1485 2573 1540 quorum
2598 1468 2794 1524 litteras
2834 1477 2888 1523 et
2939 1483 3103 1524 voces
3143 1467 3413 1537 positione

1823 1576 1981 1630 sunt,
2013 1577 2199 1618 natura
2232 1578 2364 1618 vero
2409 1577 2493 1618 res
2520 1574 2682 1632 atque
2708 1560 3041 1621 intellectus.
3073 1561 3414 1616 demonstra-

1824 1658 1901 1710 vit
1942 1670 2103 1711 voces
2143 1672 2249 1710 non
2306 1670 2426 1709 esse
2454 1657 2799 1719 naturaliter,
2845 1655 2938 1710 sed
2987 1653 3287 1723 positione,
3318 1665 3415 1721 per

1826 1753 1929 1808 hoc
1970 1753 2114 1823 quod
2164 1751 2239 1805 ait
2274 1767 2380 1805 non
2412 1750 2628 1805 easdem
2671 1764 2797 1805 esse
2849 1749 2991 1817 apud
3045 1760 3264 1810 omnes,
3316 1746 3412 1801 sed

136 1846 302 1901 homo
323 1889 338 1912 ,
374 1847 734 1916 signiﬁcamus
777 1845 994 1912 quidem
1024 1844 1497 1908 iutellectum,-rei
1540 1851 1717 1896 tamen
1751 1834 1798 1894 Β
1826 1847 2021 1912 varias,
2056 1855 2112 1899 ut
2134 1856 2239 1908 est,
2267 1856 2323 1899 el,
2340 1842 2797 1914 quemadmodum
2822 1856 2921 1896 nec
2948 1840 3127 1895 littera
3167 1838 3416 1894 omnibus

129 1955 329 1994 nomen
360 1948 462 2001 est,
494 1937 544 1990 id
575 1946 659 1989 est
684 1935 955 1999 anitnalis,
985 1936 1294 2001 rationalis,
1324 1935 1585 1989 mortalis.
1616 1933 1724 1989 Cur

131 2049 263 2102 ergo
290 2048 399 2086 non
448 2031 741 2100 primarum
782 2046 961 2084 rerum
1010 2032 1180 2101 magis
1225 2039 1365 2083 nota:
1402 2040 1528 2084 sunt
1564 2042 1725 2084 voces

136 2127 329 2196 quibus
376 2133 675 2193 ponuntur,
731 2124 909 2191 potius
959 2139 1119 2192 quam
1168 2122 1574 2177 itttellectttum?
1619 2122 1724 2178 Sed

140 2220 369 2274 fortasse
393 2218 611 2286 quidem
642 2218 713 2268 ob
742 2216 841 2269 ltoc
863 2215 1062 2269 dictum
1087 2227 1189 2280 est,
1209 2215 1403 2286 inquit,
1427 2216 1568 2285 quod
1602 2211 1728 2269 Ιίετοι

142 2328 300 2373 voces
333 2326 509 2365 rerum
543 2308 756 2363 nomina
790 2309 925 2373 sint,
957 2320 1136 2362 tamen
1161 2322 1266 2362 non
1295 2308 1497 2362 idcirco
1528 2307 1727 2362 utimur

143 2405 390 2468 vocibus,
411 2414 567 2456 utres
594 2402 974 2471 signiﬁcemus,
1000 2400 1097 2455 sed
1124 2412 1178 2453 ut
1207 2426 1214 2445 ι
1237 2416 1299 2455 as
1325 2417 1443 2466 qua:
1470 2402 1624 2456 nobis
1654 2416 1725 2456 ex

143 2497 303 2551 rebus
332 2498 527 2548 innatae
549 2510 665 2549 suo:
696 2494 887 2547 animae
906 2495 1203 2560 passiones.
1230 2492 1491 2558 Quocirca
1512 2505 1729 2562 promer

134 2603 365 2659 quorum
389 2586 797 2655 signiticautiam
830 2600 990 2640 voces
1036 2587 1164 2652 ipsa:
1187 2584 1552 2653 protenuutur,
1580 2593 1729 2639 recte

144 2696 331 2737 eorum
364 2681 536 2750 primo
566 2695 685 2733 esse
718 2678 856 2732 dixit
886 2688 1061 2733 notas.
1094 2677 1148 2732 In
1181 2678 1282 2731 boc
1313 2692 1440 2731 vero
1472 2678 1729 2745 Aspasius

142 2777 500 2849 pertttolestus
532 2786 635 2828 est.
667 2775 734 2827 At
761 2774 911 2849 enim
950 2773 1040 2841 qui
1068 2772 1181 2825 lieni
1221 2781 1415 2841 potest,
1441 2780 1498 2825 ut
1526 2772 1728 2825 eadem

140 2872 285 2940 apud
337 2884 524 2925 omnes
550 2867 743 2922 anima:
775 2846 1049 2935 pas~iuues
1070 2867 1195 2927 sint,
1227 2881 1348 2919 cum
1384 2878 1488 2918 tam
1518 2865 1732 2920 diversa

142 2964 414 3019 sententia
462 2963 530 3015 de
575 2960 719 3030 justo
761 2973 826 3013 ac
872 2958 1013 3012 bono
1064 2958 1172 3011 sit?
1227 2956 1534 3011 Arbitratur
1588 2958 1731 3011 enim

147 3054 415 3123 Aspasius
460 3053 737 3121 passiones
768 3052 962 3105 animae
991 3066 1097 3105 non
1123 3050 1190 3104 de
1220 3050 1382 3104 rebus
1416 3052 1733 3119 incorpora-

144 3149 312 3213 libus,
342 3146 435 3201 sed
466 3147 533 3200 de
569 3146 651 3200 bis
682 3157 886 3199 tantum
915 3160 1035 3214 qua:
1065 3143 1312 3198 sensibus
1338 3144 1457 3212 capi
1486 3153 1728 3213 possunt,

1829 1940 2054 2001 eaedem,
2087 1936 2166 1990 sic
2193 1949 2293 1990 nec
2317 1935 2518 1989 eaedem
2551 1948 2729 1989 voces.
2757 1932 2828 1989 Ut
2853 1946 2984 1988 vero
3009 1933 3415 1986 demonstraret

1827 2029 2131 2084 intellectus
2166 2040 2215 2083 et
2237 2042 2322 2082 res
2338 2040 2460 2081 esse
2479 2026 2811 2090 naturaliter,
2834 2027 2910 2079 ait
2929 2024 3068 2094 apud
3087 2038 3273 2079 omnes
3289 2037 3416 2079 eos-

1826 2122 1949 2177 dem
1974 2136 2095 2176 esse
2126 2119 2455 2182 intellectus,
2479 2134 2705 2185 quorum
2740 2132 2918 2173 essent
2960 2130 3121 2171 vocre
3150 2116 3417 2186 signitice-

1828 2214 1983 2276 tivte,
2030 2222 2082 2267 et
2114 2224 2302 2265 rursus
2333 2209 2474 2278 apud
2518 2223 2707 2264 omnes
2757 2208 2974 2263 easdem
3016 2222 3139 2273 res,
3191 2221 3418 2278 quarunt

1829 2302 2208 2359 similitudines
2229 2313 2413 2358 essent
2437 2304 2631 2356 animae
2656 2302 2957 2372 passiones,
2982 2308 3042 2355 ut
3058 2310 3163 2367 ett,
3192 2313 3418 2369 quorum

1830 2408 2008 2451 autem
2064 2396 2148 2452 itte
2175 2395 2350 2464 primo
2386 2406 2564 2459 notat,
2598 2395 2804 2450 scilicet
2844 2410 2964 2464 qum
3009 2403 3133 2449 sunt
3177 2395 3228 2446 in
3256 2406 3417 2460 voce,

1828 2489 2033 2544 credent
2055 2486 2307 2541 omnibus
2332 2487 2609 2557 passiones
2634 2485 2826 2539 animae
2849 2495 2992 2551 sunt,
3013 2494 3068 2539 et
3089 2499 3315 2554 quorum
3338 2483 3421 2539 ha

1832 2579 2243 2643 similitudines,
2297 2593 2386 2633 res
2430 2577 2593 2634 etiam
2644 2577 2868 2633 eadem.
2912 2577 3197 2631 Passiones
3244 2586 3421 2633 autem

1832 2674 2027 2729 animae
2049 2672 2213 2739 dixit,
2250 2672 2504 2741 quooiam
2540 2670 2675 2725 alas
2707 2671 2992 2739 diligenter
3019 2679 3296 2723 ostensum
3339 2679 3423 2725 est

1833 2779 2051 2818 omnem
2107 2778 2291 2817 vocent
2340 2762 2588 2816 anintalis
2634 2771 2729 2815 aut
2774 2776 2839 2817 ex
2894 2762 3143 2832 passione
3196 2762 3420 2825 animae,

1835 2864 1930 2911 aut
1960 2866 2175 2925 propter
2201 2857 2515 2925 passionem
2552 2853 2804 2926 proferri.
2843 2854 3261 2909 Siuiilitudinem
3293 2866 3423 2907 vero

1837 2950 2145 3017 passionem
2194 2949 2387 3001 animt
2463 2949 2716 3014 vocavit,
2764 2947 2905 3017 quod
2950 2950 3248 3002 secundum
3306 2946 3425 2999 Ari-

1836 3040 2083 3095 stotelem
2112 3040 2255 3094 ntth
2303 3050 2386 3096 est
2423 3040 2569 3096 aliud
2622 3040 2967 3112 intelligere,
3017 3039 3425 3110 nisicujuslibet

1836 3132 2091 3202 subjectis
2123 3134 2200 3187 rei
2247 3133 2625 3202 proprietatem
2672 3142 2833 3202 atque
2882 3132 3319 3203 imaginationem
3361 3134 3417 3185 in
3478 3124 3481 3127 ⁷

145 3240 489 3295 Aristotelem
520 3237 1013 3307 pastionesanimae
1030 3237 1251 3299 dixisse,
1275 3236 1418 3304 quod
1442 3237 1729 3306 perfalsum
1761 3221 1809 3287 ε
1837 3225 2031 3280 anima:
2086 3225 2254 3294 ipsius
2313 3225 2651 3295 reputatione
2700 3224 2974 3293 suscipere
3003 3262 3022 3290 ,
3090 3222 3160 3278 de
3216 3222 3421 3293 quibus

145 3346 263 3390 eat.
301 3332 485 3402 Neque
512 3333 655 3387 enim
702 3346 934 3400 unquam
986 3329 1312 3385 intellexisse
1356 3330 1592 3395 dicetur,
1641 3331 1733 3400 qui

148 3425 369 3490 fallitur,
394 3434 449 3478 et
478 3422 705 3477 fortasse
732 3421 946 3489 quidem
971 3420 1275 3490 passionem
1296 3419 1460 3475 animi
1483 3420 1737 3477 habuisse

150 3517 379 3585 dicetur,
412 3516 716 3585 quicunque
756 3514 825 3568 id
849 3516 988 3583 quod
1030 3515 1229 3569 bonum
1252 3523 1367 3579 est,
1398 3530 1505 3569 non
1544 3515 1737 3570 eodem

150 3610 313 3665 modo
334 3625 440 3679 quo
465 3618 576 3671 est.
597 3608 692 3661 sed
717 3607 899 3670 aliter,
926 3604 1236 3670 arbitratur,
1252 3606 1590 3661 intellexisse
1611 3596 1739 3660 vero

152 3720 261 3759 non
290 3703 508 3759 dicitur.
544 3702 861 3756 Atistoteles
908 3710 1086 3755 autem
1127 3716 1246 3755 cum
1280 3701 1348 3754 de
1390 3700 1741 3756 similitudine

154 3797 435 3866 loquitur,‘
466 3796 534 3853 de
566 3796 837 3849 intellectu
871 3793 1197 3863 pronuntiat.
1229 3793 1411 3861 Neque
1451 3794 1594 3848 enim
1624 3793 1740 3848 ﬁeri

155 3901 331 3960 potest
355 3901 408 3943 ut
430 3890 517 3959 qui
541 3889 681 3958 quod
712 3888 908 3943 bonum
932 3898 1013 3942 est
1042 3889 1236 3941 malum
1260 3901 1382 3942 esse
1432 3886 1740 3950 arbitretur,

154 3983 560 4037 similitudinem
612 3983 733 4035 boni
783 3992 961 4035 mente
1008 3983 1335 4049 conceperit.
1369 3978 1556 4049 Neque
1597 3980 1740 4035 enim

157 4076 423 4130 intellexit
444 4058 553 4129 rem
584 4073 903 4141 subjectam,
922 4073 1016 4127 sed
1039 4072 1426 4142 quottiatnqute
1454 4072 1744 4141 suntjusta

161 4182 226 4222 ac
256 4169 388 4219 bona
414 4169 479 4219 ad
511 4168 825 4235 positionem
854 4166 1030 4219 omnia
1058 4176 1372 4219 naturamve
1410 4165 1739 4233 referuntur,

156 4268 216 4315 et
264 4260 310 4312 si
342 4260 407 4312 de
431 4259 575 4328 justo
603 4272 663 4311 ac
703 4263 846 4312 bono
894 4259 962 4312 ita
997 4258 1250 4327 loquitur,
1301 4266 1357 4309 ut
1381 4257 1449 4310 de
1487 4271 1553 4311 eo
1601 4256 1743 4324 quod

150 4352 316 4406 civile
342 4353 452 4420 jus,
476 4358 566 4405 aut
587 4352 763 4406 civilis
786 4353 977 4418 injuria
1003 4351 1215 4413 dicitur,
1244 4358 1390 4405 recte
1411 4364 1517 4403 non
1541 4351 1743 4405 easdem

160 4456 288 4500 sunt
330 4445 603 4514 passiones
643 4445 871 4509 animae,
918 4445 1169 4513 quoniam
1208 4443 1365 4498 civile
1420 4446 1541 4509 jus,
1588 4443 1749 4499 civile

160 4538 359 4594 bonum
379 4538 643 4609 positione
663 4546 765 4601 est,
786 4553 890 4590 non
908 4547 1114 4591 natura.
1136 4536 1387 4591 Naturale
1403 4551 1534 4590 vero
1550 4537 1745 4591 bonum

1837 3318 2031 3371 anima:
2060 3316 2397 3386 passionibus
2428 3318 2479 3370 in
2508 3315 2658 3371 libris
2689 3331 2748 3371 se
2778 3315 2847 3370 de
2871 3315 3060 3370 Anima
3087 3329 3424 3371 commemo-

1839 3416 1926 3460 rat
1965 3406 2274 3476 diligentius
2302 3405 2625 3475 disputasse.
2658 3405 2766 3463 Sed
2806 3407 3058 3477 quoniam
3085 3406 3423 3462 denionstra~

1843 3508 1954 3553 tum
1975 3511 2057 3554 est
2084 3502 2354 3568 quomodo
2385 3500 2547 3553 verba
2573 3515 2630 3553 et
2656 3501 2869 3553 nomina
2910 3509 2967 3555 et
3009 3500 3185 3554 oratio
3227 3500 3425 3555 intelle.

1840 3601 2021 3644 ctuum
2056 3588 2422 3659 principaliter
2450 3588 2797 3659 signiﬁcativa
2815 3599 2964 3655 sunt,
2986 3589 3242 3661 quidquid
3265 3600 3344 3645 est
3377 3591 3427 3650 in

1842 3696 1976 3737 voce
2029 3681 2437 3750 significationis
2508 3684 2578 3735 ab
2628 3681 2982 3736 intellectibus
3032 3681 3200 3735 venit.
3255 3680 3429 3749 Quare

1844 3774 1992 3841 prius
2028 3771 2302 3840 paululum
2363 3769 2431 3826 de
2472 3770 2831 3826 intellectibus
2862 3764 3432 3840 perspiciendum'erat

1845 3864 1892 3919 ei
1924 3864 2012 3933 qui
2042 3862 2239 3935 aliquid
2271 3870 2417 3918 recte
2446 3861 2515 3917 de
2537 3863 2756 3917 vocibus
2775 3862 3092 3933 diaputaret.
3115 3862 3258 3933 Ergo
3290 3861 3432 3932 quod

1845 3971 2006 4027 supra
2030 3957 2307 4026 passiones
2331 3956 2525 4009 anima:
2547 3965 2603 4011 et
2627 3954 3002 4011 similitudines
3034 3956 3261 4022 vocavit,
3293 3955 3432 4012 idem

1847 4066 1990 4107 nunc
2017 4051 2251 4118 apertius
2277 4051 2606 4105 intellectum
2639 4058 2794 4104 vocat
2822 4052 3009 4105 dicens
3037 4069 3050 4103 :

1921 4141 2015 4196 Est
2042 4152 2212 4197 autem
2242 4143 2673 4213 quemadmodum
2703 4144 2756 4195 in
2793 4144 2970 4195 animo
3011 4143 3282 4209 aliquoties
3323 4143 3436 4210 qui-

1850 4240 1963 4292 dem
1981 4239 2270 4290 intellectam
2298 4238 2407 4289 sine
2432 4250 2550 4289 vero
2579 4236 2654 4288 vel
2673 4235 2825 4304 falso.
2856 4236 3140 4305 Aliquoties
3161 4243 3329 4290 autent
3353 4236 3436 4289 cui

1843 4334 1959 4403 jam
1979 4346 2179 4384 necesse
2197 4338 2268 4382 ut
2295 4329 2477 4382 harum
2499 4330 2714 4382 alterum
2735 4330 2919 4393 inesse,
2945 4330 3020 4382 sic
3041 4330 3196 4382 etiam
3220 4331 3275 4382 in
3299 4344 3435 4383 voce.

1788 4428 1789 4433 ‘
1854 4420 2002 4476 Circa
2033 4421 2446 4491 compositionem
2486 4421 2621 4475 enim
2647 4430 2691 4474 et
2730 4420 3027 4475 divisionem
3063 4430 3138 4475 est
3174 4422 3356 4475 veritus
3392 4432 3440 4477 et

1855 4514 2075 4583 falsitas.
2119 4511 2346 4566 Nomina
2392 4513 2551 4584 igitur
2589 4516 2703 4581 ipsa
2731 4523 2778 4566 et
2827 4513 2976 4566 verba
3001 4515 3289 4568 consimilia
3322 4523 3441 4570 sunt

163 4642 324 4700 atque
349 4599 549 4697 ju~tum
580 4631 718 4698 apud
742 4599 930 4683 omnes
960 4644 1145 4699 gentes
1175 4628 1312 4683 idem
1333 4636 1435 4683 est,
1463 4629 1526 4683 Ει
1548 4630 1614 4683 de
1643 4629 1753 4685 Deo
1778 4599 1834 4662 Β
1858 4608 1970 4661 sine
1994 4608 2361 4676 compositione
2387 4617 2434 4660 et
2475 4607 2721 4660 divisione
2748 4608 3050 4673 intellectui,
3086 4619 3141 4662 ut
3167 4609 3321 4663 homo
3365 4611 3442 4665 vel

162 4739 374 4792 quoque
404 4722 543 4778 idem
575 4731 676 4784 est,
710 4723 862 4790 cujus
892 4722 1136 4791 quamvis
1174 4722 1384 4775 cultura
1413 4721 1628 4777 diversa
1659 4721 1752 4788 sit,

166 4816 306 4869 idettt
365 4826 540 4868 tamen
591 4813 869 4884 cujusdam
925 4815 1367 4869 eminentissima)
1410 4824 1616 4869 natura:
1672 4822 1756 4870 est

164 4907 492 4961 intellectus.
534 4907 711 4974 Quare
752 4906 1101 4974 repetendum
1149 4908 1384 4962 breviter
1412 4923 1440 4960 a
1484 4906 1757 4977 principio

167 5008 295 5063 est,
338 5000 579 5065 partibus
620 5000 762 5052 enim
796 4999 862 5052 ad
899 5007 1197 5052 orationem
1247 5012 1415 5066 usque
1450 4998 1695 5067 pervenit
1737 5015 1751 5052 :

171 5104 294 5142 nam
319 5090 456 5158 quod
490 5104 549 5145 so
576 5090 721 5157 prius
750 5092 875 5158 quid
914 5099 1057 5144 esset
1099 5104 1293 5143 nomen
1317 5134 1331 5155 ,
1363 5091 1489 5159 quid
1531 5093 1755 5147 verbum

169 5184 498 5236 constituere
529 5183 693 5247 dixit,
728 5183 809 5236 ha:
841 5184 1057 5237 minime
1092 5194 1271 5252 partes
1302 5186 1560 5241 orationis
1590 5196 1756 5253 sunt;

170 5274 313 5343 quod
362 5289 492 5327 vero
546 5275 956 5329 altirntationem
994 5285 1068 5337 ct
1124 5276 1493 5343 negationem,
1531 5276 1641 5344 jam
1692 5278 1760 5331 de

170 5368 469 5433 composita
503 5381 566 5418 ex
598 5367 775 5420 verbis
803 5376 856 5420 et
887 5366 1197 5429 nonnullius
1224 5367 1466 5421 oratione
1503 5369 1756 5437 loquitur,

172 5473 291 5524 qnze
350 5457 554 5517 emdem
607 5472 794 5511 rursus
839 5468 1015 5523 partes
1064 5468 1190 5512 sunt
1234 5460 1641 5516 enuntiationis.
1696 5463 1762 5520 Et

173 5558 297 5619 past
321 5551 704 5604 ettuttttatiouis
744 5553 1158 5618 propositionem
1181 5591 1197 5615 ,
1228 5550 1296 5606 de
1335 5552 1578 5608 oratione
1617 5556 1762 5625 loqui

181 5647 459 5713 proposuit
478 5688 492 5707 ,
522 5661 672 5712 cujus
701 5647 810 5714 ipsa
843 5661 1056 5714 quoque
1082 5647 1381 5702 enuntiatio
1408 5663 1532 5715 pars
1561 5658 1663 5704 est.
1699 5651 1767 5706 Et

178 5742 430 5808 quoniam
477 5743 557 5809 (ut
596 5742 796 5793 dictum
842 5743 947 5805 est)
991 5740 1182 5802 triplex
1214 5752 1299 5796 est
1331 5744 1534 5808 oratio,
1562 5757 1682 5812 quae
1713 5746 1766 5798 in

179 5831 373 5893 litteris
400 5873 415 5901 ,
444 5848 567 5906 quae
596 5835 649 5891 in
672 5848 803 5893 voce
823 5875 837 5899 ,
883 5849 1005 5906 quae
1035 5836 1088 5891 ιιι
1119 5834 1479 5894 intellectibtts
1506 5843 1623 5909 est,
1674 5837 1768 5909 qui

1856 4700 2053 4763 album,
2080 4702 2288 4771 quando
2313 4716 2413 4754 non
2439 4700 2650 4753 additur
2672 4700 2891 4772 aliquid.
2918 4700 3098 4773 Neque
3118 4704 3251 4757 enim
3274 4705 3443 4758 adhuc

1856 4808 2031 4845 verum
2059 4792 2134 4845 vel
2164 4794 2353 4862 falsum
2382 4803 2485 4856 est,
2513 4794 2714 4861 signum
2751 4803 2920 4848 autem
2948 4795 3101 4867 hujus
3132 4805 3225 4850 est.
3258 4796 3445 4850 Hirco-

1862 4901 2037 4939 certtus
2065 4887 2202 4939 enim
2239 4887 2495 4957 signiﬁcat
2522 4887 2719 4956 aliquid
2738 4928 2755 4954 ,
2786 4890 2875 4942 sed
2901 4889 3129 4943 nondum
3162 4906 3335 4945 verum
3369 4892 3446 4944 vel

1865 4979 2079 5048 falsum,
2110 4980 2153 5032 si
2182 4995 2286 5033 non
2308 5020 2323 5045 ,
2367 4997 2498 5046 esse,
2524 4983 2601 5035 vel
2627 4998 2729 5036 non
2756 4999 2896 5047 esse,
2927 4985 3170 5050 addatur,
3215 4983 3292 5038 vel
3328 4985 3447 5037 dim-

1866 5074 2091 5146 pliciter,
2125 5075 2203 5127 vel
2232 5073 2508 5129 secundum
2536 5085 2751 5145 tetnpus.

1940 5166 2204 5234 Quoniam
2256 5180 2455 5220 nomen
2498 5176 2553 5221 et
2592 5167 2813 5222 verbum
2857 5176 3018 5237 atque
3052 5168 3228 5222 omnis
3281 5170 3451 5223 oratio

1866 5258 2220 5329 siguilicativa
2271 5267 2398 5312 sunt
2440 5258 2638 5313 anima:
2677 5260 3022 5326 paSsionum,
3055 5275 3121 5314 ex
3169 5262 3297 5328 ipsis
3337 5260 3452 5321 sine

1865 5350 2037 5410 dubio
2060 5343 2482 5421 quaa'designaut
2501 5351 2554 5404 in
2579 5351 2780 5407 eisdem
2812 5353 3029 5407 vocibus
3057 5354 3352 5420 proprietas
3381 5353 3452 5404 si.

1874 5442 2570 5536 gttiﬁcationisittnascitur.
2597 5444 2692 5498 llic
2725 5459 2853 5499 vero
2872 5454 2957 5501 est
2978 5455 3119 5497 totus
3148 5453 3308 5512 atque
3328 5460 3453 5497 C'Hl-u

1874 5535 2053 5594 tinuus
2073 5535 2435 5592 Arismtelire
2462 5536 2595 5593 ordo
2619 5537 2919 5591 sententiae.
2951 5536 3236 5602 Quoniam.
3264 5538 3454 5601 inquit,

1874 5647 1936 5687 ea
1963 5632 2190 5702 primum
2212 5632 2433 5689 vocibus
2448 5632 2814 5701 signiﬁCantur
2831 5645 2949 5699 qum
2968 5629 3020 5683 in
3042 5631 3222 5682 animo
3236 5638 3290 5681 et
3311 5630 3456 5700 cogi.

1878 5737 2079 5789 talione
2094 5742 2398 5795 versantur,
2414 5733 2782 5787 intellectuum
2798 5746 2924 5786 vero
2936 5731 3070 5785 alios
3091 5730 3308 5801 quidem
3333 5733 3459 5787 sint.

1878 5837 2069 5909 plices.
2094 5837 2285 5895 «sine
2309 5832 2657 5893 verivell‘alsi
2675 5834 3050 5892 enuntiatione
3061 5830 3455 5904 perpendimus
