4022 6332
552 327 653 384 ιιε
1288 380 1291 383 ε
1566 336 1571 349 ‘
1772 320 1885 378 ΑΝ.
1925 316 2126 377 ΜΑΝΙ...

2231 312 2332 370 Εν.
2372 316 2597 374 ΒΟΕΤΙΙ
2992 332 2995 347 ³
3750 326 3840 382 416

551 454 607 502 ιιι
631 446 935 503 cum‘nohis
968 446 1201 507 hominis.
1221 445 1525 515 proprietas
1554 442 1718 499 tacita
1742 437 2132 515 imaginatione
2165 435 2222 496 Δ
2244 435 2420 491 nullus
2443 436 2642 494 dixerit
2670 438 3136 509 compositionem.
3171 438 3234 495 In
3267 438 3379 496 hoc
3407 454 3541 496 vero
3580 441 3838 505 divisionis

551 538 872 607 suggeritur,
904 537 1065 591 nulla
1099 514 1337 606 namque
1372 552 1438 591 ex
1467 535 1569 590 hac
1591 514 1964 602 .inteliigentiaa
2007 530 2139 585 sim-

551 631 787 699 plicitate
828 631 1199 687 velveritatis
1224 630 1462 684 nascitur
1492 628 1587 682 vel.
1615 625 1863 681 falsitatis
1895 624 2096 694 agnitio
2122 641 2139 690 ;

549 730 675 775 sunt
715 735 844 776 vero
874 720 1181 776 intellectus
1223 721 1439 791 quidam
1489 718 1772 787 compositi
1821 728 1980 786 atque
2010 731 2143 770 con-

549 812 713 883 iuncti
747 814 798 867 in
830 814 1022 887 quibus
1060 814 1202 870 inest
1238 814 1348 884 jam
1373 814 1617 885 quaedam
1641 813 1725 868 vel
1777 812 2010 867 veritatis
2057 812 2142 866 vel

550 906 800 975 falsitatis
835 907 1207 977 inspectio,‘ut
1237 922 1355 963 cum
1407 907 1471 961 ad
1514 906 1811 975 quamlibet
1838 905 2139 973 simplicem

546 1000 950 1067 perceptionem
980 1001 1179 1055 mentis
1208 998 1519 1069 adjungitur
1547 997 1689 1052 aliud
1718 998 1879 1065 quod.
1904 997 1987 1052 vel
2018 1011 2140 1052 esse

546 1090 744 1159 aliquid
776 1091 859 1146 vel
890 1109 992 1146 nun
1016 1106 1136 1147 esse
1162 1093 1470 1154 constituat,
1499 1101 1555 1144 ut
1575 1090 1621 1144 si
1642 1090 1706 1143 ad
1731 1089 1962 1143 hominis
1983 1089 2139 1143 intel-

548 1179 739 1233 lectum
770 1197 889 1237 esse
922 1184 1001 1237 vel
1034 1199 1137 1236 non
1166 1196 1308 1244 esse,
1333 1182 1414 1235 vel
1458 1181 1638 1236 album
1670 1196 1821 1247 esse,
1847 1181 1930 1235 vel
1956 1182 2138 1235 album

544 1286 649 1326 non
679 1290 800 1329 esse
825 1276 1109 1343 copuletur
1128 1318 1140 1341 ,
1198 1274 1328 1329 fient
1353 1276 1499 1329 enim
1526 1274 1844 1345 cogitabiles
1868 1274 2138 1330 orationes

546 1367 783 1421 veritatis
826 1370 908 1421 vel
940 1366 1213 1422 falsitatis
1240 1368 1552 1437 participes,
1588 1367 1688 1421 hoc
1732 1366 1900 1421 modo
1925 1384 1936 1419 :
1966 1366 2139 1420 Homo

544 1468 643 1522 est,
678 1458 836 1512 homo
870 1476 973 1514 non
1001 1471 1102 1525 εει,
1138 1460 1300 1515 homo
1331 1460 1486 1515 albus
1507 1470 1608 1527 est,
1643 1460 1803 1514 homo
1834 1461 1985 1514 albus
2030 1475 2136 1514 non

543 1562 652 1615 est,
683 1568 905 1622 quarum
952 1554 1170 1622 quidem
1204 1556 1362 1608 homo
1392 1564 1496 1620 est,
1541 1555 1627 1608 vel
1658 1554 1820 1607 homo
1850 1552 2003 1607 albus
2031 1562 2131 1617 est,

488 1648 499 1655 ’
542 1646 1109 1713 compositiodicitur,
1155 1662 1274 1701 nam
1321 1647 1475 1715 prior
1494 1661 1616 1700 esse
1647 1656 1806 1715 atque
1840 1645 2133 1707 hominetn,

541 1737 807 1803 poSterior
834 1738 1104 1793 hominem
1136 1739 1256 1794 albo
1277 1740 1576 1807 composita
1608 1738 1912 1792 intellectus
1939 1735 2136 1805 priedi-

2248 530 2423 584 nullus
2449 547 2517 586 ne
2547 531 2706 587 fictus
2746 533 2984 603 quidemv
3010 548 3208 590 medus
3238 535 3477 606 intelligi
3510 546 3700 605 potest.
3724 541 3837 598 Illud

2244 637 2456 693 quoque
2500 626 2949 682 considerandum
2992 637 3076 683 est
3122 622 3340 694 numne
3388 628 3572 698 aliqua
3601 630 3670 683 sit
3694 631 3743 685 in
3770 632 3838 691 hic

2243 718 2565 785 compositio
2590 720 2671 773 vel
2701 720 2927 788 divisio,
2969 737 3111 791 quae.
3135 721 3456 778 secundum
3504 722 3836 784 substantiam

2244 821 2553 863 suamvera
2581 810 2834 865 dicuntur
2862 821 2955 865 aut
3001 812 3155 880 falsa,
3197 825 3258 867 ut
3306 824 3398 868 est
3446 828 3576 867 vera
3618 816 3833 884 voluptas

2246 897 2383 954 bene
2413 901 2665 967 vivendi,
2699 911 2758 956 ut
2802 915 2887 958 εει
2928 902 3058 958 falsa
3100 905 3361 974 voluptas
3393 903 3653 960 bellandi.
3681 906 3831 964 Etiam

2245 990 2614 1062 illudquoque
2641 994 3039 1062 respiciendum
3064 1004 3181 1063 est,
3224 995 3380 1065 quod
3406 995 3463 1050 in
3486 998 3832 1054 omniumma-

2242 1084 2389 1139 xime
2414 1084 2525 1140 Deo
2546 1085 2806 1155 quidquid
2837 1088 3169 1156 intelligitur,
3198 1103 3314 1142 non
3337 1090 3394 1143 in
3417 1104 3486 1144 eo
3507 1090 3830 1151 accidentali-

2244 1184 2344 1241 ter,
2378 1177 2473 1231 sed
2494 1178 3297 1251 substantialiterintelligitur,
3328 1182 3540 1236 etenim
3564 1198 3679 1251 quae
3712 1183 3829 1238 bona

2241 1276 2363 1320 sunt
2384 1267 2808 1329 substantialiter
2824 1270 2892 1325 de
2906 1285 2973 1326 eo
2992 1286 3096 1325 non
3116 1272 3546 1327 accidentaliter
3563 1273 3824 1329 credimus.

2242 1360 2389 1427 Quod
2413 1360 2459 1416 si
2494 1363 2923 1419 substantialiter
2961 1366 3239 1420 credimus
3286 1365 3489 1433 Deum,
3537 1366 3701 1421 Deum
3724 1382 3827 1421 vero

2240 1452 2422 1507 nullus
2451 1453 2651 1520 dixerit
2691 1454 2917 1517 falsum.
2957 1456 3201 1527 nihilque
3236 1459 3292 1511 in
3348 1472 3418 1511 eo
3448 1456 3823 1515 accidentaliter

2242 1545 2437 1608 poterit
2463 1549 2700 1613 evenire,
2749 1549 2861 1618 ipsa
2888 1551 3089 1604 veritas
3112 1550 3261 1605 Deus
3286 1550 3559 1605 dicendus
3589 1562 3703 1616 est;
3753 1551 3821 1607 ubi

2239 1648 2321 1693 est
2349 1640 2510 1708 igitur
2549 1641 2870 1707 compositio
2896 1642 2982 1697 vel
3010 1642 3210 1697 divisio
3240 1644 3298 1696 in
3341 1642 3411 1696 iis
3441 1658 3565 1713 quae
3591 1644 3818 1713 simplicis

2243 1730 2577 1808 naturaliter
2607 1742 2752 1799 sunt,
2790 1750 2907 1789 nec
2955 1734 3060 1791 ulla
3091 1736 3392 1804 cujuslibet
3440 1737 3519 1790 rei
3569 1736 3819 1791 collatione

542 1830 748 1882 natione
777 1833 1062 1896 connectit,
1110 1833 1191 1886 sin
1246 1847 1371 1885 vero
1398 1832 1464 1885 ad
1515 1830 1747 1899 hominis
1806 1829 2135 1883 intellectum
2168 1822 2216 1882 B
2237 1821 2575 1893 junguntur..
2605 1825 2785 1892 Quare
2817 1842 2921 1880 non
2953 1828 3134 1882 omnis
3164 1828 3377 1882 veritas
3426 1843 3603 1897 neque
3649 1829 3816 1883 falsitas

541 1919 784 1987 adjiciam
812 1921 1063 1991 quiddam
1086 1963 1101 1987 ,
1138 1933 1190 1976 ut
1225 1925 1298 1977 ita
1327 1924 1416 1987 sit,
1453 1923 1614 1976 homo
1640 1931 1744 1986 est,
1780 1922 1861 1975 vel
1892 1936 1997 1973 non
2026 1929 2126 1980 est,

544 2014 624 2066 vel
663 2013 817 2069 albus
846 2026 947 2080 est,
980 2025 1071 2068 aut
1099 2016 1298 2084 aliquid
1352 2017 1478 2077 tale.
1536 2024 1661 2067 tunc
1707 2015 1760 2068 in
1792 2013 1904 2076 ἱιιξιι
1937 2011 2133 2080 cogita-

542 2105 683 2159 tione
737 2107 933 2160 veritas
964 2117 1057 2160 aut
1103 2106 1306 2161 falsitas
1364 2106 1677 2170 innascitur;
1731 2118 1880 2172 ergo,
1927 2101 2129 2170 inquit,

540 2200 989 2265 quemadmodum
1019 2201 1303 2264 aliquoties
1350 2200 1564 2270 quidam
1611 2195 2133 2267 simplices-intelle-

541 2297 657 2344 ctus
681 2300 827 2356 sunt,
852 2294 940 2363 qui
975 2309 1103 2348 vero
1129 2293 1371 2364 falsoque
1398 2303 1637 2357 careant,
1669 2291 1886 2360 quidam
1920 2304 2047 2344 vero
2076 2290 2129 2343 in

540 2382 731 2451 quibus
759 2386 988 2440 alterum
1022 2386 1213 2441 horum
1238 2386 1555 2451 reperiatur,
1587 2387 1669 2439 sic
1694 2383 1855 2439 etiam
1889 2385 1943 2435 in
1977 2396 2126 2455 voce.

540 2474 672 2531 Nam
702 2493 821 2547 quas
852 2494 1009 2533 voces
1029 2478 1631 2546 denuntiantsimplices
1654 2476 1976 2538 intellectus,
1999 2474 2131 2543 ipsa:

538 2583 752 2638 quoque
771 2584 799 2622 a
821 2570 1054 2626 falsitate
1074 2582 1129 2627 et
1147 2573 1375 2627 veritate
1401 2570 1657 2639 sejunctas
1677 2580 1823 2625 sunt.
1848 2568 1975 2636 Quae
2002 2583 2130 2623 vero

538 2659 843 2729 bujusmodi
894 2662 1196 2723 significant
1223 2664 1522 2717 intellectus
1584 2664 1635 2715 in
1665 2661 1859 2731 quibus
1900 2660 2011 2731 jam
2043 2659 2129 2713 vel

537 2753 733 2807 veritas
760 2754 841 2807 vel
873 2752 1076 2809 falsitas
1096 2757 1385 2810 constituta
1408 2766 1509 2820 est,
1544 2754 1599 2808 in
1631 2754 1761 2822 ipsis
1795 2768 2009 2823 quoque
2033 2752 2130 2806 ho-

534 2861 652 2901 rum
702 2848 934 2902 alterum
967 2849 1193 2904 inveniri
1240 2863 1464 2903 necesse
1490 2859 1591 2903 est.
1635 2848 1766 2901 Nam
1797 2848 1843 2901 si
1873 2848 1995 2916 quis
2026 2846 2128 2901 ltoc

530 2938 885 3004 solumrdicit,
910 2938 1071 2994 homo
1095 2940 1177 2994 vel
1207 2940 1408 3001 album,
1444 2942 1523 2993 vel
1550 2940 1707 2992 etiam
1757 2938 2126 3001 hircoeervus,

532 3043 835 3099 quanquam
869 3033 966 3084 ista
998 3032 1241 3100 quidem
1287 3031 1609 3100 significent,
1642 3030 1893 3096 quoniam
1948 3038 2125 3081 tamen

531 3120 835 3189 significant
901 3123 1173 3191 simplices
1249 3122 1586 3186 intellectus,
1645 3121 1989 3175 manifestum
2045 3131 2127 3174 est

2236 1918 2379 1970 circa
2399 1918 2849 1986 compositionem
2875 1919 3313 1991 divisionemque
3346 1932 3588 1987 conSIat,
3615 1921 3702 1976 sed
3724 1925 3814 1976 sola

2237 2016 2383 2062 tantu
2411 2031 2437 2061 ιι
2460 2025 2581 2079 qua:
2608 2011 2659 2063 in
2689 2011 3057 2066 intellectuum
3083 2011 3445 2067 multitudine
3478 2011 3556 2079 fit,
3581 2023 3631 2066 et
3653 2014 3700 2066 in
3719 2027 3813 2082 pro-

2239 2098 2436 2154 latione
2456 2100 2691 2156 dicendi.
2724 2102 2860 2157 Nam
2889 2104 2941 2158 in
2968 2104 3079 2173 ipsa
3106 2104 3335 2174 quidem
3369 2104 3683 2160 habitudine
3706 2106 3811 2159 ima-

2235 2195 2521 2263 ginationis
2540 2205 2595 2251 et
2615 2196 2697 2252 rei
2721 2198 2867 2253 nulla
2889 2202 3217 2270 compositio
3244 2210 3367 2267 est,
3390 2202 3446 2256 in
3470 2202 3811 2272 conjunctione

2237 2302 2365 2341 vero
2386 2289 2753 2345 intellectuum
2780 2292 3102 2361 compositio
3134 2294 3211 2348 fit.
3247 2294 3387 2348 Nam
3413 2310 3539 2349 cum
3566 2296 3701 2361 dico,
3728 2294 3807 2349 So-

2234 2391 2407 2436 crates
2430 2383 2689 2449 ambulat,
2720 2384 2822 2442 hoc
2851 2387 3024 2455 ipsum
3047 2388 3298 2457 quidem,
3328 2389 3477 2460 quod
3508 2404 3628 2443 eum
3647 2388 3804 2443 ambo-

2235 2472 2347 2528 lare
2376 2477 2632 2545 concepi,
2664 2478 2806 2533 nulla
2833 2479 3151 2549 compositio
3179 2489 3271 2535 est
3295 2497 3311 2546 ;
3357 2481 3505 2552 quod
3532 2496 3653 2536 vero
3680 2480 3803 2535 ἱιιιεισ

2193 2569 2404 2623 ‘lectus
2485 2578 2865 2641 progressione
2934 2573 3399 2630 ambulationem;
3434 2591 3557 2630 cum
3615 2574 3803 2630 Socrate

2233 2668 2522 2737 conjungo,
2546 2669 2790 2738 quaedam
2812 2668 2923 2739 jam
2952 2669 3085 2725 facta
3113 2679 3193 2726 est
3225 2672 3577 2739 compositio.
3610 2668 3741 2736 Quod
3764 2668 3798 2720 si

2233 2759 2335 2815 hoc
2379 2761 2623 2816 oratione
2667 2762 2961 2830 protulero,
3022 2775 3210 2817 rursus
3242 2764 3466 2819 'eadem
3520 2759 3800 2830 compositio

2232 2863 2335 2913 εει,
2367 2862 2422 2906 ει
2448 2854 2589 2906 circa
2632 2867 2750 2906 eam
2788 2853 2868 2906 vis
2899 2853 3140 2908 veritatis
3186 2863 3248 2908 et
3305 2854 3556 2909 falsitatis
3590 2861 3797 2923 apparet.

2231 2946 2493 3012 Quocirca
2520 2946 2572 3000 in
2602 2946 2683 3000 his
2709 2946 2839 3001 solis
2869 2948 3368 3017 compositionibus
3392 2948 3654 3004 invenitur
3685 2948 3798 3000 veri-

2232 3048 2313 3092 tas
2351 3050 2513 3107 atque
2541 3040 2904 3105 mendacium,
2936 3042 3004 3096 de
3044 3043 3243 3113 quibus
3281 3054 3394 3098 tota
3437 3060 3579 3098 nunc
3608 3038 3795 3111 quaestio

2200 3140 2330 3196 εει,
2364 3131 2414 3183 in
2450 3132 2666 3201 nomine
2695 3132 2902 3188 scilicet
2943 3126 2997 3186 et
3025 3133 3077 3187 in
3106 3134 3304 3202 verbo,
3354 3136 3409 3189 in
3454 3132 3720 3204 negatione
3752 3137 3795 3184 et

532 3213 680 3266 omni
733 3211 973 3273 veritatis
1010 3214 1091 3268 vel
1144 3212 1392 3266 falsitatis
1439 3213 1767 3282 proprietate
1814 3227 2021 3266 carere.
2058 3212 2124 3266 Et
2152 3210 2199 3272 ε
2232 3221 2606 3285 affirmatione,
2656 3224 2708 3277 in
2732 3224 3103 3280 enuntiatione
3132 3236 3188 3281 et
3215 3227 3492 3281 oratione.
3529 3226 3684 3293 Quam
3712 3221 3794 3275 sci-

531 3312 640 3358 tota
671 3303 885 3374 quidem
911 3305 1177 3359 sententia
1205 3304 1307 3358 hoc
1330 3305 1490 3357 modo
1510 3319 1570 3359 se
1602 3303 1781 3359 habet.
1806 3303 2125 3373 Diligentius

532 3404 711 3450 tamen
740 3406 821 3451 est
842 3397 1224 3451 attendendum
1256 3396 1381 3464 quid
1403 3396 1645 3465 estquod
1670 3399 1763 3459 ait,
1792 3393 1946 3451 Circa
1975 3411 2124 3450 com-

532 3488 850 3557 positionem
873 3489 1016 3544 enim
1039 3500 1090 3543 et
1111 3488 1429 3543 divisionem
1452 3497 1536 3543 est
1561 3488 1761 3543 veritas
1781 3488 2122 3559 falsitasque;

531 3582 656 3651 quid
680 3587 840 3638 etiam
874 3582 1015 3652 quod
1043 3582 1243 3636 dictum
1274 3592 1390 3646 est,
1444 3581 1660 3636 nomina
1710 3581 1873 3651 igitur
1903 3585 2015 3652 ipsa
2071 3595 2124 3638 et

529 3673 693 3729 verba
715 3674 1017 3729 consimilia
1040 3682 1165 3726 sunt
1191 3673 1307 3727 sine
1335 3673 1727 3743 compositione
1754 3675 1834 3729 vel
1859 3673 2122 3729 divisione

529 3764 854 3831 intellectui;
890 3765 1016 3820 illud
1047 3780 1261 3836 quoque
1290 3782 1388 3820 cur
1425 3768 1731 3836 composito
1765 3769 2004 3835 nomine,
2040 3770 2122 3824 vel

528 3870 623 3911 cur
648 3858 809 3912 etiam
838 3873 967 3912 usus
1008 3870 1091 3912 est
1132 3860 1209 3912 rei
1244 3873 1348 3912 non
1376 3860 1720 3914 subsiStentis
1763 3863 2034 3930 exemplo,
2068 3871 2124 3916 ut

529 3950 756 4015 diceret,
791 3950 1133 4005 hircoeervus
1178 3952 1321 4005 enim
1375 3951 1638 4019 significat
1666 3952 1891 4020 aliquid.
1922 3952 2031 4006 Nec
2059 3954 2121 4007 il-

525 4044 615 4099 lud
650 4044 1076 4112 pneterenndum
1109 4058 1189 4099 εει
1221 4044 1348 4114 quid
1380 4046 1450 4099 sit
1481 4046 1623 4115 quod
1667 4046 1866 4099 dictum
1900 4056 2005 4111 est,
2035 4048 2120 4102 vel

526 4132 841 4201 simpliciter
866 4137 945 4189 vel
968 4136 1265 4191 secundum
1295 4146 1527 4207 tempus.
1554 4138 1620 4193 Et
1648 4140 1875 4207 primum
1902 4139 2117 4208 quidem

525 4224 593 4278 de
623 4239 689 4279 eo
739 4226 1025 4281 dicendum
1074 4237 1157 4283 est
1187 4229 1328 4298 quod
1362 4232 1451 4295 ait,
1484 4229 1640 4285 Circa
1668 4233 2115 4301 compositionem

525 4319 668 4372 enim
699 4326 753 4371 et
780 4318 1093 4374 divisionem
1125 4331 1208 4376 est
1255 4322 1453 4375 veritas
1484 4322 1815 4393 falsitasque.
1848 4326 2118 4391 Quaeritur

522 4423 757 4479 namque
787 4420 1041 4467 utrumne
1067 4416 1242 4467 omnis
1273 4418 1468 4468 veritas
1490 4416 1634 4471 circa
1664 4416 2116 4485 compositionem

523 4509 577 4554 ct
604 4501 920 4558 divisionem
950 4504 1038 4568 sit,
1072 4520 1140 4559 an
1170 4507 1412 4575 quaedam
1440 4517 1545 4573 est,
1574 4507 1820 4576 quaedam
1860 4523 1990 4562 vero
2019 4514 2117 4561 mi-

523 4591 685 4645 niute.
722 4593 852 4646 lllud
881 4610 1094 4664 quoque
1123 4611 1191 4649 an
1225 4601 1275 4650 in
1307 4597 1454 4649 omni
1490 4598 1881 4666 compositione
1914 4600 2002 4654 vel
2036 4599 2116 4653 di-

2231 4618 2633 4688 veritatemquev
2660 4596 2978 4673 subsistere.
3028 4620 3131 4673 Sed
3182 4619 3311 4673 illud
3344 4617 3668 4674 verissimum
3694 4614 3777 4665 εει,
3820 4652 3827 4659 .

2225 4713 2367 4783 quod
2397 4713 2572 4766 omnis
2600 4727 2721 4781 quae
2748 4721 2832 4767 est
2860 4713 2915 4767 in
2944 4713 3188 4767 oratione
3236 4713 3433 4767 veritas
3484 4706 3778 4769 falsitasque.
3832 4762 3835 4763 ν
3884 4702 3905 4739 ⁴έ

521 4686 725 4739 visione
769 4688 963 4741 veritas
995 4689 1309 4757 falsitasque
1341 4692 1630 4744 constituta
1654 4693 1742 4755 sit,
1773 4706 1840 4744 an
1877 4692 1978 4745 hoc
2006 4708 2113 4747 non

521 4780 864 4848 generaliter,
888 4781 981 4835 sed
1012 4781 1063 4835 in
1088 4782 1319 4851 quadam
1343 4786 1749 4852 compositionis
1778 4787 1864 4839 vel
1892 4787 2115 4841 divisio-

521 4874 605 4929 nis
633 4886 781 4942 parte
812 4878 1006 4930 veritas
1033 4876 1344 4947 falsitasquc
1371 4889 1632 4933 versetur.
1666 4880 1724 4933 ιιι
1768 4881 2113 4949 opinionibus

522 4976 763 5037 namque
782 4969 981 5039 veritas
1029 4980 1133 5035 est,
1166 4972 1377 5038 quoties
1428 4986 1495 5026 ex
1541 4972 1783 5043 subjecta
1814 4988 1872 5027 re
1904 4974 2115 5042 capitur

522 5067 830 5136 imaginatio
856 5069 939 5123 vel
969 5070 1131 5124 etiam
1174 5070 1404 5139 quoties,
1454 5070 1525 5123 ita
1554 5080 1611 5123 ut
1657 5084 1780 5124 sese
1807 5085 1895 5124 res
1927 5071 2109 5139 habet,

521 5163 952 5230 imaginationem
985 5164 1177 5231 accipit
1232 5162 1583 5225 intelleCtus;
1618 5163 1823 5217 falsitas
1870 5178 2000 5217 vero
2020 5172 2115 5219 ‘est

521 5263 732 5326 quoties
764 5271 854 5314 aut
882 5276 987 5314 non
1036 5277 1103 5314 ex
1134 5258 1399 5329 subjecto,
1431 5269 1523 5314 aut
1551 5261 1618 5314 it‘a
1642 5270 1724 5314 :ut
1756 5274 1873 5315 sese
1896 5276 1984 5315 res
2006 5277 2111 5317 non

522 5351 683 5405 habet
714 5353 1022 5420 imaginatio
1051 5353 1335 5422 subjicitur
1362 5353 1654 5409 intellectui
1682 5356 1821 5418 ;‘sed
1852 5354 2028 5409 adhuc
2060 5357 2112 5411 in

521 5446 747 5499 veritate
770 5447 1189 5516 atque-falsitate
1219 5446 1349 5501 nihil
1378 5448 1624 5518 equidem
1650 5450 1789 5503 aliud
1821 5454 2105 5521 reperitur,

521 5537 622 5591 nisi
652 5539 894 5605 quaedam
944 5542 1215 5611 opinionis
1242 5541 1504 5596 habitudo
1547 5543 1613 5597 ad
1643 5533 1944 5615 subiectam
1977 5564 2108 5601 rem.
2150 5597 2155 5603 .

522 5628 634 5694 Qua
666 5632 807 5683 enim
840 5632 1151 5689 habitudine
1179 5646 1233 5690 et
1274 5638 1546 5705 quomodo
1575 5652 1694 5691 sese
1731 5637 1891 5693 habet
1934 5639 2123 5711 imagi-

524 5721 676 5775 natio
720 5721 783 5776 ad
819 5739 929 5778 rem
964 5726 1291 5797 subjectam,
1328 5727 1433 5783 hoc
1482 5728 1741 5787 solum‘in
1774 5731 1873 5785 hac
1900 5734 2123 5789 veritate

527 5813 612 5872 vel
649 5814 909 5904 falsitate.
921 5821 1266 5893 perspicitur,
1297 5836 1462 5893 quam
1490 5822 1735 5893 quidem.
1760 5822 2122 5885 habitudinem

2232 3315 2358 3370 licet
2386 3317 2778 3386 compositione
2806 3321 3046 3374 veritatis
3073 3329 3129 3375 et
3161 3319 3427 3376 falsitatis
3473 3330 3699 3373 naturam
3737 3313 3791 3367 ab

2230 3406 2590 3463 intellectibus
2628 3410 2958 3480 accipientes
2987 3413 3039 3467 in
3072 3414 3221 3467 vocis
3258 3413 3571 3482 prolatione
3596 3422 3784 3464 conser-

2229 3513 2375 3558 vant.
2413 3502 2486 3556 De
2515 3502 2783 3559 divisione
2810 3513 2989 3560 autem
3034 3520 3154 3576 quae
3191 3508 3260 3560 ad
3295 3508 3626 3577 negationem
3651 3499 3790 3570 pertio

2229 3602 2339 3661 net,
2359 3595 2533 3666 deque
2558 3598 2947 3666 compositione
2969 3613 3087 3667 quae
3108 3598 3175 3652 ad
3197 3598 3635 3659 affirmationem,
3659 3590 3788 3660 paulo

2230 3689 2731 3755 post-enucleatius
2780 3688 2976 3745 dicam.
3028 3692 3180 3745 Nunc
3227 3692 3362 3746 illud
3416 3690 3786 3745 videndumest,

2229 3790 2407 3835 utrum
2434 3797 2620 3835 verum
2652 3783 2723 3835 sit
2749 3787 2889 3837 circa
2913 3797 3130 3837 omnem
3160 3784 3624 3855 compositionem,
3648 3776 3790 3831 circa-

2227 3890 2332 3945 que
2369 3890 2584 3931 omnem
2634 3876 2991 3941 divisionem,
3020 3879 3305 3934 veritatem
3360 3878 3447 3935 vel
3490 3870 3789 3931 mendacium

2227 3968 2540 4037 provenire,
2571 3968 2716 4035 quod
2746 3970 2971 4023 omnino
3026 3969 3217 4023 falsum
3246 3978 3357 4025 est.
3386 3971 3516 4037 Quis
3540 3964 3666 4021 enim
3713 3957 3788 4011 di-

2229 4060 2374 4114 xerit
2390 4059 2701 4127 ‘hujusmodi
2732 4062 3009 4114 nominum
3038 4044 3515 4131 conjunctionem',
3543 4066 3593 4111 et
3617 4052 3785 4107 Socra-

2228 4160 2311 4207 tes
2335 4163 2389 4206 et
2415 4152 2590 4219 Plato,
2620 4154 2703 4207 vel
2729 4154 2773 4207 si
2803 4167 2834 4205 a
2859 4168 2919 4208 se
2950 4154 3065 4207 haec
3096 4156 3317 4209 nomina
3363 4151 3677 4210 dividantur.
3706 4153 3785 4195 nec

2228 4244 2479 4302 Socrates
2505 4261 2606 4301 nec
2629 4246 2801 4310 Plato,
2834 4246 2947 4301 veri
2971 4246 3419 4316 aliquam‘falsive
3447 4255 3624 4300 tenere
3642 4233 3783 4302 signi-

2226 4340 2535 4395 ficantiam?
2558 4339 2735 4407 Quare
2780 4339 3144 4394 confitendum
3176 4340 3487 4409 estneque
3531 4334 3663 4388 circa
3689 4339 3784 4379 ont-

2224 4448 2348 4487 nem
2366 4433 2715 4500 divisionem,
2737 4448 2911 4502 neque
2942 4433 3084 4488 circa
3100 4448 3328 4487 omnem
3350 4426 3779 4499 compositionem.

2227 4540 2345 4580 eam
2388 4526 2599 4581 scilicet
2620 4528 2764 4609 quae
2796 4527 2848 4580 in
2897 4530 3138 4582 oratione
3169 4537 3436 4593 versatur,
3482 4517 3781 4578 mendacium

2224 4804 2697 4873 incompositione
2743 4804 3113 4858 etdivisione
3166 4804 3425 4865 nascitur,
3478 4814 3577 4853 non
3629 4802 3775 4847 tamen

2224 4899 2404 4954 omnis
2434 4898 2694 4953 orationis
2721 4899 3044 4968 compositio
3077 4900 3159 4953 vel
3187 4899 3379 4952 divisio
3408 4909 3582 4950 verum
3611 4884 3778 4942 retinet

2223 5001 2319 5047 aut
2348 4991 2583 5045 falsum.
2613 4991 2752 5061 Ergo
2779 4992 2826 5045 si
2857 4992 2934 5045 sic
2962 4991 3217 5055 dixisset,
3247 4991 3387 5045 circa
3419 4997 3620 5043 omnem
3647 4989 3774 5033 σθω·

2223 5085 2549 5155 positionem
2597 5085 2682 5139 vel
2734 5084 3054 5139 divisionem
3109 5085 3308 5139 veritas
3354 5083 3647 5145 falsitasque
3689 5075 3774 5123 esi.

2219 5178 2571 5233 mentiretur.
2601 5177 2706 5233 Sed
2761 5180 3011 5247 quoniam
3041 5178 3181 5232 dixit
3221 5177 3551 5247 simpliciter,
3605 5165 3773 5220 veri!“

2224 5269 2547 5339 falsitasque
2576 5270 2719 5323 circa
2775 5270 3224 5337 compositionem
3256 5269 3661 5331 divisionemqne
3685 5262 3769 5313 est.

2222 5361 2508 5416 verissime
2540 5360 2998 5429 subtilissimeque
3027 5362 3230 5416 dixisse
3262 5360 3544 5431 putandum
3569 5360 3669 5410 est;
3698 5344 3770 5397 5”“

2214 5455 2367 5509 enim
2392 5455 2607 5507 nomina
2631 5468 2748 5521 quae
2772 5453 2845 5506 ita
2868 5453 3119 5507 dicuntur
3146 5454 3424 5523 simplicia,
3452 5459 3504 5502 ut
3525 5444 3769 5498 vo-ritaleﬂl

2225 5558 2319 5601 aut
2364 5544 2646 5602 falsitatem
2680 5546 3091 5616 quodammodo
3120 5551 3332 5602 valeant
3374 5544 3653 5609 designaret
3684 5532 3768 5581 "'1'

2226 5642 2465 5712 jnsmodi
2494 5650 2619 5697 sunt
2649 5650 2701 5695 ιιι
2734 5640 2868 5694 intra
2902 5655 2961 5695 se
2988 5652 3146 5711 atque
3176 5643 3316 5697 intra
3364 5630 3765 5721 significatiotteul

2229 5750 2379 5789 Suam
2409 5733 2693 5801 quamdam
2725 5734 2993 5789 retineant
3019 5736 3491 5808 compositiuncm,
3527 5720 3641 5781 utsi
3666 5720 3767 5814 «ιυιξ

2234 5828 2410 5894 dicat,
2445 5828 2584 5895 lego.
2616 5826 2734 5884 Hoc
2758 5836 2843 5884 est
2886 5828 3031 5884 enim
3058 5827 3264 5897 dicere,
3295 5830 3429 5899 lego,
3460 5823 3687 5890 tanquam
3716 5816 3766 5862 σι
