4022 6332
224 400 331 471 M7

958 410 1023 467 lN
1063 410 1319 466 uanum
1360 410 1447 465 DE
1488 394 2155 467 turicnrncra'rious‘
2181 407 2409 467 EDITIO
2446 410 2781 467 saeuum.

3406 410 3514 468 418

225 524 392 587 dicat,
425 538 526 592 ego
554 525 691 595 lego.
726 524 838 581 Hoc
864 533 1043 581 autem
1075 526 1389 595 compesitio
1431 535 1543 590 est;
1570 527 1653 579 vel
1683 541 1818 594 quo-
1848 529 1899 589 A
1922 541 2025 596 que
2049 528 2343 581 secundum
2377 527 2744 583 intellectuum
2784 526 3288 598 qualitatem'veras
3327 536 3381 582 et
3411 528 3511 581 fal-

226 606 726 684 ties'ititerrogaiite
754 614 882 677 alio,
927 617 1217 685 respondet
1264 617 1417 680 alius,
1479 631 1584 669 uno
1612 623 1814 669 tantum

225 722 501 772 sermone,
532 706 742 763 videtur
770 724 980 779 quoque
1012 719 1137 764 tunc
1184 709 1417 777 simplex
1469 722 1649 763 sermo
1675 710 1817 763 veri-

226 808 390 853 tatem
420 800 866 869 mendaciumque
896 800 1189 869 perﬁcere,
1220 802 1360 871 quod
1397 802 1681 869 perfalsum
1712 812 1814 855 est.
1866 815 1870 839 τ

225 892 535 949 Audientis
563 910 795 962 namque
846 896 1126 964 responsio
1155 895 1219 949 ad
1252 905 1418 971 totum
1448 895 1691 949 ordinem
1722 911 1815 950 su-
1866 918 1873 933 ν

226 985 455 1054 perieris
492 987 879 1041 enuntiatiouis
909 987 1235 1057 adjungitur,
1270 998 1327 1039 ut
1366 986 1414 1039 si
1441 987 1561 1055 quis
1591 988 1817 1041 interro-

226 1079 370 1147 ganti
405 1080 708 1133 mundusne
735 1080 930 1133 animal
960 1081 1061 1143 sit,
1092 1090 1196 1145 est,
1226 1067 1571 1149 respondeat,
1605 1078 1818 1133 videtur

226 1174 344 1227 bzec
369 1187 478 1227 una
511 1174 768 1241 particula
800 1173 1081 1229 veritatem
1137 1175 1233 1228 velt
1276 1173 1617 1228 mendacium
1647 1172 1819 1227 conti-
1862 1188 1867 1201 ’

225 1282 390 1332 nere,
418 1267 539 1322 ‘sed
588 1266 744 1322 falso.
777 1266 892 1321 Non
922 1267 1063 1321 enim
1094 1283 1196 1322 una
1226 1278 1329 1331 est,
1361 1266 1454 1322 sed
1485 1266 1553 1322 ad
1582 1269 1687 1321 vim
1739 1268 1819 1334 ip-
1862 1296 1865 1297 ν

224 1363 334 1413 sius
384 1361 751 1428 responsionis
798 1345 1023 1415 intuenti
1070 1360 1177 1415 tale
1226 1371 1309 1416 est
1335 1376 1397 1415 ac
1447 1361 1492 1415 si
1548 1361 1819 1417 diceretur

225 1451 459 1505 mundus
486 1454 701 1507 animal
734 1462 835 1508 est.
867 1452 1021 1521 Quod
1052 1468 1181 1508 vero
1209 1452 1281 1506 ait
1334 1454 1550 1507 nomina
1599 1454 1713 1522 ipsa
1765 1461 1821 1508 et

224 1544 383 1598 verba
416 1545 716 1598 consimilia
746 1560 896 1607 esse,
957 1546 1074 1598 sine
1102 1544 1492 1613 compositione
1541 1545 1625 1599 vel
1678 1544 1816 1599 divi-
1860 1550 1865 1563 '

224 1640 375 1692 sione
404 1638 725 1703 intellecmi,
753 1639 881 1692 illud
906 1639 1151 1709 designat
1178 1637 1320 1709 quod
1349 1653 1509 1707 supra
1528 1638 1639 1708 jam
1663 1637 1817 1704 dixit,

223 1745 282 1784 ea
313 1747 437 1800 qua:
465 1742 589 1784 sunt
618 1732 668 1786 in
722 1747 851 1786 voce
879 1743 1033 1786 notas
1064 1747 1184 1786 esse
1236 1731 1429 1785 anima:
1456 1732 1815 1800 ipassionum.
1861 1758 1865 1765 ι

221 1821 374 1886 Quod
406 1823 451 1876 si
483 1831 626 1878 notze
654 1833 809 1884 sunt,
832 1823 972 1876 sicut
1002 1822 1196 1897 litterae
1228 1836 1422 1874 vocum
1455 1821 1507 1875 in
1536 1835 1595 1875 se
1624 1820 1819 1874 simili-
1860 1850 1864 1856 ι

1922 634 2009 673 sas
2057 634 2178 673 esse
2234 635 2456 675 necesse
2521 630 2623 675 est.
2677 620 2957 675 Maximam
3012 635 3140 675 vero
3190 619 3292 673 vim
3353 620 3513 675 habet

1923 714 2151 783 exempli
2190 701 2397 768 novitas
2424 723 2478 770 et
2526 715 2789 785 exquisita
2839 714 3127 769 subtilitas.
3175 714 3253 769 Ad
3285 714 3512 767 demon-

1923 806 2200 860 strandum
2244 808 2386 860 enim
2418 809 2555 876 quod
2583 822 2741 861 unum
2775 807 2948 861 solum
2993 807 3188 862 nomen
3216 821 3389 873 neque
3418 821 3513 859 νε·-

1925 913 2043 951 rum
2091 899 2182 967 sit,
2230 915 2400 968 neque
2452 898 2664 964 falsum,
2721 899 2893 965 posuit
2940 898 3512 967 hujusmodi'nomen,

1923 994 2065 1063 quod
2106 996 2465 1061 compositum
2509 994 2723 1064 quidem
2777 1004 2941 1061 esset,
2986 992 3129 1049 nulla
3181 1003 3358 1046 tamen
3401 993 3513 1059 ejus

1923 1084 2222 1138 substantia
2278 1086 2598 1155 reperietur.
2651 1084 2708 1140 Si
2753 1085 2893 1153 quod
2945 1100 3073 1153 ergo
3116 1099 3276 1138 unum
3321 1096 3514 1137 nomen

1922 1176 2203 1231 veritatem
2239 1188 2422 1247 posset
2446 1177 2802 1230 lalsitatemve
2832 1176 3086 1240 retinere,
3129 1175 3304 1244 posuit
3332 1173 3516 1243 hujus-

1924 1268 2070 1322 modi
2120 1283 2336 1333 nomen,
2386 1269 2650 1339 quodest
2681 1269 3045 1334 hircocervns,
3079 1269 3219 1338 quod
3262 1269 3514 1337 quoniam

1925 1359 2146 1413 omnino
2176 1360 2229 1412 in
2264 1360 2427 1414 rebus
2457 1362 2600 1414 nulla
2632 1360 2704 1413 illi
2737 1360 3031 1414 substantia
3066 1369 3168 1429 est,
3205 1360 3392 1413 falsum
3422 1358 3514 1412 ali-

1925 1451 2054 1521 quid
2098 1450 2381 1520 desiguare
2427 1453 2660 1519 videtur,
2708 1451 2801 1506 sed
2848 1467 2952 1506 non
3001 1453 3246 1521 designat
3285 1452 3515 1521 aliquam

1926 1544 2238 1601 falsitatem.
2292 1546 2398 1601 Nisi
2448 1545 2591 1601 enim
2623 1546 2830 1601 dicatur
2879 1546 3225 1601 hircocervns
3276 1545 3360 1600 vel
3398 1554 3553 1599 esse

1925 1637 2007 1691 vel
2038 1652 2143 1691 non
2173 1652 2315 1704 esse,
2346 1653 2648 1709 quanquam
2683 1640 2856 1709 ipsum
2888 1654 2980 1707 per
3001 1654 3060 1693 se
3091 1655 3193 1693 non
3227 1639 3317 1703 sit,
3343 1639 3515 1692 solum
3554 1646 3555 1651 ‘

1929 1738 2109 1784 tamen
2137 1730 2335 1784 dictum
2382 1729 2512 1784 nihil
2555 1730 2669 1784 falsi
2715 1730 2767 1783 in
2810 1745 2877 1784 eo
2906 1746 3158 1785 sermone
3190 1731 3365 1784 verive
3398 1744 3518 1798 per-

1926 1823 2201 1893 penditur.
2240 1825 2379 1894 Ergo
2404 1824 2469 1879 ad
2494 1824 2974 1879 demonstrandam
3002 1828 3108 1879 vim
3139 1824 3396 1893 simplicis
3426 1822 3517 1878 uo-
3558 1840 3561 1845 '

225 1913 469 1968 tudinem
499 1921 720 1985 gerunt,
755 1914 827 1966 ita
858 1928 1017 1968 voces
1044 1912 1438 1972 intellectuum.
1474 1911 1538 1965 Et
1565 1913 1818 1982 quoniam
1851 1918 1901 1978 B
1929 1916 2108 1982 minis,
2148 1917 2289 1987 quod
2322 1918 2469 1971 omni
2513 1918 2738 1973 veritate
2790 1927 2948 1987 atque
2994 1919 3273 1973 mendacio
3317 1928 3517 1981 careat,
3556 1922 3595 1945 η’

224 2008 425 2062 dictum
451 2019 534 2062 est
561 2004 657 2063 cur
678 2008 743 2063 de
771 2007 1121 2062 similitudine
1142 2008 1428 2061 verborum
1458 2015 1513 2060 et
1541 2007 1819 2060 nominum

223 2114 381 2170 atque
436 2102 634 2157 animae
691 2102 999 2170 passionum
1041 2100 1279 2163 dixerit,
1316 2098 1624 2154 cur'etiam
1676 2097 1821 2152 circa
1860 2128 1865 2139 ι

226 2196 671 2264 compositionem
710 2204 765 2250 et
792 2194 1113 2250 divisionem
1149 2193 1353 2246 falsum
1376 2206 1676 2261 verumque
1703 2205 1824 2245 esse

226 2292 591 2360 proposuerit,
626 2280 911 2345 dicendum
943 2287 1183 2358 estquid
1236 2292 1305 2341 sit
1358 2287 1471 2355 ipsa
1501 2284 1823 2353 compositio
1860 2310 1861 2319 ι

226 2388 305 2441 vel
337 2386 552 2450 divisio,
589 2387 641 2439 in
670 2400 776 2455 qua
804 2393 896 2439 aut
926 2383 1131 2438 veritas
1161 2391 1249 2436 aut
1292 2380 1501 2435 falsitas
1530 2379 1816 2433 invenitur.
1864 2408 1867 2413 -

226 2480 355 2533 Nam
387 2481 643 2549 quoniam
685 2480 751 2533 de
780 2478 1010 2546 simplici
1042 2474 1375 2531 elmntiativa
1418 2464 1674 2527 Oratione
1704 2485 1824 2540 per-
1861 2496 1865 2503 ι

226 2574 428 2643 pendit,
457 2583 515 2627 ut
538 2572 804 2643 posterius
828 2571 1015 2640 ipsein
1042 2566 1562 2629 divisionedeclarat,
1584 2565 1775 2619 dicens
1802 2583 1814 2617 :

224 2668 317 2721 Est
368 2679 546 2720 autem
579 2680 681 2719 una
722 2665 895 2733 prima
924 2661 1099 2716 oratio
1148 2658 1484 2714 enuntiativa
1512 2655 1821 2716 afﬁrmatio,

225 2759 421 2813 deimle
450 2757 685 2827 negatio,
719 2758 865 2809 illam
898 2768 1041 2808 nunc
1068 2751 1510 2820 compositionem
1539 2748 1825 2816 designare
1860 2752 1863 2753 '

225 2851 372 2913 tult,
407 2865 527 2919 qure
584 2847 808 2917 alicujus
858 2847 941 2901 vel
998 2844 1350 2899 substantiam
1384 2840 1681 2907 constituit,
1716 2837 1823 2892 vel

225 2941 427 3011 aliquid
451 2941 747 2996 secundum
776 2954 897 2994 esse
924 2936 1219 3007 conjungit.
1253 2934 1386 2987 Nam
1412 2948 1532 2987 cum
1556 2932 1700 2997 dico,
1725 2929 1826 2985 So-

224 3034 402 3092 crates
434 3030 552 3105 est,
577 3039 675 3089 hoc
698 3020 880 3104 ipsum
932 3048 1054 3088 esse
1082 3020 1293 3088 Socrati
1344 3029 1580 3099 applico',
1614 3036 1667 3081 et
1694 3026 1825 3081 sub-
1859 3042 1863 3053 ν

221 3132 481 3183 stantiam
511 3126 629 3196 ejus
685 3141 802 3179 esse
832 3126 1122 3180 constituo.
1175 3124 1268 3177 Sin
1298 3136 1425 3176 vero
1479 3121 1695 3183 dixero,
1728 3120 1827 3172 So-

224 3231 402 3274 crates
456 3217 808 3288 philosophus
846 3226 947 3279 est,
1004 3214 1398 3284 philosolihiam
1446 3224 1499 3267 et
1550 3213 1824 3267 Socratem

1927 2010 2031 2063 tale
2062 2010 2115 2063 in
2145 2010 2396 2079 exemplo
2428 2010 2604 2079 posuit
2632 2017 2851 2078 nomen,
2883 2012 2967 2065 cui
2997 2027 3083 2065 res
3104 2012 3247 2065 nulla
3274 2010 3512 2079 'subjecta
3552 2012 3555 2019 “

1926 2101 2015 2156 sit.
2048 2101 2200 2168 Quod
2232 2102 2275 2157 si
2301 2101 2431 2172 quid
2459 2118 2645 2157 verum
2675 2102 2758 2155 vel
2791 2101 2982 2156 falsum
3020 2104 3183 2157 unum
3225 2096 3421 2182 nomen
3448 2102 3518 2158 si-
3554 2112 3559 2127 τ

1925 2194 2185 2263 gnificare
2236 2205 2444 2266 posset,
2493 2212 2686 2251 nomen
2715 2195 2855 2266 quod
2890 2212 3007 2251 eam
3054 2211 3164 2251 rem
3202 2192 3334 2251 esse
3374 2192 3517 2250 desi-
3556 2204 3561 2215 ‘

1927 2298 2074 2357 gnat,
2098 2302 2219 2359 quae
2244 2289 2295 2344 in
2325 2289 2485 2344 rebus
2516 2306 2621 2344 non
2646 2289 2735 2353 sit,
2760 2292 2981 2343 omnino
3010 2286 3199 2343 falsdm
3218 2289 3518 2345 'essetzsed

1928 2397 2037 2436 non
2075 2391 2195 2448 est;
2227 2398 2333 2438 non
2366 2372 2525 2454 igitur
2560 2370 2674 2439 ulla
2706 2388 2903 2439 veritas
2946 2384 3259 2456 falsitasque
3291 2386 3343 2463 in
3392 2386 3519 2440 sim-

1927 2474 2055 2543 plici
2103 2490 2338 2543 unquam
2383 2478 2970 2546 nom'ine're'perictur.
3018 2478 3129 2533 Nec
3169 2478 3299 2533 illud
3338 2480 3519 2548 parva:

1929 2583 2073 2623 cura:
2100 2569 2218 2635 fuit,
2249 2585 2445 2625 nomen
2478 2586 2584 2625 non
2613 2574 2813 2641 pce-nere
2880 2573 3018 2641 quod
3042 2573 3261 2627 omnino
3284 2573 3414 2627 nihil
3443 2574 3518 2628 si-

1926 2661 2224 2729 gniﬁcaret,
2289 2661 2382 2717 sed
2412 2662 2552 2733 quod
2597 2679 2719 2717 cum
2763 2663 3093 2732 signiﬁcaret
3139 2646 3409 2732 quiddam,
3442 2673 3520 2718 ta-

1928 2766 2048 2805 men
2085 2767 2268 2807 verum
2299 2765 2389 2807 aut
2417 2756 2607 2808 falsum
2636 2770 2758 2809 esse
2790 2771 2891 2809 non
2926 2764 3126 2825 posset,
3151 2764 3207 2809 ut
3239 2772 3342 2810 non
3372 2757 3520 2810 vide-

1930 2851 2082 2897 retur
2108 2843 2350 2898 veritatis
2394 2843 2746 2914 falsitatisque
2786 2860 2947 2899 causa
2996 2860 3138 2913 esse,
3173 2860 3238 2899 eo
3266 2846 3517 2915 quoniam

1930 2934 2061 2988 nihil
2093 2934 2414 3004 signiﬁcaret
2442 2951 2457 3001 ;
2491 2936 2584 2988 sed
2616 2938 2867 3003 quoniam
2902 2946 3045 2991 esset
3073 2936 3413 3007 simpliciter
3441 2937 3519 2991 di-

1933 3037 2081 3080 ctum
2119 3044 2133 3079 :
2161 3041 2463 3096 quanquam
2493 3027 2543 3080 in
2578 3028 2767 3081 eodem
2789 3027 2917 3081 illud
2946 3042 3159 3098 quoque
3194 3027 3432 3093 conficit,
3464 3036 3520 3084 ut
3554 3050 3555 3053 η

1931 3119 2244 3173 ostenderet
2275 3133 2377 3172 non
2406 3119 2580 3174 solum
2614 3120 2840 3188 simplex
2872 3135 3065 3175 nomen
3104 3120 3330 3178 veritate
3358 3132 3520 3192 atque
3554 3136 3557 3143 ‘

1936 3212 2215 3267 mendacio
2262 3226 2383 3268 esse
2430 3213 2838 3276 alienissimum,
2884 3215 2979 3270 sed
3011 3216 3520 3287 'etiamcomposita

220 3311 521 3365 secundum
551 3325 672 3364 esse
723 3309 1035 3375 c‘omposui;
1084 3307 1165 3360 vel
1222 3307 1265 3360 si
1315 3305 1512 3371 dicam,
1572 3302 1827 3358 Socrates
1855 3294 1903 3360 C
1933 3320 2148 3376 quoque
2182 3306 2420 3369 nomina,
2456 3308 2497 3359 si
2543 3322 2647 3361 non
2681 3306 2918 3361 habeant
2960 3306 3190 3376 aliquam
3226 3309 3521 3364 secundum

220 3407 501 3468 ambulat,
541 3401 852 3471 huiusmodi
882 3411 965 3455 est
997 3409 1251 3469 tanquam
1278 3400 1322 3452 si
1351 3399 1548 3461 dicam,
1578 3396 1828 3451 Socrates

219 3496 514 3552 ambulans
548 3502 666 3551 ‘cst.
702 3494 863 3564 Igitur
891 3494 1103 3563 quoties
1134 3491 1445 3561 hujusmodi
1473 3490 1828 3545 fuerit-com-
1856 3504 1861 3517 ’

218 3592 457 3661 positio,
488 3605 606 3659 quae
634 3587 928 3643 secundum
954 3601 1074 3640 esse
1101 3587 1325 3640 verbum
1357 3586 1440 3640 vel
1468 3584 1826 3640 substantiam

218 3682 545 3741 constituat,
570 3680 655 3733 vel
685 3694 771 3732 res
798 3676 1108 3747 conjungat,
1133 3674 1418 3729 afﬁrmatio
1440 3674 1658 3738 dicitur,
1690 3683 1745 3727 et
1772 3673 1827 3727 in

218 3789 278 3827 ea
309 3772 437 3827 veri
463 3771 689 3839 falsique
714 3778 902 3823 natura
931 3767 1249 3837 perspicitur
1272 3775 1353 3820 :et
1375 3766 1628 3836 quoniam
1653 3766 1829 3818 omnis

219 3866 452 3936 negatio
484 3862 551 3917 ad
584 3861 1021 3931 praedicationem
1061 3856 1427 3945 consumitur,
1480 3857 1638 3927 hujus
1686 3856 1827 3911 enim

216 3956 604 4011 afﬁrmatinnis
632 3969 752 4024 quae
782 3963 897 4018 est,
929 3952 1183 4008 Socrates
1212 3958 1314 4015 est,
1366 3952 1580 4022 negatio
1630 3965 1733 4003 non
1767 3954 1828 4004 ea
1860 3974 1861 3977 η

215 4066 339 4118 qua:
369 4048 532 4116 dicit,
559 4063 665 4102 non
697 4038 951 4102 Socrates
981 4045 1211 4111 est,‘sed
1240 4061 1454 4113 eaquae
1496 4044 1826 4112 pronuntiat,

216 4146 486 4199 Socrates
506 4151 765 4205 nonest;
800 4150 853 4195 et
878 4140 943 4193 ad
973 4140 1023 4193 id
1054 4139 1194 4208 quod
1222 4154 1348 4211 esse
1379 4142 1633 4193 Socrates
1660 4138 1864 4193 dietus'

216 4246 328 4299 est,
354 4251 500 4298 non,
527 4231 744 4302 negatio
773 4231 1083 4299 apponitur,
1118 4240 1175 4282 ut
1221 4245 1341 4282 cum
1374 4230 1426 4283 id
1457 4229 1697 4283 dicamus
1726 4243 1828 4281 non

213 4342 368 4390 esse,
433 4325 574 4394 quod
605 4334 731 4378 ante
758 4323 963 4378 dictum
1011 4330 1092 4375 est
1144 4336 1301 4383 esse;
1330 4335 1459 4388 ergo
1500 4320 1751 4388 quoniam
1780 4319 1829 4373 id

214 4419 365 4489 quod
395 4420 453 4471 in
476 4416 841 4472 affirmatione
864 4414 1159 4470 secundum
1190 4428 1312 4467 esse
1344 4414 1423 4466 vel
1453 4414 1827 4479 constitutum,

214 4516 306 4569 vel
323 4506 688 4582 conjunctum
707 4512 885 4575 fuerit,
912 4510 979 4563 ad
1003 4508 1055 4562 id
1081 4506 1260 4561 addita
1279 4509 1492 4575 negatio
1511 4517 1728 4577 separat
1748 4506 1831 4559 vel
1856 4538 1859 4541 »

214 4611 401 4677 ipsam
437 4604 757 4659 substantiae
804 4602 1271 4665 constitutionem,
1302 4599 1395 4665 vel
1437 4586 1601 4653 etiam
1630 4599 1822 4651 factam

1934 3412 2058 3453 esse
2082 3398 2163 3452 vel
2196 3414 2301 3452 non
2333 3414 2453 3453 esse
2477 3399 2637 3465 (sicut
2676 3400 2922 3468 superius
2948 3400 3148 3454 dictum
3180 3399 3282 3472 est)
3307 3402 3521 3472 compo-

1934 3492 2207 3558 sitionem,
2237 3476 2441 3548 verum
2486 3494 2569 3547 vel
2611 3491 2803 3546 falsum
2847 3493 3156 3562 signiﬁcare
3185 3494 3290 3548 neu
3323 3494 3519 3564 poSse;
3554 3502 3557 3513 ‘

1933 3593 2187 3653 tanquam
2216 3585 2259 3637 si
2285 3584 2511 3649 diceret,
2545 3598 2649 3637 non
2696 3584 2869 3638 solum
2900 3586 3128 3655 simplex
3161 3582 3354 3641 nomen
3385 3601 3521 3656 prte-
3558 3592 3559 3595 ‘

1934 3686 2024 3731 ter
2062 3676 2296 3743 aliquam
2344 3676 2828 3747 compngitionem.
2878 3678 3025 3743 nihil,
3043 3692 3224 3732 verum
3261 3677 3521 3734 falsmnve

1935 3767 2220 3838 signiﬁcat,
2254 3767 2347 3822 sed
2383 3770 2543 3822 etiam
2578 3770 2873 3837 composita
2902 3780 3126 3837 utroque
3151 3779 3337 3825 carent
3358 3764 3519 3839 (sicut
3552 3798 3555 3807 ι

1929 3860 2040 3932 jam
2080 3863 2191 3929 ipse
2226 3860 2381 3930 dixit)
2419 3861 2524 3915 nisi
2557 3841 2662 3916 illis
2691 3871 2783 3916 aut
2812 3877 2935 3916 esse
2956 3845 3047 3916 aut
3084 3880 3184 3915 lttllt
3216 3878 3332 3917 esse
3356 3864 3521 3917 adda-

1934 3964 2041 4017 tur,
2076 3952 2159 4007 vel
2189 3952 2527 4022 simpliciter,
2556 3956 2636 4008 vel
2673 3954 2964 4009 secundum
2998 3966 3227 4025 tempus.
3258 3955 3367 4010 Hoc
3392 3971 3518 4009 vero

1935 4046 2136 4102 idcirco
2165 4047 2368 4102 addidit
2400 4048 2617 4117 quodin
2666 4038 2983 4118 quibusdam
3019 4051 3088 4103 ita
3122 4048 3517 4104 enuntiationes

1937 4141 2093 4207 ﬁunt,
2128 4153 2183 4195 ut
2226 4143 2367 4213 quod
2399 4143 2466 4197 de
2504 4144 2634 4213 ipsis
2677 4144 2893 4206 dt'citur,
2941 4142 3230 4197 secundum
3274 4144 3522 4197 substan.

1938 4234 2064 4287 tiam
2119 4244 2477 4303 proponatur,
2524 4236 2572 4287 in
2630 4236 2945 4303 quibusdam
3000 4252 3129 4289 vero
3190 4235 3289 4288 hoc
3344 4219 3516 4302 ipsum

1937 4340 2058 4380 esse
2120 4326 2261 4393 quod
2311 4326 2525 4380 additur
2578 4342 2683 4379 non
2728 4326 3079 4381 substantiam
3132 4327 3223 4380 sed
3281 4334 3518 4396 pra'sen-

1938 4416 2066 4471 tiatn
2110 4417 2394 4486 quamdam
2434 4417 2716 4487 signiﬁcet.
2748 4417 2880 4471 Cum
2925 4419 3069 4472 enim
3110 4420 3338 4473 dicimus
3385 4420 3522 4473 Deus

1938 4517 2041 4572 cst,
2076 4524 2179 4563 non
2202 4526 2323 4565 eum
2353 4510 2580 4564 dicimus
2610 4527 2747 4564 nunc
2776 4516 2925 4577 esse,“
2952 4511 3043 4565 sed
3077 4521 3280 4566 tantum
3315 4514 3367 4566 in
3398 4514 3523 4567 sub-

1938 4600 2131 4652 stantia
2170 4615 2313 4665 esse,
2349 4610 2405 4653 ut
2435 4600 2535 4654 hoc
2568 4600 2634 4653 ad
2668 4601 3151 4657 immutabilitatem
3185 4604 3359 4671 petius
3400 4606 3524 4659 sub-

215 4716 320 4769 per
350 4699 406 4752 id
441 4696 584 4768 quod
612 4696 811 4749 dictum
842 4705 942 4755 est.
975 4709 1095 4749 esse
1122 4692 1344 4764 aliquid,
1367 4690 1826 4759 coniunctionem,
1858 4686 1915 4745 D
1939 4692 2151 4745 stantia
2177 4707 2336 4761 quam
2367 4692 2430 4744 ad
2458 4702 2667 4760 tempus
2697 4692 2909 4762 aliquod
2943 4693 3318 4751 refe‘rat’ur."Si
3347 4705 3523 4751 autem

217 4780 441 4846 divisio
481 4794 725 4843 vocatur;
777 4785 1001 4852 Quando
1042 4786 1185 4840 enim
1228 4786 1383 4850 dico,
1431 4785 1680 4840 Socrates
1727 4799 1859 4837 non

217 4894 330 4947 est,
380 4896 511 4937 esse
549 4895 577 4934 a
615 4877 1103 4947 Socratesejunxi,
1150 4887 1202 4931 et
1250 4893 1369 4931 cum
1399 4878 1537 4944 dico,
1583 4876 1835 4932 Socrates

220 4974 597 5044 philosophus
652 4987 758 5024 non
812 4966 929 5034 est',
988 4970 1268 5023 Socratem
1337 4970 1403 5023 ab
1450 4984 1516 5023 eo
1563 4969 1703 5037 quod
1757 4980 1837 5023 est

220 5064 625 5134 philosophum
677 5078 816 5125 esse,
877 5060 1147 5129 separavi,
1200 5076 1358 5130 quam
1418 5063 1832 5129 separationem,

220 5174 347 5227 qua:
406 5158 478 5210 ad
539 5157 879 5226 negationem
944 5156 1195 5223 pertinet,
1242 5155 1557 5209 divisionem
1604 5155 1832 5209 vocavit.

222 5253 375 5322 Ergo
449 5250 793 5303 manifestum
867 5258 952 5303 est
1022 5249 1162 5315 quod
1232 5248 1276 5301 si
1331 5249 1559 5316 simplex
1621 5249 1672 5301 iu
1724 5251 1840 5303 ani-

228 5360 333 5399 ma:
363 5342 715 5414 passionibus
768 5342 1074 5396 intellectus
1121 5342 1296 5403 fuerit,
1328 5354 1448 5393 cum
1480 5340 1594 5407 ipse
1633 5342 1840 5395 intelle-

226 5454 352 5495 ctus
408 5438 635 5492 nullam
666 5436 840 5491 adhuc
870 5436 982 5490 veri
1028 5434 1256 5503 falsique
1300 5433 1526 5488 retineat
1569 5444 1835 5503 naturam,

230 5547 430 5588 eorum
471 5545 684 5598 quoque
714 5529 1065 5598 prolationem
1096 5528 1161 5581 ah
1201 5526 1439 5596 utrisque
1466 5542 1586 5582 esse
1615 5544 1837 5597 separa-

235 5636 366 5680 tam.
404 5622 520 5681 Sed
549 5638 669 5677 cum
715 5621 1035 5690 compositio
1079 5620 1375 5675 secundum
1421 5636 1541 5675 esse
1573 5620 1708 5673 facta
1754 5619 1837 5673 vel

236 5727 399 5779 etiam
446 5719 647 5775 divisio
685 5715 1071 5780 intellectibus,
1132 5714 1181 5767 iu
1233 5715 1426 5783 quibus
1476 5713 1843 5783 principaliter

242 5819 445 5872 veritas
477 5824 534 5867 et
566 5810 786 5865 falsitas
809 5817 1140 5877 procreatur,
1188 5811 1449 5874 evenerit,
1484 5808 1738 5878 quoniam
1771 5821 1838 5861 ex

244 5905 621 5969 htellectibus
648 5916 813 5958 voces
850 5901 1067 5969 capiunt
1092 5899 1559 5970 signiﬁcationem,
1592 5914 1686 5955 eas
1712 5911 1843 5967 quo-

1942 4772 2197 4848 dicimu‘s,
2229 4782 2346 4836 dies
2375 4793 2479 4847 est,
2514 4784 2579 4837 ad
2612 4785 2809 4838 nullam
2839 4784 2956 4839 diei
2977 4786 3329 4841 substantiam
3366 4789 3551 4856 ρει-ιιι

1940 4884 2053 4939 net,
2100 4874 2200 4929 nisi
2248 4884 2453 4930 tantum
2494 4876 2559 4929 ad
2614 4878 2875 4947 temporis
2918 4867 3391 4936 constitutionem:
3428 4884 3527 4937 hoc

1942 4966 2086 5020 enim
2129 4967 2270 5036 quod
2315 4961 2583 5037 signiﬁcat
2625 4970 2728 5022 tale
2768 4978 2873 5030 est,
2928 4980 3178 5040 tanquam
3210 4972 3256 5025 si
3286 4971 3526 5026 dicamus
3611 4983 3621 4993 '

1942 5075 2085 5114 nunc
2110 5067 2225 5113 est:
2246 5075 2408 5130 quare
2440 5075 2556 5114 cum
2586 5061 2819 5115 dicimus
2841 5078 2960 5117 esse
2984 5073 3040 5117 ut
3060 5064 3407 5118 substantiam
3434 5063 3551 5118 de--

1942 5149 2238 5219 signemus,
2276 5151 2596 5220 simpliciter
2635 5160 2718 5205 est
2745 5152 3020 5217 addimus;
3052 5169 3172 5207 cum
3204 5168 3331 5207 vero
3358 5153 3428 5207 ita
3471 5163 3528 5209 ut

1942 5242 2142 5311 aliquid
2171 5258 2410 5313 prmsens
2438 5245 2788 5314 signiﬁcetur,
2820 5247 3112 5301 secundum
3147 5256 3377 5314 tempus.
3403 5245 3553 5302 Hzec'

1944 5345 2028 5390 est
2064 5350 2167 5389 una
2210 5351 2368 5405 quam
2400 5336 2633 5391 diximus
2674 5338 2957 5406 expositio.
3020 5339 3133 5391 Alia
3169 5353 3297 5392 vero
3337 5338 3527 5408 hujus-

1946 5430 2089 5509 modi
2141 5440 2246 5484 est.
2283 5429 2412 5485 Esse
2460 5432 2659 5502 aliquid
2708 5431 2917 5487 duobus
2961 5431 3132 5487 modis
3169 5430 3364 5503 dicitur
3382 5460 3399 5497 ,ι
3440 5432 3555 5487 aut‘

1949 5522 2285 5591 simpliciter,
2322 5532 2413 5577 aut
2447 5524 2743 5579 secundum
2786 5520 2996 5594 tempus
3027 5543 3040 5579 :
3072 5523 3389 5593 simpliciter
3415 5526 3504 5596 qui

1949 5614 2070 5669 dem
2094 5615 2387 5671 secundum
2415 5631 2654 5687 praesens
2681 5625 2919 5685 tempus;
2941 5627 2998 5669 ut
3026 5616 3066 5669 si
3088 5617 3208 5683 quis
3232 5616 3393 5684 dicat,
3424 5618 3549 5673 hirr

1947 5720 2207 5763 cocervus
2235 5718 2339 5775 est,
2371 5724 2607 5777 praesens
2649 5717 2824 5762 autem
2854 5706 3011 5776 quod
3050 5705 3269 5773 dicitur,
3318 5717 3553 5780 tempus-

1946 5814 2051 5854 non
2092 5810 2195 5867 est,
2244 5801 2339 5856 sed
2392 5801 2680 5856 conﬁnium
2735 5810 2965 5868 tempus,
3022 5807 3350 5868 temporum,
3409 5801 3531 5859 finis

1886 5909 2179 5979 “namque
2224 5894 2484 5964 praeteriti
2540 5906 2621 5949 est
2671 5892 2945 5965 futurique
2997 5890 3337 5965 principium.
3383 5893 3529 5964 Quo.
