  <div class='ocr_page' id='page_1' title='image "/cluster/home/n/w/nwhite01/storage/ocr_20150623/64/hvd.32044024222309/217.png"; bbox 0 0 4022 6332; ppageno 0'>
   <div class='ocr_carea' id='block_1_1' title="bbox 431 332 540 401">
    <p class='ocr_par' dir='ltr' id='par_1_1' title="bbox 431 332 540 401">
     <span class='ocr_line' id='line_1_1' title="bbox 431 332 540 401; baseline 0 -1"><span class='ocrx_word' id='word_1_1' title='bbox 431 332 540 401; x_wconf 73' lang='grc' dir='ltr'>ιιθ</span> 
     </span>
    </p>
   </div>
   <div class='ocr_carea' id='block_1_2' title="bbox 1657 326 2479 403">
    <p class='ocr_par' dir='ltr' id='par_1_2' title="bbox 1657 326 2479 403">
     <span class='ocr_line' id='line_1_2' title="bbox 1657 326 2479 403; baseline -0.005 -10"><span class='ocrx_word' id='word_1_2' title='bbox 1657 330 1770 403; x_wconf 75' lang='grc' dir='ltr'><strong>ΑΝ.</strong></span> <span class='ocrx_word' id='word_1_3' title='bbox 1808 330 2019 403; x_wconf 59' lang='grc' dir='ltr'><strong>ΜΑΝίιρ</strong></span> <span class='ocrx_word' id='word_1_4' title='bbox 2044 328 2213 395; x_wconf 60' lang='grc' dir='ltr'><strong>ΒΒἾ.</strong></span> <span class='ocrx_word' id='word_1_5' title='bbox 2256 326 2479 403; x_wconf 72' lang='grc' dir='ltr'>ΒΘΕῬΗ</span> 
     </span>
    </p>
   </div>
   <div class='ocr_carea' id='block_1_3' title="bbox 3607 318 3723 380">
    <p class='ocr_par' dir='ltr' id='par_1_3' title="bbox 3607 318 3723 380">
     <span class='ocr_line' id='line_1_3' title="bbox 3607 318 3723 380; baseline 0.009 -1"><span class='ocrx_word' id='word_1_6' title='bbox 3607 318 3723 380; x_wconf 65' lang='grc' dir='ltr'>ιω</span> 
     </span>
    </p>
   </div>
   <div class='ocr_carea' id='block_1_4' title="bbox 436 443 3761 529">
    <p class='ocr_par' dir='ltr' id='par_1_4' title="bbox 436 443 3761 529">
     <span class='ocr_line' id='line_1_4' title="bbox 436 443 3761 529; baseline -0.005 -16"><span class='ocrx_word' id='word_1_7' title='bbox 436 460 583 515; x_wconf 81' lang='lat' dir='ltr'><strong>circa</strong></span> <span class='ocrx_word' id='word_1_8' title='bbox 607 456 846 529; x_wconf 81' lang='lat' dir='ltr'><strong>quisquis</strong></span> <span class='ocrx_word' id='word_1_9' title='bbox 862 455 1166 516; x_wconf 80' lang='lat' dir='ltr'><strong>secundum</strong></span> <span class='ocrx_word' id='word_1_10' title='bbox 1186 466 1427 528; x_wconf 74' lang='lat' dir='ltr'><strong>pratsens</strong></span> <span class='ocrx_word' id='word_1_11' title='bbox 1452 455 1563 523; x_wconf 80' lang='lat' dir='ltr'><strong>hoe</strong></span> <span class='ocrx_word' id='word_1_12' title='bbox 1581 469 1835 517; x_wconf 87' lang='lat' dir='ltr'><strong>sermone</strong></span> <span class='ocrx_word' id='word_1_13' title='bbox 1861 453 2009 524; x_wconf 80' lang='lat' dir='ltr'><strong>quod</strong></span> <span class='ocrx_word' id='word_1_14' title='bbox 2048 454 2101 515; x_wconf 83' lang='grc' dir='ltr'><strong>Δ</strong></span> <span class='ocrx_word' id='word_1_15' title='bbox 2128 454 2277 521; x_wconf 80' lang='lat' dir='ltr'><strong>bilis,</strong></span> <span class='ocrx_word' id='word_1_16' title='bbox 2312 471 2412 512; x_wconf 74' lang='lat' dir='ltr'><strong>vox</strong></span> <span class='ocrx_word' id='word_1_17' title='bbox 2462 469 2592 511; x_wconf 88' lang='lat' dir='ltr'><strong>vero</strong></span> <span class='ocrx_word' id='word_1_18' title='bbox 2635 452 2796 509; x_wconf 85' lang='lat' dir='ltr'><strong>ﬂatus</strong></span> <span class='ocrx_word' id='word_1_19' title='bbox 2825 456 2922 522; x_wconf 82' lang='lat' dir='ltr'><strong>per</strong></span> <span class='ocrx_word' id='word_1_20' title='bbox 2965 443 3485 520; x_wconf 79' lang='lat' dir='ltr'><strong>quasdamgutluris</strong></span> <span class='ocrx_word' id='word_1_21' title='bbox 3530 451 3724 513; x_wconf 81' lang='lat' dir='ltr'><strong>partes</strong></span> <span class='ocrx_word' id='word_1_22' title='bbox 3758 506 3761 507; x_wconf 22' lang='grc' dir='ltr'><em>ν</em></span> 
     </span>
    </p>
   </div>
   <div class='ocr_carea' id='block_1_5' title="bbox 437 550 2020 621">
    <p class='ocr_par' dir='ltr' id='par_1_5' title="bbox 437 550 2020 621">
     <span class='ocr_line' id='line_1_5' title="bbox 437 550 2020 621; baseline -0.001 -16"><span class='ocrx_word' id='word_1_23' title='bbox 437 551 518 606; x_wconf 71' lang='lat' dir='ltr'><strong>eet</strong></span> <span class='ocrx_word' id='word_1_24' title='bbox 538 566 658 606; x_wconf 89' lang='lat' dir='ltr'><strong>esse</strong></span> <span class='ocrx_word' id='word_1_25' title='bbox 688 552 876 616; x_wconf 90' lang='lat' dir='ltr'><strong>utitur,</strong></span> <span class='ocrx_word' id='word_1_26' title='bbox 901 550 1212 619; x_wconf 77' lang='lat' dir='ltr'><strong>simpliciter</strong></span> <span class='ocrx_word' id='word_1_27' title='bbox 1266 551 1454 616; x_wconf 81' lang='lat' dir='ltr'><strong>utitur,</strong></span> <span class='ocrx_word' id='word_1_28' title='bbox 1484 551 1574 621; x_wconf 89' lang='lat' dir='ltr'><strong>qui</strong></span> <span class='ocrx_word' id='word_1_29' title='bbox 1604 564 1731 604; x_wconf 90' lang='lat' dir='ltr'><strong>vero</strong></span> <span class='ocrx_word' id='word_1_30' title='bbox 1758 558 1854 604; x_wconf 87' lang='lat' dir='ltr'><strong>aut</strong></span> <span class='ocrx_word' id='word_1_31' title='bbox 1883 562 2020 617; x_wconf 80' lang='lat' dir='ltr'><strong>prae-</strong></span> 
     </span>
    </p>
   </div>
   <div class='ocr_carea' id='block_1_6' title="bbox 438 638 2026 712">
    <p class='ocr_par' dir='ltr' id='par_1_6' title="bbox 438 638 2026 712">
     <span class='ocr_line' id='line_1_6' title="bbox 438 638 2026 712; baseline -0.001 -16"><span class='ocrx_word' id='word_1_32' title='bbox 438 644 651 709; x_wconf 82' lang='lat' dir='ltr'><strong>teritum</strong></span> <span class='ocrx_word' id='word_1_33' title='bbox 673 643 847 712; x_wconf 84' lang='lat' dir='ltr'><strong>jungit</strong></span> <span class='ocrx_word' id='word_1_34' title='bbox 870 653 962 696; x_wconf 86' lang='lat' dir='ltr'><strong>aut</strong></span> <span class='ocrx_word' id='word_1_35' title='bbox 991 640 1245 706; x_wconf 84' lang='lat' dir='ltr'><strong>futurum,</strong></span> <span class='ocrx_word' id='word_1_36' title='bbox 1282 642 1369 697; x_wconf 91' lang='lat' dir='ltr'><strong>ille</strong></span> <span class='ocrx_word' id='word_1_37' title='bbox 1396 658 1500 697; x_wconf 90' lang='lat' dir='ltr'><strong>non</strong></span> <span class='ocrx_word' id='word_1_38' title='bbox 1532 640 1873 708; x_wconf 87' lang='lat' dir='ltr'><strong>simpliciter,</strong></span> <span class='ocrx_word' id='word_1_39' title='bbox 1929 638 2026 694; x_wconf 90' lang='lat' dir='ltr'><strong>sed</strong></span> 
     </span>
    </p>
   </div>
   <div class='ocr_carea' id='block_1_7' title="bbox 438 731 2069 806">
    <p class='ocr_par' dir='ltr' id='par_1_7' title="bbox 438 731 2069 806">
     <span class='ocr_line' id='line_1_7' title="bbox 438 731 2069 806; baseline 0.001 -19"><span class='ocrx_word' id='word_1_40' title='bbox 438 733 542 802; x_wconf 78' lang='lat' dir='ltr'><strong>iam</strong></span> <span class='ocrx_word' id='word_1_41' title='bbox 566 735 625 797; x_wconf 84' lang='lat' dir='ltr'><strong>in</strong></span> <span class='ocrx_word' id='word_1_42' title='bbox 654 735 827 803; x_wconf 72' lang='lat' dir='ltr'><strong>ipsum</strong></span> <span class='ocrx_word' id='word_1_43' title='bbox 860 744 1070 802; x_wconf 83' lang='lat' dir='ltr'><strong>tempus</strong></span> <span class='ocrx_word' id='word_1_44' title='bbox 1104 733 1347 789; x_wconf 88' lang='lat' dir='ltr'><strong>incurrit.</strong></span> <span class='ocrx_word' id='word_1_45' title='bbox 1378 734 1646 801; x_wconf 80' lang='lat' dir='ltr'><strong>Tempora</strong></span> <span class='ocrx_word' id='word_1_46' title='bbox 1680 747 1911 804; x_wconf 90' lang='lat' dir='ltr'><strong>namque</strong></span> <span class='ocrx_word' id='word_1_47' title='bbox 1938 731 2022 806; x_wconf 89' lang='lat' dir='ltr'><strong>(ut</strong></span> <span class='ocrx_word' id='word_1_48' title='bbox 2068 760 2069 765; x_wconf 57' lang='grc' dir='ltr'>π</span> 
     </span>
    </p>
   </div>
   <div class='ocr_carea' id='block_1_8' title="bbox 438 826 2027 899">
    <p class='ocr_par' dir='ltr' id='par_1_8' title="bbox 438 826 2027 899">
     <span class='ocr_line' id='line_1_8' title="bbox 438 826 2027 899; baseline 0.003 -19"><span class='ocrx_word' id='word_1_49' title='bbox 438 826 636 880; x_wconf 91' lang='lat' dir='ltr'><strong>dictum</strong></span> <span class='ocrx_word' id='word_1_50' title='bbox 668 826 773 897; x_wconf 84' lang='lat' dir='ltr'><strong>est)</strong></span> <span class='ocrx_word' id='word_1_51' title='bbox 811 827 918 881; x_wconf 87' lang='lat' dir='ltr'><strong>dtto</strong></span> <span class='ocrx_word' id='word_1_52' title='bbox 968 837 1259 897; x_wconf 88' lang='lat' dir='ltr'><strong>ponuntur,</strong></span> <span class='ocrx_word' id='word_1_53' title='bbox 1315 830 1648 896; x_wconf 62' lang='lat' dir='ltr'><strong>praeteritum</strong></span> <span class='ocrx_word' id='word_1_54' title='bbox 1678 838 1840 899; x_wconf 85' lang='lat' dir='ltr'><strong>atque</strong></span> <span class='ocrx_word' id='word_1_55' title='bbox 1883 828 2027 884; x_wconf 83' lang='lat' dir='ltr'><strong>iutu-</strong></span> 
     </span>
    </p>
   </div>
   <div class='ocr_carea' id='block_1_9' title="bbox 438 917 2028 988">
    <p class='ocr_par' dir='ltr' id='par_1_9' title="bbox 438 917 2028 988">
     <span class='ocr_line' id='line_1_9' title="bbox 438 917 2028 988; baseline 0.003 -18"><span class='ocrx_word' id='word_1_56' title='bbox 438 931 578 972; x_wconf 90' lang='lat' dir='ltr'><strong>rutn.</strong></span> <span class='ocrx_word' id='word_1_57' title='bbox 601 918 753 986; x_wconf 76' lang='lat' dir='ltr'><strong>Quod</strong></span> <span class='ocrx_word' id='word_1_58' title='bbox 784 918 827 972; x_wconf 89' lang='lat' dir='ltr'><strong>si</strong></span> <span class='ocrx_word' id='word_1_59' title='bbox 853 918 973 988; x_wconf 87' lang='lat' dir='ltr'><strong>quis</strong></span> <span class='ocrx_word' id='word_1_60' title='bbox 995 933 1117 974; x_wconf 90' lang='lat' dir='ltr'><strong>cum</strong></span> <span class='ocrx_word' id='word_1_61' title='bbox 1150 933 1390 988; x_wconf 67' lang='lat' dir='ltr'><strong>praesens</strong></span> <span class='ocrx_word' id='word_1_62' title='bbox 1420 919 1681 981; x_wconf 88' lang='lat' dir='ltr'><strong>nominat,</strong></span> <span class='ocrx_word' id='word_1_63' title='bbox 1712 917 2028 988; x_wconf 75' lang='lat' dir='ltr'><strong>simpliciter</strong></span> 
     </span>
    </p>
   </div>
   <div class='ocr_carea' id='block_1_10' title="bbox 438 1009 2028 1080">
    <p class='ocr_par' dir='ltr' id='par_1_10' title="bbox 438 1009 2028 1080">
     <span class='ocr_line' id='line_1_10' title="bbox 438 1009 2028 1080; baseline 0 -15"><span class='ocrx_word' id='word_1_64' title='bbox 438 1010 587 1075; x_wconf 89' lang='lat' dir='ltr'><strong>dicit,</strong></span> <span class='ocrx_word' id='word_1_65' title='bbox 622 1026 742 1065; x_wconf 91' lang='lat' dir='ltr'><strong>cum</strong></span> <span class='ocrx_word' id='word_1_66' title='bbox 774 1010 1090 1067; x_wconf 82' lang='lat' dir='ltr'><strong>utramlibet</strong></span> <span class='ocrx_word' id='word_1_67' title='bbox 1119 1012 1449 1080; x_wconf 86' lang='lat' dir='ltr'><strong>praeteritum</strong></span> <span class='ocrx_word' id='word_1_68' title='bbox 1480 1012 1561 1065; x_wconf 90' lang='lat' dir='ltr'><strong>vel</strong></span> <span class='ocrx_word' id='word_1_69' title='bbox 1602 1012 1839 1065; x_wconf 86' lang='lat' dir='ltr'><strong>futurum</strong></span> <span class='ocrx_word' id='word_1_70' title='bbox 1876 1009 2028 1066; x_wconf 78' lang='lat' dir='ltr'><strong>dixe-</strong></span> 
     </span>
    </p>
   </div>
   <div class='ocr_carea' id='block_1_11' title="bbox 437 1104 2030 1175">
    <p class='ocr_par' dir='ltr' id='par_1_11' title="bbox 437 1104 2030 1175">
     <span class='ocr_line' id='line_1_11' title="bbox 437 1104 2030 1175; baseline -0.001 -17"><span class='ocrx_word' id='word_1_71' title='bbox 437 1106 529 1168; x_wconf 91' lang='lat' dir='ltr'><strong>rit,</strong></span> <span class='ocrx_word' id='word_1_72' title='bbox 560 1104 855 1160; x_wconf 88' lang='lat' dir='ltr'><strong>secundum</strong></span> <span class='ocrx_word' id='word_1_73' title='bbox 890 1114 1099 1173; x_wconf 88' lang='lat' dir='ltr'><strong>tempus</strong></span> <span class='ocrx_word' id='word_1_74' title='bbox 1140 1105 1305 1159; x_wconf 88' lang='lat' dir='ltr'><strong>utitur</strong></span> <span class='ocrx_word' id='word_1_75' title='bbox 1340 1105 1728 1164; x_wconf 62' lang='lat' dir='ltr'><strong>enuntiatione.</strong></span> <span class='ocrx_word' id='word_1_76' title='bbox 1772 1106 1866 1161; x_wconf 88' lang='lat' dir='ltr'><strong>Est</strong></span> <span class='ocrx_word' id='word_1_77' title='bbox 1894 1121 2030 1175; x_wconf 86' lang='lat' dir='ltr'><strong>quo-</strong></span> 
     </span>
    </p>
   </div>
   <div class='ocr_carea' id='block_1_12' title="bbox 438 1195 2028 1266">
    <p class='ocr_par' dir='ltr' id='par_1_12' title="bbox 438 1195 2028 1266">
     <span class='ocr_line' id='line_1_12' title="bbox 438 1195 2028 1266; baseline 0.003 -18"><span class='ocrx_word' id='word_1_78' title='bbox 438 1210 543 1264; x_wconf 92' lang='lat' dir='ltr'><strong>que</strong></span> <span class='ocrx_word' id='word_1_79' title='bbox 573 1195 728 1253; x_wconf 85' lang='lat' dir='ltr'><strong>tertia</strong></span> <span class='ocrx_word' id='word_1_80' title='bbox 776 1195 1082 1265; x_wconf 88' lang='lat' dir='ltr'><strong>hujusmodi</strong></span> <span class='ocrx_word' id='word_1_81' title='bbox 1127 1197 1415 1265; x_wconf 81' lang='lat' dir='ltr'><strong>expositio,</strong></span> <span class='ocrx_word' id='word_1_82' title='bbox 1444 1195 1590 1266; x_wconf 90' lang='lat' dir='ltr'><strong>quod</strong></span> <span class='ocrx_word' id='word_1_83' title='bbox 1626 1195 1911 1265; x_wconf 78' lang='lat' dir='ltr'><strong>aliquoties</strong></span> <span class='ocrx_word' id='word_1_84' title='bbox 1956 1196 2028 1252; x_wconf 79' lang='lat' dir='ltr'><strong>ita</strong></span> 
     </span>
    </p>
   </div>
   <div class='ocr_carea' id='block_1_13' title="bbox 439 1288 2033 1359">
    <p class='ocr_par' dir='ltr' id='par_1_13' title="bbox 439 1288 2033 1359">
     <span class='ocr_line' id='line_1_13' title="bbox 439 1288 2033 1359; baseline 0.002 -18"><span class='ocrx_word' id='word_1_85' title='bbox 439 1296 684 1357; x_wconf 89' lang='lat' dir='ltr'><strong>tempore</strong></span> <span class='ocrx_word' id='word_1_86' title='bbox 717 1288 937 1352; x_wconf 84' lang='lat' dir='ltr'><strong>utimur,</strong></span> <span class='ocrx_word' id='word_1_87' title='bbox 970 1299 1026 1342; x_wconf 87' lang='lat' dir='ltr'><strong>ut</strong></span> <span class='ocrx_word' id='word_1_88' title='bbox 1051 1288 1326 1343; x_wconf 88' lang='lat' dir='ltr'><strong>indetinite</strong></span> <span class='ocrx_word' id='word_1_89' title='bbox 1346 1288 1620 1354; x_wconf 82' lang='lat' dir='ltr'><strong>dicamus;</strong></span> <span class='ocrx_word' id='word_1_90' title='bbox 1652 1299 1710 1344; x_wconf 90' lang='lat' dir='ltr'><strong>ut</strong></span> <span class='ocrx_word' id='word_1_91' title='bbox 1735 1290 1779 1343; x_wconf 90' lang='lat' dir='ltr'><strong>si</strong></span> <span class='ocrx_word' id='word_1_92' title='bbox 1805 1289 1926 1359; x_wconf 83' lang='lat' dir='ltr'><strong>quis</strong></span> <span class='ocrx_word' id='word_1_93' title='bbox 1945 1288 2033 1344; x_wconf 88' lang='lat' dir='ltr'><strong>di-</strong></span> 
     </span>
    </p>
   </div>
   <div class='ocr_carea' id='block_1_14' title="bbox 440 1380 2032 1448">
    <p class='ocr_par' dir='ltr' id='par_1_14' title="bbox 440 1380 2032 1448">
     <span class='ocr_line' id='line_1_14' title="bbox 440 1380 2032 1448; baseline -0.001 -12"><span class='ocrx_word' id='word_1_94' title='bbox 440 1390 551 1448; x_wconf 87' lang='lat' dir='ltr'><strong>cat,</strong></span> <span class='ocrx_word' id='word_1_95' title='bbox 577 1391 660 1437; x_wconf 90' lang='lat' dir='ltr'><strong>est</strong></span> <span class='ocrx_word' id='word_1_96' title='bbox 681 1381 1044 1443; x_wconf 81' lang='lat' dir='ltr'><strong>hircocervus,</strong></span> <span class='ocrx_word' id='word_1_97' title='bbox 1087 1382 1187 1435; x_wconf 83' lang='lat' dir='ltr'><strong>iuit</strong></span> <span class='ocrx_word' id='word_1_98' title='bbox 1217 1382 1584 1446; x_wconf 83' lang='lat' dir='ltr'><strong>hircocervus,</strong></span> <span class='ocrx_word' id='word_1_99' title='bbox 1627 1383 1729 1438; x_wconf 91' lang='lat' dir='ltr'><strong>erit</strong></span> <span class='ocrx_word' id='word_1_100' title='bbox 1759 1380 2032 1437; x_wconf 82' lang='lat' dir='ltr'><strong>hireocer-</strong></span> 
     </span>
    </p>
   </div>
   <div class='ocr_carea' id='block_1_15' title="bbox 440 1471 2030 1543">
    <p class='ocr_par' dir='ltr' id='par_1_15' title="bbox 440 1471 2030 1543">
     <span class='ocr_line' id='line_1_15' title="bbox 440 1471 2030 1543; baseline -0.001 -14"><span class='ocrx_word' id='word_1_101' title='bbox 440 1488 561 1539; x_wconf 88' lang='lat' dir='ltr'><strong>vus,</strong></span> <span class='ocrx_word' id='word_1_102' title='bbox 608 1474 723 1528; x_wconf 88' lang='lat' dir='ltr'><strong>hoc</strong></span> <span class='ocrx_word' id='word_1_103' title='bbox 752 1471 1032 1527; x_wconf 86' lang='lat' dir='ltr'><strong>indeﬁnite</strong></span> <span class='ocrx_word' id='word_1_104' title='bbox 1076 1481 1129 1528; x_wconf 90' lang='lat' dir='ltr'><strong>ct</strong></span> <span class='ocrx_word' id='word_1_105' title='bbox 1169 1474 1489 1543; x_wconf 79' lang='lat' dir='ltr'><strong>simpliciter</strong></span> <span class='ocrx_word' id='word_1_106' title='bbox 1534 1474 1736 1528; x_wconf 89' lang='lat' dir='ltr'><strong>dietttm</strong></span> <span class='ocrx_word' id='word_1_107' title='bbox 1772 1484 1877 1531; x_wconf 88' lang='lat' dir='ltr'><strong>est.</strong></span> <span class='ocrx_word' id='word_1_108' title='bbox 1933 1473 2030 1530; x_wconf 93' lang='lat' dir='ltr'><strong>Sin</strong></span> 
     </span>
    </p>
   </div>
   <div class='ocr_carea' id='block_1_16' title="bbox 442 1568 2033 1637">
    <p class='ocr_par' dir='ltr' id='par_1_16' title="bbox 442 1568 2033 1637">
     <span class='ocr_line' id='line_1_16' title="bbox 442 1568 2033 1637; baseline 0.001 -14"><span class='ocrx_word' id='word_1_109' title='bbox 442 1582 574 1627; x_wconf 87' lang='lat' dir='ltr'><strong>vero</strong></span> <span class='ocrx_word' id='word_1_110' title='bbox 612 1568 804 1637; x_wconf 84' lang='lat' dir='ltr'><strong>aliquis</strong></span> <span class='ocrx_word' id='word_1_111' title='bbox 839 1569 1020 1631; x_wconf 84' lang='lat' dir='ltr'><strong>addat,</strong></span> <span class='ocrx_word' id='word_1_112' title='bbox 1064 1585 1206 1622; x_wconf 90' lang='lat' dir='ltr'><strong>nunc</strong></span> <span class='ocrx_word' id='word_1_113' title='bbox 1236 1576 1340 1629; x_wconf 88' lang='lat' dir='ltr'><strong>est,</strong></span> <span class='ocrx_word' id='word_1_114' title='bbox 1374 1568 1467 1624; x_wconf 78' lang='lat' dir='ltr'><strong>vel</strong></span> <span class='ocrx_word' id='word_1_115' title='bbox 1494 1569 1607 1624; x_wconf 87' lang='lat' dir='ltr'><strong>lteri</strong></span> <span class='ocrx_word' id='word_1_116' title='bbox 1642 1568 1760 1635; x_wconf 84' lang='lat' dir='ltr'><strong>fuit,</strong></span> <span class='ocrx_word' id='word_1_117' title='bbox 1793 1568 1876 1624; x_wconf 91' lang='lat' dir='ltr'><strong>vel</strong></span> <span class='ocrx_word' id='word_1_118' title='bbox 1909 1582 2033 1624; x_wconf 88' lang='lat' dir='ltr'><strong>cras</strong></span> 
     </span>
    </p>
   </div>
   <div class='ocr_carea' id='block_1_17' title="bbox 442 1661 2034 1733">
    <p class='ocr_par' dir='ltr' id='par_1_17' title="bbox 442 1661 2034 1733">
     <span class='ocr_line' id='line_1_17' title="bbox 442 1661 2034 1733; baseline -0.001 -14"><span class='ocrx_word' id='word_1_119' title='bbox 442 1663 571 1731; x_wconf 89' lang='lat' dir='ltr'><strong>erit,</strong></span> <span class='ocrx_word' id='word_1_120' title='bbox 602 1663 668 1717; x_wconf 87' lang='lat' dir='ltr'><strong>ad</strong></span> <span class='ocrx_word' id='word_1_121' title='bbox 700 1663 801 1719; x_wconf 84' lang='lat' dir='ltr'><strong>hoc</strong></span> <span class='ocrx_word' id='word_1_122' title='bbox 828 1663 1000 1732; x_wconf 88' lang='lat' dir='ltr'><strong>ipsum</strong></span> <span class='ocrx_word' id='word_1_123' title='bbox 1029 1677 1152 1719; x_wconf 86' lang='lat' dir='ltr'><strong>esse</strong></span> <span class='ocrx_word' id='word_1_124' title='bbox 1171 1662 1314 1733; x_wconf 90' lang='lat' dir='ltr'><strong>quod</strong></span> <span class='ocrx_word' id='word_1_125' title='bbox 1343 1662 1661 1731; x_wconf 85' lang='lat' dir='ltr'><strong>simpliciter</strong></span> <span class='ocrx_word' id='word_1_126' title='bbox 1689 1662 1909 1728; x_wconf 83' lang='lat' dir='ltr'><strong>dicitur,</strong></span> <span class='ocrx_word' id='word_1_127' title='bbox 1938 1661 2034 1717; x_wconf 86' lang='lat' dir='ltr'><strong>ad-</strong></span> 
     </span>
    </p>
   </div>
   <div class='ocr_carea' id='block_1_18' title="bbox 443 1750 2036 1823">
    <p class='ocr_par' dir='ltr' id='par_1_18' title="bbox 443 1750 2036 1823">
     <span class='ocr_line' id='line_1_18' title="bbox 443 1750 2036 1823; baseline 0.001 -14"><span class='ocrx_word' id='word_1_128' title='bbox 443 1755 522 1809; x_wconf 89' lang='lat' dir='ltr'><strong>dit</strong></span> <span class='ocrx_word' id='word_1_129' title='bbox 549 1765 780 1823; x_wconf 89' lang='lat' dir='ltr'><strong>tempus.</strong></span> <span class='ocrx_word' id='word_1_130' title='bbox 813 1754 989 1823; x_wconf 90' lang='lat' dir='ltr'><strong>Quare</strong></span> <span class='ocrx_word' id='word_1_131' title='bbox 1016 1757 1310 1813; x_wconf 89' lang='lat' dir='ltr'><strong>secundum</strong></span> <span class='ocrx_word' id='word_1_132' title='bbox 1343 1771 1504 1811; x_wconf 89' lang='lat' dir='ltr'><strong>unam</strong></span> <span class='ocrx_word' id='word_1_133' title='bbox 1533 1750 1693 1810; x_wconf 86' lang='lat' dir='ltr'><strong>trium</strong></span> <span class='ocrx_word' id='word_1_134' title='bbox 1729 1756 1912 1815; x_wconf 86' lang='lat' dir='ltr'><strong>harum</strong></span> <span class='ocrx_word' id='word_1_135' title='bbox 1936 1770 2036 1810; x_wconf 74' lang='lat' dir='ltr'><strong>ex-</strong></span> 
     </span>
    </p>
   </div>
   <div class='ocr_carea' id='block_1_19' title="bbox 2125 539 3730 621">
    <p class='ocr_par' dir='ltr' id='par_1_19' title="bbox 2125 539 3730 621">
     <span class='ocr_line' id='line_1_19' title="bbox 2125 539 3730 621; baseline -0.01 -14"><span class='ocrx_word' id='word_1_136' title='bbox 2125 551 2432 621; x_wconf 84' lang='lat' dir='ltr'><strong>egrediens,</strong></span> <span class='ocrx_word' id='word_1_137' title='bbox 2462 565 2584 619; x_wconf 66' lang='lat' dir='ltr'><strong>quae</strong></span> <span class='ocrx_word' id='word_1_138' title='bbox 2621 552 2838 605; x_wconf 67' lang='lat' dir='ltr'><strong>arteria)</strong></span> <span class='ocrx_word' id='word_1_139' title='bbox 2864 544 3276 613; x_wconf 82' lang='lat' dir='ltr'><strong>vocantur-quia</strong></span> <span class='ocrx_word' id='word_1_140' title='bbox 3318 541 3492 607; x_wconf 86' lang='lat' dir='ltr'><strong>aliqua</strong></span> <span class='ocrx_word' id='word_1_141' title='bbox 3522 539 3730 607; x_wconf 63' lang='lat' dir='ltr'><strong>lingua</strong></span> 
     </span>
    </p>
   </div>
   <div class='ocr_carea' id='block_1_20' title="bbox 2128 634 3729 714">
    <p class='ocr_par' dir='ltr' id='par_1_20' title="bbox 2128 634 3729 714">
     <span class='ocr_line' id='line_1_20' title="bbox 2128 634 3729 714; baseline -0.009 -15"><span class='ocrx_word' id='word_1_142' title='bbox 2128 646 2483 714; x_wconf 84' lang='lat' dir='ltr'><strong>impressione</strong></span> <span class='ocrx_word' id='word_1_143' title='bbox 2516 643 2798 699; x_wconf 84' lang='lat' dir='ltr'><strong>formatur.</strong></span> <span class='ocrx_word' id='word_1_144' title='bbox 2845 641 2907 695; x_wconf 84' lang='lat' dir='ltr'><strong>Et</strong></span> <span class='ocrx_word' id='word_1_145' title='bbox 2936 655 3039 695; x_wconf 83' lang='lat' dir='ltr'><strong>vox</strong></span> <span class='ocrx_word' id='word_1_146' title='bbox 3065 638 3281 708; x_wconf 85' lang='lat' dir='ltr'><strong>quidem</strong></span> <span class='ocrx_word' id='word_1_147' title='bbox 3326 634 3429 689; x_wconf 88' lang='lat' dir='ltr'><strong>nisi</strong></span> <span class='ocrx_word' id='word_1_148' title='bbox 3472 634 3729 687; x_wconf 59' lang='lat' dir='ltr'><strong>anitum.</strong></span> 
     </span>
    </p>
   </div>
   <div class='ocr_carea' id='block_1_21' title="bbox 2126 728 3728 802">
    <p class='ocr_par' dir='ltr' id='par_1_21' title="bbox 2126 728 3728 802">
     <span class='ocr_line' id='line_1_21' title="bbox 2126 728 3728 802; baseline -0.007 -10"><span class='ocrx_word' id='word_1_149' title='bbox 2126 739 2260 792; x_wconf 90' lang='lat' dir='ltr'><strong>tium</strong></span> <span class='ocrx_word' id='word_1_150' title='bbox 2308 751 2415 793; x_wconf 89' lang='lat' dir='ltr'><strong>non</strong></span> <span class='ocrx_word' id='word_1_151' title='bbox 2459 746 2564 802; x_wconf 72' lang='lat' dir='ltr'><strong>est,</strong></span> <span class='ocrx_word' id='word_1_152' title='bbox 2610 749 2777 791; x_wconf 88' lang='lat' dir='ltr'><strong>sonus</strong></span> <span class='ocrx_word' id='word_1_153' title='bbox 2808 748 2936 789; x_wconf 70' lang='lat' dir='ltr'><strong>vero</strong></span> <span class='ocrx_word' id='word_1_154' title='bbox 2983 733 3266 801; x_wconf 87' lang='lat' dir='ltr'><strong>aliquoties</strong></span> <span class='ocrx_word' id='word_1_155' title='bbox 3302 728 3728 783; x_wconf 85' lang='lat' dir='ltr'><strong>inanimatorum</strong></span> 
     </span>
    </p>
   </div>
   <div class='ocr_carea' id='block_1_22' title="bbox 2127 818 3729 901">
    <p class='ocr_par' dir='ltr' id='par_1_22' title="bbox 2127 818 3729 901">
     <span class='ocr_line' id='line_1_22' title="bbox 2127 818 3729 901; baseline -0.007 -16"><span class='ocrx_word' id='word_1_156' title='bbox 2127 845 2343 901; x_wconf 90' lang='lat' dir='ltr'><strong>quoque</strong></span> <span class='ocrx_word' id='word_1_157' title='bbox 2404 845 2691 898; x_wconf 88' lang='lat' dir='ltr'><strong>corporum</strong></span> <span class='ocrx_word' id='word_1_158' title='bbox 2742 825 3139 883; x_wconf 80' lang='lat' dir='ltr'><strong>conflictatione</strong></span> <span class='ocrx_word' id='word_1_159' title='bbox 3186 822 3503 901; x_wconf 70' lang='lat' dir='ltr'><strong>perﬁcitur.,</strong></span> <span class='ocrx_word' id='word_1_160' title='bbox 3538 818 3729 886; x_wconf 82' lang='lat' dir='ltr'><strong>Quare</strong></span> 
     </span>
    </p>
   </div>
   <div class='ocr_carea' id='block_1_23' title="bbox 2072 914 3731 995">
    <p class='ocr_par' dir='ltr' id='par_1_23' title="bbox 2072 914 3731 995">
     <span class='ocr_line' id='line_1_23' title="bbox 2072 914 3731 995; baseline -0.006 -18"><span class='ocrx_word' id='word_1_161' title='bbox 2072 974 2073 977; x_wconf 44' lang='grc' dir='ltr'><strong>η</strong></span> <span class='ocrx_word' id='word_1_162' title='bbox 2128 924 2250 995; x_wconf 88' lang='lat' dir='ltr'><strong>quia</strong></span> <span class='ocrx_word' id='word_1_163' title='bbox 2281 939 2481 979; x_wconf 88' lang='lat' dir='ltr'><strong>nomen</strong></span> <span class='ocrx_word' id='word_1_164' title='bbox 2507 938 2694 979; x_wconf 83' lang='lat' dir='ltr'><strong>vocem</strong></span> <span class='ocrx_word' id='word_1_165' title='bbox 2722 937 2843 978; x_wconf 89' lang='lat' dir='ltr'><strong>esse</strong></span> <span class='ocrx_word' id='word_1_166' title='bbox 2871 918 3209 981; x_wconf 86' lang='lat' dir='ltr'><strong>monstravit,</strong></span> <span class='ocrx_word' id='word_1_167' title='bbox 3243 916 3311 970; x_wconf 88' lang='lat' dir='ltr'><strong>ab</strong></span> <span class='ocrx_word' id='word_1_168' title='bbox 3333 914 3450 970; x_wconf 89' lang='lat' dir='ltr'><strong>aliis</strong></span> <span class='ocrx_word' id='word_1_169' title='bbox 3473 929 3594 981; x_wconf 73' lang='lat' dir='ltr'><strong>quze</strong></span> <span class='ocrx_word' id='word_1_170' title='bbox 3626 927 3731 967; x_wconf 88' lang='lat' dir='ltr'><strong>vo-</strong></span> 
     </span>
    </p>
   </div>
   <div class='ocr_carea' id='block_1_24' title="bbox 2130 1004 3733 1085">
    <p class='ocr_par' dir='ltr' id='par_1_24' title="bbox 2130 1004 3733 1085">
     <span class='ocr_line' id='line_1_24' title="bbox 2130 1004 3733 1085; baseline -0.009 -10"><span class='ocrx_word' id='word_1_171' title='bbox 2130 1035 2223 1077; x_wconf 87' lang='lat' dir='ltr'><strong>ces</strong></span> <span class='ocrx_word' id='word_1_172' title='bbox 2255 1035 2361 1075; x_wconf 91' lang='lat' dir='ltr'><strong>non</strong></span> <span class='ocrx_word' id='word_1_173' title='bbox 2388 1027 2551 1085; x_wconf 76' lang='lat' dir='ltr'><strong>sunt,</strong></span> <span class='ocrx_word' id='word_1_174' title='bbox 2578 1018 2672 1073; x_wconf 88' lang='lat' dir='ltr'><strong>sed</strong></span> <span class='ocrx_word' id='word_1_175' title='bbox 2712 1004 2915 1071; x_wconf 68' lang='lat' dir='ltr'><strong>fautum</strong></span> <span class='ocrx_word' id='word_1_176' title='bbox 2948 1014 3091 1078; x_wconf 89' lang='lat' dir='ltr'><strong>soni,</strong></span> <span class='ocrx_word' id='word_1_177' title='bbox 3141 1012 3277 1066; x_wconf 89' lang='lat' dir='ltr'><strong>hanc</strong></span> <span class='ocrx_word' id='word_1_178' title='bbox 3303 1008 3568 1063; x_wconf 89' lang='lat' dir='ltr'><strong>orationis</strong></span> <span class='ocrx_word' id='word_1_179' title='bbox 3601 1020 3733 1073; x_wconf 82' lang='lat' dir='ltr'><strong>par-</strong></span> 
     </span>
    </p>
   </div>
   <div class='ocr_carea' id='block_1_25' title="bbox 2130 1100 3733 1183">
    <p class='ocr_par' dir='ltr' id='par_1_25' title="bbox 2130 1100 3733 1183">
     <span class='ocr_line' id='line_1_25' title="bbox 2130 1100 3733 1183; baseline -0.011 -14"><span class='ocrx_word' id='word_1_180' title='bbox 2130 1122 2241 1170; x_wconf 88' lang='lat' dir='ltr'><strong>tem</strong></span> <span class='ocrx_word' id='word_1_181' title='bbox 2270 1111 2549 1183; x_wconf 78' lang='lat' dir='ltr'><strong>separavit</strong></span> <span class='ocrx_word' id='word_1_182' title='bbox 2576 1120 2739 1181; x_wconf 87' lang='lat' dir='ltr'><strong>atque</strong></span> <span class='ocrx_word' id='word_1_183' title='bbox 2766 1107 3065 1171; x_wconf 85' lang='lat' dir='ltr'><strong>distribuit,</strong></span> <span class='ocrx_word' id='word_1_184' title='bbox 3096 1115 3151 1160; x_wconf 82' lang='lat' dir='ltr'><strong>et</strong></span> <span class='ocrx_word' id='word_1_185' title='bbox 3174 1118 3359 1157; x_wconf 86' lang='lat' dir='ltr'><strong>vocem</strong></span> <span class='ocrx_word' id='word_1_186' title='bbox 3388 1100 3602 1171; x_wconf 83' lang='lat' dir='ltr'><strong>quidem</strong></span> <span class='ocrx_word' id='word_1_187' title='bbox 3634 1113 3733 1151; x_wconf 91' lang='lat' dir='ltr'><strong>no-</strong></span> 
     </span>
    </p>
   </div>
   <div class='ocr_carea' id='block_1_26' title="bbox 2133 1190 3729 1273">
    <p class='ocr_par' dir='ltr' id='par_1_26' title="bbox 2133 1190 3729 1273">
     <span class='ocr_line' id='line_1_26' title="bbox 2133 1190 3729 1273; baseline -0.011 -11"><span class='ocrx_word' id='word_1_188' title='bbox 2133 1208 2296 1262; x_wconf 89' lang='lat' dir='ltr'><strong>minis</strong></span> <span class='ocrx_word' id='word_1_189' title='bbox 2341 1208 2487 1260; x_wconf 86' lang='lat' dir='ltr'><strong>velut</strong></span> <span class='ocrx_word' id='word_1_190' title='bbox 2534 1219 2702 1273; x_wconf 69' lang='lat' dir='ltr'><strong>genus</strong></span> <span class='ocrx_word' id='word_1_191' title='bbox 2745 1202 2995 1265; x_wconf 84' lang='lat' dir='ltr'><strong>sumpsit.</strong></span> <span class='ocrx_word' id='word_1_192' title='bbox 3052 1198 3225 1253; x_wconf 84' lang='lat' dir='ltr'><strong>Habet</strong></span> <span class='ocrx_word' id='word_1_193' title='bbox 3289 1209 3521 1263; x_wconf 83' lang='lat' dir='ltr'><strong>namque</strong></span> <span class='ocrx_word' id='word_1_194' title='bbox 3575 1190 3729 1246; x_wconf 82' lang='lat' dir='ltr'><strong>aliud</strong></span> 
     </span>
    </p>
   </div>
   <div class='ocr_carea' id='block_1_27' title="bbox 2132 1284 3734 1371">
    <p class='ocr_par' dir='ltr' id='par_1_27' title="bbox 2132 1284 3734 1371">
     <span class='ocr_line' id='line_1_27' title="bbox 2132 1284 3734 1371; baseline -0.009 -16"><span class='ocrx_word' id='word_1_195' title='bbox 2132 1299 2390 1371; x_wconf 85' lang='lat' dir='ltr'><strong>quiddam</strong></span> <span class='ocrx_word' id='word_1_196' title='bbox 2432 1297 2631 1366; x_wconf 88' lang='lat' dir='ltr'><strong>speciei</strong></span> <span class='ocrx_word' id='word_1_197' title='bbox 2669 1297 2785 1350; x_wconf 91' lang='lat' dir='ltr'><strong>loco</strong></span> <span class='ocrx_word' id='word_1_198' title='bbox 2832 1292 3085 1371; x_wconf 71' lang='lat' dir='ltr'><strong>ditierens</strong></span> <span class='ocrx_word' id='word_1_199' title='bbox 3126 1305 3157 1344; x_wconf 87' lang='lat' dir='ltr'><strong>a</strong></span> <span class='ocrx_word' id='word_1_200' title='bbox 3204 1288 3419 1343; x_wconf 87' lang='lat' dir='ltr'><strong>nomine</strong></span> <span class='ocrx_word' id='word_1_201' title='bbox 3458 1284 3600 1355; x_wconf 85' lang='lat' dir='ltr'><strong>quod</strong></span> <span class='ocrx_word' id='word_1_202' title='bbox 3640 1289 3734 1340; x_wconf 81' lang='lat' dir='ltr'><strong>est</strong></span> 
     </span>
    </p>
   </div>
   <div class='ocr_carea' id='block_1_28' title="bbox 2135 1364 3732 1457">
    <p class='ocr_par' dir='ltr' id='par_1_28' title="bbox 2135 1364 3732 1457">
     <span class='ocr_line' id='line_1_28' title="bbox 2135 1364 3732 1457; baseline -0.01 -15"><span class='ocrx_word' id='word_1_203' title='bbox 2135 1364 2403 1454; x_wconf 73' lang='lat' dir='ltr'><strong>verbum;</strong></span> <span class='ocrx_word' id='word_1_204' title='bbox 2437 1364 2609 1443; x_wconf 82' lang='lat' dir='ltr'><strong>habet</strong></span> <span class='ocrx_word' id='word_1_205' title='bbox 2628 1402 2841 1457; x_wconf 84' lang='lat' dir='ltr'><strong>quoque</strong></span> <span class='ocrx_word' id='word_1_206' title='bbox 2870 1364 3126 1453; x_wconf 73' lang='lat' dir='ltr'><strong>quasdam</strong></span> <span class='ocrx_word' id='word_1_207' title='bbox 3166 1380 3461 1436; x_wconf 87' lang='lat' dir='ltr'><strong>locutiones</strong></span> <span class='ocrx_word' id='word_1_208' title='bbox 3488 1390 3608 1445; x_wconf 63' lang='lat' dir='ltr'><strong>quae</strong></span> <span class='ocrx_word' id='word_1_209' title='bbox 3640 1373 3732 1427; x_wconf 82' lang='lat' dir='ltr'><strong>ni-</strong></span> 
     </span>
    </p>
   </div>
   <div class='ocr_carea' id='block_1_29' title="bbox 2136 1468 3733 1547">
    <p class='ocr_par' dir='ltr' id='par_1_29' title="bbox 2136 1468 3733 1547">
     <span class='ocr_line' id='line_1_29' title="bbox 2136 1468 3733 1547; baseline -0.013 -8"><span class='ocrx_word' id='word_1_210' title='bbox 2136 1485 2213 1539; x_wconf 91' lang='lat' dir='ltr'><strong>hil</strong></span> <span class='ocrx_word' id='word_1_211' title='bbox 2251 1484 2355 1541; x_wconf 86' lang='lat' dir='ltr'><strong>ulla</strong></span> <span class='ocrx_word' id='word_1_212' title='bbox 2405 1482 2618 1537; x_wconf 86' lang='lat' dir='ltr'><strong>ratione</strong></span> <span class='ocrx_word' id='word_1_213' title='bbox 2671 1477 2996 1547; x_wconf 82' lang='lat' dir='ltr'><strong>signiﬁcent,</strong></span> <span class='ocrx_word' id='word_1_214' title='bbox 3044 1486 3098 1529; x_wconf 89' lang='lat' dir='ltr'><strong>ut</strong></span> <span class='ocrx_word' id='word_1_215' title='bbox 3142 1480 3268 1529; x_wconf 87' lang='lat' dir='ltr'><strong>sunt</strong></span> <span class='ocrx_word' id='word_1_216' title='bbox 3308 1468 3601 1525; x_wconf 68' lang='lat' dir='ltr'><strong>articulatm</strong></span> <span class='ocrx_word' id='word_1_217' title='bbox 3628 1482 3733 1519; x_wconf 89' lang='lat' dir='ltr'><strong>vo-</strong></span> 
     </span>
    </p>
   </div>
   <div class='ocr_carea' id='block_1_30' title="bbox 2136 1560 3732 1645">
    <p class='ocr_par' dir='ltr' id='par_1_30' title="bbox 2136 1560 3732 1645">
     <span class='ocr_line' id='line_1_30' title="bbox 2136 1560 3732 1645; baseline -0.013 -13"><span class='ocrx_word' id='word_1_218' title='bbox 2136 1591 2230 1632; x_wconf 89' lang='lat' dir='ltr'><strong>ces</strong></span> <span class='ocrx_word' id='word_1_219' title='bbox 2262 1590 2487 1645; x_wconf 85' lang='lat' dir='ltr'><strong>quarum</strong></span> <span class='ocrx_word' id='word_1_220' title='bbox 2529 1574 2647 1642; x_wconf 86' lang='lat' dir='ltr'><strong>ipsa</strong></span> <span class='ocrx_word' id='word_1_221' title='bbox 2676 1570 2998 1641; x_wconf 87' lang='lat' dir='ltr'><strong>signiﬁcatio</strong></span> <span class='ocrx_word' id='word_1_222' title='bbox 3038 1581 3145 1621; x_wconf 89' lang='lat' dir='ltr'><strong>non</strong></span> <span class='ocrx_word' id='word_1_223' title='bbox 3184 1572 3361 1634; x_wconf 81' lang='lat' dir='ltr'><strong>potest</strong></span> <span class='ocrx_word' id='word_1_224' title='bbox 3390 1560 3642 1622; x_wconf 89' lang='lat' dir='ltr'><strong>inveniri,</strong></span> <span class='ocrx_word' id='word_1_225' title='bbox 3668 1564 3732 1613; x_wconf 90' lang='lat' dir='ltr'><strong>ut</strong></span> 
     </span>
    </p>
   </div>
   <div class='ocr_carea' id='block_1_31' title="bbox 2136 1653 3731 1739">
    <p class='ocr_par' dir='ltr' id='par_1_31' title="bbox 2136 1653 3731 1739">
     <span class='ocr_line' id='line_1_31' title="bbox 2136 1653 3731 1739; baseline -0.014 -12"><span class='ocrx_word' id='word_1_226' title='bbox 2136 1671 2477 1739; x_wconf 88' lang='lat' dir='ltr'><strong>scindapsus.</strong></span> <span class='ocrx_word' id='word_1_227' title='bbox 2514 1666 2649 1723; x_wconf 82' lang='lat' dir='ltr'><strong>Huic</strong></span> <span class='ocrx_word' id='word_1_228' title='bbox 2700 1680 2830 1732; x_wconf 82' lang='lat' dir='ltr'><strong>ergo</strong></span> <span class='ocrx_word' id='word_1_229' title='bbox 2858 1661 3043 1734; x_wconf 78' lang='lat' dir='ltr'><strong>generi</strong></span> <span class='ocrx_word' id='word_1_230' title='bbox 3082 1659 3214 1713; x_wconf 81' lang='lat' dir='ltr'><strong>alias</strong></span> <span class='ocrx_word' id='word_1_231' title='bbox 3258 1653 3585 1712; x_wconf 72' lang='lat' dir='ltr'><strong>diderentias</strong></span> <span class='ocrx_word' id='word_1_232' title='bbox 3617 1666 3731 1705; x_wconf 89' lang='lat' dir='ltr'><strong>rur-</strong></span> 
     </span>
    </p>
   </div>
   <div class='ocr_carea' id='block_1_32' title="bbox 2138 1745 3731 1832">
    <p class='ocr_par' dir='ltr' id='par_1_32' title="bbox 2138 1745 3731 1832">
     <span class='ocr_line' id='line_1_32' title="bbox 2138 1745 3731 1832; baseline -0.014 -14"><span class='ocrx_word' id='word_1_233' title='bbox 2138 1778 2231 1818; x_wconf 89' lang='lat' dir='ltr'><strong>sus</strong></span> <span class='ocrx_word' id='word_1_234' title='bbox 2266 1762 2519 1832; x_wconf 86' lang='lat' dir='ltr'><strong>apponit,</strong></span> <span class='ocrx_word' id='word_1_235' title='bbox 2558 1758 2699 1830; x_wconf 82' lang='lat' dir='ltr'><strong>quod</strong></span> <span class='ocrx_word' id='word_1_236' title='bbox 2732 1771 2925 1811; x_wconf 89' lang='lat' dir='ltr'><strong>nomen</strong></span> <span class='ocrx_word' id='word_1_237' title='bbox 2954 1754 3091 1808; x_wconf 89' lang='lat' dir='ltr'><strong>sicut</strong></span> <span class='ocrx_word' id='word_1_238' title='bbox 3122 1767 3219 1805; x_wconf 83' lang='lat' dir='ltr'><strong>vox</strong></span> <span class='ocrx_word' id='word_1_239' title='bbox 3246 1765 3275 1803; x_wconf 89' lang='lat' dir='ltr'><strong>a</strong></span> <span class='ocrx_word' id='word_1_240' title='bbox 3307 1747 3453 1802; x_wconf 90' lang='lat' dir='ltr'><strong>sonis</strong></span> <span class='ocrx_word' id='word_1_241' title='bbox 3483 1745 3604 1799; x_wconf 73' lang='lat' dir='ltr'><strong>aliis</strong></span> <span class='ocrx_word' id='word_1_242' title='bbox 3644 1758 3731 1797; x_wconf 86' lang='lat' dir='ltr'><strong>se-</strong></span> 
     </span>
    </p>
   </div>
   <div class='ocr_carea' id='block_1_33' title="bbox 444 1834 3728 1929">
    <p class='ocr_par' dir='ltr' id='par_1_33' title="bbox 444 1834 3728 1929">
     <span class='ocr_line' id='line_1_33' title="bbox 444 1834 3728 1929; baseline -0.002 -27"><span class='ocrx_word' id='word_1_243' title='bbox 444 1847 771 1929; x_wconf 77' lang='lat' dir='ltr'><strong>positionum</strong></span> <span class='ocrx_word' id='word_1_244' title='bbox 805 1847 1210 1918; x_wconf 83' lang='lat' dir='ltr'><strong>intelligendum</strong></span> <span class='ocrx_word' id='word_1_245' title='bbox 1241 1858 1324 1903; x_wconf 92' lang='lat' dir='ltr'><strong>est</strong></span> <span class='ocrx_word' id='word_1_246' title='bbox 1376 1847 1516 1916; x_wconf 90' lang='lat' dir='ltr'><strong>quod</strong></span> <span class='ocrx_word' id='word_1_247' title='bbox 1557 1842 1653 1911; x_wconf 78' lang='lat' dir='ltr'><strong>ait,</strong></span> <span class='ocrx_word' id='word_1_248' title='bbox 1699 1847 1747 1904; x_wconf 88' lang='lat' dir='ltr'><strong>si</strong></span> <span class='ocrx_word' id='word_1_249' title='bbox 1778 1862 1883 1903; x_wconf 87' lang='lat' dir='ltr'><strong>non</strong></span> <span class='ocrx_word' id='word_1_250' title='bbox 1911 1861 2031 1903; x_wconf 84' lang='lat' dir='ltr'><strong>esse</strong></span> <span class='ocrx_word' id='word_1_251' title='bbox 2064 1851 2115 1911; x_wconf 89' lang='lat' dir='ltr'><strong>B</strong></span> <span class='ocrx_word' id='word_1_252' title='bbox 2139 1855 2403 1926; x_wconf 64' lang='lat' dir='ltr'><strong>gregavit,</strong></span> <span class='ocrx_word' id='word_1_253' title='bbox 2435 1854 2509 1907; x_wconf 75' lang='lat' dir='ltr'><strong>ita</strong></span> <span class='ocrx_word' id='word_1_254' title='bbox 2534 1865 2747 1923; x_wconf 84' lang='lat' dir='ltr'><strong>quoque</strong></span> <span class='ocrx_word' id='word_1_255' title='bbox 2788 1849 2872 1903; x_wconf 73' lang='lat' dir='ltr'><strong>ha:</strong></span> <span class='ocrx_word' id='word_1_256' title='bbox 2916 1845 3233 1901; x_wconf 71' lang='lat' dir='ltr'><strong>diﬁerentim</strong></span> <span class='ocrx_word' id='word_1_257' title='bbox 3273 1854 3465 1894; x_wconf 87' lang='lat' dir='ltr'><strong>nomen</strong></span> <span class='ocrx_word' id='word_1_258' title='bbox 3498 1836 3568 1890; x_wconf 81' lang='lat' dir='ltr'><strong>ab</strong></span> <span class='ocrx_word' id='word_1_259' title='bbox 3609 1834 3728 1888; x_wconf 75' lang='lat' dir='ltr'><strong>aliis</strong></span> 
     </span>
    </p>
   </div>
   <div class='ocr_carea' id='block_1_34' title="bbox 444 1939 2029 2010">
    <p class='ocr_par' dir='ltr' id='par_1_34' title="bbox 444 1939 2029 2010">
     <span class='ocr_line' id='line_1_34' title="bbox 444 1939 2029 2010; baseline 0 -17"><span class='ocrx_word' id='word_1_260' title='bbox 444 1940 531 1995; x_wconf 87' lang='lat' dir='ltr'><strong>vel</strong></span> <span class='ocrx_word' id='word_1_261' title='bbox 565 1954 671 1994; x_wconf 88' lang='lat' dir='ltr'><strong>non</strong></span> <span class='ocrx_word' id='word_1_262' title='bbox 703 1954 848 2007; x_wconf 71' lang='lat' dir='ltr'><strong>esse,</strong></span> <span class='ocrx_word' id='word_1_263' title='bbox 878 1939 1126 2008; x_wconf 85' lang='lat' dir='ltr'><strong>addatur,</strong></span> <span class='ocrx_word' id='word_1_264' title='bbox 1160 1940 1243 1996; x_wconf 86' lang='lat' dir='ltr'><strong>vel</strong></span> <span class='ocrx_word' id='word_1_265' title='bbox 1279 1942 1598 2010; x_wconf 83' lang='lat' dir='ltr'><strong>simpliciter</strong></span> <span class='ocrx_word' id='word_1_266' title='bbox 1624 1940 1709 1996; x_wconf 84' lang='lat' dir='ltr'><strong>vel</strong></span> <span class='ocrx_word' id='word_1_267' title='bbox 1731 1941 2029 1997; x_wconf 77' lang='lat' dir='ltr'><strong>secundam</strong></span> 
     </span>
    </p>
   </div>
   <div class='ocr_carea' id='block_1_35' title="bbox 444 2030 2031 2103">
    <p class='ocr_par' dir='ltr' id='par_1_35' title="bbox 444 2030 2031 2103">
     <span class='ocr_line' id='line_1_35' title="bbox 444 2030 2031 2103; baseline 0.001 -17"><span class='ocrx_word' id='word_1_268' title='bbox 444 2038 678 2101; x_wconf 87' lang='lat' dir='ltr'><strong>tempus.</strong></span> <span class='ocrx_word' id='word_1_269' title='bbox 709 2030 815 2087; x_wconf 76' lang='lat' dir='ltr'><strong>Sed</strong></span> <span class='ocrx_word' id='word_1_270' title='bbox 843 2032 891 2086; x_wconf 91' lang='lat' dir='ltr'><strong>ei</strong></span> <span class='ocrx_word' id='word_1_271' title='bbox 923 2031 1064 2101; x_wconf 90' lang='lat' dir='ltr'><strong>quod</strong></span> <span class='ocrx_word' id='word_1_272' title='bbox 1090 2042 1216 2087; x_wconf 88' lang='lat' dir='ltr'><strong>ante</strong></span> <span class='ocrx_word' id='word_1_273' title='bbox 1251 2033 1550 2100; x_wconf 79' lang='lat' dir='ltr'><strong>proposuit,</strong></span> <span class='ocrx_word' id='word_1_274' title='bbox 1578 2033 2031 2103; x_wconf 80' lang='lat' dir='ltr'><strong>quemadmodum</strong></span> 
     </span>
    </p>
   </div>
   <div class='ocr_carea' id='block_1_36' title="bbox 446 2124 2039 2194">
    <p class='ocr_par' dir='ltr' id='par_1_36' title="bbox 446 2124 2039 2194">
     <span class='ocr_line' id='line_1_36' title="bbox 446 2124 2039 2194; baseline 0.001 -15"><span class='ocrx_word' id='word_1_275' title='bbox 446 2135 594 2184; x_wconf 86' lang='lat' dir='ltr'><strong>esset</strong></span> <span class='ocrx_word' id='word_1_276' title='bbox 613 2124 901 2194; x_wconf 84' lang='lat' dir='ltr'><strong>aliquoties</strong></span> <span class='ocrx_word' id='word_1_277' title='bbox 920 2125 1134 2193; x_wconf 85' lang='lat' dir='ltr'><strong>quidem</strong></span> <span class='ocrx_word' id='word_1_278' title='bbox 1155 2125 1209 2180; x_wconf 91' lang='lat' dir='ltr'><strong>in</strong></span> <span class='ocrx_word' id='word_1_279' title='bbox 1231 2124 1407 2179; x_wconf 88' lang='lat' dir='ltr'><strong>anima</strong></span> <span class='ocrx_word' id='word_1_280' title='bbox 1431 2126 1734 2181; x_wconf 88' lang='lat' dir='ltr'><strong>intellectus</strong></span> <span class='ocrx_word' id='word_1_281' title='bbox 1758 2127 1876 2183; x_wconf 87' lang='lat' dir='ltr'><strong>sine</strong></span> <span class='ocrx_word' id='word_1_282' title='bbox 1902 2140 2039 2181; x_wconf 90' lang='lat' dir='ltr'><strong>vero</strong></span> 
     </span>
    </p>
   </div>
   <div class='ocr_carea' id='block_1_37' title="bbox 445 2218 2093 2289">
    <p class='ocr_par' dir='ltr' id='par_1_37' title="bbox 445 2218 2093 2289">
     <span class='ocr_line' id='line_1_37' title="bbox 445 2218 2093 2289; baseline -0.002 -14"><span class='ocrx_word' id='word_1_283' title='bbox 445 2220 533 2279; x_wconf 79' lang='lat' dir='ltr'><strong>vel</strong></span> <span class='ocrx_word' id='word_1_284' title='bbox 583 2220 743 2285; x_wconf 82' lang='lat' dir='ltr'><strong>falso,</strong></span> <span class='ocrx_word' id='word_1_285' title='bbox 785 2229 904 2289; x_wconf 84' lang='lat' dir='ltr'><strong>post</strong></span> <span class='ocrx_word' id='word_1_286' title='bbox 948 2218 1100 2286; x_wconf 81' lang='lat' dir='ltr'><strong>quasi</strong></span> <span class='ocrx_word' id='word_1_287' title='bbox 1154 2232 1493 2288; x_wconf 83' lang='lat' dir='ltr'><strong>Consequens</strong></span> <span class='ocrx_word' id='word_1_288' title='bbox 1538 2218 1769 2273; x_wconf 82' lang='lat' dir='ltr'><strong>reddidit</strong></span> <span class='ocrx_word' id='word_1_289' title='bbox 1822 2220 2035 2274; x_wconf 88' lang='lat' dir='ltr'><strong>nomina</strong></span> <span class='ocrx_word' id='word_1_290' title='bbox 2088 2224 2093 2227; x_wconf 71' lang='grc'><em>’</em></span> 
     </span>
    </p>
   </div>
   <div class='ocr_carea' id='block_1_38' title="bbox 446 2309 2039 2383">
    <p class='ocr_par' dir='ltr' id='par_1_38' title="bbox 446 2309 2039 2383">
     <span class='ocr_line' id='line_1_38' title="bbox 446 2309 2039 2383; baseline 0 -17"><span class='ocrx_word' id='word_1_291' title='bbox 446 2309 564 2383; x_wconf 89' lang='lat' dir='ltr'><strong>ipsa</strong></span> <span class='ocrx_word' id='word_1_292' title='bbox 597 2328 692 2383; x_wconf 88' lang='lat' dir='ltr'><strong>per</strong></span> <span class='ocrx_word' id='word_1_293' title='bbox 733 2327 794 2368; x_wconf 89' lang='lat' dir='ltr'><strong>se</strong></span> <span class='ocrx_word' id='word_1_294' title='bbox 833 2310 1102 2379; x_wconf 86' lang='lat' dir='ltr'><strong>verbaque</strong></span> <span class='ocrx_word' id='word_1_295' title='bbox 1137 2324 1257 2365; x_wconf 75' lang='lat' dir='ltr'><strong>es~e</strong></span> <span class='ocrx_word' id='word_1_296' title='bbox 1294 2309 1629 2377; x_wconf 88' lang='lat' dir='ltr'><strong>simplicibus</strong></span> <span class='ocrx_word' id='word_1_297' title='bbox 1676 2309 2039 2367; x_wconf 83' lang='lat' dir='ltr'><strong>intellectibus</strong></span> 
     </span>
    </p>
   </div>
   <div class='ocr_carea' id='block_1_39' title="bbox 450 2401 2039 2471">
    <p class='ocr_par' dir='ltr' id='par_1_39' title="bbox 450 2401 2039 2471">
     <span class='ocr_line' id='line_1_39' title="bbox 450 2401 2039 2471; baseline -0.001 -11"><span class='ocrx_word' id='word_1_298' title='bbox 450 2405 778 2469; x_wconf 71' lang='lat' dir='ltr'><strong>consimilia,</strong></span> <span class='ocrx_word' id='word_1_299' title='bbox 797 2413 854 2460; x_wconf 91' lang='lat' dir='ltr'><strong>ut</strong></span> <span class='ocrx_word' id='word_1_300' title='bbox 882 2404 1042 2458; x_wconf 91' lang='lat' dir='ltr'><strong>homo</strong></span> <span class='ocrx_word' id='word_1_301' title='bbox 1065 2405 1143 2458; x_wconf 89' lang='lat' dir='ltr'><strong>vel</strong></span> <span class='ocrx_word' id='word_1_302' title='bbox 1177 2402 1393 2466; x_wconf 83' lang='lat' dir='ltr'><strong>album;</strong></span> <span class='ocrx_word' id='word_1_303' title='bbox 1424 2401 1472 2458; x_wconf 90' lang='lat' dir='ltr'><strong>ei</strong></span> <span class='ocrx_word' id='word_1_304' title='bbox 1499 2418 1629 2457; x_wconf 89' lang='lat' dir='ltr'><strong>vero</strong></span> <span class='ocrx_word' id='word_1_305' title='bbox 1659 2402 1800 2471; x_wconf 84' lang='lat' dir='ltr'><strong>quod</strong></span> <span class='ocrx_word' id='word_1_306' title='bbox 1832 2403 1925 2467; x_wconf 94' lang='lat' dir='ltr'><strong>ait,</strong></span> <span class='ocrx_word' id='word_1_307' title='bbox 1950 2401 2039 2458; x_wconf 88' lang='lat' dir='ltr'><strong>cui</strong></span> 
     </span>
    </p>
   </div>
   <div class='ocr_carea' id='block_1_40' title="bbox 445 2494 2038 2569">
    <p class='ocr_par' dir='ltr' id='par_1_40' title="bbox 445 2494 2038 2569">
     <span class='ocr_line' id='line_1_40' title="bbox 445 2494 2038 2569; baseline -0.002 -17"><span class='ocrx_word' id='word_1_308' title='bbox 445 2496 554 2569; x_wconf 78' lang='lat' dir='ltr'><strong>iam</strong></span> <span class='ocrx_word' id='word_1_309' title='bbox 588 2512 810 2554; x_wconf 82' lang='lat' dir='ltr'><strong>necesse</strong></span> <span class='ocrx_word' id='word_1_310' title='bbox 840 2496 913 2552; x_wconf 87' lang='lat' dir='ltr'><strong>sit</strong></span> <span class='ocrx_word' id='word_1_311' title='bbox 948 2496 1174 2551; x_wconf 88' lang='lat' dir='ltr'><strong>alterum</strong></span> <span class='ocrx_word' id='word_1_312' title='bbox 1203 2494 1392 2552; x_wconf 88' lang='lat' dir='ltr'><strong>horum</strong></span> <span class='ocrx_word' id='word_1_313' title='bbox 1427 2496 1627 2560; x_wconf 89' lang='lat' dir='ltr'><strong>inesse,</strong></span> <span class='ocrx_word' id='word_1_314' title='bbox 1658 2495 1789 2550; x_wconf 84' lang='lat' dir='ltr'><strong>nihil</strong></span> <span class='ocrx_word' id='word_1_315' title='bbox 1822 2494 2038 2549; x_wconf 89' lang='lat' dir='ltr'><strong>interim</strong></span> 
     </span>
    </p>
   </div>
   <div class='ocr_carea' id='block_1_41' title="bbox 448 2586 2035 2659">
    <p class='ocr_par' dir='ltr' id='par_1_41' title="bbox 448 2586 2035 2659">
     <span class='ocr_line' id='line_1_41' title="bbox 448 2586 2035 2659; baseline -0.004 -12"><span class='ocrx_word' id='word_1_316' title='bbox 448 2591 702 2657; x_wconf 84' lang='lat' dir='ltr'><strong>reddidit,</strong></span> <span class='ocrx_word' id='word_1_317' title='bbox 733 2589 828 2646; x_wconf 89' lang='lat' dir='ltr'><strong>sed</strong></span> <span class='ocrx_word' id='word_1_318' title='bbox 861 2588 963 2644; x_wconf 80' lang='lat' dir='ltr'><strong>hoc</strong></span> <span class='ocrx_word' id='word_1_319' title='bbox 988 2604 1056 2645; x_wconf 89' lang='lat' dir='ltr'><strong>eo</strong></span> <span class='ocrx_word' id='word_1_320' title='bbox 1082 2588 1419 2659; x_wconf 77' lang='lat' dir='ltr'><strong>suppleviSse</strong></span> <span class='ocrx_word' id='word_1_321' title='bbox 1450 2588 1738 2658; x_wconf 86' lang='lat' dir='ltr'><strong>potabitur,</strong></span> <span class='ocrx_word' id='word_1_322' title='bbox 1766 2586 1907 2659; x_wconf 84' lang='lat' dir='ltr'><strong>quod</strong></span> <span class='ocrx_word' id='word_1_323' title='bbox 1938 2587 2035 2654; x_wconf 85' lang='lat' dir='ltr'><strong>ait,</strong></span> 
     </span>
    </p>
   </div>
   <div class='ocr_carea' id='block_1_42' title="bbox 447 2677 2039 2745">
    <p class='ocr_par' dir='ltr' id='par_1_42' title="bbox 447 2677 2039 2745">
     <span class='ocr_line' id='line_1_42' title="bbox 447 2677 2039 2745; baseline -0.003 -8"><span class='ocrx_word' id='word_1_324' title='bbox 447 2682 542 2745; x_wconf 84' lang='lat' dir='ltr'><strong>sed</strong></span> <span class='ocrx_word' id='word_1_325' title='bbox 577 2681 813 2737; x_wconf 89' lang='lat' dir='ltr'><strong>nondum</strong></span> <span class='ocrx_word' id='word_1_326' title='bbox 847 2695 1033 2735; x_wconf 88' lang='lat' dir='ltr'><strong>verum</strong></span> <span class='ocrx_word' id='word_1_327' title='bbox 1070 2680 1153 2735; x_wconf 87' lang='lat' dir='ltr'><strong>vel</strong></span> <span class='ocrx_word' id='word_1_328' title='bbox 1186 2678 1378 2737; x_wconf 86' lang='lat' dir='ltr'><strong>falsum</strong></span> <span class='ocrx_word' id='word_1_329' title='bbox 1417 2690 1522 2744; x_wconf 87' lang='lat' dir='ltr'><strong>est,</strong></span> <span class='ocrx_word' id='word_1_330' title='bbox 1554 2680 1599 2734; x_wconf 89' lang='lat' dir='ltr'><strong>si</strong></span> <span class='ocrx_word' id='word_1_331' title='bbox 1646 2695 1753 2732; x_wconf 88' lang='lat' dir='ltr'><strong>non</strong></span> <span class='ocrx_word' id='word_1_332' title='bbox 1800 2693 1923 2734; x_wconf 88' lang='lat' dir='ltr'><strong>esse</strong></span> <span class='ocrx_word' id='word_1_333' title='bbox 1953 2677 2039 2734; x_wconf 87' lang='lat' dir='ltr'><strong>vel</strong></span> 
     </span>
    </p>
   </div>
   <div class='ocr_carea' id='block_1_43' title="bbox 447 2769 2041 2847">
    <p class='ocr_par' dir='ltr' id='par_1_43' title="bbox 447 2769 2041 2847">
     <span class='ocr_line' id='line_1_43' title="bbox 447 2769 2041 2847; baseline -0.003 -18"><span class='ocrx_word' id='word_1_334' title='bbox 447 2786 554 2829; x_wconf 89' lang='lat' dir='ltr'><strong>non</strong></span> <span class='ocrx_word' id='word_1_335' title='bbox 579 2786 698 2827; x_wconf 89' lang='lat' dir='ltr'><strong>esse</strong></span> <span class='ocrx_word' id='word_1_336' title='bbox 725 2772 951 2847; x_wconf 84' lang='lat' dir='ltr'><strong>addatur</strong></span> <span class='ocrx_word' id='word_1_337' title='bbox 979 2792 994 2825; x_wconf 84' lang='lat'><strong>:</strong></span> <span class='ocrx_word' id='word_1_338' title='bbox 1040 2771 1156 2825; x_wconf 68' lang='lat' dir='ltr'><strong>haec</strong></span> <span class='ocrx_word' id='word_1_339' title='bbox 1182 2781 1267 2826; x_wconf 88' lang='lat' dir='ltr'><strong>est</strong></span> <span class='ocrx_word' id='word_1_340' title='bbox 1295 2771 1437 2826; x_wconf 87' lang='lat' dir='ltr'><strong>enim</strong></span> <span class='ocrx_word' id='word_1_341' title='bbox 1484 2769 1849 2826; x_wconf 72' lang='lat' dir='ltr'><strong>intellecturum</strong></span> <span class='ocrx_word' id='word_1_342' title='bbox 1887 2785 2041 2840; x_wconf 71' lang='lat' dir='ltr'><strong>qum-</strong></span> 
     </span>
    </p>
   </div>
   <div class='ocr_carea' id='block_1_44' title="bbox 448 2860 2041 2933">
    <p class='ocr_par' dir='ltr' id='par_1_44' title="bbox 448 2860 2041 2933">
     <span class='ocr_line' id='line_1_44' title="bbox 448 2860 2041 2933; baseline -0.004 -13"><span class='ocrx_word' id='word_1_343' title='bbox 448 2864 571 2920; x_wconf 88' lang='lat' dir='ltr'><strong>dam</strong></span> <span class='ocrx_word' id='word_1_344' title='bbox 604 2862 945 2933; x_wconf 81' lang='lat' dir='ltr'><strong>compositio,</strong></span> <span class='ocrx_word' id='word_1_345' title='bbox 976 2862 1065 2917; x_wconf 87' lang='lat' dir='ltr'><strong>cui</strong></span> <span class='ocrx_word' id='word_1_346' title='bbox 1089 2862 1195 2931; x_wconf 82' lang='lat' dir='ltr'><strong>jam</strong></span> <span class='ocrx_word' id='word_1_347' title='bbox 1231 2875 1454 2917; x_wconf 85' lang='lat' dir='ltr'><strong>necesse</strong></span> <span class='ocrx_word' id='word_1_348' title='bbox 1480 2871 1562 2915; x_wconf 86' lang='lat' dir='ltr'><strong>est</strong></span> <span class='ocrx_word' id='word_1_349' title='bbox 1591 2860 1817 2915; x_wconf 89' lang='lat' dir='ltr'><strong>alterum</strong></span> <span class='ocrx_word' id='word_1_350' title='bbox 1847 2860 2041 2915; x_wconf 84' lang='lat' dir='ltr'><strong>borum</strong></span> 
     </span>
    </p>
   </div>
   <div class='ocr_carea' id='block_1_45' title="bbox 449 2949 2043 3025">
    <p class='ocr_par' dir='ltr' id='par_1_45' title="bbox 449 2949 2043 3025">
     <span class='ocr_line' id='line_1_45' title="bbox 449 2949 2043 3025; baseline -0.004 -13"><span class='ocrx_word' id='word_1_351' title='bbox 449 2954 651 3022; x_wconf 89' lang='lat' dir='ltr'><strong>inesse,</strong></span> <span class='ocrx_word' id='word_1_352' title='bbox 682 2970 784 3025; x_wconf 89' lang='lat' dir='ltr'><strong>qua</strong></span> <span class='ocrx_word' id='word_1_353' title='bbox 814 2956 868 3015; x_wconf 88' lang='lat' dir='ltr'><strong>in</strong></span> <span class='ocrx_word' id='word_1_354' title='bbox 907 2953 1155 3010; x_wconf 83' lang='lat' dir='ltr'><strong>oratione</strong></span> <span class='ocrx_word' id='word_1_355' title='bbox 1183 2952 1267 3007; x_wconf 86' lang='lat' dir='ltr'><strong>vel</strong></span> <span class='ocrx_word' id='word_1_356' title='bbox 1315 2965 1439 3008; x_wconf 86' lang='lat' dir='ltr'><strong>esse</strong></span> <span class='ocrx_word' id='word_1_357' title='bbox 1476 2951 1559 3005; x_wconf 85' lang='lat' dir='ltr'><strong>vel</strong></span> <span class='ocrx_word' id='word_1_358' title='bbox 1608 2967 1715 3006; x_wconf 90' lang='lat' dir='ltr'><strong>non</strong></span> <span class='ocrx_word' id='word_1_359' title='bbox 1744 2965 1864 3006; x_wconf 86' lang='lat' dir='ltr'><strong>esse</strong></span> <span class='ocrx_word' id='word_1_360' title='bbox 1890 2949 2043 3005; x_wconf 89' lang='lat' dir='ltr'><strong>addi-</strong></span> 
     </span>
    </p>
   </div>
   <div class='ocr_carea' id='block_1_46' title="bbox 430 3043 2041 3117">
    <p class='ocr_par' dir='ltr' id='par_1_46' title="bbox 430 3043 2041 3117">
     <span class='ocr_line' id='line_1_46' title="bbox 430 3043 2041 3117; baseline -0.002 -14"><span class='ocrx_word' id='word_1_361' title='bbox 430 3055 557 3105; x_wconf 85' lang='lat' dir='ltr'><strong>tur.</strong></span> <span class='ocrx_word' id='word_1_362' title='bbox 588 3047 853 3116; x_wconf 84' lang='lat' dir='ltr'><strong>Quocirca</strong></span> <span class='ocrx_word' id='word_1_363' title='bbox 882 3045 1135 3117; x_wconf 84' lang='lat' dir='ltr'><strong>quoniam</strong></span> <span class='ocrx_word' id='word_1_364' title='bbox 1171 3044 1239 3099; x_wconf 89' lang='lat' dir='ltr'><strong>de</strong></span> <span class='ocrx_word' id='word_1_365' title='bbox 1294 3048 1513 3098; x_wconf 83' lang='lat' dir='ltr'><strong>nom‘ne</strong></span> <span class='ocrx_word' id='word_1_366' title='bbox 1549 3043 1820 3113; x_wconf 85' lang='lat' dir='ltr'><strong>verboque</strong></span> <span class='ocrx_word' id='word_1_367' title='bbox 1849 3057 2041 3113; x_wconf 89' lang='lat' dir='ltr'><strong>propo-</strong></span> 
     </span>
    </p>
   </div>
   <div class='ocr_carea' id='block_1_47' title="bbox 451 3134 2041 3210">
    <p class='ocr_par' dir='ltr' id='par_1_47' title="bbox 451 3134 2041 3210">
     <span class='ocr_line' id='line_1_47' title="bbox 451 3134 2041 3210; baseline -0.006 -12"><span class='ocrx_word' id='word_1_368' title='bbox 451 3143 577 3209; x_wconf 84' lang='lat' dir='ltr'><strong>suit,</strong></span> <span class='ocrx_word' id='word_1_369' title='bbox 607 3150 663 3201; x_wconf 87' lang='lat' dir='ltr'><strong>et</strong></span> <span class='ocrx_word' id='word_1_370' title='bbox 690 3155 853 3210; x_wconf 85' lang='lat' dir='ltr'><strong>quam</strong></span> <span class='ocrx_word' id='word_1_371' title='bbox 888 3138 1123 3195; x_wconf 81' lang='lat' dir='ltr'><strong>breviter</strong></span> <span class='ocrx_word' id='word_1_372' title='bbox 1146 3136 1319 3207; x_wconf 79' lang='lat' dir='ltr'><strong>patuit</strong></span> <span class='ocrx_word' id='word_1_373' title='bbox 1347 3151 1565 3203; x_wconf 85' lang='lat' dir='ltr'><strong>vocum,</strong></span> <span class='ocrx_word' id='word_1_374' title='bbox 1596 3136 1915 3198; x_wconf 86' lang='lat' dir='ltr'><strong>litterarum.</strong></span> <span class='ocrx_word' id='word_1_375' title='bbox 1958 3134 2041 3191; x_wconf 89' lang='lat' dir='ltr'><strong>in-</strong></span> 
     </span>
    </p>
   </div>
   <div class='ocr_carea' id='block_1_48' title="bbox 2137 1932 3727 2014">
    <p class='ocr_par' dir='ltr' id='par_1_48' title="bbox 2137 1932 3727 2014">
     <span class='ocr_line' id='line_1_48' title="bbox 2137 1932 3727 2014; baseline -0.013 -12"><span class='ocrx_word' id='word_1_376' title='bbox 2137 1946 2424 2014; x_wconf 76' lang='lat' dir='ltr'><strong>Speciebus</strong></span> <span class='ocrx_word' id='word_1_377' title='bbox 2451 1943 2553 1999; x_wconf 90' lang='lat' dir='ltr'><strong>sub</strong></span> <span class='ocrx_word' id='word_1_378' title='bbox 2571 1956 2705 1997; x_wconf 86' lang='lat' dir='ltr'><strong>voce</strong></span> <span class='ocrx_word' id='word_1_379' title='bbox 2725 1939 2914 2011; x_wconf 88' lang='lat' dir='ltr'><strong>positis</strong></span> <span class='ocrx_word' id='word_1_380' title='bbox 2938 1938 3177 1992; x_wconf 83' lang='lat' dir='ltr'><strong>dividant</strong></span> <span class='ocrx_word' id='word_1_381' title='bbox 3199 1943 3361 2004; x_wconf 87' lang='lat' dir='ltr'><strong>atque</strong></span> <span class='ocrx_word' id='word_1_382' title='bbox 3381 1932 3727 1999; x_wconf 69' lang='lat' dir='ltr'><strong>discernunt;</strong></span> 
     </span>
    </p>
   </div>
   <div class='ocr_carea' id='block_1_49' title="bbox 2141 2022 3730 2110">
    <p class='ocr_par' dir='ltr' id='par_1_49' title="bbox 2141 2022 3730 2110">
     <span class='ocr_line' id='line_1_49' title="bbox 2141 2022 3730 2110; baseline -0.012 -18"><span class='ocrx_word' id='word_1_383' title='bbox 2141 2038 2285 2110; x_wconf 92' lang='lat' dir='ltr'><strong>quod</strong></span> <span class='ocrx_word' id='word_1_384' title='bbox 2314 2038 2459 2093; x_wconf 91' lang='lat' dir='ltr'><strong>enim</strong></span> <span class='ocrx_word' id='word_1_385' title='bbox 2510 2034 2740 2099; x_wconf 82' lang='lat' dir='ltr'><strong>addidit,</strong></span> <span class='ocrx_word' id='word_1_386' title='bbox 2791 2046 2986 2085; x_wconf 88' lang='lat' dir='ltr'><strong>nomen</strong></span> <span class='ocrx_word' id='word_1_387' title='bbox 3019 2043 3204 2084; x_wconf 85' lang='lat' dir='ltr'><strong>vocem</strong></span> <span class='ocrx_word' id='word_1_388' title='bbox 3252 2041 3373 2081; x_wconf 86' lang='lat' dir='ltr'><strong>esse</strong></span> <span class='ocrx_word' id='word_1_389' title='bbox 3415 2022 3730 2093; x_wconf 81' lang='lat' dir='ltr'><strong>significati-</strong></span> 
     </span>
    </p>
   </div>
   <div class='ocr_carea' id='block_1_50' title="bbox 2140 2114 3729 2196">
    <p class='ocr_par' dir='ltr' id='par_1_50' title="bbox 2140 2114 3729 2196">
     <span class='ocr_line' id='line_1_50' title="bbox 2140 2114 3729 2196; baseline -0.011 -12"><span class='ocrx_word' id='word_1_390' title='bbox 2140 2145 2284 2194; x_wconf 85' lang='lat' dir='ltr'><strong>vam,</strong></span> <span class='ocrx_word' id='word_1_391' title='bbox 2315 2129 2382 2183; x_wconf 87' lang='lat' dir='ltr'><strong>ab</strong></span> <span class='ocrx_word' id='word_1_392' title='bbox 2406 2127 2489 2183; x_wconf 88' lang='lat' dir='ltr'><strong>his</strong></span> <span class='ocrx_word' id='word_1_393' title='bbox 2520 2128 2737 2196; x_wconf 89' lang='lat' dir='ltr'><strong>inquam</strong></span> <span class='ocrx_word' id='word_1_394' title='bbox 2764 2122 2985 2177; x_wconf 88' lang='lat' dir='ltr'><strong>vocibus</strong></span> <span class='ocrx_word' id='word_1_395' title='bbox 3017 2135 3210 2173; x_wconf 86' lang='lat' dir='ltr'><strong>nomen</strong></span> <span class='ocrx_word' id='word_1_396' title='bbox 3239 2114 3564 2186; x_wconf 81' lang='lat' dir='ltr'><strong>disgregavit</strong></span> <span class='ocrx_word' id='word_1_397' title='bbox 3609 2127 3729 2182; x_wconf 75' lang='lat' dir='ltr'><strong>qua:</strong></span> 
     </span>
    </p>
   </div>
   <div class='ocr_carea' id='block_1_51' title="bbox 2142 2204 3728 2288">
    <p class='ocr_par' dir='ltr' id='par_1_51' title="bbox 2142 2204 3728 2288">
     <span class='ocr_line' id='line_1_51' title="bbox 2142 2204 3728 2288; baseline -0.013 -11"><span class='ocrx_word' id='word_1_398' title='bbox 2142 2222 2277 2277; x_wconf 88' lang='lat' dir='ltr'><strong>nihil</strong></span> <span class='ocrx_word' id='word_1_399' title='bbox 2314 2220 2553 2276; x_wconf 89' lang='lat' dir='ltr'><strong>omnino</strong></span> <span class='ocrx_word' id='word_1_400' title='bbox 2580 2215 2904 2288; x_wconf 83' lang='lat' dir='ltr'><strong>significant,</strong></span> <span class='ocrx_word' id='word_1_401' title='bbox 2955 2223 3011 2266; x_wconf 93' lang='lat' dir='ltr'><strong>ut</strong></span> <span class='ocrx_word' id='word_1_402' title='bbox 3036 2222 3159 2266; x_wconf 88' lang='lat' dir='ltr'><strong>sunt</strong></span> <span class='ocrx_word' id='word_1_403' title='bbox 3204 2208 3449 2280; x_wconf 75' lang='lat' dir='ltr'><strong>syllabae.</strong></span> <span class='ocrx_word' id='word_1_404' title='bbox 3495 2204 3728 2276; x_wconf 68' lang='lat' dir='ltr'><strong>Syllaba:</strong></span> 
     </span>
    </p>
   </div>
   <div class='ocr_carea' id='block_1_52' title="bbox 2140 2297 3731 2371">
    <p class='ocr_par' dir='ltr' id='par_1_52' title="bbox 2140 2297 3731 2371">
     <span class='ocr_line' id='line_1_52' title="bbox 2140 2297 3731 2371; baseline -0.013 -1"><span class='ocrx_word' id='word_1_405' title='bbox 2140 2314 2285 2371; x_wconf 90' lang='lat' dir='ltr'><strong>enim</strong></span> <span class='ocrx_word' id='word_1_406' title='bbox 2315 2328 2436 2369; x_wconf 88' lang='lat' dir='ltr'><strong>cum</strong></span> <span class='ocrx_word' id='word_1_407' title='bbox 2468 2327 2533 2367; x_wconf 78' lang='lat' dir='ltr'><strong>ex</strong></span> <span class='ocrx_word' id='word_1_408' title='bbox 2570 2310 2655 2363; x_wconf 86' lang='lat' dir='ltr'><strong>his</strong></span> <span class='ocrx_word' id='word_1_409' title='bbox 2693 2318 2859 2362; x_wconf 91' lang='lat' dir='ltr'><strong>totum</strong></span> <span class='ocrx_word' id='word_1_410' title='bbox 2893 2320 3086 2362; x_wconf 87' lang='lat' dir='ltr'><strong>nomen</strong></span> <span class='ocrx_word' id='word_1_411' title='bbox 3118 2310 3348 2365; x_wconf 83' lang='lat' dir='ltr'><strong>constet,</strong></span> <span class='ocrx_word' id='word_1_412' title='bbox 3390 2297 3569 2353; x_wconf 88' lang='lat' dir='ltr'><strong>adhuc</strong></span> <span class='ocrx_word' id='word_1_413' title='bbox 3602 2297 3731 2365; x_wconf 68' lang='lat' dir='ltr'><strong>ipsa</strong></span> 
     </span>
    </p>
   </div>
   <div class='ocr_carea' id='block_1_53' title="bbox 2142 2392 3731 2470">
    <p class='ocr_par' dir='ltr' id='par_1_53' title="bbox 2142 2392 3731 2470">
     <span class='ocr_line' id='line_1_53' title="bbox 2142 2392 3731 2470; baseline -0.012 -9"><span class='ocrx_word' id='word_1_414' title='bbox 2142 2405 2363 2461; x_wconf 88' lang='lat' dir='ltr'><strong>omnino</strong></span> <span class='ocrx_word' id='word_1_415' title='bbox 2393 2401 2527 2458; x_wconf 81' lang='lat' dir='ltr'><strong>nihil</strong></span> <span class='ocrx_word' id='word_1_416' title='bbox 2556 2399 2880 2470; x_wconf 82' lang='lat' dir='ltr'><strong>signiﬁcant.</strong></span> <span class='ocrx_word' id='word_1_417' title='bbox 2907 2397 3043 2454; x_wconf 85' lang='lat' dir='ltr'><strong>Sunt</strong></span> <span class='ocrx_word' id='word_1_418' title='bbox 3068 2410 3282 2466; x_wconf 90' lang='lat' dir='ltr'><strong>quoque</strong></span> <span class='ocrx_word' id='word_1_419' title='bbox 3301 2392 3545 2460; x_wconf 62' lang='lat' dir='ltr'><strong>quaedam</strong></span> <span class='ocrx_word' id='word_1_420' title='bbox 3571 2401 3731 2442; x_wconf 88' lang='lat' dir='ltr'><strong>voces</strong></span> 
     </span>
    </p>
   </div>
   <div class='ocr_carea' id='block_1_54' title="bbox 2142 2483 3733 2569">
    <p class='ocr_par' dir='ltr' id='par_1_54' title="bbox 2142 2483 3733 2569">
     <span class='ocr_line' id='line_1_54' title="bbox 2142 2483 3733 2569; baseline -0.013 -15"><span class='ocrx_word' id='word_1_421' title='bbox 2142 2499 2337 2554; x_wconf 85' lang='lat' dir='ltr'><strong>litteris</strong></span> <span class='ocrx_word' id='word_1_422' title='bbox 2375 2494 2705 2569; x_wconf 76' lang='lat' dir='ltr'><strong>syllabistjtte</strong></span> <span class='ocrx_word' id='word_1_423' title='bbox 2749 2491 3080 2559; x_wconf 69' lang='lat' dir='ltr'><strong>compositar,</strong></span> <span class='ocrx_word' id='word_1_424' title='bbox 3123 2504 3241 2558; x_wconf 78' lang='lat' dir='ltr'><strong>quze</strong></span> <span class='ocrx_word' id='word_1_425' title='bbox 3288 2486 3487 2540; x_wconf 87' lang='lat' dir='ltr'><strong>nullam</strong></span> <span class='ocrx_word' id='word_1_426' title='bbox 3533 2483 3733 2536; x_wconf 73' lang='lat' dir='ltr'><strong>habent</strong></span> 
     </span>
    </p>
   </div>
   <div class='ocr_carea' id='block_1_55' title="bbox 2144 2574 3730 2663">
    <p class='ocr_par' dir='ltr' id='par_1_55' title="bbox 2144 2574 3730 2663">
     <span class='ocr_line' id='line_1_55' title="bbox 2144 2574 3730 2663; baseline -0.014 -14"><span class='ocrx_word' id='word_1_427' title='bbox 2144 2590 2617 2663; x_wconf 84' lang='lat' dir='ltr'><strong>signiﬁcationem,</strong></span> <span class='ocrx_word' id='word_1_428' title='bbox 2662 2595 2721 2641; x_wconf 90' lang='lat' dir='ltr'><strong>ut</strong></span> <span class='ocrx_word' id='word_1_429' title='bbox 2756 2594 2858 2640; x_wconf 82' lang='lat' dir='ltr'><strong>est.</strong></span> <span class='ocrx_word' id='word_1_430' title='bbox 2885 2583 3068 2639; x_wconf 89' lang='lat' dir='ltr'><strong>blitiri.</strong></span> <span class='ocrx_word' id='word_1_431' title='bbox 3115 2581 3253 2646; x_wconf 78' lang='lat' dir='ltr'><strong>Ergo</strong></span> <span class='ocrx_word' id='word_1_432' title='bbox 3289 2576 3541 2645; x_wconf 77' lang='lat' dir='ltr'><strong>quoniam</strong></span> <span class='ocrx_word' id='word_1_433' title='bbox 3577 2574 3730 2647; x_wconf 81' lang='lat' dir='ltr'><strong>vide-</strong></span> 
     </span>
    </p>
   </div>
   <div class='ocr_carea' id='block_1_56' title="bbox 2142 2669 3731 2754">
    <p class='ocr_par' dir='ltr' id='par_1_56' title="bbox 2142 2669 3731 2754">
     <span class='ocr_line' id='line_1_56' title="bbox 2142 2669 3731 2754; baseline -0.012 -14"><span class='ocrx_word' id='word_1_434' title='bbox 2142 2685 2341 2740; x_wconf 89' lang='lat' dir='ltr'><strong>bantur</strong></span> <span class='ocrx_word' id='word_1_435' title='bbox 2381 2682 2627 2754; x_wconf 66' lang='lat' dir='ltr'><strong>quaadam</strong></span> <span class='ocrx_word' id='word_1_436' title='bbox 2660 2692 2820 2735; x_wconf 81' lang='lat' dir='ltr'><strong>voces</strong></span> <span class='ocrx_word' id='word_1_437' title='bbox 2858 2691 2979 2732; x_wconf 73' lang='lat' dir='ltr'><strong>esse</strong></span> <span class='ocrx_word' id='word_1_438' title='bbox 3013 2689 3131 2746; x_wconf 66' lang='lat' dir='ltr'><strong>quae</strong></span> <span class='ocrx_word' id='word_1_439' title='bbox 3159 2669 3552 2743; x_wconf 87' lang='lat' dir='ltr'><strong>signiﬁcatione</strong></span> <span class='ocrx_word' id='word_1_440' title='bbox 3580 2682 3731 2722; x_wconf 86' lang='lat' dir='ltr'><strong>care-</strong></span> 
     </span>
    </p>
   </div>
   <div class='ocr_carea' id='block_1_57' title="bbox 2142 2761 3731 2844">
    <p class='ocr_par' dir='ltr' id='par_1_57' title="bbox 2142 2761 3731 2844">
     <span class='ocr_line' id='line_1_57' title="bbox 2142 2761 3731 2844; baseline -0.01 -12"><span class='ocrx_word' id='word_1_441' title='bbox 2142 2786 2303 2843; x_wconf 82' lang='lat' dir='ltr'><strong>rent,</strong></span> <span class='ocrx_word' id='word_1_442' title='bbox 2340 2790 2537 2831; x_wconf 89' lang='lat' dir='ltr'><strong>nomen</strong></span> <span class='ocrx_word' id='word_1_443' title='bbox 2561 2766 2705 2844; x_wconf 89' lang='lat' dir='ltr'><strong>qnod</strong></span> <span class='ocrx_word' id='word_1_444' title='bbox 2739 2786 2840 2825; x_wconf 80' lang='lat' dir='ltr'><strong>vox</strong></span> <span class='ocrx_word' id='word_1_445' title='bbox 2886 2778 2969 2824; x_wconf 91' lang='lat' dir='ltr'><strong>est</strong></span> <span class='ocrx_word' id='word_1_446' title='bbox 3003 2779 3055 2822; x_wconf 89' lang='lat' dir='ltr'><strong>et</strong></span> <span class='ocrx_word' id='word_1_447' title='bbox 3094 2767 3320 2833; x_wconf 86' lang='lat' dir='ltr'><strong>alicujus</strong></span> <span class='ocrx_word' id='word_1_448' title='bbox 3347 2761 3731 2827; x_wconf 73' lang='lat' dir='ltr'><strong>de~ignationis</strong></span> 
     </span>
    </p>
   </div>
   <div class='ocr_carea' id='block_1_58' title="bbox 2144 2854 3728 2936">
    <p class='ocr_par' dir='ltr' id='par_1_58' title="bbox 2144 2854 3728 2936">
     <span class='ocr_line' id='line_1_58' title="bbox 2144 2854 3728 2936; baseline -0.01 -15"><span class='ocrx_word' id='word_1_449' title='bbox 2144 2882 2363 2936; x_wconf 59' lang='lat' dir='ltr'><strong>semper</strong></span> <span class='ocrx_word' id='word_1_450' title='bbox 2381 2880 2542 2920; x_wconf 70' lang='lat' dir='ltr'><strong>causa</strong></span> <span class='ocrx_word' id='word_1_451' title='bbox 2565 2864 2855 2932; x_wconf 76' lang='lat' dir='ltr'><strong>profertur,</strong></span> <span class='ocrx_word' id='word_1_452' title='bbox 2890 2876 2996 2914; x_wconf 88' lang='lat' dir='ltr'><strong>non</strong></span> <span class='ocrx_word' id='word_1_453' title='bbox 3024 2859 3178 2913; x_wconf 85' lang='lat' dir='ltr'><strong>aliter</strong></span> <span class='ocrx_word' id='word_1_454' title='bbox 3197 2854 3568 2911; x_wconf 72' lang='lat' dir='ltr'><strong>diffiniendutu</strong></span> <span class='ocrx_word' id='word_1_455' title='bbox 3591 2862 3728 2921; x_wconf 84' lang='lat' dir='ltr'><strong>erat,</strong></span> 
     </span>
    </p>
   </div>
   <div class='ocr_carea' id='block_1_59' title="bbox 2145 2946 3730 3022">
    <p class='ocr_par' dir='ltr' id='par_1_59' title="bbox 2145 2946 3730 3022">
     <span class='ocr_line' id='line_1_59' title="bbox 2145 2946 3730 3022; baseline -0.009 -9"><span class='ocrx_word' id='word_1_456' title='bbox 2145 2960 2249 3013; x_wconf 71' lang='lat' dir='ltr'><strong>nisi</strong></span> <span class='ocrx_word' id='word_1_457' title='bbox 2279 2958 2408 3013; x_wconf 90' lang='lat' dir='ltr'><strong>illud</strong></span> <span class='ocrx_word' id='word_1_458' title='bbox 2441 2946 2567 3012; x_wconf 84' lang='lat' dir='ltr'><strong>ante</strong></span> <span class='ocrx_word' id='word_1_459' title='bbox 2596 2971 2626 3009; x_wconf 92' lang='lat' dir='ltr'><strong>a</strong></span> <span class='ocrx_word' id='word_1_460' title='bbox 2658 2948 2763 3008; x_wconf 84' lang='lat' dir='ltr'><strong>non</strong></span> <span class='ocrx_word' id='word_1_461' title='bbox 2811 2950 3240 3022; x_wconf 80' lang='lat' dir='ltr'><strong>significantibus</strong></span> <span class='ocrx_word' id='word_1_462' title='bbox 3278 2949 3501 3001; x_wconf 84' lang='lat' dir='ltr'><strong>vocibus</strong></span> <span class='ocrx_word' id='word_1_463' title='bbox 3544 2959 3730 3014; x_wconf 85' lang='lat' dir='ltr'><strong>segre-</strong></span> 
     </span>
    </p>
   </div>
   <div class='ocr_carea' id='block_1_60' title="bbox 2144 3040 3733 3121">
    <p class='ocr_par' dir='ltr' id='par_1_60' title="bbox 2144 3040 3733 3121">
     <span class='ocr_line' id='line_1_60' title="bbox 2144 3040 3733 3121; baseline -0.008 -17"><span class='ocrx_word' id='word_1_464' title='bbox 2144 3060 2315 3121; x_wconf 87' lang='lat' dir='ltr'><strong>garet.</strong></span> <span class='ocrx_word' id='word_1_465' title='bbox 2352 3049 2534 3119; x_wconf 88' lang='lat' dir='ltr'><strong>Itaque</strong></span> <span class='ocrx_word' id='word_1_466' title='bbox 2555 3048 2629 3101; x_wconf 88' lang='lat' dir='ltr'><strong>ait</strong></span> <span class='ocrx_word' id='word_1_467' title='bbox 2666 3060 2863 3102; x_wconf 89' lang='lat' dir='ltr'><strong>nomen</strong></span> <span class='ocrx_word' id='word_1_468' title='bbox 2885 3059 3004 3097; x_wconf 83' lang='lat' dir='ltr'><strong>esse</strong></span> <span class='ocrx_word' id='word_1_469' title='bbox 3028 3057 3213 3096; x_wconf 64' lang='lat' dir='ltr'><strong>vocem</strong></span> <span class='ocrx_word' id='word_1_470' title='bbox 3243 3040 3650 3109; x_wconf 87' lang='lat' dir='ltr'><strong>sigttilicativam</strong></span> <span class='ocrx_word' id='word_1_471' title='bbox 3680 3044 3733 3092; x_wconf 91' lang='lat' dir='ltr'><strong>ut</strong></span> 
     </span>
    </p>
   </div>
   <div class='ocr_carea' id='block_1_61' title="bbox 2148 3128 3732 3212">
    <p class='ocr_par' dir='ltr' id='par_1_61' title="bbox 2148 3128 3732 3212">
     <span class='ocr_line' id='line_1_61' title="bbox 2148 3128 3732 3212; baseline -0.008 -16"><span class='ocrx_word' id='word_1_472' title='bbox 2148 3158 2334 3198; x_wconf 86' lang='lat' dir='ltr'><strong>vocem</strong></span> <span class='ocrx_word' id='word_1_473' title='bbox 2365 3142 2581 3212; x_wconf 85' lang='lat' dir='ltr'><strong>quidem</strong></span> <span class='ocrx_word' id='word_1_474' title='bbox 2616 3142 2684 3194; x_wconf 86' lang='lat' dir='ltr'><strong>ab</strong></span> <span class='ocrx_word' id='word_1_475' title='bbox 2709 3138 2831 3192; x_wconf 87' lang='lat' dir='ltr'><strong>aliis</strong></span> <span class='ocrx_word' id='word_1_476' title='bbox 2863 3135 3030 3199; x_wconf 88' lang='lat' dir='ltr'><strong>sonis,</strong></span> <span class='ocrx_word' id='word_1_477' title='bbox 3064 3134 3456 3201; x_wconf 72' lang='lat' dir='ltr'><strong>signiﬁcatione</strong></span> <span class='ocrx_word' id='word_1_478' title='bbox 3486 3128 3732 3189; x_wconf 10' lang='lat' dir='ltr'><strong>verorad-</strong></span> 
     </span>
    </p>
   </div>
   <div class='ocr_carea' id='block_1_62' title="bbox 451 3226 2044 3307">
    <p class='ocr_par' dir='ltr' id='par_1_62' title="bbox 451 3228 2040 3302">
     <span class='ocr_line' id='line_1_62' title="bbox 451 3228 2040 3302; baseline -0.007 -11"><span class='ocrx_word' id='word_1_479' title='bbox 451 3235 787 3299; x_wconf 83' lang='lat' dir='ltr'><strong>telleetunm,</strong></span> <span class='ocrx_word' id='word_1_480' title='bbox 840 3247 1129 3302; x_wconf 81' lang='lat' dir='ltr'><strong>rerumque</strong></span> <span class='ocrx_word' id='word_1_481' title='bbox 1184 3228 1598 3295; x_wconf 65' lang='lat' dir='ltr'><strong>eumsequetttias</strong></span> <span class='ocrx_word' id='word_1_482' title='bbox 1639 3229 1899 3284; x_wconf 86' lang='lat' dir='ltr'><strong>altissima</strong></span> <span class='ocrx_word' id='word_1_483' title='bbox 1953 3243 2040 3283; x_wconf 84' lang='lat' dir='ltr'><strong>ra-</strong></span> 
     </span>
    </p>
   </div>
   <div class='ocr_carea' id='block_1_63' title="bbox 2144 3226 3733 3307">
    <p class='ocr_par' dir='ltr' id='par_1_63' title="bbox 2147 3226 3733 3307">
     <span class='ocr_line' id='line_1_63' title="bbox 2147 3226 3733 3307; baseline -0.01 -14"><span class='ocrx_word' id='word_1_484' title='bbox 2147 3238 2257 3293; x_wconf 89' lang='lat' dir='ltr'><strong>dita</strong></span> <span class='ocrx_word' id='word_1_485' title='bbox 2309 3241 2376 3292; x_wconf 90' lang='lat' dir='ltr'><strong>ab</strong></span> <span class='ocrx_word' id='word_1_486' title='bbox 2403 3236 2466 3292; x_wconf 90' lang='lat' dir='ltr'><strong>iis</strong></span> <span class='ocrx_word' id='word_1_487' title='bbox 2496 3251 2616 3307; x_wconf 86' lang='lat' dir='ltr'><strong>quae</strong></span> <span class='ocrx_word' id='word_1_488' title='bbox 2647 3233 2748 3289; x_wconf 88' lang='lat' dir='ltr'><strong>sub</strong></span> <span class='ocrx_word' id='word_1_489' title='bbox 2778 3248 2910 3288; x_wconf 85' lang='lat' dir='ltr'><strong>voce</strong></span> <span class='ocrx_word' id='word_1_490' title='bbox 2938 3239 3062 3285; x_wconf 89' lang='lat' dir='ltr'><strong>sunt</strong></span> <span class='ocrx_word' id='word_1_491' title='bbox 3107 3229 3237 3283; x_wconf 89' lang='lat' dir='ltr'><strong>nihil</strong></span> <span class='ocrx_word' id='word_1_492' title='bbox 3268 3226 3629 3296; x_wconf 78' lang='lat' dir='ltr'><strong>designautia,</strong></span> <span class='ocrx_word' id='word_1_493' title='bbox 3655 3237 3733 3279; x_wconf 88' lang='lat' dir='ltr'><strong>se-</strong></span> 
     </span>
    </p>
   </div>
   <div class='ocr_carea' id='block_1_64' title="bbox 453 3319 2039 3395">
    <p class='ocr_par' dir='ltr' id='par_1_64' title="bbox 453 3319 2039 3395">
     <span class='ocr_line' id='line_1_64' title="bbox 453 3319 2039 3395; baseline -0.003 -12"><span class='ocrx_word' id='word_1_494' title='bbox 453 3326 598 3385; x_wconf 87' lang='lat' dir='ltr'><strong>tione</strong></span> <span class='ocrx_word' id='word_1_495' title='bbox 637 3325 977 3391; x_wconf 79' lang='lat' dir='ltr'><strong>monstravit,</strong></span> <span class='ocrx_word' id='word_1_496' title='bbox 1017 3325 1083 3379; x_wconf 88' lang='lat' dir='ltr'><strong>ad</strong></span> <span class='ocrx_word' id='word_1_497' title='bbox 1116 3324 1170 3379; x_wconf 91' lang='lat' dir='ltr'><strong>id</strong></span> <span class='ocrx_word' id='word_1_498' title='bbox 1198 3324 1339 3395; x_wconf 91' lang='lat' dir='ltr'><strong>quod</strong></span> <span class='ocrx_word' id='word_1_499' title='bbox 1386 3321 1619 3391; x_wconf 89' lang='lat' dir='ltr'><strong>primum</strong></span> <span class='ocrx_word' id='word_1_500' title='bbox 1650 3322 1928 3393; x_wconf 89' lang='lat' dir='ltr'><strong>proposuit</strong></span> <span class='ocrx_word' id='word_1_501' title='bbox 1955 3319 2039 3378; x_wconf 85' lang='lat' dir='ltr'><strong>tli-</strong></span> 
     </span>
    </p>
   </div>
   <div class='ocr_carea' id='block_1_65' title="bbox 454 3415 2043 3489">
    <p class='ocr_par' dir='ltr' id='par_1_65' title="bbox 454 3415 2043 3489">
     <span class='ocr_line' id='line_1_65' title="bbox 454 3415 2043 3489; baseline -0.003 -13"><span class='ocrx_word' id='word_1_502' title='bbox 454 3433 584 3476; x_wconf 88' lang='lat' dir='ltr'><strong>eens</strong></span> <span class='ocrx_word' id='word_1_503' title='bbox 612 3437 625 3475; x_wconf 86' lang='lat'><strong>:</strong></span> <span class='ocrx_word' id='word_1_504' title='bbox 656 3417 894 3483; x_wconf 76' lang='lat' dir='ltr'><strong>Primum</strong></span> <span class='ocrx_word' id='word_1_505' title='bbox 926 3427 1143 3489; x_wconf 88' lang='lat' dir='ltr'><strong>oportet</strong></span> <span class='ocrx_word' id='word_1_506' title='bbox 1184 3418 1536 3481; x_wconf 70' lang='lat' dir='ltr'><strong>constituere,</strong></span> <span class='ocrx_word' id='word_1_507' title='bbox 1568 3416 1696 3488; x_wconf 90' lang='lat' dir='ltr'><strong>quid</strong></span> <span class='ocrx_word' id='word_1_508' title='bbox 1737 3415 1809 3471; x_wconf 80' lang='lat' dir='ltr'><strong>sit</strong></span> <span class='ocrx_word' id='word_1_509' title='bbox 1842 3431 2043 3471; x_wconf 84' lang='lat' dir='ltr'><strong>nomen</strong></span> 
     </span>
    </p>
   </div>
   <div class='ocr_carea' id='block_1_66' title="bbox 454 3508 2045 3581">
    <p class='ocr_par' dir='ltr' id='par_1_66' title="bbox 454 3508 2045 3581">
     <span class='ocr_line' id='line_1_66' title="bbox 454 3508 2045 3581; baseline -0.001 -14"><span class='ocrx_word' id='word_1_510' title='bbox 454 3521 509 3567; x_wconf 91' lang='lat' dir='ltr'><strong>et</strong></span> <span class='ocrx_word' id='word_1_511' title='bbox 555 3509 683 3580; x_wconf 90' lang='lat' dir='ltr'><strong>quid</strong></span> <span class='ocrx_word' id='word_1_512' title='bbox 729 3511 977 3577; x_wconf 83' lang='lat' dir='ltr'><strong>verbum,</strong></span> <span class='ocrx_word' id='word_1_513' title='bbox 1027 3511 1093 3567; x_wconf 88' lang='lat' dir='ltr'><strong>ad</strong></span> <span class='ocrx_word' id='word_1_514' title='bbox 1145 3512 1258 3567; x_wconf 64' lang='lat' dir='ltr'><strong>haec</strong></span> <span class='ocrx_word' id='word_1_515' title='bbox 1300 3508 1513 3581; x_wconf 88' lang='lat' dir='ltr'><strong>inquam</strong></span> <span class='ocrx_word' id='word_1_516' title='bbox 1561 3524 1682 3579; x_wconf 73' lang='lat' dir='ltr'><strong>quae</strong></span> <span class='ocrx_word' id='word_1_517' title='bbox 1725 3509 2045 3578; x_wconf 71' lang='lat' dir='ltr'><strong>preti-iserat</strong></span> 
     </span>
    </p>
   </div>
   <div class='ocr_carea' id='block_1_67' title="bbox 452 3594 2043 3672">
    <p class='ocr_par' dir='ltr' id='par_1_67' title="bbox 452 3594 2043 3672">
     <span class='ocr_line' id='line_1_67' title="bbox 452 3594 2043 3672; baseline -0.001 -11"><span class='ocrx_word' id='word_1_518' title='bbox 452 3602 688 3665; x_wconf 81' lang='lat' dir='ltr'><strong>diffinire</strong></span> <span class='ocrx_word' id='word_1_519' title='bbox 715 3606 1021 3663; x_wconf 84' lang='lat' dir='ltr'><strong>revertitur.</strong></span> <span class='ocrx_word' id='word_1_520' title='bbox 1063 3594 1271 3662; x_wconf 81' lang='lat' dir='ltr'><strong>Nomen</strong></span> <span class='ocrx_word' id='word_1_521' title='bbox 1311 3620 1440 3662; x_wconf 89' lang='lat' dir='ltr'><strong>vero</strong></span> <span class='ocrx_word' id='word_1_522' title='bbox 1481 3603 1775 3672; x_wconf 82' lang='lat' dir='ltr'><strong>difﬁniens,</strong></span> <span class='ocrx_word' id='word_1_523' title='bbox 1806 3605 1881 3660; x_wconf 87' lang='lat' dir='ltr'><strong>ita</strong></span> <span class='ocrx_word' id='word_1_524' title='bbox 1919 3603 2043 3661; x_wconf 81' lang='lat' dir='ltr'><strong>sub-</strong></span> 
     </span>
    </p>
   </div>
   <div class='ocr_carea' id='block_1_68' title="bbox 452 3696 599 3771">
    <p class='ocr_par' dir='ltr' id='par_1_68' title="bbox 452 3696 599 3771">
     <span class='ocr_line' id='line_1_68' title="bbox 452 3696 599 3771; baseline 0 -15"><span class='ocrx_word' id='word_1_525' title='bbox 452 3696 599 3771; x_wconf 71' lang='lat' dir='ltr'><strong>iecit.</strong></span> 
     </span>
    </p>
   </div>
   <div class='ocr_carea' id='block_1_69' title="bbox 1044 3790 1983 3856">
    <p class='ocr_par' dir='ltr' id='par_1_69' title="bbox 1044 3790 1983 3856">
     <span class='ocr_line' id='line_1_69' title="bbox 1044 3790 1983 3856; baseline -0.003 -10"><span class='ocrx_word' id='word_1_526' title='bbox 1044 3790 1134 3846; x_wconf 75' lang='lat' dir='ltr'><strong>ne</strong></span> <span class='ocrx_word' id='word_1_527' title='bbox 1176 3790 1454 3845; x_wconf 71' lang='lat' dir='ltr'><strong>nomne.</strong></span> <span class='ocrx_word' id='word_1_528' title='bbox 1979 3852 1983 3856; x_wconf 92' lang='lat'>_</span> 
     </span>
    </p>
   </div>
   <div class='ocr_carea' id='block_1_70' title="bbox 456 3882 2045 3955">
    <p class='ocr_par' dir='ltr' id='par_1_70' title="bbox 456 3882 2045 3955">
     <span class='ocr_line' id='line_1_70' title="bbox 456 3882 2045 3955; baseline -0.004 -14"><span class='ocrx_word' id='word_1_529' title='bbox 456 3883 664 3942; x_wconf 76' lang='lat' dir='ltr'><strong>Nomm</strong></span> <span class='ocrx_word' id='word_1_530' title='bbox 709 3884 865 3955; x_wconf 76' lang='lat' dir='ltr'><strong>igitur</strong></span> <span class='ocrx_word' id='word_1_531' title='bbox 930 3893 1006 3938; x_wconf 81' lang='lat' dir='ltr'><strong>est</strong></span> <span class='ocrx_word' id='word_1_532' title='bbox 1050 3899 1149 3937; x_wconf 72' lang='lat' dir='ltr'><strong>vox</strong></span> <span class='ocrx_word' id='word_1_533' title='bbox 1206 3883 1580 3954; x_wconf 61' lang='lat' dir='ltr'><strong>signiﬁcantia,</strong></span> <span class='ocrx_word' id='word_1_534' title='bbox 1664 3886 1731 3936; x_wconf 86' lang='lat' dir='ltr'><strong>ad</strong></span> <span class='ocrx_word' id='word_1_535' title='bbox 1779 3882 2045 3952; x_wconf 80' lang='lat' dir='ltr'><strong>placitum,</strong></span> 
     </span>
    </p>
   </div>
   <div class='ocr_carea' id='block_1_71' title="bbox 528 3964 2049 4045">
    <p class='ocr_par' dir='ltr' id='par_1_71' title="bbox 528 3964 2049 4045">
     <span class='ocr_line' id='line_1_71' title="bbox 528 3964 2049 4045; baseline -0.003 -15"><span class='ocrx_word' id='word_1_536' title='bbox 528 3975 640 4030; x_wconf 78' lang='lat' dir='ltr'><strong>sine</strong></span> <span class='ocrx_word' id='word_1_537' title='bbox 655 3984 901 4045; x_wconf 86' lang='lat' dir='ltr'><strong>tempore,</strong></span> <span class='ocrx_word' id='word_1_538' title='bbox 925 3964 1076 4045; x_wconf 73' lang='lat' dir='ltr'><strong>cuju&#39;s</strong></span> <span class='ocrx_word' id='word_1_539' title='bbox 1115 3973 1259 4027; x_wconf 77' lang='lat' dir='ltr'><strong>nulla</strong></span> <span class='ocrx_word' id='word_1_540' title='bbox 1291 3990 1411 4041; x_wconf 80' lang='lat' dir='ltr'><strong>pars</strong></span> <span class='ocrx_word' id='word_1_541' title='bbox 1424 3983 1498 4027; x_wconf 78' lang='lat' dir='ltr'><strong>est</strong></span> <span class='ocrx_word' id='word_1_542' title='bbox 1520 3974 1880 4041; x_wconf 69' lang='lat' dir='ltr'><strong>signi/tomice.</strong></span> <span class='ocrx_word' id='word_1_543' title='bbox 1900 3989 2049 4043; x_wconf 79' lang='lat' dir='ltr'><strong>sepa-</strong></span> 
     </span>
    </p>
   </div>
   <div class='ocr_carea' id='block_1_72' title="bbox 528 4067 2051 4140">
    <p class='ocr_par' dir='ltr' id='par_1_72' title="bbox 528 4067 2051 4140">
     <span class='ocr_line' id='line_1_72' title="bbox 528 4067 2051 4140; baseline 0 -17"><span class='ocrx_word' id='word_1_544' title='bbox 528 4080 666 4125; x_wconf 85' lang='lat' dir='ltr'><strong>rata.</strong></span> <span class='ocrx_word' id='word_1_545' title='bbox 697 4067 763 4123; x_wconf 86' lang='lat' dir='ltr'><strong>In</strong></span> <span class='ocrx_word' id='word_1_546' title='bbox 790 4069 994 4125; x_wconf 84' lang='lat' dir='ltr'><strong>nomine</strong></span> <span class='ocrx_word' id='word_1_547' title='bbox 1024 4069 1156 4121; x_wconf 74' lang='lat' dir='ltr'><strong>enim</strong></span> <span class='ocrx_word' id='word_1_548' title='bbox 1174 4068 1309 4136; x_wconf 82' lang='lat' dir='ltr'><strong>quod</strong></span> <span class='ocrx_word' id='word_1_549' title='bbox 1338 4068 1701 4137; x_wconf 78' lang='lat' dir='ltr'><strong>estequiferus,</strong></span> <span class='ocrx_word' id='word_1_550' title='bbox 1731 4069 1869 4137; x_wconf 77' lang='lat' dir='ltr'><strong>[erus</strong></span> <span class='ocrx_word' id='word_1_551' title='bbox 1883 4087 1975 4140; x_wconf 80' lang='lat' dir='ltr'><strong>per</strong></span> <span class='ocrx_word' id='word_1_552' title='bbox 1996 4085 2051 4124; x_wconf 80' lang='lat' dir='ltr'><strong>se</strong></span> 
     </span>
    </p>
   </div>
   <div class='ocr_carea' id='block_1_73' title="bbox 530 4158 2051 4230">
    <p class='ocr_par' dir='ltr' id='par_1_73' title="bbox 530 4158 2051 4230">
     <span class='ocr_line' id='line_1_73' title="bbox 530 4158 2051 4230; baseline -0.001 -17"><span class='ocrx_word' id='word_1_553' title='bbox 530 4158 665 4213; x_wconf 80' lang='lat' dir='ltr'><strong>nihil</strong></span> <span class='ocrx_word' id='word_1_554' title='bbox 682 4160 957 4230; x_wconf 80' lang='lat' dir='ltr'><strong>signiﬁcat,</strong></span> <span class='ocrx_word' id='word_1_555' title='bbox 981 4158 1414 4229; x_wconf 80' lang='lat' dir='ltr'><strong>quemadmodum</strong></span> <span class='ocrx_word' id='word_1_556' title='bbox 1446 4159 1499 4212; x_wconf 84' lang='lat' dir='ltr'><strong>in</strong></span> <span class='ocrx_word' id='word_1_557' title='bbox 1540 4160 1766 4214; x_wconf 80' lang='lat' dir='ltr'><strong>oratione</strong></span> <span class='ocrx_word' id='word_1_558' title='bbox 1804 4176 1917 4230; x_wconf 69' lang='lat' dir='ltr'><strong>quae</strong></span> <span class='ocrx_word' id='word_1_559' title='bbox 1953 4174 2051 4228; x_wconf 79' lang='lat' dir='ltr'><strong>est,</strong></span> 
     </span>
    </p>
   </div>
   <div class='ocr_carea' id='block_1_74' title="bbox 528 4257 868 4324">
    <p class='ocr_par' dir='ltr' id='par_1_74' title="bbox 528 4257 868 4324">
     <span class='ocr_line' id='line_1_74' title="bbox 528 4257 868 4324; baseline -0.003 -18"><span class='ocrx_word' id='word_1_560' title='bbox 528 4269 687 4324; x_wconf 78' lang='lat' dir='ltr'><strong>equus</strong></span> <span class='ocrx_word' id='word_1_561' title='bbox 710 4257 868 4323; x_wconf 75' lang='lat' dir='ltr'><strong>ferus.</strong></span> 
     </span>
    </p>
   </div>
   <div class='ocr_carea' id='block_1_75' title="bbox 532 4342 2049 4419">
    <p class='ocr_par' dir='ltr' id='par_1_75' title="bbox 532 4342 2049 4419">
     <span class='ocr_line' id='line_1_75' title="bbox 532 4342 2049 4419; baseline 0.003 -22"><span class='ocrx_word' id='word_1_562' title='bbox 532 4342 720 4419; x_wconf 82' lang='lat' dir='ltr'><strong>Omnis</strong></span> <span class='ocrx_word' id='word_1_563' title='bbox 769 4342 1021 4398; x_wconf 86' lang='lat' dir='ltr'><strong>difﬁnitio</strong></span> <span class='ocrx_word' id='word_1_564' title='bbox 1066 4343 1280 4414; x_wconf 88' lang='lat' dir='ltr'><strong>generis</strong></span> <span class='ocrx_word' id='word_1_565' title='bbox 1324 4344 1707 4401; x_wconf 87' lang='lat' dir='ltr'><strong>constitutione</strong></span> <span class='ocrx_word' id='word_1_566' title='bbox 1766 4347 2049 4412; x_wconf 84' lang='lat' dir='ltr'><strong>formatur,</strong></span> 
     </span>
    </p>
   </div>
   <div class='ocr_carea' id='block_1_76' title="bbox 464 4434 2049 4505">
    <p class='ocr_par' dir='ltr' id='par_1_76' title="bbox 464 4434 2049 4505">
     <span class='ocr_line' id='line_1_76' title="bbox 464 4434 2049 4505; baseline -0.001 -14"><span class='ocrx_word' id='word_1_567' title='bbox 464 4434 897 4491; x_wconf 73' lang='lat' dir='ltr'><strong>diderentiarum</strong></span> <span class='ocrx_word' id='word_1_568' title='bbox 928 4451 1056 4491; x_wconf 88' lang='lat' dir='ltr'><strong>vero</strong></span> <span class='ocrx_word' id='word_1_569' title='bbox 1091 4437 1483 4505; x_wconf 85' lang='lat' dir='ltr'><strong>compositione</strong></span> <span class='ocrx_word' id='word_1_570' title='bbox 1521 4439 1816 4504; x_wconf 86' lang='lat' dir='ltr'><strong>perlicitur.</strong></span> <span class='ocrx_word' id='word_1_571' title='bbox 1844 4436 1972 4492; x_wconf 80' lang='lat' dir='ltr'><strong>Nam</strong></span> <span class='ocrx_word' id='word_1_572' title='bbox 2003 4438 2049 4492; x_wconf 93' lang='lat' dir='ltr'><strong>si</strong></span> 
     </span>
    </p>
   </div>
   <div class='ocr_carea' id='block_1_77' title="bbox 462 4530 2075 4603">
    <p class='ocr_par' dir='ltr' id='par_1_77' title="bbox 462 4530 2075 4603">
     <span class='ocr_line' id='line_1_77' title="bbox 462 4530 2075 4603; baseline 0.003 -18"><span class='ocrx_word' id='word_1_573' title='bbox 462 4530 530 4585; x_wconf 86' lang='lat' dir='ltr'><strong>ad</strong></span> <span class='ocrx_word' id='word_1_574' title='bbox 559 4533 890 4601; x_wconf 90' lang='lat' dir='ltr'><strong>propositum</strong></span> <span class='ocrx_word' id='word_1_575' title='bbox 920 4546 1088 4602; x_wconf 84' lang='lat' dir='ltr'><strong>genus</strong></span> <span class='ocrx_word' id='word_1_576' title='bbox 1119 4531 1452 4588; x_wconf 67' lang='lat' dir='ltr'><strong>differentias</strong></span> <span class='ocrx_word' id='word_1_577' title='bbox 1484 4531 1822 4601; x_wconf 89' lang='lat' dir='ltr'><strong>colligamus.</strong></span> <span class='ocrx_word' id='word_1_578' title='bbox 1853 4548 2075 4603; x_wconf 33' lang='lat' dir='ltr'><strong>easque.</strong></span> 
     </span>
    </p>
   </div>
   <div class='ocr_carea' id='block_1_78' title="bbox 465 4621 2051 4693">
    <p class='ocr_par' dir='ltr' id='par_1_78' title="bbox 465 4621 2051 4693">
     <span class='ocr_line' id='line_1_78' title="bbox 465 4621 2051 4693; baseline 0.001 -16"><span class='ocrx_word' id='word_1_579' title='bbox 465 4621 532 4677; x_wconf 85' lang='lat' dir='ltr'><strong>ad</strong></span> <span class='ocrx_word' id='word_1_580' title='bbox 565 4636 723 4676; x_wconf 87' lang='lat' dir='ltr'><strong>unam</strong></span> <span class='ocrx_word' id='word_1_581' title='bbox 751 4638 909 4689; x_wconf 86' lang='lat' dir='ltr'><strong>quam</strong></span> <span class='ocrx_word' id='word_1_582' title='bbox 957 4622 1194 4678; x_wconf 86' lang='lat' dir='ltr'><strong>difﬁnire</strong></span> <span class='ocrx_word' id='word_1_583' title='bbox 1232 4624 1482 4679; x_wconf 87' lang='lat' dir='ltr'><strong>volumus</strong></span> <span class='ocrx_word' id='word_1_584' title='bbox 1512 4625 1750 4693; x_wconf 81' lang='lat' dir='ltr'><strong>speciem</strong></span> <span class='ocrx_word' id='word_1_585' title='bbox 1781 4636 2051 4691; x_wconf 90' lang='lat' dir='ltr'><strong>aptemus,</strong></span> 
     </span>
    </p>
   </div>
   <div class='ocr_carea' id='block_1_79' title="bbox 462 4716 2051 4787">
    <p class='ocr_par' dir='ltr' id='par_1_79' title="bbox 462 4716 2051 4787">
     <span class='ocr_line' id='line_1_79' title="bbox 462 4716 2051 4787; baseline 0.001 -15"><span class='ocrx_word' id='word_1_586' title='bbox 462 4728 633 4787; x_wconf 85' lang='lat' dir='ltr'><strong>usque</strong></span> <span class='ocrx_word' id='word_1_587' title='bbox 662 4717 789 4770; x_wconf 91' lang='lat' dir='ltr'><strong>dum</strong></span> <span class='ocrx_word' id='word_1_588' title='bbox 822 4716 910 4771; x_wconf 92' lang='lat' dir='ltr'><strong>uni</strong></span> <span class='ocrx_word' id='word_1_589' title='bbox 953 4726 1157 4771; x_wconf 89' lang='lat' dir='ltr'><strong>tantum</strong></span> <span class='ocrx_word' id='word_1_590' title='bbox 1193 4717 1391 4786; x_wconf 82' lang='lat' dir='ltr'><strong>Speciei</strong></span> <span class='ocrx_word' id='word_1_591' title='bbox 1443 4716 1695 4773; x_wconf 77' lang='lat' dir='ltr'><strong>collectio</strong></span> <span class='ocrx_word' id='word_1_592' title='bbox 1724 4718 1808 4771; x_wconf 85' lang='lat' dir='ltr'><strong>illa</strong></span> <span class='ocrx_word' id='word_1_593' title='bbox 1848 4732 2051 4773; x_wconf 81' lang='lat' dir='ltr'><strong>conve-</strong></span> 
     </span>
    </p>
   </div>
   <div class='ocr_carea' id='block_1_80' title="bbox 463 4808 2073 4879">
    <p class='ocr_par' dir='ltr' id='par_1_80' title="bbox 463 4808 2073 4879">
     <span class='ocr_line' id='line_1_80' title="bbox 463 4808 2073 4879; baseline -0.001 -14"><span class='ocrx_word' id='word_1_594' title='bbox 463 4809 600 4871; x_wconf 85' lang='lat' dir='ltr'><strong>niat,</strong></span> <span class='ocrx_word' id='word_1_595' title='bbox 627 4809 758 4863; x_wconf 84' lang='lat' dir='ltr'><strong>nihil</strong></span> <span class='ocrx_word' id='word_1_596' title='bbox 786 4820 866 4863; x_wconf 87' lang='lat' dir='ltr'><strong>est</strong></span> <span class='ocrx_word' id='word_1_597' title='bbox 898 4809 1036 4879; x_wconf 91' lang='lat' dir='ltr'><strong>quod</strong></span> <span class='ocrx_word' id='word_1_598' title='bbox 1069 4810 1205 4865; x_wconf 89' lang='lat' dir='ltr'><strong>ultra</strong></span> <span class='ocrx_word' id='word_1_599' title='bbox 1242 4810 1311 4864; x_wconf 90' lang='lat' dir='ltr'><strong>ad</strong></span> <span class='ocrx_word' id='word_1_600' title='bbox 1343 4808 1641 4865; x_wconf 82' lang='lat' dir='ltr'><strong>faciendam</strong></span> <span class='ocrx_word' id='word_1_601' title='bbox 1673 4808 2073 4869; x_wconf 47' lang='lat' dir='ltr'><strong>diffinitionem;</strong></span> 
     </span>
    </p>
   </div>
   <div class='ocr_carea' id='block_1_81' title="bbox 465 4899 2053 4973">
    <p class='ocr_par' dir='ltr' id='par_1_81' title="bbox 465 4899 2053 4973">
     <span class='ocr_line' id='line_1_81' title="bbox 465 4899 2053 4973; baseline 0.003 -18"><span class='ocrx_word' id='word_1_602' title='bbox 465 4899 821 4967; x_wconf 86' lang='lat' dir='ltr'><strong>desideretur,</strong></span> <span class='ocrx_word' id='word_1_603' title='bbox 854 4911 910 4953; x_wconf 78' lang='lat' dir='ltr'><strong>ut</strong></span> <span class='ocrx_word' id='word_1_604' title='bbox 943 4901 1115 4969; x_wconf 89' lang='lat' dir='ltr'><strong>ipsum</strong></span> <span class='ocrx_word' id='word_1_605' title='bbox 1164 4900 1436 4957; x_wconf 87' lang='lat' dir='ltr'><strong>hominem</strong></span> <span class='ocrx_word' id='word_1_606' title='bbox 1470 4901 1515 4954; x_wconf 88' lang='lat' dir='ltr'><strong>si</strong></span> <span class='ocrx_word' id='word_1_607' title='bbox 1547 4900 1668 4969; x_wconf 90' lang='lat' dir='ltr'><strong>quis</strong></span> <span class='ocrx_word' id='word_1_608' title='bbox 1711 4902 2053 4973; x_wconf 81' lang='lat' dir='ltr'><strong>ditliniatge-</strong></span> 
     </span>
    </p>
   </div>
   <div class='ocr_carea' id='block_1_82' title="bbox 464 4992 2052 5063">
    <p class='ocr_par' dir='ltr' id='par_1_82' title="bbox 464 4992 2052 5063">
     <span class='ocr_line' id='line_1_82' title="bbox 464 4992 2052 5063; baseline 0.003 -13"><span class='ocrx_word' id='word_1_609' title='bbox 464 4996 582 5050; x_wconf 91' lang='lat' dir='ltr'><strong>neri</strong></span> <span class='ocrx_word' id='word_1_610' title='bbox 611 4995 729 5063; x_wconf 87' lang='lat' dir='ltr'><strong>ejus</strong></span> <span class='ocrx_word' id='word_1_611' title='bbox 769 4993 913 5062; x_wconf 90' lang='lat' dir='ltr'><strong>quod</strong></span> <span class='ocrx_word' id='word_1_612' title='bbox 943 5004 1026 5048; x_wconf 88' lang='lat' dir='ltr'><strong>est</strong></span> <span class='ocrx_word' id='word_1_613' title='bbox 1070 4992 1290 5059; x_wconf 81' lang='lat' dir='ltr'><strong>animal,</strong></span> <span class='ocrx_word' id='word_1_614' title='bbox 1336 4994 1471 5048; x_wconf 80' lang='lat' dir='ltr'><strong>duas</strong></span> <span class='ocrx_word' id='word_1_615' title='bbox 1512 5009 1735 5051; x_wconf 83' lang='lat' dir='ltr'><strong>necesse</strong></span> <span class='ocrx_word' id='word_1_616' title='bbox 1770 5005 1856 5051; x_wconf 90' lang='lat' dir='ltr'><strong>est</strong></span> <span class='ocrx_word' id='word_1_617' title='bbox 1894 4996 2052 5054; x_wconf 76' lang='lat' dir='ltr'><strong>dide-</strong></span> 
     </span>
    </p>
   </div>
   <div class='ocr_carea' id='block_1_83' title="bbox 465 5086 2075 5158">
    <p class='ocr_par' dir='ltr' id='par_1_83' title="bbox 465 5086 2075 5158">
     <span class='ocr_line' id='line_1_83' title="bbox 465 5086 2075 5158; baseline 0.004 -18"><span class='ocrx_word' id='word_1_618' title='bbox 465 5088 670 5153; x_wconf 74' lang='lat' dir='ltr'><strong>rentias</strong></span> <span class='ocrx_word' id='word_1_619' title='bbox 696 5086 902 5157; x_wconf 84' lang='lat' dir='ltr'><strong>jungat,</strong></span> <span class='ocrx_word' id='word_1_620' title='bbox 947 5086 1205 5142; x_wconf 86' lang='lat' dir='ltr'><strong>rationale</strong></span> <span class='ocrx_word' id='word_1_621' title='bbox 1249 5087 1456 5143; x_wconf 88' lang='lat' dir='ltr'><strong>scilicet</strong></span> <span class='ocrx_word' id='word_1_622' title='bbox 1496 5096 1655 5158; x_wconf 89' lang='lat' dir='ltr'><strong>atque</strong></span> <span class='ocrx_word' id='word_1_623' title='bbox 1702 5091 1945 5151; x_wconf 88' lang='lat' dir='ltr'><strong>mortale,</strong></span> <span class='ocrx_word' id='word_1_624' title='bbox 1977 5091 2075 5147; x_wconf 63' lang='lat' dir='ltr'><strong>far</strong></span> 
     </span>
    </p>
   </div>
   <div class='ocr_carea' id='block_1_84' title="bbox 466 5180 2056 5251">
    <p class='ocr_par' dir='ltr' id='par_1_84' title="bbox 466 5180 2056 5251">
     <span class='ocr_line' id='line_1_84' title="bbox 466 5180 2056 5251; baseline 0.001 -13"><span class='ocrx_word' id='word_1_625' title='bbox 466 5180 1019 5251; x_wconf 78' lang='lat' dir='ltr'><strong>ciatquehttjusmodi</strong></span> <span class='ocrx_word' id='word_1_626' title='bbox 1068 5182 1339 5245; x_wconf 88' lang='lat' dir='ltr'><strong>ordinem,</strong></span> <span class='ocrx_word' id='word_1_627' title='bbox 1373 5182 1571 5237; x_wconf 88' lang='lat' dir='ltr'><strong>animal</strong></span> <span class='ocrx_word' id='word_1_628' title='bbox 1621 5184 1886 5239; x_wconf 83' lang='lat' dir='ltr'><strong>rationale</strong></span> <span class='ocrx_word' id='word_1_629' title='bbox 1913 5200 2056 5239; x_wconf 85' lang='lat' dir='ltr'><strong>mor-</strong></span> 
     </span>
    </p>
   </div>
   <div class='ocr_carea' id='block_1_85' title="bbox 466 5273 2055 5345">
    <p class='ocr_par' dir='ltr' id='par_1_85' title="bbox 466 5273 2055 5345">
     <span class='ocr_line' id='line_1_85' title="bbox 466 5273 2055 5345; baseline 0.003 -17"><span class='ocrx_word' id='word_1_630' title='bbox 466 5274 608 5339; x_wconf 84' lang='lat' dir='ltr'><strong>tale;</strong></span> <span class='ocrx_word' id='word_1_631' title='bbox 637 5288 760 5340; x_wconf 73' lang='lat' dir='ltr'><strong>qute</strong></span> <span class='ocrx_word' id='word_1_632' title='bbox 789 5273 1075 5337; x_wconf 79' lang='lat' dir='ltr'><strong>difﬁuitio,</strong></span> <span class='ocrx_word' id='word_1_633' title='bbox 1103 5276 1147 5329; x_wconf 88' lang='lat' dir='ltr'><strong>si</strong></span> <span class='ocrx_word' id='word_1_634' title='bbox 1180 5274 1244 5328; x_wconf 86' lang='lat' dir='ltr'><strong>ad</strong></span> <span class='ocrx_word' id='word_1_635' title='bbox 1274 5276 1547 5329; x_wconf 88' lang='lat' dir='ltr'><strong>hominem</strong></span> <span class='ocrx_word' id='word_1_636' title='bbox 1578 5275 1870 5343; x_wconf 89' lang='lat' dir='ltr'><strong>referatur,</strong></span> <span class='ocrx_word' id='word_1_637' title='bbox 1896 5277 2055 5345; x_wconf 81' lang='lat' dir='ltr'><strong>plena</strong></span> 
     </span>
    </p>
   </div>
   <div class='ocr_carea' id='block_1_86' title="bbox 468 5368 2056 5453">
    <p class='ocr_par' dir='ltr' id='par_1_86' title="bbox 468 5368 2056 5453">
     <span class='ocr_line' id='line_1_86' title="bbox 468 5368 2056 5453; baseline 0.001 -28"><span class='ocrx_word' id='word_1_638' title='bbox 468 5375 554 5425; x_wconf 82' lang='lat' dir='ltr'><strong>est</strong></span> <span class='ocrx_word' id='word_1_639' title='bbox 592 5368 829 5453; x_wconf 75' lang='lat' dir='ltr'><strong>rationis</strong></span> <span class='ocrx_word' id='word_1_640' title='bbox 858 5369 1279 5435; x_wconf 71' lang='lat' dir='ltr'><strong>substantimqne</strong></span> <span class='ocrx_word' id='word_1_641' title='bbox 1308 5368 1637 5438; x_wconf 81' lang='lat' dir='ltr'><strong>.deseriptio.</strong></span> <span class='ocrx_word' id='word_1_642' title='bbox 1688 5368 1885 5426; x_wconf 78' lang='lat' dir='ltr'><strong>Valens</strong></span> <span class='ocrx_word' id='word_1_643' title='bbox 1924 5385 2056 5440; x_wconf 82' lang='lat' dir='ltr'><strong>ergo</strong></span> 
     </span>
    </p>
   </div>
   <div class='ocr_carea' id='block_1_87' title="bbox 468 5446 2057 5532">
    <p class='ocr_par' dir='ltr' id='par_1_87' title="bbox 468 5446 2057 5532">
     <span class='ocr_line' id='line_1_87' title="bbox 468 5446 2057 5532; baseline 0.003 -17"><span class='ocrx_word' id='word_1_644' title='bbox 468 5446 788 5523; x_wconf 76' lang='lat' dir='ltr'><strong>Aristoteles</strong></span> <span class='ocrx_word' id='word_1_645' title='bbox 816 5460 1051 5515; x_wconf 77' lang='lat' dir='ltr'><strong>diffinire</strong></span> <span class='ocrx_word' id='word_1_646' title='bbox 1077 5460 1204 5528; x_wconf 90' lang='lat' dir='ltr'><strong>quid</strong></span> <span class='ocrx_word' id='word_1_647' title='bbox 1222 5469 1367 5515; x_wconf 52' lang='lat' dir='ltr'><strong>esset</strong></span> <span class='ocrx_word' id='word_1_648' title='bbox 1396 5476 1614 5529; x_wconf 76' lang='lat' dir='ltr'><strong>nomen,</strong></span> <span class='ocrx_word' id='word_1_649' title='bbox 1642 5462 1791 5529; x_wconf 90' lang='lat' dir='ltr'><strong>prius</strong></span> <span class='ocrx_word' id='word_1_650' title='bbox 1820 5446 2057 5532; x_wconf 76' lang='lat' dir='ltr'><strong>ejusge-</strong></span> 
     </span>
    </p>
   </div>
   <div class='ocr_carea' id='block_1_88' title="bbox 468 5552 2052 5623">
    <p class='ocr_par' dir='ltr' id='par_1_88' title="bbox 468 5552 2052 5623">
     <span class='ocr_line' id='line_1_88' title="bbox 468 5552 2052 5623; baseline 0.001 -15"><span class='ocrx_word' id='word_1_651' title='bbox 468 5566 572 5608; x_wconf 85' lang='lat' dir='ltr'><strong>nus</strong></span> <span class='ocrx_word' id='word_1_652' title='bbox 601 5554 849 5623; x_wconf 84' lang='lat' dir='ltr'><strong>smnpsit,</strong></span> <span class='ocrx_word' id='word_1_653' title='bbox 891 5552 1079 5608; x_wconf 87' lang='lat' dir='ltr'><strong>dicens</strong></span> <span class='ocrx_word' id='word_1_654' title='bbox 1102 5569 1297 5608; x_wconf 88' lang='lat' dir='ltr'><strong>nomen</strong></span> <span class='ocrx_word' id='word_1_655' title='bbox 1326 5569 1514 5609; x_wconf 87' lang='lat' dir='ltr'><strong>vocent</strong></span> <span class='ocrx_word' id='word_1_656' title='bbox 1545 5568 1687 5618; x_wconf 83' lang='lat' dir='ltr'><strong>esse,</strong></span> <span class='ocrx_word' id='word_1_657' title='bbox 1719 5556 1923 5610; x_wconf 75' lang='lat' dir='ltr'><strong>idcirco</strong></span> <span class='ocrx_word' id='word_1_658' title='bbox 1947 5558 2052 5610; x_wconf 83' lang='lat' dir='ltr'><strong>sci-</strong></span> 
     </span>
    </p>
   </div>
   <div class='ocr_carea' id='block_1_89' title="bbox 469 5632 2048 5717">
    <p class='ocr_par' dir='ltr' id='par_1_89' title="bbox 469 5632 2048 5717">
     <span class='ocr_line' id='line_1_89' title="bbox 469 5632 2048 5717; baseline 0.004 -20"><span class='ocrx_word' id='word_1_659' title='bbox 469 5641 595 5699; x_wconf 85' lang='lat' dir='ltr'><strong>licet</strong></span> <span class='ocrx_word' id='word_1_660' title='bbox 618 5655 675 5698; x_wconf 85' lang='grc' dir='ltr'><strong>ιιι</strong></span> <span class='ocrx_word' id='word_1_661' title='bbox 705 5646 803 5698; x_wconf 88' lang='lat' dir='ltr'><strong>hoc</strong></span> <span class='ocrx_word' id='word_1_662' title='bbox 832 5644 974 5713; x_wconf 88' lang='lat' dir='ltr'><strong>quod</strong></span> <span class='ocrx_word' id='word_1_663' title='bbox 1017 5632 1245 5699; x_wconf 86' lang='lat' dir='ltr'><strong>dicimus</strong></span> <span class='ocrx_word' id='word_1_664' title='bbox 1287 5661 1482 5701; x_wconf 89' lang='lat' dir='ltr'><strong>nomen</strong></span> <span class='ocrx_word' id='word_1_665' title='bbox 1539 5647 1607 5702; x_wconf 87' lang='lat' dir='ltr'><strong>ab</strong></span> <span class='ocrx_word' id='word_1_666' title='bbox 1647 5647 1765 5701; x_wconf 87' lang='lat' dir='ltr'><strong>aliis</strong></span> <span class='ocrx_word' id='word_1_667' title='bbox 1795 5664 1912 5717; x_wconf 61' lang='lat' dir='ltr'><strong>quas</strong></span> <span class='ocrx_word' id='word_1_668' title='bbox 1944 5663 2048 5704; x_wconf 90' lang='lat' dir='ltr'><strong>non</strong></span> 
     </span>
    </p>
   </div>
   <div class='ocr_carea' id='block_1_90' title="bbox 468 5737 2051 5807">
    <p class='ocr_par' dir='ltr' id='par_1_90' title="bbox 468 5737 2051 5807">
     <span class='ocr_line' id='line_1_90' title="bbox 468 5737 2051 5807; baseline 0.003 -15"><span class='ocrx_word' id='word_1_669' title='bbox 468 5745 648 5801; x_wconf 63' lang='lat' dir='ltr'><strong>Voces,</strong></span> <span class='ocrx_word' id='word_1_670' title='bbox 681 5737 775 5793; x_wconf 85' lang='lat' dir='ltr'><strong>sed</strong></span> <span class='ocrx_word' id='word_1_671' title='bbox 810 5746 1008 5793; x_wconf 68' lang='lat' dir='ltr'><strong>autum</strong></span> <span class='ocrx_word' id='word_1_672' title='bbox 1031 5738 1169 5803; x_wconf 89' lang='lat' dir='ltr'><strong>soni,</strong></span> <span class='ocrx_word' id='word_1_673' title='bbox 1210 5749 1334 5793; x_wconf 88' lang='lat' dir='ltr'><strong>sunt</strong></span> <span class='ocrx_word' id='word_1_674' title='bbox 1364 5751 1657 5807; x_wconf 87' lang='lat' dir='ltr'><strong>separaret.</strong></span> <span class='ocrx_word' id='word_1_675' title='bbox 1706 5741 1875 5795; x_wconf 78' lang='lat' dir='ltr'><strong>Distat</strong></span> <span class='ocrx_word' id='word_1_676' title='bbox 1907 5744 2051 5796; x_wconf 87' lang='lat' dir='ltr'><strong>enim</strong></span> 
     </span>
    </p>
   </div>
   <div class='ocr_carea' id='block_1_91' title="bbox 468 5832 2047 5919">
    <p class='ocr_par' dir='ltr' id='par_1_91' title="bbox 468 5832 2047 5919">
     <span class='ocr_line' id='line_1_91' title="bbox 468 5832 2047 5919; baseline -0.001 -29"><span class='ocrx_word' id='word_1_677' title='bbox 468 5841 635 5890; x_wconf 67' lang='lat' dir='ltr'><strong>unus</strong></span> <span class='ocrx_word' id='word_1_678' title='bbox 654 5846 683 5885; x_wconf 73' lang='grc' dir='ltr'><strong>ιι</strong></span> <span class='ocrx_word' id='word_1_679' title='bbox 717 5845 849 5919; x_wconf 80' lang='lat' dir='ltr'><strong>voce</strong></span> <span class='ocrx_word' id='word_1_680' title='bbox 874 5846 887 5886; x_wconf 86' lang='lat'><strong>:</strong></span> <span class='ocrx_word' id='word_1_681' title='bbox 911 5844 1077 5887; x_wconf 83' lang='lat' dir='ltr'><strong>sonus</strong></span> <span class='ocrx_word' id='word_1_682' title='bbox 1106 5834 1249 5887; x_wconf 89' lang='lat' dir='ltr'><strong>enim</strong></span> <span class='ocrx_word' id='word_1_683' title='bbox 1282 5844 1363 5888; x_wconf 87' lang='lat' dir='ltr'><strong>cst</strong></span> <span class='ocrx_word' id='word_1_684' title='bbox 1393 5834 1670 5900; x_wconf 77' lang='lat' dir='ltr'><strong>percussio</strong></span> <span class='ocrx_word' id='word_1_685' title='bbox 1699 5832 1843 5889; x_wconf 87' lang='lat' dir='ltr'><strong>aeris</strong></span> <span class='ocrx_word' id='word_1_686' title='bbox 1867 5835 2047 5889; x_wconf 55' lang='lat' dir='ltr'><strong>sensi.</strong></span> 
     </span>
    </p>
   </div>
   <div class='ocr_carea' id='block_1_92' title="bbox 2145 3319 3736 3401">
    <p class='ocr_par' dir='ltr' id='par_1_92' title="bbox 2145 3319 3736 3401">
     <span class='ocr_line' id='line_1_92' title="bbox 2145 3319 3736 3401; baseline -0.008 -17"><span class='ocrx_word' id='word_1_687' title='bbox 2145 3341 2415 3401; x_wconf 52' lang='lat' dir='ltr'><strong>gegaret.</strong></span> <span class='ocrx_word' id='word_1_688' title='bbox 2460 3329 2569 3385; x_wconf 85' lang='lat' dir='ltr'><strong>Sed</strong></span> <span class='ocrx_word' id='word_1_689' title='bbox 2613 3327 2715 3383; x_wconf 83' lang='lat' dir='ltr'><strong>hoc</strong></span> <span class='ocrx_word' id='word_1_690' title='bbox 2759 3325 2996 3381; x_wconf 88' lang='lat' dir='ltr'><strong>nondum</strong></span> <span class='ocrx_word' id='word_1_691' title='bbox 3050 3324 3116 3378; x_wconf 73' lang='lat' dir='ltr'><strong>a&#39;d</strong></span> <span class='ocrx_word' id='word_1_692' title='bbox 3150 3333 3311 3376; x_wconf 81' lang='lat' dir='ltr'><strong>totum</strong></span> <span class='ocrx_word' id='word_1_693' title='bbox 3358 3319 3736 3373; x_wconf 68' lang='lat' dir='ltr'><strong>dithnitionem</strong></span> 
     </span>
    </p>
   </div>
   <div class='ocr_carea' id='block_1_93' title="bbox 2146 3406 3736 3489">
    <p class='ocr_par' dir='ltr' id='par_1_93' title="bbox 2146 3406 3736 3489">
     <span class='ocr_line' id='line_1_93' title="bbox 2146 3406 3736 3489; baseline -0.009 -12"><span class='ocrx_word' id='word_1_694' title='bbox 2146 3423 2324 3487; x_wconf 90' lang='lat' dir='ltr'><strong>valet;</strong></span> <span class='ocrx_word' id='word_1_695' title='bbox 2355 3436 2528 3489; x_wconf 90' lang='lat' dir='ltr'><strong>neque</strong></span> <span class='ocrx_word' id='word_1_696' title='bbox 2544 3421 2718 3475; x_wconf 92' lang='lat' dir='ltr'><strong>solum</strong></span> <span class='ocrx_word' id='word_1_697' title='bbox 2752 3432 2947 3473; x_wconf 90' lang='lat' dir='ltr'><strong>nomen</strong></span> <span class='ocrx_word' id='word_1_698' title='bbox 2992 3431 3091 3470; x_wconf 78' lang='lat' dir='ltr'><strong>vox</strong></span> <span class='ocrx_word' id='word_1_699' title='bbox 3125 3414 3470 3482; x_wconf 82' lang='lat' dir='ltr'><strong>significativa</strong></span> <span class='ocrx_word' id='word_1_700' title='bbox 3502 3422 3613 3475; x_wconf 80' lang='lat' dir='ltr'><strong>eSI,</strong></span> <span class='ocrx_word' id='word_1_701' title='bbox 3643 3406 3736 3463; x_wconf 91' lang='lat' dir='ltr'><strong>sed</strong></span> 
     </span>
    </p>
   </div>
   <div class='ocr_carea' id='block_1_94' title="bbox 2147 3500 3734 3584">
    <p class='ocr_par' dir='ltr' id='par_1_94' title="bbox 2147 3500 3734 3584">
     <span class='ocr_line' id='line_1_94' title="bbox 2147 3500 3734 3584; baseline -0.011 -13"><span class='ocrx_word' id='word_1_702' title='bbox 2147 3526 2274 3571; x_wconf 90' lang='lat' dir='ltr'><strong>sunt</strong></span> <span class='ocrx_word' id='word_1_703' title='bbox 2304 3512 2549 3584; x_wconf 76' lang='lat' dir='ltr'><strong>quaedam</strong></span> <span class='ocrx_word' id='word_1_704' title='bbox 2579 3525 2741 3569; x_wconf 83' lang='lat' dir='ltr'><strong>voces</strong></span> <span class='ocrx_word' id='word_1_705' title='bbox 2763 3518 2883 3580; x_wconf 77' lang='lat' dir='ltr'><strong>quae</strong></span> <span class='ocrx_word' id='word_1_706' title='bbox 2904 3506 3211 3575; x_wconf 86' lang='lat' dir='ltr'><strong>signiﬁcant</strong></span> <span class='ocrx_word' id='word_1_707' title='bbox 3237 3502 3473 3573; x_wconf 87' lang='lat' dir='ltr'><strong>quidem,</strong></span> <span class='ocrx_word' id='word_1_708' title='bbox 3509 3500 3606 3557; x_wconf 92' lang='lat' dir='ltr'><strong>sed</strong></span> <span class='ocrx_word' id='word_1_709' title='bbox 3638 3513 3734 3554; x_wconf 90' lang='lat' dir='ltr'><strong>no-</strong></span> 
     </span>
    </p>
   </div>
   <div class='ocr_carea' id='block_1_95' title="bbox 2149 3591 3738 3671">
    <p class='ocr_par' dir='ltr' id='par_1_95' title="bbox 2149 3591 3738 3671">
     <span class='ocr_line' id='line_1_95' title="bbox 2149 3591 3738 3671; baseline -0.013 -7"><span class='ocrx_word' id='word_1_710' title='bbox 2149 3610 2289 3664; x_wconf 74' lang='lat' dir='ltr'><strong>mina</strong></span> <span class='ocrx_word' id='word_1_711' title='bbox 2325 3624 2430 3661; x_wconf 87' lang='lat' dir='ltr'><strong>non</strong></span> <span class='ocrx_word' id='word_1_712' title='bbox 2461 3612 2684 3671; x_wconf 89' lang='lat' dir='ltr'><strong>sunt,nt</strong></span> <span class='ocrx_word' id='word_1_713' title='bbox 2706 3618 2766 3658; x_wconf 86' lang='lat' dir='ltr'><strong>ea</strong></span> <span class='ocrx_word' id='word_1_714' title='bbox 2796 3617 2913 3671; x_wconf 77' lang='lat' dir='ltr'><strong>quae</strong></span> <span class='ocrx_word' id='word_1_715' title='bbox 2942 3614 2975 3653; x_wconf 89' lang='lat' dir='ltr'><strong>a</strong></span> <span class='ocrx_word' id='word_1_716' title='bbox 3002 3599 3155 3653; x_wconf 88' lang='lat' dir='ltr'><strong>nobis</strong></span> <span class='ocrx_word' id='word_1_717' title='bbox 3176 3598 3274 3650; x_wconf 87' lang='lat' dir='ltr'><strong>ina</strong></span> <span class='ocrx_word' id='word_1_718' title='bbox 3298 3595 3316 3650; x_wconf 90' lang='lat' dir='ltr'><strong>i</strong></span> <span class='ocrx_word' id='word_1_719' title='bbox 3344 3591 3738 3663; x_wconf 78' lang='lat' dir='ltr'><strong>quibusaﬁecti-</strong></span> 
     </span>
    </p>
   </div>
   <div class='ocr_carea' id='block_1_96' title="bbox 2102 3687 3771 3772">
    <p class='ocr_par' dir='ltr' id='par_1_96' title="bbox 2102 3687 3771 3772">
     <span class='ocr_line' id='line_1_96' title="bbox 2102 3687 3771 3772; baseline -0.011 -12"><span class='ocrx_word' id='word_1_720' title='bbox 2102 3693 2109 3701; x_wconf 63' lang='grc'><em>’</em></span> <span class='ocrx_word' id='word_1_721' title='bbox 2146 3709 2252 3759; x_wconf 86' lang='lat' dir='ltr'><strong>bus</strong></span> <span class='ocrx_word' id='word_1_722' title='bbox 2278 3700 2647 3772; x_wconf 79' lang='lat' dir='ltr'><strong>proferuntur,</strong></span> <span class='ocrx_word' id='word_1_723' title='bbox 2675 3706 2731 3750; x_wconf 91' lang='lat' dir='ltr'><strong>ut</strong></span> <span class='ocrx_word' id='word_1_724' title='bbox 2762 3711 2884 3753; x_wconf 86' lang='lat' dir='ltr'><strong>cum</strong></span> <span class='ocrx_word' id='word_1_725' title='bbox 2911 3692 3031 3762; x_wconf 88' lang='lat' dir='ltr'><strong>quis</strong></span> <span class='ocrx_word' id='word_1_726' title='bbox 3060 3692 3315 3762; x_wconf 79' lang='lat' dir='ltr'><strong>gemitum</strong></span> <span class='ocrx_word' id='word_1_727' title='bbox 3347 3688 3476 3752; x_wconf 83' lang='lat' dir='ltr'><strong>edit,</strong></span> <span class='ocrx_word' id='word_1_728' title='bbox 3508 3687 3590 3741; x_wconf 89' lang='lat' dir='ltr'><strong>vel</strong></span> <span class='ocrx_word' id='word_1_729' title='bbox 3616 3700 3737 3749; x_wconf 83' lang='lat' dir='ltr'><strong>cum</strong></span> <span class='ocrx_word' id='word_1_730' title='bbox 3768 3738 3771 3741; x_wconf 32' lang='grc' dir='ltr'><strong><em>γ</em></strong></span> 
     </span>
    </p>
   </div>
   <div class='ocr_carea' id='block_1_97' title="bbox 2149 3781 3741 3861">
    <p class='ocr_par' dir='ltr' id='par_1_97' title="bbox 2149 3781 3741 3861">
     <span class='ocr_line' id='line_1_97' title="bbox 2149 3781 3741 3861; baseline -0.014 -5"><span class='ocrx_word' id='word_1_731' title='bbox 2149 3802 2338 3856; x_wconf 86' lang='lat' dir='ltr'><strong>dolore</strong></span> <span class='ocrx_word' id='word_1_732' title='bbox 2373 3797 2616 3861; x_wconf 76' lang='lat' dir='ltr'><strong>concitus</strong></span> <span class='ocrx_word' id='word_1_733' title='bbox 2645 3793 2846 3847; x_wconf 86' lang='lat' dir='ltr'><strong>emittit</strong></span> <span class='ocrx_word' id='word_1_734' title='bbox 2878 3791 3190 3845; x_wconf 88' lang='lat' dir='ltr'><strong>clamorem.</strong></span> <span class='ocrx_word' id='word_1_735' title='bbox 3216 3785 3347 3841; x_wconf 83' lang='lat' dir='ltr'><strong>Illud</strong></span> <span class='ocrx_word' id='word_1_736' title='bbox 3372 3784 3514 3839; x_wconf 90' lang='lat' dir='ltr'><strong>enim</strong></span> <span class='ocrx_word' id='word_1_737' title='bbox 3538 3781 3741 3845; x_wconf 83' lang='lat' dir='ltr'><strong>doloris</strong></span> 
     </span>
    </p>
   </div>
   <div class='ocr_carea' id='block_1_98' title="bbox 2151 3875 3741 3955">
    <p class='ocr_par' dir='ltr' id='par_1_98' title="bbox 2151 3875 3741 3955">
     <span class='ocr_line' id='line_1_98' title="bbox 2151 3875 3741 3955; baseline -0.014 -7"><span class='ocrx_word' id='word_1_738' title='bbox 2151 3891 2341 3952; x_wconf 89' lang='lat' dir='ltr'><strong>animi,</strong></span> <span class='ocrx_word' id='word_1_739' title='bbox 2371 3889 2499 3943; x_wconf 84' lang='lat' dir='ltr'><strong>illud</strong></span> <span class='ocrx_word' id='word_1_740' title='bbox 2529 3884 2774 3955; x_wconf 88' lang='lat' dir='ltr'><strong>corporis</strong></span> <span class='ocrx_word' id='word_1_741' title='bbox 2813 3883 3025 3953; x_wconf 88' lang='lat' dir='ltr'><strong>signum</strong></span> <span class='ocrx_word' id='word_1_742' title='bbox 3056 3889 3159 3947; x_wconf 84' lang='lat' dir='ltr'><strong>est,</strong></span> <span class='ocrx_word' id='word_1_743' title='bbox 3192 3890 3249 3933; x_wconf 90' lang='lat' dir='ltr'><strong>et</strong></span> <span class='ocrx_word' id='word_1_744' title='bbox 3296 3893 3418 3931; x_wconf 90' lang='lat' dir='ltr'><strong>cum</strong></span> <span class='ocrx_word' id='word_1_745' title='bbox 3449 3875 3552 3930; x_wconf 89' lang='lat' dir='ltr'><strong>sint</strong></span> <span class='ocrx_word' id='word_1_746' title='bbox 3578 3887 3741 3927; x_wconf 85' lang='lat' dir='ltr'><strong>voces</strong></span> 
     </span>
    </p>
   </div>
   <div class='ocr_carea' id='block_1_99' title="bbox 2152 3968 3738 4055">
    <p class='ocr_par' dir='ltr' id='par_1_99' title="bbox 2152 3968 3738 4055">
     <span class='ocr_line' id='line_1_99' title="bbox 2152 3968 3738 4055; baseline -0.015 -13"><span class='ocrx_word' id='word_1_747' title='bbox 2152 3983 2535 4055; x_wconf 87' lang='lat' dir='ltr'><strong>ctsigniticent</strong></span> <span class='ocrx_word' id='word_1_748' title='bbox 2580 3970 2865 4051; x_wconf 83' lang='lat' dir='ltr'><strong>quamdam</strong></span> <span class='ocrx_word' id='word_1_749' title='bbox 2905 3975 2992 4031; x_wconf 89' lang='lat' dir='ltr'><strong>vel</strong></span> <span class='ocrx_word' id='word_1_750' title='bbox 3022 3974 3183 4028; x_wconf 87' lang='lat' dir='ltr'><strong>animi</strong></span> <span class='ocrx_word' id='word_1_751' title='bbox 3221 3970 3305 4026; x_wconf 90' lang='lat' dir='ltr'><strong>vel</strong></span> <span class='ocrx_word' id='word_1_752' title='bbox 3343 3968 3581 4039; x_wconf 86' lang='lat' dir='ltr'><strong>corporis</strong></span> <span class='ocrx_word' id='word_1_753' title='bbox 3611 3980 3738 4035; x_wconf 87' lang='lat' dir='ltr'><strong>pas-</strong></span> 
     </span>
    </p>
   </div>
   <div class='ocr_carea' id='block_1_100' title="bbox 2152 4060 3741 4149">
    <p class='ocr_par' dir='ltr' id='par_1_100' title="bbox 2152 4060 3741 4149">
     <span class='ocr_line' id='line_1_100' title="bbox 2152 4060 3741 4149; baseline -0.013 -14"><span class='ocrx_word' id='word_1_754' title='bbox 2152 4081 2379 4145; x_wconf 87' lang='lat' dir='ltr'><strong>sionem,</strong></span> <span class='ocrx_word' id='word_1_755' title='bbox 2416 4075 2591 4132; x_wconf 87' lang='lat' dir='ltr'><strong>nullus</strong></span> <span class='ocrx_word' id='word_1_756' title='bbox 2625 4086 2801 4149; x_wconf 87' lang='lat' dir='ltr'><strong>tamen</strong></span> <span class='ocrx_word' id='word_1_757' title='bbox 2830 4070 3087 4142; x_wconf 84' lang='lat' dir='ltr'><strong>gemitum</strong></span> <span class='ocrx_word' id='word_1_758' title='bbox 3119 4068 3517 4134; x_wconf 88' lang='lat' dir='ltr'><strong>clamoremque</strong></span> <span class='ocrx_word' id='word_1_759' title='bbox 3544 4060 3741 4118; x_wconf 81' lang='lat' dir='ltr'><strong>dixerit</strong></span> 
     </span>
    </p>
   </div>
   <div class='ocr_carea' id='block_1_101' title="bbox 2154 4161 3741 4237">
    <p class='ocr_par' dir='ltr' id='par_1_101' title="bbox 2154 4161 3741 4237">
     <span class='ocr_line' id='line_1_101' title="bbox 2154 4161 3741 4237; baseline -0.011 -7"><span class='ocrx_word' id='word_1_760' title='bbox 2154 4190 2373 4230; x_wconf 63' lang='lat' dir='ltr'><strong>nomen.</strong></span> <span class='ocrx_word' id='word_1_761' title='bbox 2446 4171 2711 4225; x_wconf 80' lang='lat' dir='ltr'><strong>Motorum</strong></span> <span class='ocrx_word' id='word_1_762' title='bbox 2772 4180 2984 4237; x_wconf 85' lang='lat' dir='ltr'><strong>quoque</strong></span> <span class='ocrx_word' id='word_1_763' title='bbox 3035 4161 3346 4218; x_wconf 86' lang='lat' dir='ltr'><strong>animalium</strong></span> <span class='ocrx_word' id='word_1_764' title='bbox 3413 4170 3538 4216; x_wconf 90' lang='lat' dir='ltr'><strong>sunt</strong></span> <span class='ocrx_word' id='word_1_765' title='bbox 3601 4174 3741 4228; x_wconf 73' lang='lat' dir='ltr'><strong>qua:-</strong></span> 
     </span>
    </p>
   </div>
   <div class='ocr_carea' id='block_1_102' title="bbox 2074 4253 3769 4333">
    <p class='ocr_par' dir='ltr' id='par_1_102' title="bbox 2074 4253 3769 4333">
     <span class='ocr_line' id='line_1_102' title="bbox 2074 4253 3769 4333; baseline -0.011 -10"><span class='ocrx_word' id='word_1_766' title='bbox 2074 4306 2077 4307; x_wconf 50' lang='grc' dir='ltr'><em>ν</em></span> <span class='ocrx_word' id='word_1_767' title='bbox 2153 4268 2277 4322; x_wconf 91' lang='lat' dir='ltr'><strong>dam</strong></span> <span class='ocrx_word' id='word_1_768' title='bbox 2323 4280 2481 4319; x_wconf 86' lang='lat' dir='ltr'><strong>voces</strong></span> <span class='ocrx_word' id='word_1_769' title='bbox 2511 4278 2631 4333; x_wconf 64' lang='lat' dir='ltr'><strong>qua;</strong></span> <span class='ocrx_word' id='word_1_770' title='bbox 2680 4260 2983 4331; x_wconf 83' lang='lat' dir='ltr'><strong>significent</strong></span> <span class='ocrx_word' id='word_1_771' title='bbox 3012 4273 3028 4311; x_wconf 86' lang='lat'><strong>:</strong></span> <span class='ocrx_word' id='word_1_772' title='bbox 3054 4265 3110 4311; x_wconf 91' lang='lat' dir='ltr'><strong>ut</strong></span> <span class='ocrx_word' id='word_1_773' title='bbox 3138 4270 3331 4310; x_wconf 90' lang='lat' dir='ltr'><strong>canum</strong></span> <span class='ocrx_word' id='word_1_774' title='bbox 3377 4256 3597 4307; x_wconf 89' lang='lat' dir='ltr'><strong>latratus</strong></span> <span class='ocrx_word' id='word_1_775' title='bbox 3640 4253 3769 4306; x_wconf 87' lang='lat' dir='ltr'><strong>iras</strong></span> 
     </span>
    </p>
   </div>
   <div class='ocr_carea' id='block_1_103' title="bbox 2154 4345 3742 4429">
    <p class='ocr_par' dir='ltr' id='par_1_103' title="bbox 2154 4345 3742 4429">
     <span class='ocr_line' id='line_1_103' title="bbox 2154 4345 3742 4429; baseline -0.011 -16"><span class='ocrx_word' id='word_1_776' title='bbox 2154 4358 2427 4429; x_wconf 82' lang='lat' dir='ltr'><strong>significat</strong></span> <span class='ocrx_word' id='word_1_777' title='bbox 2477 4369 2707 4417; x_wconf 89' lang='lat' dir='ltr'><strong>canum,</strong></span> <span class='ocrx_word' id='word_1_778' title='bbox 2768 4351 2869 4404; x_wconf 79' lang='lat' dir='ltr'><strong>alia</strong></span> <span class='ocrx_word' id='word_1_779' title='bbox 2927 4364 3030 4403; x_wconf 82' lang='lat' dir='ltr'><strong>vox</strong></span> <span class='ocrx_word' id='word_1_780' title='bbox 3102 4356 3280 4402; x_wconf 87' lang='lat' dir='ltr'><strong>autem</strong></span> <span class='ocrx_word' id='word_1_781' title='bbox 3331 4345 3546 4400; x_wconf 90' lang='lat' dir='ltr'><strong>mollior</strong></span> <span class='ocrx_word' id='word_1_782' title='bbox 3602 4359 3742 4412; x_wconf 68' lang='lat' dir='ltr'><strong>quaa-</strong></span> 
     </span>
    </p>
   </div>
   <div class='ocr_carea' id='block_1_104' title="bbox 2156 4435 3743 4512">
    <p class='ocr_par' dir='ltr' id='par_1_104' title="bbox 2156 4435 3743 4512">
     <span class='ocr_line' id='line_1_104' title="bbox 2156 4435 3743 4512; baseline -0.01 -8"><span class='ocrx_word' id='word_1_783' title='bbox 2156 4450 2281 4505; x_wconf 89' lang='lat' dir='ltr'><strong>dam</strong></span> <span class='ocrx_word' id='word_1_784' title='bbox 2338 4447 2703 4503; x_wconf 87' lang='lat' dir='ltr'><strong>blandimenta</strong></span> <span class='ocrx_word' id='word_1_785' title='bbox 2762 4443 3048 4512; x_wconf 83' lang='lat' dir='ltr'><strong>designat,</strong></span> <span class='ocrx_word' id='word_1_786' title='bbox 3100 4454 3267 4509; x_wconf 88' lang='lat' dir='ltr'><strong>quare</strong></span> <span class='ocrx_word' id='word_1_787' title='bbox 3324 4437 3530 4508; x_wconf 84' lang='lat' dir='ltr'><strong>adjecta</strong></span> <span class='ocrx_word' id='word_1_788' title='bbox 3597 4435 3743 4490; x_wconf 82' lang='lat' dir='ltr'><strong>diﬁ&#39;e-</strong></span> 
     </span>
    </p>
   </div>
   <div class='ocr_carea' id='block_1_105' title="bbox 2160 4528 3747 4609">
    <p class='ocr_par' dir='ltr' id='par_1_105' title="bbox 2160 4528 3747 4609">
     <span class='ocr_line' id='line_1_105' title="bbox 2160 4528 3747 4609; baseline -0.011 -12"><span class='ocrx_word' id='word_1_789' title='bbox 2160 4542 2334 4597; x_wconf 87' lang='lat' dir='ltr'><strong>rentia</strong></span> <span class='ocrx_word' id='word_1_790' title='bbox 2398 4532 2758 4609; x_wconf 78' lang='lat' dir='ltr'><strong>separandum</strong></span> <span class='ocrx_word' id='word_1_791' title='bbox 2817 4545 2933 4589; x_wconf 91' lang='lat' dir='ltr'><strong>erat</strong></span> <span class='ocrx_word' id='word_1_792' title='bbox 2993 4548 3190 4587; x_wconf 89' lang='lat' dir='ltr'><strong>nomen</strong></span> <span class='ocrx_word' id='word_1_793' title='bbox 3240 4531 3308 4586; x_wconf 84' lang='lat' dir='ltr'><strong>ab</strong></span> <span class='ocrx_word' id='word_1_794' title='bbox 3366 4530 3447 4584; x_wconf 90' lang='lat' dir='ltr'><strong>bis</strong></span> <span class='ocrx_word' id='word_1_795' title='bbox 3502 4528 3747 4583; x_wconf 87' lang='lat' dir='ltr'><strong>omnibus</strong></span> 
     </span>
    </p>
   </div>
   <div class='ocr_carea' id='block_1_106' title="bbox 2157 4619 3765 4706">
    <p class='ocr_par' dir='ltr' id='par_1_106' title="bbox 2157 4619 3765 4706">
     <span class='ocr_line' id='line_1_106' title="bbox 2157 4619 3765 4706; baseline -0.012 -17"><span class='ocrx_word' id='word_1_796' title='bbox 2157 4650 2279 4706; x_wconf 75' lang='lat' dir='ltr'><strong>quae</strong></span> <span class='ocrx_word' id='word_1_797' title='bbox 2312 4646 2474 4687; x_wconf 89' lang='lat' dir='ltr'><strong>voces</strong></span> <span class='ocrx_word' id='word_1_798' title='bbox 2499 4630 2715 4699; x_wconf 89' lang='lat' dir='ltr'><strong>quidem</strong></span> <span class='ocrx_word' id='word_1_799' title='bbox 2749 4637 2932 4682; x_wconf 83' lang='lat' dir='ltr'><strong>essent</strong></span> <span class='ocrx_word' id='word_1_800' title='bbox 2972 4633 3027 4681; x_wconf 91' lang='lat' dir='ltr'><strong>et</strong></span> <span class='ocrx_word' id='word_1_801' title='bbox 3084 4622 3474 4691; x_wconf 80' lang='lat' dir='ltr'><strong>signiﬁcarent,</strong></span> <span class='ocrx_word' id='word_1_802' title='bbox 3515 4619 3609 4674; x_wconf 90' lang='lat' dir='ltr'><strong>sed</strong></span> <span class='ocrx_word' id='word_1_803' title='bbox 3656 4633 3765 4672; x_wconf 56' lang='lat' dir='ltr'><strong>n0»</strong></span> 
     </span>
    </p>
   </div>
   <div class='ocr_carea' id='block_1_107' title="bbox 2158 4712 3769 4785">
    <p class='ocr_par' dir='ltr' id='par_1_107' title="bbox 2158 4712 3769 4785">
     <span class='ocr_line' id='line_1_107' title="bbox 2158 4712 3769 4785; baseline -0.011 -3"><span class='ocrx_word' id='word_1_804' title='bbox 2158 4728 2320 4782; x_wconf 90' lang='lat' dir='ltr'><strong>minis</strong></span> <span class='ocrx_word' id='word_1_805' title='bbox 2376 4723 2639 4779; x_wconf 85' lang='lat' dir='ltr'><strong>vocabulo</strong></span> <span class='ocrx_word' id='word_1_806' title='bbox 2687 4736 2793 4775; x_wconf 88' lang='lat' dir='ltr'><strong>non</strong></span> <span class='ocrx_word' id='word_1_807' title='bbox 2828 4727 3173 4781; x_wconf 81' lang='lat' dir='ltr'><strong>tenerentur;</strong></span> <span class='ocrx_word' id='word_1_808' title='bbox 3218 4715 3377 4785; x_wconf 88' lang='lat' dir='ltr'><strong>igitur</strong></span> <span class='ocrx_word' id='word_1_809' title='bbox 3417 4712 3618 4780; x_wconf 83' lang='lat' dir='ltr'><strong>adjecit</strong></span> <span class='ocrx_word' id='word_1_810' title='bbox 3656 4725 3769 4766; x_wconf 86' lang='lat' dir='ltr'><strong>no-.</strong></span> 
     </span>
    </p>
   </div>
   <div class='ocr_carea' id='block_1_108' title="bbox 2158 4803 3767 4881">
    <p class='ocr_par' dir='ltr' id='par_1_108' title="bbox 2158 4803 3767 4881">
     <span class='ocr_line' id='line_1_108' title="bbox 2158 4803 3767 4881; baseline -0.011 -7"><span class='ocrx_word' id='word_1_811' title='bbox 2158 4833 2283 4874; x_wconf 90' lang='lat' dir='ltr'><strong>men</strong></span> <span class='ocrx_word' id='word_1_812' title='bbox 2339 4832 2528 4871; x_wconf 88' lang='lat' dir='ltr'><strong>vocem</strong></span> <span class='ocrx_word' id='word_1_813' title='bbox 2583 4814 2729 4870; x_wconf 81' lang='lat' dir='ltr'><strong>esse</strong></span> <span class='ocrx_word' id='word_1_814' title='bbox 2764 4810 3172 4881; x_wconf 80' lang='lat' dir='ltr'><strong>signiﬁcativam</strong></span> <span class='ocrx_word' id='word_1_815' title='bbox 3230 4822 3335 4860; x_wconf 93' lang='lat' dir='ltr'><strong>non</strong></span> <span class='ocrx_word' id='word_1_816' title='bbox 3398 4803 3767 4874; x_wconf 84' lang='lat' dir='ltr'><strong>sitnpliciter,.</strong></span> 
     </span>
    </p>
   </div>
   <div class='ocr_carea' id='block_1_109' title="bbox 2159 4899 3749 4975">
    <p class='ocr_par' dir='ltr' id='par_1_109' title="bbox 2159 4899 3749 4975">
     <span class='ocr_line' id='line_1_109' title="bbox 2159 4899 3749 4975; baseline -0.009 -9"><span class='ocrx_word' id='word_1_817' title='bbox 2159 4912 2254 4967; x_wconf 88' lang='lat' dir='ltr'><strong>sed</strong></span> <span class='ocrx_word' id='word_1_818' title='bbox 2304 4908 2602 4965; x_wconf 82' lang='lat' dir='ltr'><strong>secundum</strong></span> <span class='ocrx_word' id='word_1_819' title='bbox 2650 4906 2928 4975; x_wconf 88' lang='lat' dir='ltr'><strong>placitum.</strong></span> <span class='ocrx_word' id='word_1_820' title='bbox 2974 4901 3281 4957; x_wconf 87' lang='lat' dir='ltr'><strong>Secundum</strong></span> <span class='ocrx_word' id='word_1_821' title='bbox 3328 4899 3579 4969; x_wconf 89' lang='lat' dir='ltr'><strong>placitum</strong></span> <span class='ocrx_word' id='word_1_822' title='bbox 3626 4909 3749 4951; x_wconf 88' lang='lat' dir='ltr'><strong>vero</strong></span> 
     </span>
    </p>
   </div>
   <div class='ocr_carea' id='block_1_110' title="bbox 2158 4993 3747 5072">
    <p class='ocr_par' dir='ltr' id='par_1_110' title="bbox 2158 4993 3747 5072">
     <span class='ocr_line' id='line_1_110' title="bbox 2158 4993 3747 5072; baseline -0.009 -12"><span class='ocrx_word' id='word_1_823' title='bbox 2158 5012 2241 5060; x_wconf 89' lang='lat' dir='ltr'><strong>est</strong></span> <span class='ocrx_word' id='word_1_824' title='bbox 2267 5043 2283 5069; x_wconf 92' lang='lat'><strong>,</strong></span> <span class='ocrx_word' id='word_1_825' title='bbox 2305 5002 2449 5072; x_wconf 90' lang='lat' dir='ltr'><strong>quod</strong></span> <span class='ocrx_word' id='word_1_826' title='bbox 2493 5001 2788 5058; x_wconf 80' lang='lat' dir='ltr'><strong>secundum</strong></span> <span class='ocrx_word' id='word_1_827' title='bbox 2813 4998 3096 5069; x_wconf 86' lang='lat' dir='ltr'><strong>quamdam</strong></span> <span class='ocrx_word' id='word_1_828' title='bbox 3126 4995 3445 5065; x_wconf 80' lang='lat' dir='ltr'><strong>positionem</strong></span> <span class='ocrx_word' id='word_1_829' title='bbox 3471 4993 3747 5062; x_wconf 88' lang='lat' dir='ltr'><strong>placitum-</strong></span> 
     </span>
    </p>
   </div>
   <div class='ocr_carea' id='block_1_111' title="bbox 2159 5086 3748 5168">
    <p class='ocr_par' dir='ltr' id='par_1_111' title="bbox 2159 5086 3748 5168">
     <span class='ocr_line' id='line_1_111' title="bbox 2159 5086 3748 5168; baseline -0.009 -16"><span class='ocrx_word' id='word_1_830' title='bbox 2159 5112 2264 5168; x_wconf 91' lang='lat' dir='ltr'><strong>que</strong></span> <span class='ocrx_word' id='word_1_831' title='bbox 2293 5097 2545 5166; x_wconf 88' lang='lat' dir='ltr'><strong>ponentis</strong></span> <span class='ocrx_word' id='word_1_832' title='bbox 2580 5104 2825 5165; x_wconf 87' lang='lat' dir='ltr'><strong>aptatur;</strong></span> <span class='ocrx_word' id='word_1_833' title='bbox 2858 5092 3059 5148; x_wconf 89' lang='lat' dir='ltr'><strong>nullum</strong></span> <span class='ocrx_word' id='word_1_834' title='bbox 3084 5091 3227 5145; x_wconf 75' lang='lat' dir='ltr'><strong>enim</strong></span> <span class='ocrx_word' id='word_1_835' title='bbox 3264 5104 3459 5144; x_wconf 89' lang='lat' dir='ltr'><strong>nomen</strong></span> <span class='ocrx_word' id='word_1_836' title='bbox 3494 5086 3748 5141; x_wconf 83' lang='lat' dir='ltr'><strong>naturali-</strong></span> 
     </span>
    </p>
   </div>
   <div class='ocr_carea' id='block_1_112' title="bbox 2160 5182 3749 5263">
    <p class='ocr_par' dir='ltr' id='par_1_112' title="bbox 2160 5182 3749 5263">
     <span class='ocr_line' id='line_1_112' title="bbox 2160 5182 3749 5263; baseline -0.009 -16"><span class='ocrx_word' id='word_1_837' title='bbox 2160 5201 2243 5247; x_wconf 90' lang='lat' dir='ltr'><strong>ter</strong></span> <span class='ocrx_word' id='word_1_838' title='bbox 2273 5191 2623 5246; x_wconf 86' lang='lat' dir='ltr'><strong>constitutnm</strong></span> <span class='ocrx_word' id='word_1_839' title='bbox 2655 5199 2759 5254; x_wconf 78' lang='lat' dir='ltr'><strong>est,</strong></span> <span class='ocrx_word' id='word_1_840' title='bbox 2794 5202 2965 5258; x_wconf 89' lang='lat' dir='ltr'><strong>neque</strong></span> <span class='ocrx_word' id='word_1_841' title='bbox 2992 5199 3221 5257; x_wconf 88' lang='lat' dir='ltr'><strong>unquam</strong></span> <span class='ocrx_word' id='word_1_842' title='bbox 3246 5184 3387 5239; x_wconf 85' lang='lat' dir='ltr'><strong>sicut</strong></span> <span class='ocrx_word' id='word_1_843' title='bbox 3408 5182 3646 5263; x_wconf 68' lang='lat' dir='ltr'><strong>subjecta</strong></span> <span class='ocrx_word' id='word_1_844' title='bbox 3669 5193 3749 5233; x_wconf 88' lang='lat' dir='ltr'><strong>res</strong></span> 
     </span>
    </p>
   </div>
   <div class='ocr_carea' id='block_1_113' title="bbox 2160 5275 3763 5353">
    <p class='ocr_par' dir='ltr' id='par_1_113' title="bbox 2160 5275 3763 5353">
     <span class='ocr_line' id='line_1_113' title="bbox 2160 5275 3763 5353; baseline -0.008 -14"><span class='ocrx_word' id='word_1_845' title='bbox 2160 5299 2191 5339; x_wconf 86' lang='lat' dir='ltr'><strong>a</strong></span> <span class='ocrx_word' id='word_1_846' title='bbox 2218 5294 2407 5339; x_wconf 87' lang='lat' dir='ltr'><strong>natura</strong></span> <span class='ocrx_word' id='word_1_847' title='bbox 2438 5300 2542 5353; x_wconf 87' lang='lat' dir='ltr'><strong>est,</strong></span> <span class='ocrx_word' id='word_1_848' title='bbox 2578 5283 2646 5337; x_wconf 86' lang='lat' dir='ltr'><strong>ita</strong></span> <span class='ocrx_word' id='word_1_849' title='bbox 2678 5298 2889 5353; x_wconf 88' lang='lat' dir='ltr'><strong>quoque</strong></span> <span class='ocrx_word' id='word_1_850' title='bbox 2925 5297 2955 5336; x_wconf 86' lang='lat' dir='ltr'><strong>a</strong></span> <span class='ocrx_word' id='word_1_851' title='bbox 2994 5291 3182 5335; x_wconf 86' lang='lat' dir='ltr'><strong>natura</strong></span> <span class='ocrx_word' id='word_1_852' title='bbox 3215 5280 3461 5333; x_wconf 88' lang='lat' dir='ltr'><strong>veniente</strong></span> <span class='ocrx_word' id='word_1_853' title='bbox 3494 5275 3763 5333; x_wconf 83' lang='lat' dir='ltr'><strong>vocabulo</strong></span> 
     </span>
    </p>
   </div>
   <div class='ocr_carea' id='block_1_114' title="bbox 2161 5373 3748 5447">
    <p class='ocr_par' dir='ltr' id='par_1_114' title="bbox 2161 5373 3748 5447">
     <span class='ocr_line' id='line_1_114' title="bbox 2161 5373 3748 5447; baseline -0.008 -13"><span class='ocrx_word' id='word_1_854' title='bbox 2161 5387 2519 5447; x_wconf 85' lang='lat' dir='ltr'><strong>nuncupatur.</strong></span> <span class='ocrx_word' id='word_1_855' title='bbox 2564 5376 2668 5432; x_wconf 90' lang='lat' dir='ltr'><strong>Sed</strong></span> <span class='ocrx_word' id='word_1_856' title='bbox 2703 5377 2976 5430; x_wconf 86' lang='lat' dir='ltr'><strong>hominum</strong></span> <span class='ocrx_word' id='word_1_857' title='bbox 3008 5390 3176 5445; x_wconf 83' lang='lat' dir='ltr'><strong>genus</strong></span> <span class='ocrx_word' id='word_1_858' title='bbox 3206 5373 3347 5445; x_wconf 91' lang='lat' dir='ltr'><strong>quod</strong></span> <span class='ocrx_word' id='word_1_859' title='bbox 3386 5382 3440 5428; x_wconf 91' lang='lat' dir='ltr'><strong>et</strong></span> <span class='ocrx_word' id='word_1_860' title='bbox 3468 5373 3675 5426; x_wconf 88' lang='lat' dir='ltr'><strong>ratione</strong></span> <span class='ocrx_word' id='word_1_861' title='bbox 3700 5379 3748 5424; x_wconf 85' lang='lat' dir='ltr'><strong>et</strong></span> 
     </span>
    </p>
   </div>
   <div class='ocr_carea' id='block_1_115' title="bbox 2163 5465 3750 5541">
    <p class='ocr_par' dir='ltr' id='par_1_115' title="bbox 2163 5465 3750 5541">
     <span class='ocr_line' id='line_1_115' title="bbox 2163 5465 3750 5541; baseline -0.006 -16"><span class='ocrx_word' id='word_1_862' title='bbox 2163 5472 2406 5526; x_wconf 86' lang='lat' dir='ltr'><strong>oratione</strong></span> <span class='ocrx_word' id='word_1_863' title='bbox 2441 5472 2663 5541; x_wconf 81' lang='lat' dir='ltr'><strong>vigeret.</strong></span> <span class='ocrx_word' id='word_1_864' title='bbox 2697 5473 2909 5525; x_wconf 88' lang='lat' dir='ltr'><strong>nomina</strong></span> <span class='ocrx_word' id='word_1_865' title='bbox 2943 5470 3138 5537; x_wconf 88' lang='lat' dir='ltr'><strong>posuit,</strong></span> <span class='ocrx_word' id='word_1_866' title='bbox 3173 5483 3345 5539; x_wconf 89' lang='lat' dir='ltr'><strong>eaque</strong></span> <span class='ocrx_word' id='word_1_867' title='bbox 3378 5468 3574 5536; x_wconf 90' lang='lat' dir='ltr'><strong>quibus</strong></span> <span class='ocrx_word' id='word_1_868' title='bbox 3607 5465 3750 5519; x_wconf 90' lang='lat' dir='ltr'><strong>libuit</strong></span> 
     </span>
    </p>
   </div>
   <div class='ocr_carea' id='block_1_116' title="bbox 2164 5560 3747 5634">
    <p class='ocr_par' dir='ltr' id='par_1_116' title="bbox 2164 5560 3747 5634">
     <span class='ocr_line' id='line_1_116' title="bbox 2164 5560 3747 5634; baseline -0.005 -17"><span class='ocrx_word' id='word_1_869' title='bbox 2164 5563 2353 5619; x_wconf 87' lang='lat' dir='ltr'><strong>litteris</strong></span> <span class='ocrx_word' id='word_1_870' title='bbox 2391 5563 2715 5634; x_wconf 84' lang='lat' dir='ltr'><strong>syllabisque</strong></span> <span class='ocrx_word' id='word_1_871' title='bbox 2763 5564 3096 5633; x_wconf 84' lang='lat' dir='ltr'><strong>conjungens</strong></span> <span class='ocrx_word' id='word_1_872' title='bbox 3133 5563 3355 5631; x_wconf 87' lang='lat' dir='ltr'><strong>singulis</strong></span> <span class='ocrx_word' id='word_1_873' title='bbox 3392 5560 3747 5627; x_wconf 87' lang='lat' dir='ltr'><strong>subjectarutn</strong></span> 
     </span>
    </p>
   </div>
   <div class='ocr_carea' id='block_1_117' title="bbox 2162 5650 3744 5719">
    <p class='ocr_par' dir='ltr' id='par_1_117' title="bbox 2162 5650 3744 5719">
     <span class='ocr_line' id='line_1_117' title="bbox 2162 5650 3744 5719; baseline 0 -12"><span class='ocrx_word' id='word_1_874' title='bbox 2162 5668 2339 5707; x_wconf 86' lang='lat' dir='ltr'><strong>rerum</strong></span> <span class='ocrx_word' id='word_1_875' title='bbox 2388 5652 2701 5707; x_wconf 89' lang='lat' dir='ltr'><strong>substantiis</strong></span> <span class='ocrx_word' id='word_1_876' title='bbox 2746 5654 2910 5708; x_wconf 90' lang='lat' dir='ltr'><strong>dedit.</strong></span> <span class='ocrx_word' id='word_1_877' title='bbox 2959 5652 3072 5708; x_wconf 85' lang='lat' dir='ltr'><strong>Hoc</strong></span> <span class='ocrx_word' id='word_1_878' title='bbox 3117 5663 3292 5707; x_wconf 87' lang='lat' dir='ltr'><strong>autem</strong></span> <span class='ocrx_word' id='word_1_879' title='bbox 3334 5650 3429 5706; x_wconf 86' lang='lat' dir='ltr'><strong>illo</strong></span> <span class='ocrx_word' id='word_1_880' title='bbox 3476 5650 3744 5719; x_wconf 62' lang='lat' dir='ltr'><strong>prob-itur.</strong></span> 
     </span>
    </p>
   </div>
   <div class='ocr_carea' id='block_1_118' title="bbox 2158 5742 3757 5813">
    <p class='ocr_par' dir='ltr' id='par_1_118' title="bbox 2158 5742 3757 5813">
     <span class='ocr_line' id='line_1_118' title="bbox 2158 5742 3757 5813; baseline -0.003 -15"><span class='ocrx_word' id='word_1_881' title='bbox 2158 5743 2300 5813; x_wconf 83' lang='lat' dir='ltr'><strong>quod</strong></span> <span class='ocrx_word' id='word_1_882' title='bbox 2348 5745 2392 5799; x_wconf 85' lang='lat' dir='ltr'><strong>si</strong></span> <span class='ocrx_word' id='word_1_883' title='bbox 2437 5755 2626 5798; x_wconf 85' lang='lat' dir='ltr'><strong>natura</strong></span> <span class='ocrx_word' id='word_1_884' title='bbox 2670 5752 2854 5799; x_wconf 89' lang='lat' dir='ltr'><strong>essent</strong></span> <span class='ocrx_word' id='word_1_885' title='bbox 2896 5746 3112 5799; x_wconf 82' lang='lat' dir='ltr'><strong>nomina</strong></span> <span class='ocrx_word' id='word_1_886' title='bbox 3152 5744 3362 5807; x_wconf 86' lang='lat' dir='ltr'><strong>eadem,</strong></span> <span class='ocrx_word' id='word_1_887' title='bbox 3394 5742 3535 5811; x_wconf 88' lang='lat' dir='ltr'><strong>apud</strong></span> <span class='ocrx_word' id='word_1_888' title='bbox 3567 5752 3757 5797; x_wconf 84' lang='lat' dir='ltr'><strong>omnes</strong></span> 
     </span>
    </p>
   </div>
   <div class='ocr_carea' id='block_1_119' title="bbox 2080 5836 3749 5931">
    <p class='ocr_par' dir='ltr' id='par_1_119' title="bbox 2080 5836 3749 5931">
     <span class='ocr_line' id='line_1_119' title="bbox 2080 5836 3749 5931; baseline -0.001 -39"><span class='ocrx_word' id='word_1_889' title='bbox 2080 5914 2099 5931; x_wconf 28' lang='grc' dir='ltr'><strong>κ</strong></span> <span class='ocrx_word' id='word_1_890' title='bbox 2153 5845 2347 5901; x_wconf 75' lang='lat' dir='ltr'><strong>gentes</strong></span> <span class='ocrx_word' id='word_1_891' title='bbox 2386 5845 2592 5905; x_wconf 80' lang='lat' dir='ltr'><strong>essent,</strong></span> <span class='ocrx_word' id='word_1_892' title='bbox 2633 5846 2693 5893; x_wconf 91' lang='lat' dir='ltr'><strong>ut</strong></span> <span class='ocrx_word' id='word_1_893' title='bbox 2726 5852 2939 5908; x_wconf 87' lang='lat' dir='ltr'><strong>sensus,</strong></span> <span class='ocrx_word' id='word_1_894' title='bbox 2964 5840 3218 5911; x_wconf 85' lang='lat' dir='ltr'><strong>quoniam</strong></span> <span class='ocrx_word' id='word_1_895' title='bbox 3259 5836 3579 5894; x_wconf 81' lang='lat' dir='ltr'><strong>naturaliter</strong></span> <span class='ocrx_word' id='word_1_896' title='bbox 3601 5839 3749 5907; x_wconf 79' lang='lat' dir='ltr'><strong>sunt,</strong></span> 
     </span>
    </p>
   </div>
  </div>
