4022 6332
344 366 453 426 421

1060 354 1149 424 tu
1185 364 1443 428 uanum
1482 348 2260 429 DEJNTERPRETATIONE
2298 369 2526 429 EDITIO
2564 367 2901 429 SECUNDA.

3507 366 3616 431 tas

345 483 510 538 iidem
535 480 671 552 apud
702 495 887 547 omnes
916 492 1059 543 sunt.
1088 484 1288 543 Omnes
1314 486 1452 543 enim
1474 497 1659 556 gentes
1690 503 1791 542 non
1813 488 1929 541 aliis
1958 488 2012 549 Α
2037 500 2157 539 cum
2190 488 2329 552 diro,
2361 490 2535 543 hodie.
2564 494 2641 542 VI‘I
2668 504 2807 550 cras,
2839 485 3093 553 temporis
3116 487 3327 543 nomina
3355 497 3497 553 sunt,
3522 486 3615 549 sed

344 578 451 633 nisi
493 578 621 631 solis
660 579 825 634 oculis
856 580 1151 649 intuentur,
1182 583 1399 637 audittnt
1433 582 1673 648 auribus,
1718 582 1931 638 naribus
1981 571 1989 577 ’

346 672 662 738 odorantur,
693 686 785 725 ore
812 674 1082 742 accipiunt
1125 683 1386 744 gustatus,
1415 683 1558 729 tactu
1590 674 1816 741 calidum
1853 675 1934 729 vel

343 760 621 829 frigidum,
655 763 772 817 lene
800 764 882 821 vel
922 778 1166 835 asperum
1196 765 1459 835 indicant.
1502 774 1664 835 atque
1696 767 1807 820 haec
1834 769 1936 819 hu,

342 854 578 922 iusmodi
620 868 762 922 sunt,
796 868 854 913 ut
890 858 1027 925 apud
1063 874 1250 915 omnes
1280 864 1360 924 (ut
1391 859 1590 917 dictum
1619 860 1722 927 εει)
1749 868 1936 930 gentes

346 950 536 1003 eadem
574 950 889 1015 videantur;
922 950 1031 1019 ipsa
1057 966 1265 1020 quoque
1294 969 1412 1023 quae
1448 952 1775 1016 sentiuntur,
1805 968 1939 1024 quo-

344 1041 493 1101 niam
515 1040 801 1103 constituta
832 1044 1145 1098 naturaliter
1173 1055 1319 1113 sunt,
1345 1061 1449 1103 non
1484 1053 1775 1099 mutantur.
1810 1046 1937 1099 Dul-

348 1132 483 1187 cedo
522 1136 663 1187 enim
696 1144 746 1188 et
788 1135 1110 1201 amaritudo,
1143 1135 1321 1192 album
1352 1146 1406 1191 et
1444 1139 1678 1209 nigrum.
1710 1148 1761 1191 et
1793 1152 1936 1206 qna:-

353 1240 452 1293 que
497 1224 597 1277 alia
634 1224 882 1279 sensibus
922 1226 1157 1297 quinque
1195 1229 1520 1296 sentiuntur,
1567 1231 1752 1286 eadem
1798 1231 1936 1300 apud

356 1331 538 1371 omnes
563 1325 704 1372 sunt.
734 1318 913 1387 Neque
943 1319 1084 1374 enim
1111 1321 1248 1391 quod
1279 1322 1420 1376 Italis
1450 1322 1603 1378 dulc‘e
1633 1332 1715 1377 est
1742 1323 1795 1377 in
1816 1336 1938 1376 sen-

351 1423 434 1473 su,
468 1410 608 1465 idem
648 1410 826 1467 Petsis
864 1411 1072 1467 videtur
1111 1424 1375 1482 amarum,
1428 1430 1526 1471 nec
1573 1415 1713 1485 quod
1757 1416 1936 1470 album

350 1494 521 1558 oculis
550 1504 687 1571 apud
722 1519 819 1559 nos
846 1515 1087 1575 apparet,
1116 1507 1253 1575 apud
1288 1507 1445 1565 Indos
1474 1509 1680 1579 nigrum
1712 1517 1814 1575 cst,
1840 1510 1937 1564 nisi

350 1597 490 1652 forte
527 1598 703 1667 aliqtta
735 1611 923 1661 sensus
954 1600 1270 1666 aegritudine
1309 1611 1669 1671 permutetur:
1704 1602 1798 1656 sed
1841 1605 1940 1658 hoc

349 1688 484 1742 nihil
528 1691 719 1744 attinet
761 1691 826 1743 ad
876 1702 1144 1748 naturam.
1179 1692 1346 1763 Igitur
1385 1694 1634 1765 quoniam
1681 1694 1780 1747 ista
1817 1705 1939 1747 sunt

350 1782 685 1849 naturaliter,
722 1784 859 1852 apud
891 1799 1078 1840 omnes
1110 1794 1300 1856 gentes
1339 1787 1525 1843 eadem
1574 1796 1807 1842 manent.
1851 1787 1940 1843 Sic

2040 576 2168 633 illud
2193 578 2441 644 dicimus,
2474 581 2612 649 quod
2646 596 2764 635 cum
2795 580 2982 633 eodem
3015 579 3227 633 nomine
3256 591 3285 632 tu
3309 595 3460 641 nti-us-
3486 594 3613 644 queo

2037 686 2140 738 que
2182 687 2285 735 non
2329 672 2775 741 consigmﬁcatur.
2818 672 2973 726 Aliud
3015 681 3094 726 est
3131 673 3272 724 enim
3314 672 3520 739 sigltﬁt‘
3562 688 3619 729 te

2038 771 2270 831 tempus,
2305 763 2446 819 aliud
2476 765 2903 834 consignilicare.
2943 764 3171 821 Verbum
3204 765 3344 818 enim
3374 780 3494 818 eum
3524 766 3621 819 ali-

2036 869 2143 923 quo
2173 855 2386 924 proprio
2424 856 2581 907 modo
2613 864 2822 920 tempus
2848 871 3059 925 quoque
3100 855 3379 922 signiﬁcat,
3415 862 3473 910 ut
3498 872 3619 913 cum

2037 946 2244 1017 agentis
2274 947 2356 1003 vel
2400 946 2649 1014 patientis
2690 948 2902 1007 nodum
2949 949 3296 1005 demondrat.
3344 948 3471 1000 Nam
3506 951 3622 1004 sine

2034 1045 2281 1109 ‘letnpore
2318 1040 2437 1107 ipsa
2478 1040 2655 1107 passio
2697 1040 2776 1092 vel
2822 1043 2960 1095 actio
3010 1059 3112 1109 non
3161 1043 3449 1109 profertur,
3482 1042 3622 1096 unde.

2040 1144 2145 1187 non
2172 1130 2397 1183 dicimus
2429 1132 2566 1200 quod
2603 1145 2794 1184 nomen
2832 1147 2935 1189 non
2974 1132 3231 1202 signiﬁcet
3262 1142 3490 1200 tempus,
3523 1133 3620 1210 sed

2038 1223 2179 1292 quod
2214 1239 2406 1275 nomen
2441 1223 2758 1291 signiﬁcatio
2787 1224 3040 1290 temporis
3076 1240 3181 1281 non
3213 1237 3485 1291 sequntur.
3518 1224 3621 1289 lies

2039 1321 2147 1367 stat
2188 1327 2363 1370 autem
2404 1330 2507 1371 una
2545 1316 2657 1368 Sola
2687 1314 3007 1377 diﬂerentia,
3038 1332 3152 1384 qua:
3184 1316 3225 1369 si
3258 1316 3621 1384 Superioribus

2041 1402 2376 1472 adjungatur,
2415 1405 2726 1473 plenissima
2775 1404 2883 1457 fere
2923 1419 3115 1459 nomen
3163 1405 3479 1461 diflinitione
3513 1406 3621 1461 for-

2041 1495 2143 1553 mal
2170 1494 2293 1558 itur,
2329 1494 2443 1548 haec
2474 1504 2647 1548 autem
2679 1501 2762 1548 est
2792 1510 2893 1563 qua
2928 1510 3119 1547 nomen
3157 1495 3223 1548 ab
3252 1497 3495 1550 oratione
3534 1513 3621 1569 se:

2044 1594 2281 1653 paratur.
2316 1583 2663 1639 Inveniuntur
2704 1585 2844 1637 enim
2873 1586 3115 1653 quaedam
3158 1586 3273 1639 sine
3313 1585 3474 1640 dubio
3504 1602 3622 1651 ora?

2045 1686 2217 1731 tlones
2263 1692 2383 1747 qua:
2414 1693 2532 1737 eum
2560 1691 2717 1733 voces
2744 1676 2850 1731 sint
2880 1689 2933 1732 et
2957 1677 3325 1748 signiﬁcativte
3354 1691 3409 1736 et
3434 1696 3622 1753 Secuny

2043 1770 2168 1826 dum
2198 1772 2335 1841 p'aei
2363 1785 2472 1835 um,
2495 1772 2691 1841 quippe
2720 1787 2837 1842 quae
2865 1783 2985 1826 sunt
3014 1772 3318 1829 nominibus
3339 1774 3623 1845 colligatac,

350 1888 482 1946 ergo
520 1884 574 1927 ρι
613 1878 902 1938 ηοιηίηαιεί
942 1880 1205 1935 naturalia
1252 1896 1372 1935 esse
1422 1882 1687 1944 ﬁdem“...
1735 1882 1937 1937 eadem
1968 1878 2018 1941 Β
2047 1870 2224 1923 tamen
2268 1870 2392 1916 sunt
2431 1860 2549 1917 sine
2591 1868 2856 1931 tempore,
2898 1876 2951 1916 ιιι
2992 1880 3111 1919 cum
3143 1866 3263 1919 dico
3295 1869 3544 1921 Socrates
3573 1877 3623 1924 et

350 1975 535 2021 essent
580 1968 716 2034 apud
763 1983 961 2024 omnes,
992 1980 1198 2040 gentes,
1247 1986 1347 2026 nec
1394 1972 1556 2026 ullam
1607 1974 1942 2042 susciperent

352 2060 729 2115 mutationem.
762 2061 913 2117 Nunc
936 2072 1114 2118 autem
1154 2064 1327 2133 ipsnm
1359 2065 1627 2121 hominem
1659 2067 1763 2120 alio
1788 2082 1945 2121 Voca-

352 2150 481 2205 bulo
522 2151 715 2216 Latini,
756 2153 861 2207 alio
900 2155 1094 2221 erci,
1139 2156 1365 2212 diversis
1411 2174 1622 2228 quoque
1668 2160 1945 2216 vocabulis

355 2241 598 2298 barbarie
640 2256 827 2314 gentes
855 2247 1150 2315 appellant,
1185 2263 1303 2318 quae
1336 2250 1386 2301 in
1418 2251 1675 2318 ponendis
1712 2253 1947 2307 nomini-

356 2333 458 2389 bus
498 2335 764 2391 dissensio
830 2337 1039 2406 signum
1082 2348 1167 2393 est
1211 2355 1314 2394 non
1360 2342 1694 2405 naturaliter,
1736 2344 1828 2397 sed
1879 2343 1945 2397 ad

358 2430 671 2496 ponentium
726 2429 977 2499 plicitum
1036 2432 1469 2505 voluntatemque
1520 2426 1680 2491 rebus
1732 2438 1944 2492 nomina

364 2516 529 2572 l’ui~se
558 2522 873 2587 Composita,
910 2521 1050 2579 idem
1091 2536 1601 2595 quoquemonstrat
1628 2529 1770 2598 quod
1801 2544 1947 2597 smne

363 2609 691 2679 singulorum
722 2612 996 2668 hominum
1023 2626 1318 2683 permutata
1334 2627 1460 2673 sunt
1476 2620 1752 2677 vocabula.
1777 2620 1945 2689 Quem

359 2707 505 2774 enim
538 2723 675 2763 nunc
698 2724 954 2769 vocamus
968 2708 1284 2784 Platonem,
1316 2714 1633 2769 Aristoteles
1669 2728 1828 2770 antea
1856 2731 1948 2771 vo-

359 2799 604 2865 cabatur,
626 2812 677 2855 et
707 2805 793 2868 qui
824 2802 1227 2874 Theophrastus
1260 2820 1402 2863 nunc
1425 2806 1642 2873 dicitur,
1676 2817 1800 2863 ante
1830 2807 1947 2863 Ariv

330 2892 612 2947 'stotcletn
640 2908 670 2946 a
700 2894 810 2946 suis
839 2895 1151 2964 parentibus
1177 2896 1443 2954 Tirtamus
1474 2898 1860 2967 appellabatur,
1898 2900 1947 2954 in

360 2984 553 3040 eadem
584 3001 798 3055 quoque
828 2988 1001 3057 lingua
1031 2988 1245 3058 quando
1272 2990 1420 3058 plura
1448 2991 1707 3045 vocabula
1739 2990 1827 3049 ttni
1859 2992 1950 3045 ad-

362 3075 560 3145 duntur
590 3076 687 3140 rei,
738 3086 1064 3132 monstratur
1114 3094 1227 3133 rem
1267 3080 1407 3133 illam
1451 3097 1555 3135 non
1598 3082 1946 3148 naturalibus,

365 3165 459 3220 sed
490 3165 748 3235 appositis
787 3169 1087 3223 nominibus
1124 3170 1436 3239 nuncupari.
1469 3171 1514 3225 si
1553 3173 1693 3225 enim
1736 3187 1951 3226 na'ura-

2049 1953 2218 2017 Plato,
2251 1955 2363 2009 hmo
2389 1970 2618 2023 namque
2640 1956 2832 2022 oratio,
2863 1972 2984 2012 cum
3015 1973 3079 2013 es
3113 1960 3414 2015 nominibus
3439 1962 3622 2029 juncta

2046 2047 2137 2112 sit,
2171 2062 2365 2103 nomen
2385 2049 2600 2116 quidem
2631 2066 2735 2105 non
2762 2061 2864 2117 est,
2888 2067 2988 2107 vox
3009 2068 3137 2106 vero
3163 2061 3246 2109 est
3273 2053 3622 2127 signiﬁcativq

2046 2154 2119 2194 se:
2140 2140 2338 2205 undutu
2373 2141 2624 2209 placitum
2651 2152 2704 2197 et
2736 2153 2975 2212 tempore
3023 2153 3204 2221 vacat,
3250 2154 3305 2199 ut
3336 2146 3495 2213 igitur
3527 2162 3623 2213 no:

2048 2248 2171 2307 men
2216 2234 2283 2285 ab
2327 2233 2631 2304 hujusmodi
2663 2239 2904 2292 oratione
2934 2237 3226 2304 divideret,
3259 2239 3461 2297 addidit
3492 2240 3625 2299 hanc

2040 2323 2429 2389 differentiam,
2462 2342 2583 2395 qua:
2633 2336 2716 2399 est
2760 2330 2908 2399 cujus
2932 2330 3073 2384 nulla
3109 2346 3229 2399 pars
3255 2340 3338 2389 est
3366 2331 3624 2401 signiﬁca,-

2050 2416 2155 2472 tiva
2186 2426 2450 2483 separata.
2485 2418 2670 2473 Oratio
2701 2422 2841 2474 enim
2872 2423 3121 2490 quoniam
3149 2423 3431 2494 verbisque
3456 2424 3623 2481 nomic

2050 2506 2106 2561 ni
2148 2522 2313 2578 usque
2340 2510 2698 2581 coniungitur,
2746 2513 2906 2567 verba
2950 2529 3075 2589 vero
3104 2517 3185 2569 vel
3220 2517 3435 2571 nomina
3467 2516 3624 2589 signi-

2051 2596 2258 2653 ﬁcativa
2290 2614 2411 2655 esse
2441 2602 2611 2669 palam
2661 2612 2765 2669 est,
2799 2612 2976 2672 partes
3002 2587 3227 2675 ,qttoque
3269 2587 3528 2665 o'atioiiis
3556 2610 3626 2669 si,-

2038 2693 2307 2762 gnilicare
2338 2693 2541 2764 aliquid
2571 2694 2788 2749 dubium
2816 2711 2922 2769 non
2943 2706 3045 2751 est.
3077 2698 3316 2752 Nominis
3348 2696 3627 2768 vero'pars

2052 2786 2303 2854 quoniam
2349 2786 2574 2855 simplex
2626 2795 2737 2847 est,
2771 2786 2899 2840 nihil
2944 2789 3162 2842 omnino
3208 2791 3500 2859 significat;
3535 2794 3626 2847 sed

2052 2891 2174 2937 cum
2224 2877 2403 2937 omnis
2448 2878 2620 2941 oratio
2658 2893 2923 2948 omneque
2972 2895 3170 2943 nomen
3198 2889 3251 2935 et
3299 2884 3519 2937 verbum
3566 2903 3627 2943 ex

2052 2966 2311 3038 subjectis
2367 2970 2724 3033 intellectibus
2772 2970 2877 3024 vim
2923 2971 3265 3041 signglicandi
3307 2987 3502 3039 sumat,
3551 2990 3629 3035 est

2053 3066 2338 3129 aliquoties
2367 3073 2424 3119 ut
2454 3080 2619 3119 unum
2647 3080 2839 3120 nomen
2876 3068 3071 3121 multus
3117 3068 3375 3139 signiticet
3425 3069 3629 3125 intellea

2052 3168 2190 3216 ctus.
2208 3159 2470 3224 Quocirca
2492 3158 2597 3213 erit
2619 3174 2833 3228 quoque
2856 3169 2911 3213 ut
2933 3175 3038 3217 non
3068 3160 3290 3226 simplex
3318 3178 3511 3218 nomen
3538 3163 3629 3232 sit,

366 3258 502 3314 libus
542 3260 843 3316 nominibus
885 3276 971 3317 res
1006 3278 1220 3331 quoque
1262 3280 1599 3328 vocarentur,
1636 3280 1791 3318 unam
1834 3282 1945 3321 rem

2057 3253 2192 3319 quod
2220 3266 2324 3305 non
2348 3266 2502 3305 unam
2534 3261 2735 3305 tantum
2768 3252 2931 3307 animi
2966 3253 3259 3319 fossionem
3286 3255 3631 3319 intellectum.

366 3366 472 3406 uno
498 3362 700 3409 tantum
730 3355 943 3421 nomine
967 3356 1318 3425 signaremus.
1344 3356 1478 3423 Quid
1495 3360 1637 3412 enim
1665 3360 1873 3424 attinet,
1904 3360 1948 3412 si

366 3447 627 3499 naturalia
667 3455 795 3517 sunt
831 3445 1108 3514 vocabula,
1137 3450 1291 3501 unius
1320 3450 1397 3503 rei
1425 3450 1601 3515 plures
1632 3464 1752 3505 esse
1778 3450 1951 3511 nomi-

367 3551 493 3609 num
522 3552 703 3602 voces,
738 3552 855 3605 qua:
882 3537 947 3592 ad
981 3553 1137 3618 unam
1168 3540 1592 3628 designationem
1618 3541 1951 3595 demonstra-

369 3629 675 3697 tionemque
715 3638 1117 3693 concurrerent.
1160 3630 1393 3687 Dicimus
1424 3631 1567 3691 enim
1597 3630 1823 3700 gladius,
1857 3648 1951 3688 en-

366 3721 463 3788 sis,
496 3736 701 3782 mucro,
729 3731 783 3775 et
814 3721 925 3778 haec
960 3725 1055 3777 tria
1088 3722 1154 3775 ad
1188 3740 1344 3777 unam
1376 3722 1665 3792 subiectam
1704 3726 1951 3780 substan-

366 3814 493 3868 tiam
526 3825 871 3868 concurrunt.
912 3815 1050 3886 Ergo
1090 3824 1439 3871 monstiatqu
1475 3828 1559 3871 est
1588 3820 1799 3872 nomina
1830 3834 1952 3873 esse

366 3908 660 3981 secundum
695 3908 964 3979 placitum,
996 3907 1047 3964 id
1075 3919 1159 3964 est
1184 3911 1478 3965 secundum
1507 3914 1818 3980 ponentium
1847 3916 1952 3981 pla-

366 4000 554 4061 citum,
594 3981 656 4053 ac
693 4002 735 4052 si
776 4000 982 4055 diceret
1027 4014 1221 4055 nomen
1262 4014 1384 4056 esse
1422 4017 1608 4055 vocem
1644 4004 1859 4073 quidem
1898 4012 1953 4059 et

369 4089 796 4167 signiﬁcativam,
813 4091 913 4167 sed
940 4106 1044 4145 non
1070 4094 1383 4147 naturaliter
1412 4092 1835 4161 signiﬁcativam,
1856 4094 1950 4148 sed

372 4179 663 4256 Seoeundum
692 4182 941 4251 p'acitutn
972 4182 1407 4251 voluntatemque
1433 4185 1697 4253 ponentis,
1730 4186 1827 4241 boc
1848 4186 1953 4239 sci-

368 4269 507 4335 licet,
532 4270 768 4333 dividens
812 4274 880 4328 ab
921 4273 1003 4329 his
1052 4274 1272 4329 vocibus
1308 4290 1426 4343 qua:
1469 4276 1780 4330 naturaliter
1809 4278 1952 4331 desi-

365 4374 614 4431 gnarent,
647 4376 701 4417 ut
730 4375 853 4419 sunt
885 4365 964 4418 lite
992 4366 1071 4419 vel
1100 4381 1231 4434 quas
1258 4380 1353 4418 nos
1380 4366 1427 4418 in
1460 4354 1796 4435 pnssionibus
1824 4368 1953 4422 alie-

363 4454 643 4527 ctibnsque
670 4455 1056 4523 proloquitnur,
1080 4456 1163 4510 vel
1192 4471 1322 4525 quas
1343 4458 1501 4515 edere
1527 4473 1594 4510 an
1620 4458 1774 4510 malia
1806 4468 1950 4512 muta

363 4528 649 4615 conantur.
672 4544 776 4621 Sed
801 4538 1034 4609 nondum
1056 4563 1215 4619 supra
1246 4548 1385 4605 dicta
1412 4549 1706 4610 dilIerentia
1737 4551 1948 4620 plenam

363 4638 597 4692 nominis
617 4635 842 4692 formam
864 4638 1347 4710 dilfinitionemque
1369 4641 1663 4697 constituit.
1692 4643 1784 4698 Est
1808 4661 1953 4699 nam-

362 4714 465 4797 que
496 4729 661 4784 verbo
691 4744 974 4786 commune
998 4746 1117 4786 cum
1146 4734 1380 4805 nomine,
1411 4735 1551 4802 quod
1583 4750 1681 4789 vox
1705 4737 1951 4805 designa-

362 4820 466 4875 tiva
500 4830 555 4873 et
584 4821 876 4875 secundum
908 4821 1158 4891 placitum
1182 4832 1284 4889 est,
1318 4824 1411 4878 sed
1442 4826 1541 4878 add
1570 4834 1618 4879 ta
1649 4826 1949 4883 dilfercntia

300 4930 306 4938 '
362 4924 479 4979 quae
522 4918 627 4977 est,
677 4912 795 4968 sine
838 4924 1102 4980 tempore,
1150 4929 1342 4969 nomen
1391 4931 1421 4971 a
1473 4917 1636 4970 verbo
1682 4917 1944 4981 distinxit,

362 5019 535 5073 neque
572 5003 717 5060 enim
735 5020 928 5061 nomen
958 5005 1120 5062 ullum
1146 5008 1511 5077 consignilicat
1538 5020 1771 5076 tempus;
1797 5012 1948 5065 Verbi

360 5110 722 5177 namqueeSt,
754 5115 874 5155 cum
918 5109 1008 5155 aut
1044 5102 1221 5171 passio
1261 5102 1610 5173 signiﬁcatur,
1652 5115 1740 5158 aut
1783 5106 1944 5169 actio,

360 5190 591 5261 aliquam
632 5207 846 5261 quoque
888 5206 1070 5248 secum
1120 5192 1334 5247 trahere
1379 5195 1483 5249 vim
1530 5198 1805 5264 temporis,
1845 5211 1948 5264 qua

359 5281 639 5365 illud‘cum
670 5285 753 5338 vel
784 5284 963 5339 facere
992 5285 1073 5340 vel
1104 5284 1214 5355 pati
1230 5284 1436 5340 ‘dicitur
1466 5290 1782 5353 proleratur.
1816 5289 1947 5342 Cum

358 5379 501 5432 enim
534 5378 657 5439 dico
680 5378 953 5445 Socrates,
986 5379 1188 5435 nullius
1214 5390 1296 5434 est
1328 5381 1621 5447 temporis;
1654 5397 1773 5435 cunt
1806 5379 1946 5451 iego.

359 5470 439 5526 vel
470 5470 599 5542 legi,
629 5472 712 5528 vel
736 5473 932 5541 legam,
956 5480 1198 5541 tempore
1223 5488 1326 5527 non
1354 5482 1556 5528 carent.
1590 5473 1787 5527 Addito
1816 5490 1946 5543 ergo

358 5565 560 5618 nomini
605 5564 744 5633 quod
792 5566 912 5619 sine
960 5573 1204 5633 tempore
1239 5579 1360 5619 βεδε
1401 5564 1626 5621 dicatur.
1678 5581 1871 5619 nomen
1914 5581 1946 5621 a

358 5658 523 5715 verbo
552 5656 892 5729 disiungitur.
930 5657 1075 5715 Sane
1104 5673 1203 5713 nos
1232 5673 1389 5712 uenio
1420 5658 1711 5712 arbitretur
1740 5658 1945 5726 opinari

357 5750 498 5819 quod
547 5751 752 5807 nultum
797 5765 992 5807 nomen
1035 5750 1305 5823 signiﬁcet
1354 5761 1582 5817 tempus.
1631 5748 1765 5803 Sunt
1804 5751 1943 5804 enim

357 5840 570 5902 hemina
591 5856 713 5917 quas
735 5852 949 5917 tempus
968 5843 1362 5918 signiﬁcatione
1384 5842 1777 5907 demonstrent,
1803 5853 1948 5900 vetut

1978 4602 2028 4663 D

2054 3358 2158 3411 que
2180 3342 2441 3411 designet.
2474 3342 2603 3395 Nam
2654 3356 2775 3397 cum
2807 3341 2925 3397 dico
2961 3344 3345 3410 suburbanum,
3379 3346 3632 3403 urbanum

2055 3437 2489 3505 imaginationem
2535 3434 2867 3503 signiﬁcandi
2919 3446 3096 3503 tenet,
3125 3437 3219 3492 sed
3263 3439 3331 3491 ita
3371 3449 3426 3491 ut
3468 3454 3496 3491 a
3528 3449 3632 3493 tota

2055 3528 2274 3582 nomine
2317 3535 2656 3596 separatum,
2686 3539 2805 3581 cum
2843 3524 2911 3578 ad
2948 3527 3123 3593 ipsum
3156 3527 3381 3583 refertur
3408 3544 3632 3596 nomen,

2055 3621 2319 3694 signiﬁcet
2347 3622 2513 3686 nihil,
2542 3629 2595 3675 et
2625 3631 2675 3674 ut
2716 3619 2766 3670 in
2799 3637 2863 3675 eo
2891 3620 3031 3688 quod
3073 3620 3304 3675 dicimus
3334 3623 3631 3687 equil'rrus.

2057 3714 2199 3768 ferus
2246 3712 2357 3766 vult
2404 3713 2617 3780 quidem
2667 3711 2863 3780 aliquid
2896 3711 3218 3777 signiﬁcare,
3266 3712 3357 3763 st‘tl
3388 3715 3427 3765 si
3460 3728 3484 3763 τι
3531 3721 3632 3768 tota

2056 3805 2444 3873 compositi-tne
2479 3814 2778 3875 separatur,
2810 3801 2939 3857 nihil
2964 3805 3181 3857 omnino
3221 3801 3462 3871 designat
3496 3805 3549 3873 in
3574 3818 3633 3863 eo

2057 3899 2275 3967 nomine
2304 3898 2512 3953 scilicet
2541 3900 2590 3952 in
2632 3914 2738 3968 quo
2782 3913 2901 3965 cum
2934 3898 3052 3967 equi
3092 3896 3349 3967 particula
3400 3898 3634 3963 junctum

2055 3990 2352 4059 eqniferum
2383 3989 2843 4059 consignilicabat.
2867 3989 3052 4044 Omnis
3085 4005 3314 4057 namque
3356 3991 3468 4051 hinc
3495 3980 3634 4053 com-

2056 4086 2253 4154 positio
2274 4085 2429 4140 unius
2447 4085 2748 4140 intellectus
2774 4074 3102 4155 designativa
3126 4092 3233 4147 est,
3250 4099 3414 4153 quare
3436 4086 3488 4138 in
3517 4100 3636 4141 era-

2058 4178 2203 4231 tione
2247 4176 2460 4244 quidem
2504 4176 2647 4229 ferus
2700 4174 2984 4243 significat.
3034 4177 3241 4230 Etenim
3283 4191 3453 4246 equus
3495 4175 3636 4232 Μαι

2057 4271 2229 4323 oratio
2258 4270 2396 4324 duos
2416 4269 2606 4324 retinet
2642 4269 2963 4333 intellectus,
2992 4269 3042 4319 in
3081 4269 3294 4321 nomine
3326 4284 3450 4320 vero
3481 4268 3635 4334 nihil,

2058 4361 2308 4430 quoniam
2342 4360 2442 4414 hoc
2458 4361 2597 4431 quod
2620 4360 2849 4414 dit-imus
2880 4361 3146 4428 equilerns
3167 4361 3321 4414 unius
3338 4362 3636 4419 intellectus

2056 4452 2446 4524 designativnm
2485 4462 2588 4506 est.
2634 4450 2739 4507 Sed
2786 4451 3013 4508 fortasse
3056 4452 3201 4505 ferus
3246 4467 3364 4509 cum
3398 4468 3457 4507 ea
3494 4465 3639 4521 parte

2057 4561 2159 4614 qua
2184 4545 2435 4614 junctum
2456 4554 2558 4609 est,
2589 4544 2744 4598 simul
2768 4544 2981 4612 quidem
3009 4544 3396 4613 consigniftcut,
3428 4560 3638 4614 separa-

2057 4649 2168 4692 tum
2202 4656 2331 4692 vero
2364 4638 2520 4702 nihil,
2546 4641 2643 4693 hoc
2674 4650 2755 4693 est
2782 4652 2911 4707 ergo
2941 4640 3079 4706 quod
3111 4638 3222 4692 ait:

2130 4736 2191 4786 At
2215 4749 2329 4787 vero
2352 4750 2450 4787 non
2473 4732 2902 4801 quemadmodum
2929 4733 2979 4784 in
2998 4733 3309 4802 simplicibus
3332 4737 3638 4801 nominibus,

2055 4828 2128 4881 sic
2174 4843 2226 4880 se
2266 4826 2413 4879 habet
2461 4826 2612 4877 etiam
2638 4826 2690 4877 in
2714 4825 3024 4889 compositis.
3062 4822 3127 4876 In
3173 4827 3276 4877 illis
3317 4831 3449 4880 enim
3500 4830 3638 4880 nullo

2056 4919 2206 4972 modo
2237 4935 2355 4984 pars
2387 4917 2725 4987 signiﬁcation
2750 4925 2843 4969 est.
2880 4916 2940 4968 In
2970 4916 3048 4969 his
3089 4926 3261 4973 autem
3292 4918 3638 4988 vnltqnidcm.

2054 5010 2144 5065 scd
2168 5012 2297 5064 nihil
2316 5010 2572 5081 signiﬁcat
2592 5019 2852 5077 separatu,
2882 5019 2937 5061 ut
2958 5010 3008 5062 in
3031 5024 3090 5063 eo
3107 5010 3244 5079 quod
3267 5020 3339 5063 est
3362 5013 3638 5079 equiferns,

2052 5104 2210 5169 ferus.
2246 5099 2546 5159 Secundum
2592 5099 2837 5169 placitum
2867 5114 3001 5165 vero,
3045 5100 3288 5168 quoniam
3337 5102 3639 5156 naturaliter

2052 5210 2236 5246 nomen
2262 5194 2372 5244 nnt
2418 5211 2462 5243 nt
2493 5204 2587 5258 est,
2615 5194 2705 5246 sed
2727 5190 2955 5261 quando
2971 5194 3024 5256 [it
3058 5204 3198 5257 nota,
3229 5207 3349 5243 nam
3374 5191 3638 5263 designant

2052 5297 2099 5342 et
2139 5284 2394 5340 illitterati
2432 5287 2574 5350 soni,
2608 5294 2663 5337 ut
2703 5287 3205 5354 ferarum,quorum
3249 5282 3423 5337 nullus
3450 5298 3522 5338 est
3546 5302 3638 5336 no-

2054 5395 2165 5432 men
2175 5418 2190 5432 .
3474 5436 3475 5439 η
3604 5375 3615 5415 Τ

2126 5471 2367 5539 Simplex
2398 5471 2541 5529 enim
2570 5487 2766 5528 nomen
2812 5487 2911 5528 nec
2939 5472 3370 5535 imaginationem
3400 5476 3636 5541 aliquam

2058 5566 2285 5631 partium
2314 5562 2722 5635 significationis
2746 5563 2924 5619 habet.
2961 5563 3325 5634 Compositnm
3354 5584 3481 5625 vero
3511 5573 3638 5632 tales

2055 5655 2211 5711 habet
2244 5664 2452 5725 partes,
2486 5667 2542 5713 ut
2572 5658 2724 5725 quasi
2774 5668 3036 5713 conentur
3081 5658 3296 5729 quidem
3345 5662 3542 5731 aliquid
3569 5665 3637 5721 sic

2055 5749 2341 5817 gniﬁcare,
2373 5749 2467 5804 sed
2512 5751 2915 5805 com-aniliter“
2948 5754 3125 5815 potius
3154 5771 3311 5817 quam
3354 5756 3637 5828 quidquam

2058 5856 2205 5896 eum
2240 5840 2553 5908 ngtiititxent.
2586 5839 2783 5895 Addito
2803 5838 2965 5911 igitur
2990 5844 3193 5900 nomini
3215 5843 3357 5917 quod
3382 5844 3499 5920 ejus
3520 5860 3636 5921 path
