4022 6332
363 374 462 431 e25

1587 366 1692 422 AN.
1733 364 1939 421 MANL.
1982 360 2132 421 SEV.
2176 362 2395 424 BOETII

3530 356 3629 417 ‘2‘

365 497 443 549 tes
488 492 618 547 nihil
669 497 925 558 separatae
977 480 1311 558 signiﬁcent,
1343 498 1537 538 nomen
1580 483 1647 537 ab
1698 481 1941 536 oratione
1970 485 2019 541 A
2050 484 2273 539 latratus
2302 500 2513 548 canum,
2544 484 2737 539 dicitur
2767 492 2941 537 tamen
2972 482 3213 542 latratus,
3248 488 3303 536 et
3328 479 3501 534 leonis
3532 478 3629 533 tre.

365 588 684 656 disiunctum
706 593 806 639 est.
835 582 1119 649 Postquam
1145 579 1497 647 adiectionem
1529 593 1643 642 quc
1664 586 1763 640 est,
1787 575 1942 644 cuius

365 679 508 733 nulla
539 693 658 746 pars
686 686 769 729 est
796 672 1147 742 signiﬁcativa
1179 680 1445 739 separata,
1473 668 1601 737 quid
1633 668 1683 719 in
1713 665 1945 722 nominis

366 772 669 826 deﬁnitione
696 768 918 833 valeret,
948 764 1225 834 explicuit,
1247 762 1349 816 hoc
1369 760 1578 816 scilicet
1607 774 1713 828 quo
1746 771 1943 811 nomen

364 866 430 917 ab
457 864 695 918 oratione
720 850 1051 929 seiungeret;
1098 856 1227 911 illud
1257 871 1467 923 quoque
1493 853 1712 907 disserit
1739 867 1837 905 cur
1877 851 1947 904 sit

367 956 600 1009 additum
641 952 784 1023 quod
823 951 1021 1005 dictum
1058 958 1142 1004 est
1165 947 1459 1003 secundum
1504 944 1775 1012 placitum.
1808 941 1943 996 Nam

366 1046 612 1115 quoniam
645 1044 788 1098 nulla
827 1043 1100 1097 nominum
1128 1038 1448 1109 signiﬁcatio
1476 1036 1793 1089 naturaliter
1831 1042 1944 1098 est,

367 1140 455 1193 scd
488 1152 648 1192 omne
679 1152 870 1191 nomen
915 1135 1180 1204 positione
1206 1133 1481 1200 designat,
1512 1130 1713 1184 idcirco
1743 1128 1945 1182 dictum

368 1242 475 1296 est,
518 1230 811 1286 secundum
858 1227 1132 1297 placitum.
1168 1224 1321 1289 Quod
1368 1224 1510 1278 enim
1542 1222 1740 1289 placuit
1778 1219 1827 1274 ei
1858 1218 1946 1287 qui

365 1314 819 1394 primusnomina
850 1321 1045 1375 indidit
1072 1320 1256 1381 rebus.
1288 1317 1392 1372 hoc
1422 1316 1528 1370 illis
1556 1313 1826 1367 vocabulis
1855 1312 1948 1365 de-

368 1418 623 1487 signatur.
659 1417 770 1485 Age
825 1414 966 1467 enim
1018 1413 1137 1483 quis
1190 1410 1504 1465 naturaliter
1560 1407 1772 1460 nomina
1830 1418 1951 1459 esse

368 1510 679 1573 conﬁrmet,
712 1520 939 1577 quorum
982 1504 1121 1573 apud
1151 1516 1339 1556 omnes
1380 1509 1569 1570 gentes
1600 1508 1682 1553 est
1727 1510 1834 1550 tam
1865 1496 1950 1550 di-

368 1613 517 1657 νει-εει
547 1600 801 1653 varietas.
837 1598 944 1651 Nec
971 1611 1099 1649 vero
1120 1595 1315 1648 dicitur
1338 1592 1481 1662 quod
1514 1591 1654 1644 nulla
1673 1604 1776 1642 vox
1800 1597 1953 1641 natu—

370 1694 549 1749 raliter
579 1690 774 1759 aliquid
806 1690 1074 1756 designet,
1122 1687 1216 1740 sed
1245 1685 1385 1754 quod
1419 1684 1633 1738 nomina
1665 1696 1771 1735 non
1798 1689 1952 1733 natu-

369 1787 569 1850 raliter,
603 1784 697 1838 sed
730 1781 998 1851 positione
1021 1778 1341 1847 signiﬁcent.
1375 1775 1583 1844 Alioqui
1624 1772 1823 1825 habent
1850 1770 1952 1823 hoc

2048 576 2230 639 mitus,
2269 587 2325 631 ct
2364 578 2500 631 tauri
2544 578 2798 646 mugitus,
2838 575 2953 629 haec
2990 582 3115 628 sunt
3153 573 3367 627 nomine
3398 573 3631 640 ipsarum

2048 681 2238 720 vocum
2260 685 2379 736 qua:
2408 685 2436 722 a
2467 668 2627 723 mutis
2655 668 2973 723 animalibus
3006 666 3343 732 proferuntur
3365 680 3379 728 ;
3403 661 3500 717 sed
3529 678 3633 717 non

2050 758 2154 813 hoc
2194 759 2423 813 dicimus
2460 759 2710 830 quoniam
2754 773 2938 813 eorum
2982 756 3111 810 nihil
3152 764 3235 810 est
3279 769 3499 817 nomen,
3540 751 3634 807 sed

2049 857 2304 924 quoniam
2350 855 2543 911 horum
2590 871 2841 910 sonorum
2882 854 3013 908 nihil
3058 853 3159 907 tale
3198 861 3304 916 est,
3344 860 3401 905 ut
3442 863 3636 903 nomen

2050 965 2171 1005 esse
2201 951 2388 1020 possit,
2423 952 2475 1005 id
2505 960 2587 1004 est
2616 961 2675 1004 ut
2709 948 2998 1004 secundum
3020 962 3099 1001 ea
3146 946 3291 999 velut
3334 944 3638 997 nominibus

2053 1052 2263 1097 utentes
2294 1042 2418 1096 ferae
2446 1041 2548 1096 sibi
2579 1042 2804 1094 invicem
2830 1029 3231 1106 colloquantur,
3264 1036 3464 1089 habent
3493 1036 3639 1089 enim

2052 1134 2517 1203 signiﬁcationem,
2551 1133 2645 1187 sed
2681 1132 2762 1201 (nt
2798 1131 2999 1186 dictum
3039 1129 3143 1199 est)
3177 1128 3498 1183 naturalem.
3529 1125 3641 1180 No-

2054 1243 2176 1281 men
2202 1236 2377 1281 autem
2405 1227 2696 1281 secundum
2727 1226 2978 1293 placitum
3011 1234 3114 1278 est.

2130 1316 2250 1370 Non
2284 1318 2432 1368 homo
2461 1332 2576 1369 vero
2607 1332 2705 1368 non
2732 1323 2805 1368 est
2834 1330 3049 1378 nomen,
3075 1323 3127 1365 at
3148 1328 3265 1365 vero
3288 1327 3377 1364 nec
3408 1311 3636 1373 positum

2056 1419 2129 1463 est
2157 1424 2339 1461 nomm
2362 1452 2375 1470 ,
2406 1424 2503 1475 quo
2533 1407 2665 1460 illud
2695 1414 2926 1474 oporteat
2961 1404 3248 1475 appellare.
3294 1401 3435 1456 Nam
3472 1417 3635 1467 neque

2056 1503 2258 1566 oratio,
2289 1518 2451 1570 neque
2488 1500 2694 1573 negatio
2735 1509 2804 1554 est
2828 1542 2841 1562 ,
2882 1498 2971 1552 sed
3009 1500 3076 1552 sit
3115 1514 3299 1552 nomen
3337 1497 3599 1566 inﬁnitum
3623 1536 3638 1553 .

2056 1594 2300 1656 quoniam
2328 1593 2564 1646 similiter
2593 1593 2646 1644 in
2671 1590 2896 1661 quolibet
2924 1600 3027 1654 est,
3060 1598 3107 1651 et
3137 1590 3274 1659 quod
3300 1598 3406 1647 est,
3432 1595 3478 1640 et
3508 1586 3647 1654 quod

2057 1703 2161 1739 non
2185 1696 2276 1739 est.
2312 1683 2522 1738 Catonis
2550 1691 2723 1736 autem
2750 1683 2830 1736 vel
2856 1680 3040 1736 Catoni
3058 1722 3074 1747 ,
3106 1690 3150 1734 et
3179 1695 3493 1751 quiscunque
3522 1679 3647 1730 talia

2057 1785 2211 1839 sunt.
2242 1792 2345 1829 non
2368 1785 2487 1829 sunt
2518 1774 2758 1838 nomina,
2789 1775 2878 1826 sed
2905 1788 3056 1826 casus
3084 1772 3327 1825 nominis.
3364 1770 3523 1824 Ratio
3546 1785 3649 1823 au-

369 1877 601 1931 ferarum
621 1916 635 1939 ,
664 1867 1037 1941 tnutorqutie
1076 1870 1381 1923 animalium
1410 1867 1558 1931 soni,
1585 1879 1811 1934 quorum
1847 1877 1951 1915 vox
1982 1850 2032 1909 B
2061 1878 2160 1921 ιεηι
2187 1870 2298 1939 ejus
2328 1877 2400 1921 εει
2428 1867 2482 1919 in
2510 1866 2631 1919 αιῑεε
2657 1866 2864 1935 quidem
2893 1864 3072 1918 eadem
3094 1902 3110 1926 ,
3140 1866 3229 1917 τεά
3260 1862 3452 1927 άίΙῙει-ι,
3500 1860 3648 1926 Quo-

371 1960 586 2038 quidem
617 1965 879 2035 signiﬁcat
914 1962 1137 2031 aliquid,
1168 1969 1227 2014 ut
1263 1960 1502 2013 hinnitus
1532 1958 1654 2026 equi
1706 1954 1951 2009 consueti

369 2062 489 2130 equi
524 2058 955 2127 inquisitionem,
989 2055 1211 2107 latratus
1269 2066 1461 2105 canum
1504 2048 1812 2102 latrantium
1845 2048 1952 2098 ira-

372 2150 615 2206 cundiam
640 2146 1112 2210 monstrat,etalia
1148 2142 1477 2214 huiusmodi.
1507 2141 1611 2196 Sed
1643 2155 1762 2193 cum
1792 2152 1954 2192 voces

373 2252 640 2297 mutorum
665 2238 974 2293 animalium
998 2236 1211 2306 propria
1236 2244 1425 2288 natura
1448 2230 1771 2300 signiﬁcent,
1795 2229 1956 2283 nullis

374 2344 550 2388 tamen
576 2331 959 2385 elementorum
1005 2325 1249 2380 lormulis
1281 2323 1713 2380 conscribuntur.
1748 2320 1955 2374 Nomen

374 2440 502 2481 vero
525 2437 821 2492 quanquam
845 2421 1089 2491 subiacet
1108 2418 1411 2483 elementis,
1431 2417 1576 2487 prius
1593 2427 1769 2469 tamen
1795 2426 1954 2481 quam

376 2520 438 2571 ad
462 2518 692 2587 aliquant
721 2515 975 2585 subiectae
1007 2517 1080 2569 rei
1109 2512 1553 2583 signiﬁcationem
1574 2517 1831 2580 ponatur,
1862 2520 1958 2575 per

378 2627 435 2665 se
467 2609 600 2662 nihil
626 2608 890 2676 designat,
926 2615 981 2658 ut
1011 2620 1129 2658 cum
1159 2603 1388 2658 dicimus
1414 2599 1729 2669 scindapsus
1759 2598 1840 2652 vel
1865 2595 1959 2650 he—

378 2701 665 2770 receddyn,
693 2699 808 2753 haec
837 2712 931 2766 per
958 2710 1018 2751 se
1046 2694 1175 2749 nihil
1204 2693 1419 2763 quidem
1444 2690 1766 2760 signiﬁcant,
1788 2686 1883 2743 sed
1912 2684 1958 2740 si

376 2796 439 2845 ait
471 2791 723 2861 subiecta:
752 2789 830 2843 rei
859 2789 1086 2856 alicuius
1107 2786 1551 2855 signiﬁcationem
1584 2791 1870 2849 ponantur,
1902 2785 1961 2832 ut

378 2886 586 2940 dicatur
613 2883 698 2937 vel
726 2884 889 2936 homo
931 2879 1265 2947 scindapsus,
1298 2876 1382 2931 vel
1411 2876 1545 2944 lapis
1579 2872 1919 2942 hereceddyn
1939 2911 1958 2938 ,

378 2989 504 3032 tunc
525 2975 637 3029 haec
667 2989 785 3043 qua:
819 2987 915 3042 per
936 2988 995 3025 se
1036 2971 1165 3024 nihil
1192 2968 1585 3038 signiﬁcabant,
1620 2966 1887 3034 positione
1908 2971 1963 3017 et

381 3067 667 3125 secundum
733 3065 980 3133 ponentis
1029 3063 1297 3132 quoddam
1348 3060 1599 3131 placitum
1657 3058 1958 3133 designant.

382 3163 519 3229 Ergo
530 3174 651 3213 cum
666 3172 858 3213 nomen
874 3156 1286 3227 signiﬁcativum
1302 3163 1404 3220 est,
1418 3152 1630 3223 quando
1644 3152 1850 3223 (utipse
1865 3150 1960 3217 ait)

382 3254 438 3306 ﬁt
461 3227 606 3316 nota,
656 3261 783 3304 tunc
810 3256 986 3303 autem
1016 3248 1076 3304 ﬁt
1102 3249 1238 3302 nota‘
1257 3262 1375 3305 cum
1398 3246 1691 3305 secundum
1716 3244 1964 3315 pauentis
1991 3227 2039 3291 (ἶ

380 3344 632 3412 placitum
696 3341 1012 3396 vocabulum
1038 3342 1179 3411 quod
1212 3340 1524 3395 naturaliter
1554 3336 1690 3393 nihil
1720 3338 1966 3404 designa-

381 3437 468 3489 bat
500 3433 564 3488 ad
602 3432 855 3502 subjecta:
894 3433 969 3488 rei
1015 3432 1454 3503 signiﬁcationem
1497 3431 1689 3495 datur;
1756 3429 1856 3481 hoc
1885 3435 1969 3482 est

381 3526 521 3582 enim
554 3526 693 3596 quod
722 3526 817 3593 ait,
850 3525 908 3578 ﬁt
936 3534 1091 3588 nota;
1135 3523 1181 3576 si
1222 3524 1365 3578 enim
1403 3522 1716 3576 naturaliter
1748 3520 1967 3573 nomina

381 3621 763 3692 signiﬁcarent,
806 3634 1072 3690 nunquam
1103 3618 1172 3673 de
1195 3618 1277 3673 his
1309 3617 1625 3671 Aristoteles
1652 3616 1877 3678 diceret,
1912 3613 1969 3667 ﬁt

380 3724 527 3777 nota,
554 3724 678 3767 tunc
700 3714 841 3768 enim
872 3728 978 3765 non
1004 3712 1158 3765 ﬁeret
1185 3719 1329 3775 nota,
1355 3710 1447 3764 sed
1478 3718 1653 3772 esset;
1674 3722 1812 3776 ergo.
1830 3722 1964 3776 quoc

382 3808 524 3860 niam
566 3807 777 3859 nomina
817 3805 1108 3858 secundum
1139 3803 1389 3871 placitum
1430 3800 1779 3871 signiﬁcaliva
1820 3806 1963 3859 sunt,

382 3900 619 3952 ferarum
659 3910 789 3951 vero
820 3894 1080 3948 illitterati
1111 3894 1227 3947 soni
1257 3892 1547 3947 secundum
1579 3901 1847 3952 naturam,
1872 3889 1969 3941 ‘id-

381 3990 523 4045 circo
546 3988 736 4042 horum
759 4000 920 4040 voces
941 3999 1058 4040 esse
1080 3982 1297 4037 nomina
1322 3997 1426 4035 non
1450 3982 1715 4035 dicuntur.
1744 3979 1970 4033 Univer-

382 4081 563 4136 saliter
588 4088 765 4134 autem
787 4079 1050 4132 dicimus:
1080 4074 1317 4130 omnium
1339 4089 1528 4129 vocum
1558 4074 1675 4127 alite
1702 4082 1969 4140 suntquae

383 4172 619 4227 inscribi
648 4171 840 4226 litteris
884 4176 1128 4238 possunt,
1172 4166 1291 4220 aliae
1326 4182 1443 4235 quac
1480 4181 1584 4220 non
1620 4174 1862 4235 possunt.
1906 4162 1971 4218 Et

384 4262 565 4317 rursus
587 4276 769 4316 earum
797 4275 917 4328 qua:
943 4256 1307 4312 inscribuntur
1331 4256 1679 4317 vclminime,
1710 4256 1825 4308 alia:
1850 4254 1967 4323 qui-

383 4358 502 4411 dem
548 4355 881 4424 signiﬁcant,
927 4350 1047 4406 alia:
1097 4365 1224 4405 vero
1269 4348 1425 4405 nihil.
1469 4349 1711 4417 Amplius
1755 4362 1967 4416 quoque

383 4449 619 4501 omnium
653 4460 865 4507 vocum,
901 4443 1021 4497 alia:
1048 4442 1340 4498 secundum
1379 4441 1631 4510 placitum
1664 4441 1965 4509 designant,

366 4540 502 4595 ‘alize
529 4553 657 4592 vero
688 4534 1021 4590 naturaliter.
1066 4534 1267 4589 Nomen
1305 4548 1433 4602 ergo
1463 4532 1756 4586 secundum
1803 4531 1967 4597 placi-

384 4643 494 4685 tum
518 4639 621 4692 est,
654 4628 916 4697 positione
942 4628 1086 4682 enim
1118 4625 1312 4679 factum
1340 4632 1422 4679 est
1443 4625 1695 4691 subjecta
1718 4623 1794 4676 rei
1820 4630 1963 4675 nota.

384 4722 525 4776 Nihil
556 4722 697 4774 enim
726 4718 1000 4773 nominum
1024 4726 1109 4771 est
1160 4714 1303 4785 quod
1340 4716 1655 4769 naturaliter
1682 4713 1966 4784 signiﬁcet,

383 4832 488 4869 non
521 4813 662 4867 enim
695 4827 887 4865 nomen
918 4809 1172 4866 informat
1205 4807 1522 4877 signiﬁcatio
1552 4807 1843 4861 secundum
1875 4824 1968 4861 na-

386 4917 591 4967 liram,
651 4903 744 4957 sed
797 4901 1088 4956 secundum
1138 4900 1391 4969 placitum
1430 4900 1769 4969 signiﬁcatio.
1833 4900 1965 4954 Nam

381 5010 428 5053 et
477 4997 733 5050 illitterati
776 4998 893 5050 soni
936 4996 1263 5065 signiﬁcant,
1297 5004 1353 5048 ut
1395 5004 1519 5049 sunt
1551 4996 1803 5062 terarum,
1833 5011 1969 5066 quos

380 5091 503 5144 ideo
533 5104 696 5144 sonos
728 5088 959 5151 vocavit,
981 5090 1230 5156 quoniam
1259 5096 1384 5142 sunt
1415 5098 1557 5140 muta
1587 5086 1829 5156 quaedam
1851 5087 1967 5141 ani-

390 5183 547 5236 malia
596 5197 713 5250 qua:
750 5195 935 5235 vocem
978 5180 1197 5233 omnino
1232 5194 1336 5233 non
1371 5179 1587 5240 habent,
1626 5179 1717 5232 sed
1758 5187 1963 5233 tantum

383 5276 564 5327 sonitu
594 5273 823 5343 quodam
852 5279 1194 5339 concrepant.
1222 5269 1447 5337 Quidam
1474 5260 1617 5324 enim
1644 5271 1819 5338 pisces
1857 5284 1963 5323 non

382 5378 533 5429 voce,
560 5365 651 5419 sed
685 5363 915 5418 branciis
941 5371 1134 5415 sonant
1155 5373 1209 5416 et
1230 5360 1310 5431 (ut
1338 5361 1664 5429 Porphyrius
1693 5359 1954 5427 autumat)

380 5456 562 5511 cicada
590 5470 687 5525 per
731 5464 912 5523 pectus
953 5452 1183 5506 sonitum
1226 5451 1408 5517 mittit,
1449 5467 1677 5521 quorum
1718 5450 1958 5504 omnium

381 5546 512 5600 nihil
533 5556 615 5601 est
640 5560 853 5600 nomen.
882 5544 995 5599 Hoc
1013 5552 1190 5598 autem
1215 5543 1415 5597 dictum
1438 5553 1521 5598 est
1546 5558 1650 5597 non
1677 5542 1813 5610 quod
1840 5542 1961 5595 nul-

382 5637 491 5693 lum
521 5654 715 5694 nomen
745 5638 814 5692 sit
854 5637 1041 5691 harum
1085 5650 1274 5690 vocum
1313 5651 1445 5706 quas
1484 5634 1734 5690 animalia
1778 5633 1959 5704 profe-

384 5739 528 5793 runt,
549 5730 642 5785 sed
663 5729 804 5798 quod
820 5728 918 5784 bis
944 5744 1049 5784 non
1068 5728 1218 5785 velut
1237 5727 1540 5784 nominibus
1562 5735 1798 5783 utantur.
1826 5726 1957 5783 Nam

383 5826 630 5897 quamvis
674 5824 947 5886 illitterata
983 5825 1051 5879 sit
1090 5838 1194 5881 vox
1240 5834 1293 5882 et
1337 5833 1528 5881 natura
1574 5824 1862 5896 signiﬁcet,
1903 5837 1959 5882 ut

1992 4593 2047 4653 D

2061 1963 2198 2016 niam
2230 1977 2348 2014 cum
2389 1970 2499 2023 est,
2530 1959 2607 2013 vel
2651 1960 2784 2029 fuit,
2815 1959 2902 2012 iel
2941 1959 3068 2023 erit,
3114 1958 3451 2027 adjunctum,
3494 1971 3649 2023 neque

2061 2070 2236 2107 verum
2257 2095 2271 2115 ,
2308 2069 2467 2122 neque
2496 2054 2687 2121 falsum
2716 2059 2821 2115 est,
2852 2066 3036 2105 nomen
3062 2064 3179 2103 vero
3218 2064 3433 2118 semper,
3472 2056 3524 2097 ut
3550 2043 3649 2098 Ca-

2064 2147 2197 2201 tonis
2224 2158 2295 2201 est
2317 2188 2330 2205 ,
2360 2150 2434 2200 vel
2463 2163 2565 2199 non
2594 2155 2704 2209 est,
2739 2132 2966 2199 nondum
3007 2144 3140 2199 enim
3178 2143 3374 2211 aliquid
3413 2141 3536 2194 dicit
3563 2158 3650 2194 vr-

2063 2255 2177 2292 rum
2207 2248 2293 2290 aut
2324 2238 2536 2305 falsum.
3340 2232 3341 2235 “

2050 2348 2053 2353 λ
2138 2331 2400 2399 Superius
2441 2329 2621 2383 omnia
2660 2342 2997 2397 quaecunque
3036 2336 3187 2382 extra
3229 2341 3426 2381 nomen
3468 2338 3650 2381 essent

2065 2423 2338 2493 praedictis
2382 2420 2777 2489 adiectionibus
2820 2435 2848 2473 a
2895 2419 3112 2474 nomine
3157 2418 3465 2487 separavit;
3510 2433 3652 2471 nunc

2048 2524 2199 2572 ‘vero
2247 2516 2498 2585 quoniam
2555 2524 2681 2568 sunt
2726 2512 2971 2581 quaedam
3023 2527 3140 2580 qum
3188 2512 3287 2566 sub
3331 2511 3654 2565 difﬁnitione

2068 2608 2288 2678 quidem
2319 2608 2555 2663 nominis
2587 2604 2818 2669 cadunt,
2849 2603 3100 2659 videntur
3144 2613 3319 2657 tamen
3363 2619 3391 2657 a
3435 2604 3654 2658 nomine

2047 2701 2376 2770 discrepare
2396 2742 2409 2766 ,
2443 2701 2511 2755 de
2543 2701 2625 2755 his
2660 2699 2909 2763 disserit,
2946 2707 3001 2751 ut
3029 2696 3155 2767 quid
3186 2712 3305 2752 esse
3344 2712 3539 2751 nomen
3572 2698 3654 2750 in-

2067 2803 2222 2865 tegre
2278 2793 2526 2847 videatur
2565 2791 2835 2862 expediat.
2884 2788 3038 2856 Quod
3082 2789 3227 2844 enim
3273 2788 3501 2842 dicimus
3543 2804 3650 2841 non

2068 2886 2263 2953 homo,
2298 2884 2383 2939 vel
2414 2899 2520 2937 non
2554 2898 2722 2951 equus
2745 2923 2761 2946 ,
2791 2881 2963 2936 oratio
2994 2879 3209 2949 quidem
3250 2894 3353 2932 non
3384 2888 3487 2933 est.
3516 2878 3647 2933 Om-

2068 2978 2154 3030 nis
2184 2976 2326 3030 enim
2352 2976 2524 3028 oratio
2553 2982 2647 3026 aut
2677 2970 2984 3027 nominibus
3009 2980 3221 3025 constat
3249 2977 3303 3024 et
3331 2970 3530 3035 verbis,
3563 2978 3654 3024 aut

2069 3065 2201 3121 solis
2230 3065 2439 3119 duobus
2472 3064 2555 3117 vel
2588 3063 2830 3130 pluribus
2861 3061 3040 3115 verbis
3062 3102 3076 3126 ,
3124 3062 3206 3113 vel
3252 3061 3382 3115 solis
3424 3061 3655 3115 nomini-

2056 3160 2190 3219 ,huS.
2227 3159 2284 3214 ln
2315 3173 2380 3214 eo
2411 3167 2590 3212 autem
2619 3155 2760 3227 quod
2792 3164 2873 3212 est
2904 3171 3009 3210 non
3039 3155 3222 3220 homo,
3254 3171 3415 3209 unum
3445 3166 3652 3208 tantum

2070 3266 2266 3306 nomen
2309 3261 2423 3315 est,
2458 3248 2601 3319 quod
2642 3248 2831 3303 dicitur
2870 3249 3056 3314 homo,
3088 3247 3140 3303 id
3184 3257 3360 3301 autem
3402 3246 3543 3315 quod
3575 3257 3656 3302 est

2072 3361 2214 3409 non,
2248 3358 2419 3411 neque
2451 3357 2646 3396 nomen
2689 3350 2805 3407 est,
2849 3352 3024 3411 neque
3066 3340 3305 3395 verbum.
3347 3339 3525 3406 Quare
3564 3355 3656 3395 nee

2071 3453 2174 3507 quc
2205 3451 2268 3489 ex
2298 3435 2505 3489 duobus
2532 3434 2716 3489 verbis
2745 3442 2991 3498 constat,
3023 3443 3116 3488 aut
3155 3449 3220 3487 ex
3242 3430 3426 3488 'verbo
3464 3443 3522 3488 et
3563 3447 3656 3487 no-

2073 3529 2241 3582 mine.
2290 3527 2521 3583 Verbum
2568 3528 2714 3582 enim
2762 3527 2817 3581 in
2870 3542 2935 3582 eo
2980 3527 3183 3581 nullum
3235 3538 3345 3593 est,
3390 3541 3557 3596 quare
3605 3528 3655 3581 id

2071 3622 2215 3688 quod
2244 3621 2474 3675 dicimus
2505 3636 2607 3675 noxi
2642 3621 2834 3686 homo,
2865 3621 3040 3675 oratio
3082 3636 3188 3675 non
3230 3632 3332 3675 est.
3372 3620 3491 3675 1am
3528 3635 3657 3675 vero

2074 3728 2174 3767 nec
2203 3713 2425 3769 verbum
2456 3726 2576 3767 esse
2605 3723 2911 3767 monstrare
2967 3712 3290 3781 superﬂuum
3320 3722 3419 3776 est,
3449 3726 3570 3767 cum
3603 3713 3656 3765 in

2074 3806 2258 3860 verbis
2304 3816 2542 3872 tempora
2591 3821 2806 3874 semper
2852 3807 3220 3875 reperiantur,
3275 3807 3324 3858 in
3379 3808 3477 3859 hoc
3529 3820 3659 3861 vero

2076 3898 2280 3950 nullum
2312 3898 2529 3950 omnino
2561 3897 2839 3965 quisquam
2873 3907 3081 3966 tempus
3114 3898 3372 3954 inveniat.
3410 3898 3513 3951 Sed
3557 3913 3658 3951 rec

2078 3990 2291 4059 negatio
2346 3999 2450 4043 est.
2493 3988 2679 4042 Omnis
2723 3990 2868 4043 enim
2918 3990 3125 4056 negatio
3170 3990 3343 4043 oratio
3385 3999 3496 4051 est,
3544 4001 3657 4043 non

2077 4080 2239 4131 homo
2283 4094 2411 4132 vero
2451 4095 2569 4133 cum
2623 4079 2794 4133 oratio
2837 4094 2940 4133 non
2985 4081 3090 4144 sit,
3138 4096 3233 4133 nec
3279 4079 3491 4149 negatio
3538 4094 3661 4136 esse

2047 4178 2274 4237 'potest.
2306 4169 2437 4223 lllud
2469 4163 2716 4240 quoque,
2749 4170 2889 4239 quod
2923 4171 3097 4224 omnis
3137 4172 3351 4238 negatio
3394 4178 3485 4224 aut
3528 4185 3660 4225 vera

2049 4274 2167 4318 'aut
2195 4264 2326 4317 falsa
2370 4274 2491 4329 est,
2522 4278 2626 4317 non
2671 4265 2833 4318 homo
2877 4280 3005 4319 vero
3044 4280 3217 4334 neque
3259 4281 3440 4320 verum
3487 4280 3667 4334 neque

2078 4357 2265 4410 falsum
2298 4367 2371 4410 est
2397 4396 2413 4422 ,
2445 4371 2637 4411 sensus
2666 4360 2807 4411 enim
2838 4356 3028 4425 plenus
3059 4372 3163 4409 non
3195 4367 3276 4410 est
3296 4397 3311 4421 ,
3352 4371 3522 4427 quare
3565 4373 3666 4411 ne.

2074 4449 2218 4515 gatio
2248 4463 2366 4503 esse
2395 4457 2612 4516 propter
2654 4448 2755 4502 hoc
2793 4462 3005 4517 quoque
3047 4462 3151 4501 non
3195 4447 3409 4502 dicitur.
3457 4447 3668 4506 Nomen

2076 4555 2204 4594 vero
2248 4556 2369 4595 esse
2411 4540 2531 4608 quis
2573 4540 2750 4607 dicat,
2783 4554 2903 4593 cum
2936 4556 3095 4594 omne
3144 4552 3337 4595 nomen
3380 4539 3494 4593 sive
3541 4556 3666 4608 pro-

2075 4634 2290 4701 prium,
2345 4631 2457 4685 sive
2511 4632 2893 4701 appellativum
2945 4634 3050 4699 sit,
3103 4631 3320 4687 deﬁnite
3372 4632 3664 4701 signiﬁcet.

2052 4722 2207 4776 Cum
2236 4722 2381 4777 enim
2410 4720 2530 4776 dico
2561 4719 2785 4789 Cicero,
2818 4736 2978 4777 unam
3028 4737 3312 4790 personam
3336 4762 3351 4786 ,
3395 4738 3668 4791 unamque

2075 4816 2429 4870 substantiam
2462 4815 2765 4881 nominavi,
2798 4828 2849 4868 et
2879 4831 2998 4869 cum
3031 4816 3151 4869 dico
3182 4817 3376 4882 homo,
3408 4816 3551 4886 quod
3583 4827 3667 4873 est

2078 4921 2271 4962 nomen
2303 4906 2690 4975 appellativum
2713 4949 2727 4971 ,
2758 4905 3031 4960 deﬁnitam
3066 4905 3422 4961 substantiam
3461 4907 3667 4975 signiﬁ-

2076 5002 2212 5051 cavi.
2258 4997 2391 5052 Cum
2435 5012 2565 5052 vero
2594 4998 2717 5052 dico
2761 5013 2866 5052 non
2912 4998 3107 5065 homo,
3154 5000 3401 5069 signiﬁco
3444 5000 3665 5069 quidem

2076 5088 2359 5158 quiddam,
2396 5088 2449 5143 id
2482 5089 2620 5159 quod
2654 5088 2816 5143 homo
2847 5104 2950 5143 non
2982 5099 3097 5153 est,
3131 5092 3225 5144 sed
3257 5092 3357 5145 hoc
3395 5090 3666 5147 inﬁnitum

2077 5189 2179 5235 est.
2224 5180 2407 5234 Potest
2444 5180 2586 5234 enim
2628 5190 2681 5233 et
2721 5183 2868 5236 canis
2910 5182 3229 5250 signiﬁcari;
3275 5192 3328 5238 et
3373 5199 3575 5246 equus,
3609 5193 3665 5238 et

2077 5273 2247 5340 lapis,
2279 5282 2334 5327 et
2359 5273 2716 5345 quodcunque
2747 5275 2907 5329 homo
2939 5290 3041 5329 non
3078 5277 3233 5332 fuerit
3254 5320 3267 5343 ,
3303 5286 3357 5332 et
3386 5279 3664 5347 aequaliter

2074 5362 2288 5427 dicitur,
2320 5373 2374 5417 et
2404 5366 2455 5418 in
2486 5380 2551 5417 eo
2582 5364 2723 5434 quod
2754 5373 2870 5429 est,
2905 5375 2959 5419 ct
2989 5366 3039 5419 in
3071 5382 3134 5420 eo
3166 5367 3306 5435 quod
3337 5383 3441 5421 non
3470 5376 3571 5423 est.
3604 5367 3662 5421 Si

2076 5455 2196 5524 quis
2224 5455 2365 5525 enim
2394 5455 2461 5510 de
2490 5456 2635 5525 Sylla
2666 5457 2755 5523 qui
2786 5473 2891 5510 non
2920 5468 3034 5519 est,
3069 5457 3206 5512 dicat
3237 5474 3344 5512 non
3377 5459 3559 5525 homo,
3589 5459 3663 5513 si-

2073 5547 2293 5615 gniﬁcat
2322 5548 2571 5613 quiddam
2605 5548 2743 5616 quod
2780 5549 2832 5601 in
2862 5550 3162 5602 substanlia
3192 5565 3349 5617 atque
3390 5552 3439 5604 in
3481 5567 3658 5605 rerum

2076 5651 2263 5695 natura
2296 5656 2400 5695 non
2435 5652 2732 5711 permanet.
2778 5643 2981 5710 Siquis
3024 5655 3199 5697 autem
3244 5646 3323 5697 vel
3373 5647 3437 5697 de.
3486 5647 3659 5714 lapide

2072 5735 2157 5790 vel
2190 5735 2258 5790 de
2284 5735 2460 5803 ligno,
2495 5734 2575 5788 vel
2608 5734 2675 5789 de
2706 5735 2826 5787 aliis
2855 5750 2973 5801 qum
3001 5747 3127 5789 sunt
3166 5737 3328 5791 rebus
3369 5738 3507 5792 dicat
3554 5756 3656 5792 non

2076 5828 2268 5896 homo,
2302 5828 2441 5884 idem
2488 5836 2662 5884 tamen
2707 5828 2904 5897 aliquid
2950 5828 3305 5900 signiﬁcabit,
3352 5842 3404 5887 et
3447 5848 3653 5903 semper
