4022 6332
295 276 393 332 4ὲὸ

1031 276 1094 333 ΙΝ
1135 275 1393 336 LIBRUM
1433 278 1520 334 DE
1561 270 2201 335 lNTERPRETATlONE
2244 269 2464 335 EDITIO
2512 272 2847 336 SECUNDA.

3452 274 3555 333 4‘28

296 403 483 461 praeter
513 392 562 447 id
593 393 734 463 quod
766 393 1001 448 nominat
1039 393 1349 463 hujusmodi
1378 394 1622 450 vocabuli
1663 393 1869 464 signiﬁv
1897 391 1953 454 Λ
1989 392 2119 448 mini
2171 394 2315 449 omni
2362 394 2679 451 dilﬁnitione
2721 392 3019 463 conjuncti.
3059 394 3246 466 Magna
3285 403 3371 452 est
3413 399 3558 452 enim

292 484 429 538 catio
455 495 556 538 est.
589 484 812 540 Sublato
842 485 985 539 enim
1019 484 1234 541 homine
1262 486 1517 557 quidquid
1562 494 1754 557 praeter
1782 485 1877 539 ho-

292 577 489 632 minem
521 585 643 642 est,
675 580 776 634 hoc
817 576 1084 647 signiﬁcat
1126 594 1231 633 non
1279 579 1471 643 homo,
1519 578 1661 648 quod
1704 560 1878 632 alno-

293 666 436 721 mine
468 665 754 734 plurimum
786 666 1001 732 diﬁ'ert;
1036 680 1195 723 omne
1237 668 1384 723 enim
1427 681 1620 722 nomen
1660 667 1753 739 (ut
1790 666 1874 721 di-

294 769 432 812 ctum
462 761 583 824 est)
615 757 835 813 deﬁnite
879 758 930 812 id
973 758 1237 827 signilicat
1278 758 1417 828 quod
1465 758 1790 821 nominatur,
1822 762 1879 811 et

293 868 395 906 non
425 851 671 905 similiter
699 860 752 905 et
780 851 845 905 de
875 866 941 906 eo
971 851 1110 921 quod
1143 862 1225 907 est
1246 894 1260 915 ,
1293 863 1347 906 et
1374 850 1442 906 de
1480 866 1546 905 eo
1587 852 1726 921 quod
1769 865 1875 906 non

292 954 372 997 est
404 943 617 1009 dicitur,
668 943 759 997 sed
801 930 917 997 hzec
956 942 1261 1012 hujusmodi
1306 959 1404 999 vox
1450 952 1505 999 ει
1544 943 1874 1014 designativa

290 1044 407 1099 εει,
437 1043 491 1088 et
516 1033 580 1087 ad
611 1032 893 1102 placitum,
924 1042 979 1088 et
1005 1034 1123 1089 sine
1154 1045 1428 1105 tempore,
1462 1046 1516 1091 et
1545 1036 1640 1107 (ut
1672 1035 1874 1090 dictum

289 1126 407 1195 εει)
442 1134 618 1195 partes
643 1126 762 1194 ejus
792 1126 923 1179 nihil
964 1135 1112 1181 extra
1151 1126 1451 1197 designant.
1497 1127 1672 1195 Quare
1712 1126 1873 1181 dubia

290 1220 428 1288 apud
456 1220 705 1289 antiquos
733 1220 996 1275 sententia
1028 1220 1157 1284 luit,
1192 1232 1366 1274 utrum
1399 1235 1593 1275 nomen
1626 1220 1727 1274 hoc
1759 1234 1871 1274 non

292 1312 562 1377 dicerent,
606 1327 674 1365 an
718 1310 820 1367 hoc
857 1312 1032 1379 aliqua
1071 1311 1371 1382 adjectioue
1410 1312 1644 1367 nominis
1671 1311 1871 1365 difﬁni-

292 1405 421 1460 tioni
451 1404 799 1474 subjicerent.
834 1405 899 1459 Et
927 1404 1020 1475 qui
1050 1405 1152 1460 hoc
1180 1420 1211 1459 a
1253 1406 1469 1462 nomine
1511 1406 1831 1474 separabant
1851 1448 1868 1474 ,

291 1500 357 1552 ita
411 1513 606 1553 nomen
653 1498 975 1554 difﬁnitione
1023 1499 1351 1555 claudebant
1392 1500 1633 1555 dicentes
1678 1515 1873 1555 nomen

290 1606 410 1646 esse
460 1605 643 1644 vocem
688 1590 1071 1661 designativam
1117 1590 1410 1647 secundum
1453 1592 1709 1661 placitum
1758 1593 1875 1648 sine

291 1693 535 1753 tempore
564 1684 986 1753 circumscripta:
1029 1684 1435 1753 signiﬁcationis
1455 1725 1471 1751 ,
1503 1686 1655 1755 cujus
1697 1695 1875 1754 partes

290 1778 423 1830 nihil
457 1785 607 1832 extra
640 1776 1020 1847 designarent,
1056 1787 1110 1831 ut
1139 1778 1390 1848 quoniam
1422 1792 1526 1832 non
1570 1778 1730 1832 homo
1760 1793 1872 1833 rem
1905 1767 1953 1827 B

216 1870 219 1871 ⁷
288 1869 744 1937 cirtrtnnscr'ptam
770 1883 873 1921 non
900 1868 1244 1939 designaret,
1271 1884 1301 1923 a
1327 1869 1545 1923 nomine
1573 1877 1872 1938 separetur.

287 1962 392 2020 Alii
427 1977 553 2015 vero
581 1975 686 2016 non
713 1960 899 2017 eodem
933 1962 1127 2025 modo,
1163 1962 1258 2016 sed
1292 1962 1540 2017 dicebant
1569 1962 1781 2031 quidem
1824 1962 1878 2017 id

288 2068 411 2108 esse
442 2067 639 2108 nomen
662 2093 675 2119 ,
709 2052 801 2107 sed
836 2067 941 2108 non
987 2053 1322 2122 simpliciter.
1368 2054 1606 2122 Quadam
1650 2069 1879 2124 namque

289 2145 599 2216 adjectionc
623 2146 724 2200 sub
750 2148 966 2202 nomine
995 2148 1119 2216 poni
1150 2161 1308 2217 posse
1336 2148 1466 2202 illud
1495 2148 1751 2216 putabant
1777 2150 1879 2205 hoc

290 2240 485 2305 modo,
516 2248 573 2293 ut
602 2239 739 2294 sicut
770 2240 929 2294 homo
960 2249 1207 2301 mortuus
1233 2256 1340 2296 non
1383 2240 1583 2295 dicitur
1612 2240 1876 2310 simplici-

290 2344 369 2388 ter
399 2335 584 2402 homo,
615 2337 709 2392 sed
743 2336 904 2395 homo
933 2349 1197 2395 mortuus.
1231 2339 1304 2394 lta
1336 2354 1546 2411 quoque
1588 2347 1645 2395 et
1682 2352 1878 2394 nomen

292 2425 397 2482 hoc
436 2429 575 2498 quod
622 2429 754 2483 nihil
796 2429 1014 2485 deﬁnite
1044 2430 1415 2502 signiﬁcaret,
1462 2446 1569 2486 non
1609 2430 1878 2486 diceretur

291 2534 489 2573 nomen
518 2519 850 2589 simpliciter,
878 2522 972 2575 sed
1002 2536 1196 2577 nomen
1241 2522 1505 2576 inﬁnitum
1527 2561 1544 2587 ,
1574 2520 1727 2590 cujus
1756 2535 1877 2574 sen-

294 2610 477 2665 tentia:
508 2611 824 2666 Aristoteles
852 2620 1038 2667 auctor
1067 2624 1183 2678 εει,
1217 2612 1308 2683 qui
1351 2628 1411 2669 se
1452 2612 1553 2668 hoc
1597 2613 1671 2667 rei
1717 2627 1878 2667 voca-

289 2700 476 2755 bulum
527 2710 769 2763 autumat
818 2701 1244 2758 invenisse.‘Ait
1290 2704 1468 2768 enim,
1516 2712 1570 2757 at
1608 2717 1739 2759 vero
1779 2717 1880 2759 nec

291 2811 492 2852 nomen
536 2807 619 2851 est
659 2797 924 2867 positum,
965 2813 1073 2869 quo
1109 2797 1242 2854 illud
1285 2807 1530 2868 oporteat
1572 2799 1877 2868 appellare,

291 2889 480 2944 dicens
507 2888 558 2943 id
589 2887 732 2958 quod
760 2888 987 2943 dicimus
1014 2904 1122 2944 non
1151 2888 1313 2945 homo
1338 2905 1443 2958 quo
1480 2888 1739 2945 vocabulo
1779 2889 1875 2945 de-

292 2979 418 3034 beat
467 2979 723 3049 appellari
772 2995 876 3035 non
917 2982 1063 3034 novit
1111 2980 1432 3050 antiquitas,
1488 2989 1544 3035 et
1594 2970 1761 3051 usque
1811 2980 1878 3036 ad

291 3067 636 3123 Aristotelem
666 3070 843 3125 nullus
888 3079 1109 3125 noverat
1138 3070 1267 3139 quid
1308 3079 1450 3125 esset
1492 3071 1542 3124 id
1587 3071 1727 3141 quod
1770 3087 1874 3126 non

1983 486 2338 557 discrepantia
2369 489 2511 558 quod
2540 497 2746 545 rectum
2788 501 2987 545 nomen
3018 502 3139 544 cum
3167 495 3253 544 εει
3273 486 3555 560 junctum,
3582 480 3587 497 ³

1984 577 2272 648 perlectam
2313 579 2608 635 orationem
2652 580 2812 648 facit,
2852 581 3057 651 obliqui
3101 595 3258 635 casus
3304 580 3560 649 imperfe-

1980 679 2141 725 ctam.
2176 670 2329 737 Quod
2359 680 2534 726 autem
2578 670 2777 727 dictum
2824 681 2907 727 est
2950 672 3195 742 obliquos
3235 684 3392 726 casus
3434 686 3560 726 cum

1982 770 2067 816 est
2095 763 2261 817 verbo
2282 762 2495 830 junctos
2525 764 2819 819 orationem
2861 763 3155 833 perlectam
3194 778 3302 818 non
3344 763 3557 830 facere,

1975 868 2087 919 pon
2116 853 2346 908 dicimus
2376 854 2628 923 quoniam
2656 868 2773 907 cum
2801 854 2946 907 nullo
2977 852 3142 907 verbo
3173 850 3373 922 obliqui
3403 864 3560 908 casus

1975 945 2270 1017 junguntur
2302 947 2371 1000 ita
2395 988 2410 1012 ,
2445 954 2502 1000 ut
2531 946 2660 1000 nihil
2693 946 3017 1015 indigentem
3052 945 3329 1014 perﬁciant
3359 946 3561 1000 oratio-

1983 1053 2127 1093 nem.
2164 1039 2294 1092 (Ium
2324 1039 2467 1092 enim
2492 1037 2631 1102 dico,
2665 1036 2941 1092 Socratem
2970 1036 3225 1104 pcenitct,
3260 1036 3560 1093 enuntiatio

1980 1140 2096 1196 est,
2128 1131 2222 1185 sed
2255 1146 2361 1184 non
2392 1146 2513 1185 eum
2543 1130 2690 1185 omni
2719 1129 2913 1197 verbo,
2947 1130 3041 1184 sed
3075 1138 3276 1183 tantum
3320 1144 3439 1182 cum
3474 1135 3560 1183 est

1979 1222 2065 1277 vel
2112 1239 2216 1277 non
2259 1233 2375 1290 est,
2416 1223 2470 1277 hi
2526 1237 2682 1277 casus
2722 1222 2892 1292 juncti
2932 1222 3220 1291 perlectam
3262 1223 3562 1276 orationem
3662 1275 3675 1285 ,

1978 1314 2122 1369 nulla
2156 1316 2363 1369 ratione
2392 1316 2746 1370 constituunt.
2794 1315 2970 1384 Atque
3003 1314 3105 1369 hoc
3133 1324 3215 1369 est
3259 1315 3403 1383 quod
3447 1315 3559 1369 ait:

1978 1405 2197 1461 Catonis
2229 1415 2406 1460 autem
2442 1406 2527 1460 vel
2565 1404 2757 1460 Catoni
2798 1413 2855 1459 et
2884 1420 3214 1475 quzecunque
3245 1406 3367 1459 talia
3400 1414 3559 1473 sunt,

1980 1512 2084 1550 non
2130 1505 2257 1552 sunt
2288 1499 2540 1563 nomina,
2574 1497 2667 1551 sed
2710 1512 2867 1551 casus
2909 1497 3159 1552 nominis.
3208 1496 3357 1553 Unde
3396 1499 3560 1553 etiam

1978 1587 2284 1656 discrepare
2310 1588 2577 1653 videntur,
2607 1587 2720 1641 hmc
2741 1587 2881 1642 enim
2911 1588 3127 1643 nomina
3155 1604 3260 1642 non
3284 1598 3561 1645 vocantur.

1981 1677 2073 1732 llla
2102 1678 2244 1734 enim
2278 1679 2481 1733 rectius
2510 1679 2761 1733 dicuntur
2785 1678 3001 1733 nomina
3030 1693 3148 1748 qua:
3180 1678 3351 1747 prima
3390 1679 3564 1750 posita

1981 1780 2144 1833 sunt;
2176 1772 2226 1826 id
2259 1779 2342 1827 est
2368 1787 2488 1841 quae
2518 1771 2718 1838 aliquid
2748 1780 3068 1827 monstrant.
3111 1771 3388 1828 Genitivus
3416 1773 3563 1828 enim

1980 1881 2138 1921 casus
2168 1881 2271 1921 non
2304 1866 2540 1941 aliquid,
2583 1866 2676 1920 sed
2719 1865 2983 1936 alicujus,
3027 1875 3079 1920 et
3120 1866 3328 1922 dativus
3367 1867 3560 1933 alicui,

1983 1971 2035 2013 et.
2065 1958 2247 2013 εἱειετὶ
2277 1957 2466 2013 eodem
2498 1958 2676 2013 modo.
2710 1958 2907 2014 Rectus
2937 1973 3064 2013 vero
3103 1958 3193 2028 qui
3238 1967 3320 2013 est
3358 1959 3564 2029 primus

1982 2066 2096 2104 rem
2130 2060 2426 2115 monstrat,
2462 2060 2519 2105 ut
2548 2052 2591 2105 si
2621 2052 2739 2121 quis
2767 2052 2906 2107 dicat
2935 2053 3182 2108 Socrates
3208 2092 3221 2116 ,
3253 2062 3413 2123 atque
3440 2054 3565 2110 ideo

1983 2141 2069 2197 hic
2102 2143 2464 2198 nominativus
2490 2143 2707 2213 dicitur,
2736 2144 2878 2214 quod
2909 2147 3144 2201 nominis
3170 2146 3566 2216 quodammodo

1981 2235 2128 2290 solus
2174 2244 2353 2291 teneat
2393 2237 2536 2303 vim,
2572 2238 3022 2307 nomenque'sit,
3068 2248 3123 2294 et
3164 2238 3454 2294 verisimile
3480 2246 3566 2296 est

1983 2343 2106 2382 eum
2137 2329 2227 2398 qui
2260 2328 2463 2399 primus
2494 2332 2710 2385 nomina
2743 2330 2904 2386 rebus
2935 2332 3190 2401 imposuit
3221 2332 3289 2386 ita
3329 2332 3562 2397 dixisse,

1984 2432 2201 2477 vocetur
2233 2422 2319 2477 hic
2352 2424 2541 2487 homo,
2575 2433 2630 2478 et
2657 2439 2841 2479 rursus
2876 2435 3093 2479 vocetur
3133 2426 3219 2480 hic
3250 2425 3402 2494 lapis.
3435 2426 3588 2489 Ροε-⁴

1982 2514 2178 2569 teriore
2210 2529 2341 2569 vero
2372 2531 2468 2569 usu
2499 2514 2695 2569 factum
2725 2522 2840 2581 est,
2873 2521 2930 2568 ut
2958 2517 3009 2570 in
3037 2516 3169 2570 alios
3198 2530 3355 2570 casus
3384 2515 3563 2585 primi-

1982 2614 2068 2661 tus
2097 2605 2329 2677 positum
2363 2622 2559 2662 nomen
2588 2602 2942 2664 deri'varetur.
2974 2605 3108 2660 Illud
3143 2622 3354 2676 quoque
3385 2608 3561 2676 majus

1981 2707 2065 2752 est
2117 2697 2259 2766 quod
2306 2697 2482 2753 omnis
2525 2712 2680 2753 casus
2722 2697 2953 2752 nominis
2996 2696 3219 2766 alicujus
3265 2712 3418 2752 casus
3456 2706 3560 2756 est.

1982 2788 2127 2861 Ergo
2155 2789 2257 2844 nisi
2288 2792 2359 2845 sit
2386 2805 2581 2844 nomen
2601 2832 2616 2858 ,
2651 2788 2802 2860 cujus
2827 2804 2987 2844 casus
3014 2788 3114 2853 sit,
3148 2803 3305 2845 casus
3332 2790 3564 2844 nominis

1980 2880 2086 2936 dici
2112 2889 2261 2937 recte
2284 2897 2388 2936 non
2415 2890 2608 2951 potest.
2634 2878 2804 2936 Casus
2824 2888 3001 2935 autem
3020 2880 3195 2934 omnis
3218 2879 3435 2937 inllexio
3456 2890 3559 2938 est.

1981 2972 2087 3027 Sed
2132 2972 2512 3042 genitivus,et
2538 2972 2769 3041 dativus,
2813 2980 2869 3027 et
2900 2972 3081 3028 caeteri
3128 2972 3439 3027 nominativi
3481 2974 3564 3028 in-

1980 3066 2237 3122 ﬂexiones
2250 3073 2395 3132 sunt,
2407 3081 2573 3136 quare
2585 3064 2893 3120 nominativi
2907 3078 3064 3119 casus
3076 3069 3233 3120 er’unt
3245 3107 3260 3132 ,
3284 3064 3379 3121 sed
3391 3065 3563 3121 omnis

292 3158 456 3212 homo
500 3158 789 3224 diceretur,
831 3160 925 3215 sed
971 3160 1058 3215 hic
1101 3161 1225 3215 huic
1279 3162 1512 3217 sermoni
1559 3163 1875 3219 vocabulum
1904 3136 1951 3200 (ἶ
1985 3176 2144 3216 casus
2172 3163 2262 3232 qui
2305 3160 2599 3216 secundum
2630 3174 2826 3215 nomen
2855 3168 2972 3225 est,
3013 3159 3242 3213 nominis
3270 3173 3425 3214 casus
3458 3167 3561 3215 est.

291 3246 473 3316 posuit
501 3248 688 3303 dicens
710 3290 723 3312 ,
756 3248 849 3304 sed
880 3250 949 3305 sit
983 3266 1175 3307 nomen
1209 3250 1471 3307 inﬁnitum
1515 3269 1625 3307 non
1667 3253 1877 3323 simpli-

293 3344 426 3394 citer
456 3354 649 3396 nomen
670 3381 684 3403 ,
715 3342 964 3412 quoniam
995 3345 1140 3398 nulla
1172 3344 1672 3415 circumscriptione
1713 3347 1879 3417 signi-

293 3432 454 3498 ﬁcat,
487 3432 581 3487 sed
617 3433 876 3488 inﬁnitum
910 3449 1126 3506 nomen,
1158 3438 1407 3506 quoniam
1452 3437 1605 3507 plura
1628 3449 1683 3495 et
1723 3440 1775 3495 in
1814 3455 1878 3496 ea

293 3521 500 3577 inﬁnite
528 3524 814 3595 signiﬁcat.
846 3524 951 3581 Sed
985 3526 1086 3581 hoc
1117 3543 1222 3581 non
1252 3528 1424 3583 solum
1454 3529 1755 3599 hujusmodi
1786 3547 1879 3586 vo-

295 3612 446 3665 cibus
475 3614 776 3684 contingit,
812 3623 868 3669 ut
895 3614 1215 3684 simpliciter
1241 3617 1340 3672 sub
1371 3619 1586 3674 nomine
1619 3622 1741 3689 poni
1771 3638 1878 3678 non

296 3702 539 3770 possint,
577 3704 670 3758 sed
702 3714 824 3760 sunt
852 3707 1094 3776 quaedam
1123 3707 1243 3763 alia:
1287 3724 1406 3779 quae
1446 3711 1625 3768 omnia
1665 3714 1879 3783 quidem

295 3793 591 3848 accidentia
626 3797 860 3851 nominis
898 3788 1127 3865 habent,
1178 3810 1233 3855 et
1276 3801 1495 3859 deﬁnite
1543 3805 1878 3876 signiﬁcant,

295 3886 393 3942 sed
418 3889 646 3955 quadam
670 3889 773 3944 alia
796 3892 1179 3962 discrepantia,
1205 3896 1418 3951 nomina
1443 3898 1754 3968 simpliciter
1778 3901 1884 3956 dici

298 3994 406 4034 non
442 3990 696 4047 possunt,
729 3990 787 4038 ut
814 3991 940 4037 sunt
966 3984 1166 4053 obliqui
1198 4000 1387 4052 casus,
1421 3998 1477 4043 ut
1504 4005 1623 4044 cum
1655 3991 1885 4047 dicimus

299 4069 523 4124 Catonis
545 4114 559 4137 ,
588 4068 806 4141 Catoni,
838 4073 1094 4129 Catonem
1114 4115 1130 4141 ,
1159 4085 1213 4131 et
1238 4088 1485 4135 caeteros.
1517 4083 1715 4137 Horum
1741 4084 1885 4138 enim

299 4157 661 4243 discrepantia
688 4171 772 4217 est
801 4178 831 4215 a
864 4164 1080 4219 nomine
1100 4206 1115 4232 ,
1144 4167 1285 4235 quod
1312 4184 1504 4225 nomen
1539 4184 1740 4227 rectum
1763 4173 1888 4242 jun-

298 4258 447 4303 ctum
481 4267 600 4306 cum
632 4262 748 4319 εει,
781 4255 864 4309 vel
897 4271 1002 4311 non
1029 4267 1109 4311 est
1130 4298 1146 4324 ,
1176 4260 1599 4318 enuntiationem
1640 4263 1796 4328 facit,
1830 4273 1891 4320 ut

299 4345 343 4397 si
374 4346 499 4413 quis
530 4343 706 4413 dicat,
738 4346 991 4404 Socrates
1031 4360 1147 4417 est,
1196 4352 1296 4406 hoc
1341 4368 1522 4407 verum
1572 4355 1655 4409 vel
1699 4356 1888 4411 falsum

300 4446 402 4492 est.
438 4436 495 4491 Si
523 4438 668 4493 enim
716 4441 929 4497 vivente
970 4441 1195 4499 Socrate
1236 4445 1521 4515 diceretur,
1573 4462 1757 4503 verum
1801 4463 1887 4504 es-

1982 3254 2188 3310 Nomen
2233 3255 2391 3325 igitur
2432 3255 2792 3309 nominativus
2822 3261 2923 3308 εει.
2956 3252 3115 3308 Aliud
3145 3267 3272 3307 vero
3302 3261 3385 3308 est
3411 3267 3565 3308 casus

1982 3346 2208 3416 alicujus
2234 3361 2394 3415 quam
2420 3355 2503 3401 est
2530 3346 2761 3411 idipsum
2787 3345 2938 3413 cujus
2965 3358 3121 3399 casus
3145 3351 3261 3410 est,
3287 3358 3445 3398 casus
3470 3344 3567 3413 igi-

1984 3445 2067 3491 tur
2095 3436 2347 3503 nominis,
2375 3451 2568 3492 nomen
2591 3452 2696 3490 non
2723 3444 2824 3491 est.
2849 3435 3000 3502 Quod
3023 3451 3150 3491 vero
3168 3435 3399 3504 adjecit,
3429 3436 3567 3491 ratio

1986 3544 2117 3583 vero
2143 3528 2261 3598 ejus
2285 3537 2369 3583 est
2396 3528 2448 3583 in
2478 3528 2598 3583 aliis
2622 3527 2837 3597 quidem
2866 3527 3052 3581 eadem
3073 3567 3090 3593 ,
3120 3527 3220 3581 hoc
3244 3527 3434 3596 inquit.
3463 3526 3567 3580 Ra-

1986 3619 2059 3673 tio
2081 3629 2135 3674 et
2161 3618 2411 3673 dillinitio
2432 3618 2633 3687 obliqui
2654 3632 2813 3673 casus
2836 3626 2889 3672 et
2915 3617 3146 3671 nominis
3167 3616 3351 3671 eadem
3377 3616 3428 3670 in
3451 3630 3567 3671 om-

1986 3711 2143 3764 nibus
2174 3704 2294 3763 aliis
2329 3720 2439 3776 est,
2478 3722 2600 3763 nam
2636 3716 2692 3763 et
2728 3721 2891 3763 voces
2924 3717 3048 3762 sunt
3080 3716 3134 3763 et
3167 3707 3565 3779 signilicativaz,

1985 3811 2041 3857 et
2069 3803 2362 3857 secundum
2395 3802 2649 3871 placitum
2673 3842 2689 3867 ,
2720 3809 2775 3856 et
2798 3801 2914 3856 sine
2946 3809 3220 3870 tempore,
3254 3811 3303 3855 et
3334 3800 3563 3856 circnm-

1988 3894 2204 3963 scriptze
2231 3893 2531 3961 designant.
2564 3892 2670 3948 Sed
2704 3892 2802 3962 (ut
2829 3891 2945 3960 ipse
2974 3892 3078 3961 ait)
3110 3890 3288 3947 differt
3315 3891 3565 3960 quoniam

1987 4000 2108 4040 cum
2137 3995 2250 4052 est,
2285 3986 2371 4040 vel
2398 3988 2525 4051 luit,
2551 3986 2635 4040 vel
2662 3985 2796 4054 erit,
2818 3984 3127 4055 adiunctum
3146 4026 3163 4052 ,
3189 4000 3361 4054 neque
3385 3999 3568 4039 verum

1990 4092 2163 4147 neque
2189 4078 2376 4132 falsum
2403 4086 2504 4133 est.
2535 4078 2687 4144 Quod
2714 4092 2741 4129 a
2767 4083 2916 4131 recto
2947 4077 3161 4130 nomine
3192 4075 3309 4130 sine
3337 4076 3444 4131 ulla
3473 4077 3570 4130 du-

1992 4171 2252 4227 bitatione
2273 4171 2566 4241 perﬁcitur,
2588 4180 2643 4225 ut
2664 4185 2783 4225 cum
2806 4178 2888 4225 est
2910 4170 2991 4224 vel
3015 4169 3136 4233 fuit,
3160 4168 3241 4223 vel
3263 4169 3364 4223 erit
3382 4168 3570 4239 adjun-

1991 4274 2135 4319 ctum
2167 4278 2352 4318 verum
2386 4263 2639 4317 lalsumve
2667 4260 2949 4327 conﬁciat,
2978 4260 3119 4330 quod
3150 4258 3448 4330 designavit
3475 4275 3571 4330 per

1992 4353 2095 4410 hoc
2123 4354 2265 4425 quod
2292 4355 2384 4409 ait.
2410 4353 2611 4409 Nomen
2633 4367 2762 4408 vero
2783 4367 2997 4422 semper
3020 4351 3439 4407 subaudiendum
3467 4362 3571 4417 est,

1996 4447 2235 4513 scilicet,
2269 4445 2393 4501 facit
2420 4461 2605 4509 verum
2638 4444 2895 4499 falsumve
2917 4484 2930 4509 ,
2963 4459 3081 4497 cum
3111 4452 3195 4497 est
3233 4444 3315 4497 vel
3356 4442 3454 4498 fuit
3489 4444 3573 4500 vel

302 4537 391 4582 εει
412 4569 427 4595 ,
460 4530 507 4583 si
538 4544 666 4586 vero
694 4541 908 4587 mortuo
928 4573 942 4597 ,
975 4532 1167 4590 falsum
1197 4545 1342 4591 esset
1361 4579 1374 4602 ,
1408 4553 1576 4607 quare
1605 4539 1890 4596 afﬁrmatio
1915 4507 1974 4573 D
1995 4540 2101 4595 erit
2121 4539 2453 4609 adjunctum,
2471 4551 2764 4607 eorumque
2785 4536 2935 4606 ponit
2955 4538 3219 4605 exempla.
3238 4535 3571 4603 Catonisest,

301 4630 407 4674 est.
436 4618 492 4674 Si
523 4621 642 4690 quis
658 4630 835 4678 autem
865 4623 1026 4690 dicat,
1056 4625 1304 4680 Socrates
1332 4643 1437 4683 non
1463 4637 1565 4693 εει,
1599 4646 1788 4685 rursus
1815 4631 1893 4686 la-

204 4709 220 4725 ⁸
303 4710 379 4763 cit
408 4710 748 4780 negationem
770 4753 785 4778 ,
818 4720 868 4767 et
900 4712 951 4768 in
982 4728 1044 4768 ea
1073 4730 1284 4785 quoque
1312 4718 1512 4772 veritas
1556 4721 1638 4774 vel
1689 4719 1892 4777 falsitas

304 4799 594 4854 invenitur.
635 4799 776 4871 Ergo
803 4815 964 4856 omne
993 4817 1189 4858 nomen
1232 4815 1437 4860 rectum
1481 4808 1724 4875 junctum
1768 4822 1892 4864 cum

304 4900 388 4946 est
441 4891 522 4945 vei
572 4907 677 4947 non
730 4901 847 4960 est,
898 4895 1321 4957 enuntiationem
1367 4898 1601 4954 conﬁcit.
1651 4900 1717 4956 Hi
1766 4915 1895 4956 vero

305 4979 512 5049 obliqui
562 4995 718 5036 casus
762 4982 935 5051 juncti
986 4999 1107 5039 cum
1154 4998 1274 5053 est,
1320 4989 1405 5044 vel
1449 5004 1571 5045 cum
1622 5007 1727 5047 non
1775 5003 1892 5061 εει,

302 5073 736 5131 enuntiationem
788 5077 927 5132 nulla
975 5080 1184 5136 ratione
1228 5083 1529 5151 perﬁciunt.
1580 5086 1893 5143 Enuntiatio

305 5182 539 5238 namque
567 5177 649 5224 est
680 5164 960 5239 'perlectus
998 5173 1256 5228 orationis
1299 5174 1601 5231 intellectus
1642 5178 1693 5231 in
1737 5195 1895 5247 quem

307 5260 508 5314 veritas
536 5274 626 5314 aut
655 5260 864 5317 falsitas
891 5263 1056 5317 cadit.
1080 5263 1136 5320 Si
1165 5266 1284 5334 quis
1312 5280 1441 5335 ergo
1469 5266 1647 5331 dicat,
1676 5268 1896 5324 Catonis

310 5361 395 5409 est
414 5395 429 5421 ,
462 5352 703 5408 nondum
733 5365 815 5409 cst
848 5356 1006 5426 plena
1036 5359 1337 5423 sententia;
1370 5358 1497 5428 quid
1525 5360 1666 5414 enim
1696 5360 1765 5417 sit
1793 5363 1895 5416 Ca-

310 5446 453 5502 tonis
483 5462 589 5502 nou
621 5448 841 5513 dicitur,
874 5461 1035 5520 atque
1077 5452 1266 5507 eodem
1313 5452 1505 5518 modo,
1550 5453 1736 5508 Catoni
1780 5464 1892 5520 est,

311 5541 399 5597 vel
426 5540 682 5598 Catonem
714 5552 818 5599 est.
852 5543 911 5598 In
942 5544 1025 5599 his
1056 5559 1186 5615 ergo
1226 5545 1477 5614 quoniam
1521 5559 1640 5601 cum
1689 5558 1772 5601 est
1808 5548 1895 5603 vel

314 5647 424 5686 non
452 5642 534 5687 est
562 5633 818 5702 injuncta,
860 5636 1281 5689 enuntiationem
1316 5650 1420 5688 non
1462 5636 1783 5704 perﬁciunt,
1813 5647 1899 5692 est

314 5721 557 5794 qua-dam
587 5742 614 5779 a
648 5726 865 5780 nomine
893 5727 1253 5795 discrepantia
1276 5770 1289 5797 ,
1319 5741 1618 5797 quanquam
1651 5728 1766 5784 sint
1794 5745 1893 5785 no-

641 5843 911 5905 ΡΑτιιοι..
959 5841 1176 5903 LXIV.

1996 4632 2083 4687 vel
2122 4646 2228 4687 non
2259 4642 2375 4697 est,
2407 4632 2458 4684 in
2491 4629 2573 4683 his
2603 4629 2743 4683 enim
2777 4628 2872 4697 (ut
2900 4628 3013 4697 ipse
3040 4625 3148 4695 ait)
3181 4641 3356 4697 neque
3383 4642 3574 4682 verum

1997 4722 2197 4793 aliquid
2224 4722 2442 4786 dicitur,
2466 4735 2635 4789 neque
2667 4718 2860 4773 falsum
2878 4760 2895 4786 ,
2922 4732 3087 4789 quare
3113 4717 3315 4788 integra
3343 4719 3576 4774 nominis

1998 4814 2250 4870 dillinitio
2278 4823 2360 4869 est
2388 4811 2713 4881 hujusmodi.
2743 4811 2948 4866 Nomen
2977 4819 3060 4866 est
3084 4825 3188 4865 vox
3213 4810 3541 4880 designativa
3559 4851 3575 4875 ,

1999 4904 2297 4959 secundum
2347 4903 2636 4972 placitum,
2690 4902 2807 4957 sine
2833 4911 3108 4970 tempore,
3157 4902 3575 4969 circumscriptae

1999 4995 2442 5067 signiﬁcationis,
2487 4994 2638 5062 cujus
2681 5003 2861 5063 partes
2900 5002 3051 5048 extra
3090 4990 3221 5047 nihil
3262 4992 3576 5063 designant,

2000 5098 2055 5143 et
2082 5102 2200 5142 cum
2232 5094 2310 5140 est
2330 5127 2345 5151 ,
2379 5085 2465 5139 vel
2492 5086 2593 5139 erit
2612 5125 2628 5149 ,
2653 5084 2742 5140 vel
2774 5085 2871 5139 fuit
2901 5083 3207 5153 adjunctum
3231 5123 3246 5149 ,
3275 5082 3469 5138 nullius
3499 5085 3580 5139 in-

2002 5179 2233 5250 digentis
2272 5177 2533 5232 orationis
2564 5176 2849 5246 perﬁcicns
2887 5176 3215 5231 intellectum
3258 5175 3579 5231 enuntiatio-

2004 5252 2235 5337 nemque
2264 5266 2632 5331 conStituens;
2665 5265 2916 5335 quoniam
2950 5266 3107 5334 igitur
3133 5264 3201 5319 de
3239 5264 3457 5320 nomine
3482 5271 3577 5312 6X-

2003 5362 2239 5432 peditum
2269 5367 2384 5425 est,
2412 5358 2476 5412 ad
2508 5357 2884 5412 dil'linitionem
2914 5356 3063 5411 vorbi
3093 5356 3386 5410 veniamus.
3421 5357 3440 5375 '
3462 5360 3475 5381 ’

2598 5448 2685 5504 DE
2726 5448 2972 5504 VEllBO.

2080 5545 2303 5602 Verbum
2331 5551 2499 5599 autem
2519 5550 2591 5598 est
2629 5542 2764 5613 quod
2802 5540 3154 5612 consigniﬁcat
3184 5548 3403 5608 tempus,
3432 5544 3579 5613 cujus

2006 5656 2123 5709 pars
2156 5639 2290 5695 nihil
2336 5645 2480 5692 extra
2526 5636 2801 5705 signiﬁcat,
2829 5643 2877 5689 et
2914 5643 2988 5687 est
3035 5647 3229 5703 semper
3259 5650 3435 5688 eorum
3469 5653 3579 5704 qua:

2004 5734 2063 5787 de
2079 5733 2238 5787 altero
2264 5730 2627 5801 prwdicantur,
2652 5734 2791 5779 nota.
2822 5725 2949 5787 Dico
2961 5734 3131 5780 autem
3150 5726 3397 5795 quintium
3418 5734 3579 5782 conm

3182 5843 3258 5908 Us
