4022 6332
453 254 556 314 427

1655 258 1769 319 ΑΝ.
1811 260 2021 319 ΜΑΝι..
2061 264 2214 319 SEV.
2258 262 2483 323 ΒΟΕΤΙῘ

3638 275 3736 336 428

454 373 671 450 gniﬁcat
713 384 909 447 teinpus
930 416 947 443 ,
998 384 1052 431 ut
1082 393 1260 432 cursus
1288 378 1491 450 quidem
1520 395 1700 433 nomen
1731 375 1841 445 est';
1873 379 2032 433 currit
2058 384 2113 442 Α
2140 380 2372 437 nominis
2402 381 2822 452 interpositione
2853 385 3207 453 monstravit;
3243 388 3440 445 etenim
3481 389 3733 460 quoniam

451 479 621 522 autem
649 471 882 535 verbum,
934 471 1284 541 consigniﬁcat
1336 472 1469 524 enim
1521 472 1654 525 nunc
1681 488 1804 525 esse.
1859 471 1924 525 Et
1962 482 2038 526 est

450 578 649 631 semper
674 577 850 616 eorum
873 578 986 631 qua:
1011 564 1073 615 de
1101 561 1260 616 altera
1289 563 1547 626 dicuntur,
1573 574 1695 617 nota
1713 606 1728 630 ,
1764 571 1819 616 ut
1849 579 2030 617 eorum

447 672 563 728 qua:
592 658 654 711 de
670 657 895 728 subjecto
939 658 1016 710 vel
1046 657 1099 710 in
1130 658 1351 726 subjecto
1380 666 1520 712 sunt.

522 750 679 807 Verbi
731 750 945 821 quidem
1001 751 1202 819 integra
1253 750 1502 805 dil‘ﬁnitio
1555 760 1637 805 est
1693 751 2025 821 hujusmodi.

449 844 678 898 Verbum
718 853 800 898 est
844 859 948 898 vox
997 843 1346 911 signiﬁcativa
1398 844 1693 898 secundum
1746 845 2028 912 placitum,

444 956 565 1012 qua:
586 940 1209 1010 consigniﬁcattempns,
1249 940 1400 1009 cujus
1430 940 1570 993 nulla
1603 954 1727 1010 pars
1757 948 1908 995 extra
1937 939 2031 994 de-

442 1033 702 1102 signativa
731 1042 832 1087 est.
861 1032 966 1087 Sed
991 1033 1237 1102 quoniam
1266 1046 1550 1086 commune
1571 1040 1653 1085 est
1682 1032 1757 1084 illi
1790 1045 1910 1086 cum
1933 1046 2027 1085 no-

440 1126 584 1180 mine
601 1140 718 1179 esse
742 1134 994 1180 vocemet
1018 1124 1444 1195 signiﬁcativam,
1469 1134 1522 1178 et
1540 1124 1831 1178 secundum
1862 1125 2025 1193 placi-

437 1226 571 1282 tum,
599 1217 794 1271 idcirco
830 1217 918 1270 illa
965 1217 1197 1270 reticuit.
1230 1217 1309 1269 Ab
1340 1215 1421 1269 bis
1444 1225 1619 1270 autem
1654 1232 1772 1285 ane
1805 1217 2023 1285 pr0pria

438 1321 559 1365 sunt
588 1312 732 1365 verbi
760 1310 1049 1365 inchoavit.
1086 1309 1244 1363 Verbi
1276 1318 1452 1362 autem
1480 1309 1749 1378 proprium
1783 1318 1888 1375 est,
1916 1324 2022 1380 quo

435 1418 465 1458 a
496 1403 812 1458 difﬁnitione
848 1402 1077 1456 nominis
1111 1410 1442 1472 segregatur,
1475 1402 1615 1470 quod
1649 1402 2019 1471 consignillcat

436 1507 665 1567 tempus.
699 1500 867 1552 Omne
889 1498 1029 1552 enim
1059 1497 1279 1551 verbum
1308 1496 1859 1566 consigniﬁcationem
1882 1506 2020 1552 tem-

434 1595 575 1662 poris
604 1591 817 1660 retinet,
853 1606 957 1645 non
1001 1591 1461 1661 signiﬁcationem.
1522 1590 1729 1646 Nomen
1761 1591 1903 1645 enim
1940 1592 2017 1646 si-

433 1685 647 1756 gniﬁcat
701 1695 928 1754 tempus.
986 1684 1219 1739 Verbum
1250 1696 1429 1740 autem
1479 1700 1601 1740 cum
1648 1685 2018 1756 principaliter

2144 486 2334 527 cursus
2381 473 2634 530 accidens
2664 486 2782 545 est,
2842 486 2900 532 et
2946 479 3276 535 nominatum
3305 489 3431 550 est,
3480 482 3554 535 ita
3584 492 3641 537 ut
3667 485 3735 539 sit

2143 579 2362 633 nomen,
2395 581 2503 621 non
2530 567 2899 637 consigniﬁcat
2927 579 3160 649 tempus.
3195 572 3378 629 Currit
3411 590 3553 641 vero,
3582 577 3631 631 id
3653 588 3735 633 est

2140 656 2393 712 accidens
2425 659 2474 712 in
2509 659 2675 714 verbo
2700 662 2932 729 positum
2957 677 3194 732 presens
3225 673 3436 737 tentpus
3464 667 3730 739 designat,

2138 759 2192 803 et
2223 749 2324 804 hoc
2354 751 2576 806 verbum
2607 753 2809 809 distare
2836 755 3049 811 videtur
3088 775 3114 810 a
3158 761 3371 816 nomine
3411 763 3552 832 quod
3600 763 3729 818 illud

2134 840 2506 911 consigniﬁcat
2540 850 2776 912 tempus,
2812 844 2941 900 illud
2968 846 3103 902 vero
3121 859 3316 917 praeter
3344 866 3556 907 omnem
3600 869 3733 908 con.

2134 930 2581 1000 signiﬁcationem
2632 934 2889 1002 temporis
2922 935 3261 1004 praedicatur.
3308 938 3413 994 Sed
3444 951 3726 1011 postquam

2137 1022 2361 1076 verbum
2382 1021 2794 1089 consigniﬁcare
2829 1034 3037 1096 tempus
3057 1028 3316 1103 ostendit,
3345 1031 3414 1097 id,
3465 1031 3606 1098 quod
3637 1047 3730 1085 su-

2133 1127 2225 1183 pra
2247 1114 2354 1185 jam
2382 1117 2624 1185 dixerat,
2660 1118 2882 1173 verbum
2904 1134 3120 1189 semper
3145 1121 3209 1173 de
3233 1120 3403 1175 altero
3422 1122 3725 1190 praedicari,

2129 1221 2270 1262 nunc
2305 1214 2616 1268 memoriter
2637 1212 3088 1283 quemadmodum
3124 1213 3445 1281 prasdicatur
3465 1216 3721 1269 ostendit.

2129 1299 2219 1354 Ait
2247 1302 2388 1356 enim
2417 1321 2427 1354 :
2468 1305 2527 1358 Et
2559 1320 2773 1375 semper
2794 1316 2875 1361 est
2906 1320 3092 1361 eorum
3111 1321 3230 1375 qua:
3252 1304 3320 1359 de
3342 1306 3513 1360 altero
3536 1305 3725 1359 dicun~

2129 1398 2215 1444 tur
2239 1401 2395 1456 nota.
2430 1402 2486 1448 ut
2516 1410 2701 1450 eorum
2733 1412 2852 1466 qum
2882 1396 2948 1451 de
2980 1396 3221 1464 subjecto
3251 1396 3334 1450 vel
3367 1395 3420 1449 in
3452 1396 3722 1466 subjecto.

2127 1484 2683 1555 Hocscilicetdicens,
2714 1488 2787 1543 ita
2812 1489 3031 1543 verbum
3061 1488 3324 1559 signiﬁcat
3344 1487 3634 1558 aliquid,nt
3667 1487 3721 1541 id

2124 1578 2263 1646 quod
2277 1580 2539 1649 signiﬁcat
2552 1579 2620 1635 de
2634 1581 2804 1635 altero
2820 1580 3262 1647 prmdicetur,sed
3285 1582 3355 1635 ita
3371 1590 3428 1635 ut
3440 1580 3718 1645 accidens,

2124 1682 2294 1723 omne-
2311 1684 2541 1741 namque
2558 1670 2808 1754 accidens
2827 1671 2943 1725 etin
2958 1671 3201 1740 subjecto
3213 1682 3312 1739 est,
3328 1681 3381 1726 et
3396 1672 3461 1727 de
3474 1672 3720 1741 subjecta

432 1785 579 1832 nctus
620 1779 1000 1848 passionesquc
1044 1776 1327 1848 είεηίίίρει,
1362 1793 1482 1832 Cum
1532 1776 1662 1847 ipsis
1711 1777 1917 1833 aclibus
1964 1788 2018 1833 ει
2049 1762 2098 1833 Β
2124 1763 2420 1818 substantia
2451 1764 2549 1819 sibi
2579 1765 2917 1835 praedicator.
2943 1765 3071 1819 Nam
3095 1780 3213 1820 cum
3230 1766 3348 1820 dico
3374 1766 3560 1829 currit,
3584 1766 3632 1819 id
3649 1766 3721 1819 de

432 1868 768 1938 passionibus
803 1870 1058 1940 temporis
1104 1884 1315 1940 quoque
1357 1870 1462 1924 vim
1496 1870 1679 1934 trahit,
1739 1880 1795 1923 ut
1848 1870 1900 1923 in
1952 1886 2016 1925 eo

430 1964 567 2032 quod
599 1963 718 2018 dico
740 1963 877 2034 lego,
912 1963 1171 2019 actionem
1197 1964 1409 2034 quidem
1439 1964 1721 2035 quamdam
1750 1962 2016 2032 principa-

428 2056 550 2110 liter
577 2064 859 2109 monstrat.
884 2054 994 2108 Hoc
1022 2055 1240 2108 verbum
1267 2096 1282 2123 ,
1315 2056 1407 2109 sed
1432 2069 1553 2108 cum
1582 2069 1643 2109 ea
1677 2055 1792 2122 ipsa
1820 2053 2013 2123 agendi

427 2148 817 2218 signiﬁcatione
845 2163 1085 2218 prtesens
1114 2163 1324 2219 quoque
1352 2158 1561 2218 tempus
1591 2147 1825 2213 adducit,
1851 2156 2015 2217 atque

425 2241 545 2295 ideo
575 2255 678 2295 non
724 2240 798 2294 ait
848 2240 1069 2295 verbum
1110 2240 1413 2313 signiﬁcare
1446 2250 1675 2309 tempus,
1708 2240 1803 2294 sed
1833 2238 2012 2294 consi-

425 2333 697 2404 gniticare.
726 2333 905 2404 Neque
934 2334 1076 2388 enim
1099 2334 1470 2404 principaliter
1491 2336 1714 2388 verbum
1744 2333 2012 2406 signiﬁcat

424 2439 631 2502 tempus
661 2431 787 2502 (hoc
813 2432 955 2485 enim
990 2430 1225 2485 nominis
1272 2429 1402 2499 est),
1430 2430 1526 2485 sed
1556 2446 1680 2485 cum
1724 2431 1845 2486 aliis
1893 2446 2013 2501 qua:

422 2524 789 2597 principaliter
812 2525 1095 2595 signilicat,
1125 2524 1231 2579 vim
1254 2541 1465 2595 quoque
1496 2524 1757 2595 temporis
1804 2524 2011 2580 inducit

422 2627 472 2673 et
491 2617 697 2673 inserit.
733 2617 873 2688 Ergo
901 2632 1019 2672 cum
1058 2632 1251 2673 nomen
1273 2626 1327 2673 et
1364 2619 1587 2673 verbum
1612 2633 1772 2673 voces
1803 2618 2008 2688 signiti-

419 2714 605 2769 cativaa
636 2712 765 2778 sint,
797 2724 850 2767 et
897 2712 1195 2768 secundum
1239 2714 1490 2783 placitum
1515 2755 1530 2779 ,
1565 2713 1806 2768 additum
1841 2714 2008 2768 verbo

418 2807 557 2879 quod
583 2805 949 2877 consignilicat
983 2815 1214 2877 tempus,
1246 2821 1276 2859 a
1318 2807 1536 2860 nomine
1566 2814 1912 2877 segregatnr,
1951 2814 2009 2861 ut

418 2902 555 2955 enim
580 2916 722 2971 smpe
752 2900 949 2955 dictum
980 2909 1081 2962 est,
1112 2915 1306 2954 nomen
1337 2899 1639 2968 signiﬁcare
1672 2907 1881 2969 tempus
1906 2914 2005 2969 po-

417 2994 559 3058 terit,
596 2991 817 3046 verbum
846 3006 976 3045 vero
1019 2990 1464 3055 consigniﬁcare,
1499 2999 1553 3044 et
1598 2992 1741 3045 sicut
1772 2991 1821 3043 in
1854 2989 2004 3044 dil'ﬁ-

417 3082 616 3136 nitione
666 3080 896 3134 nominis
925 3079 1173 3146 addidit,
1205 3078 1337 3131 nihil
1384 3080 1605 3132 omnino
1639 3091 1816 3145 partes
1848 3096 2004 3151 sepa-

416 3182 557 3227 ratas
580 3190 607 3225 a
637 3181 741 3227 tota
767 3173 1155 3241 compositione
1183 3170 1418 3224 nominis
1450 3172 1753 3239 designare.
1784 3182 2003 3243 pmpter

416 3263 685 3318 orationes
726 3278 844 3332 qum
882 3262 1184 3316 nominibus
1216 3270 1401 3315 essent
1443 3263 1791 3331 compositae,
1841 3273 1895 3317 ut
1923 3277 2005 3319 εει

414 3353 561 3407 Plato
592 3363 644 3406 et
676 3350 949 3418 Socrates,
985 3351 1057 3407 ita
1088 3366 1303 3421 quoque
1334 3350 1384 3404 in
1409 3353 1579 3407 verbo
1609 3353 1833 3419 addidit,
1868 3353 2002 3409 nihil

414 3450 560 3496 extra
595 3443 741 3497 verbi
776 3450 954 3510 partes
985 3441 1292 3513 signiﬁcare
1312 3485 1326 3509 ,
1360 3454 1577 3514 propter
1606 3460 1696 3498 eas
1726 3446 2000 3501 orationes

410 3550 541 3606 quas
573 3537 733 3591 verba
764 3544 1112 3604 componunt,
1148 3545 1203 3587 ut
1242 3543 1323 3590 est
1353 3536 1629 3591 ambulare
1661 3547 1712 3591 et
1742 3553 1962 3592 currere
1983 3578 1998 3602 ,

410 3627 521 3683 bare
551 3628 692 3683 enim
718 3628 887 3681 oratio
918 3643 981 3682 ex
1013 3628 1187 3679 verbis
1217 3639 1296 3679 est
1327 3634 1623 3693 composita
1647 3668 1662 3691 ,
1694 3637 1747 3682 et
1790 3626 1997 3697 singula

410 3720 571 3775 verba
604 3730 657 3773 et
695 3719 747 3772 in
779 3719 888 3788 ipsa
932 3720 1177 3773 oratione
1214 3730 1266 3772 et
1302 3729 1497 3787 przeter
1528 3734 1643 3773 iam
1676 3736 1768 3787 per
1791 3735 1851 3774 se
1881 3721 1993 3789 ipsa

410 3811 730 3879 signiﬁcant.
770 3809 822 3861 In
856 3809 1021 3863 verbo
1053 3825 1180 3864 vero
1225 3810 1376 3862 nullo
1426 3811 1609 3878 modo,
1656 3821 1707 3865 et
1757 3812 1897 3866 sicut
1938 3817 1992 3868 in

409 3900 621 3953 nomine
653 3913 774 3967 pars
803 3899 1031 3953 nominis
1078 3898 1209 3951 nihil
1240 3900 1485 3968 designat
1513 3915 1781 3970 separata,
1828 3904 1897 3958 ita
1939 3905 1995 3959 in

407 3989 575 4043 verbo
601 4004 721 4058 pars
744 3988 891 4042 verbi
924 3989 1055 4063 nihil
1079 3999 1322 4058 separata
1350 3990 1614 4061 designat.
1652 3992 1787 4048 Dicit
1809 4006 1986 4051 autem

406 4098 522 4138 esse
544 4084 764 4139 verbum
798 4098 1013 4152 semper
1038 4099 1221 4139 eorum
1245 4102 1365 4156 qum
1395 4088 1461 4143 de
1490 4088 1660 4144 altero
1690 4093 1987 4160 prtedican-

406 4187 488 4229 tnr
517 4184 718 4244 notam,
764 4176 902 4245 quod
938 4176 1240 4244 hujusmodi
1295 4190 1375 4233 est
1424 4196 1485 4235 ac
1524 4181 1568 4234 si
1623 4182 1824 4239 diceret
1858 4185 1988 4241 nihil

404 4267 543 4319 aliud
580 4268 676 4320 nisi
708 4266 1001 4320 accidentia
1022 4309 1034 4332 ,
1081 4270 1241 4322 verba
1284 4272 1610 4341 signiﬁcare.
1641 4275 1813 4330 Omne
1844 4278 1987 4332 enim

405 4358 619 4411 verbum
655 4357 865 4425 aliquod
914 4356 1163 4412 accidens
1206 4359 1479 4431 designat;
1514 4379 1635 4418 cum
1680 4367 1821 4419 enim
1861 4368 1987 4422 dico

403 4463 621 4513 cursus,
655 4449 825 4517 ipsum
861 4449 1072 4519 Quidem
1108 4462 1189 4506 est
1231 4455 1503 4525 accidens,
1537 4457 1629 4511 sed
1664 4474 1766 4512 non
1800 4460 1869 4512 ita
1900 4459 1985 4514 di-

402 4539 535 4592 citur
565 4549 620 4592 ut
651 4540 700 4592 id
728 4540 883 4595 alicui
916 4542 1090 4597 inesse
1116 4546 1194 4598 vel
1220 4561 1323 4599 non
1349 4546 1525 4601 inesse
1548 4548 1775 4603 dicatur.
1802 4551 1857 4606 Si
1882 4567 1982 4608 au-

401 4641 503 4684 tem
540 4631 722 4685 dixero
753 4634 957 4695 currit,
1010 4644 1133 4691 tunc
1167 4637 1336 4706 ipsum
1368 4640 1621 4695 accidens
1660 4640 1984 4717 in'alicujus

400 4725 605 4778 actione
650 4739 980 4793 proponens,
1015 4727 1168 4782 alicui
1205 4729 1381 4785 inesse
1432 4732 1706 4801 signiﬁco,
1750 4746 1806 4790 et
1848 4754 1983 4808 quo-

400 4815 538 4867 niam
566 4814 705 4883 quod
737 4814 961 4870 dicimus
986 4819 1182 4883 currit,
1220 4833 1413 4888 praeter
1440 4825 1653 4895 aliquod
1679 4829 1979 4899 subjectum

316 4913 329 4927 '
396 4920 516 4960 esse
544 4920 647 4958 non
680 4915 852 4974 potest
883 4906 1078 4978 (neque
1109 4911 1250 4964 enim
1277 4913 1378 4967 dici
1413 4925 1579 4985 poteSI
1627 4930 1823 4987 pra-ter
1853 4937 1978 4981 eum

395 4996 482 5063 qui
511 4996 736 5067 currit);
769 4997 969 5053 idcirco
999 4999 1199 5057 dictum
1232 5014 1316 5059 est
1348 5022 1511 5064 omne
1544 5012 1763 5067 verbum
1791 5028 1976 5075 eorum

395 5103 514 5141 esse
546 5104 663 5159 quae
712 5090 778 5145 de
823 5091 991 5147 altero
1041 5096 1395 5163 praedicantur
1441 5104 1885 5177 signiﬁcativum,
1920 5123 1979 5169 ut

394 5182 615 5235 verbum
644 5184 782 5253 quod
811 5198 890 5241 est
914 5190 1081 5243 currit
1104 5190 1208 5246 tale
1234 5191 1496 5263 signiﬁcat
1554 5202 1805 5268 quiddam
1835 5207 1976 5275 quod

392 5275 457 5327 de
486 5275 657 5330 altero
701 5278 1021 5346 praedicetur
1042 5328 1056 5350 ,
1090 5285 1141 5339 id
1182 5297 1265 5342 est
1293 5288 1359 5343 de
1385 5304 1669 5360 currente;
1707 5297 1788 5351 his
1819 5299 1979 5368 igitur

392 5368 655 5462 expeditis
705 5372 844 5439 quod
903 5375 978 5428 ait
1030 5378 1246 5432 verbum
1306 5384 1712 5454 consigniﬁcare
1764 5399 1976 5462 tempus

390 5461 648 5529 exemplis
672 5465 1006 5531 aperuit.Ait
1031 5469 1198 5536 enim,
1224 5471 1295 5526 dit
1315 5488 1347 5527 ο
1375 5486 1551 5531 autem
1575 5482 1822 5547 quoniam
1853 5461 1979 5541 con-

390 5554 656 5622 signiﬁcat
688 5566 920 5626 tempus,
949 5569 1213 5617 utcursus
1238 5567 1450 5635 quidem
1483 5581 1566 5627 est
1597 5589 1815 5643 nomen,
1844 5595 1974 5636 cur-

391 5647 458 5699 rit
490 5662 618 5703 vero
650 5653 865 5707 verbum
888 5695 902 5717 ,
936 5654 1305 5724 consiguiﬁcat
1332 5664 1474 5719 enim
1518 5683 1660 5726 nunc
1689 5688 1832 5733 esse.
1865 5678 1977 5735 Ex-

387 5737 724 5802 peditissime
743 5743 884 5813 quod
920 5745 1139 5804 verbum
1163 5751 1384 5813 distaret
1416 5775 1446 5816 a
1468 5764 1706 5841 nomine,
1739 5774 1886 5833 verbi
1918 5788 1972 5839 et

2126 1854 2372 1921 homine;
2403 1857 2448 1910 si
2466 1858 2533 1911 ita
2551 1859 2830 1927 contingit,
2854 1858 3084 1926 pra'dico
3097 1858 3376 1914 scilicetde
3389 1858 3719 1927 Snbjecto,et
3776 1929 3785 1934 ‘

2124 1951 2239 2019 ipse
2252 1965 2443 2005 cursus
2459 1953 2507 2005 in
2531 1952 2747 2007 homine
2760 1960 2857 2007 est.
2877 1952 3028 2008 Unde
3042 1953 3260 2008 verbum
3279 1953 3445 2007 currit
3461 1951 3717 2008 inﬂexum

2122 2053 2235 2112 est,
2266 2058 2396 2113 ergo
2448 2044 2590 2114 quod
2619 2045 2750 2099 dicit
2780 2059 2992 2115 semper
3011 2060 3195 2100 eorum
3230 2058 3351 2099 esse
3380 2054 3560 2097 notam
3595 2058 3717 2097 ver-

2122 2136 2251 2191 bum
2276 2152 2393 2206 qute
2424 2137 2491 2193 de
2514 2138 2682 2192 altero
2716 2139 3092 2207 prmdicentur,
3128 2138 3227 2190 hoc
3258 2145 3554 2191 monstrat:
3580 2134 3716 2189 Ver-

2122 2224 2248 2279 bum
2273 2226 2573 2281 accidentia
2619 2240 2834 2296 semper
2861 2225 3182 2295 signiﬁcare,
3207 2226 3454 2294 quoniam
3487 2225 3589 2289 ait,
3620 2238 3716 2277 eas

2120 2330 2208 2369 res
2238 2315 2383 2371 verbi
2407 2316 2795 2386 signiﬁcatione
2827 2317 3111 2371 monstrari
3137 2330 3256 2384 quae
3286 2315 3370 2370 vel
3393 2315 3445 2368 in
3467 2315 3716 2381 subjecto

2118 2416 2321 2472 essent,
2354 2407 2438 2461 vel
2468 2406 2537 2461 de
2577 2407 2818 2475 subjecto
2854 2407 3198 2470 dicerentur,
3230 2407 3312 2460 vel
3354 2415 3501 2459 certe
3541 2416 3598 2457 ut
3638 2405 3714 2458 sit

2118 2496 2259 2550 alius
2287 2496 2606 2560 intellectus,
2651 2500 2901 2562 quoniam
2931 2497 3071 2552 solet
3119 2495 3485 2551 indiﬁ‘erenter
3526 2495 3603 2549 uti
3641 2494 3716 2550 de

2118 2588 2361 2656 subjecto
2383 2589 2577 2659 aliquid
2602 2588 2902 2658 praedicari,
2946 2596 3196 2659 tanquam
3230 2589 3275 2644 si
3310 2588 3449 2643 dicat
3488 2588 3542 2642 in
3587 2586 3714 2641 sub-

2113 2680 2257 2749 jecto
2282 2696 2432 2750 esse,
2461 2692 2517 2737 et
2537 2698 2809 2752 saepecum
2828 2683 2954 2737 dicit
2981 2683 3047 2738 de
3082 2683 3323 2753 subjecto
3350 2682 3547 2753 aliquid
3579 2698 3713 2752 prae-

2116 2770 2315 2837 dicari,
2347 2773 2400 2827 in
2429 2773 2675 2842 subjecto
2720 2782 2855 2830 esse
2892 2776 3190 2847 signiﬁcat,
3240 2792 3357 2833 cum
3412 2778 3573 2833 vellet
3617 2795 3710 2834 os~

2116 2864 2334 2919 tendere
2382 2866 2739 2921 accidentium
2800 2868 3243 2936 signiﬁcationem
3289 2870 3552 2925 contineri
3586 2886 3710 2925 ver-

2112 2956 2215 3020 bis,
2244 2958 2318 3012 ait
2338 2973 2401 3013 ea
2418 2974 2629 3028 semper
2646 2960 2910 3031 designari
2925 2963 3101 3017 verbis
3117 2978 3236 3033 qua:
3248 2962 3315 3018 de
3344 2964 3588 3034 Snbjecto
3615 2979 3709 3020 es-

2112 3060 2255 3103 sent.
2280 3051 2385 3106 Sed
2408 3053 2660 3121 quoniam
2686 3053 2788 3112 hoc
2817 3055 3099 3111 videbatur
3125 3058 3428 3123 obscurius,
3450 3059 3706 3127 patefecit

2030 3152 2078 3219 c
2110 3142 2292 3197 addito
2337 3146 2422 3199 vel
2472 3145 2525 3199 in
2584 3146 2844 3216 subjecto,
2882 3159 2938 3202 ut
2964 3148 3093 3218 quid
3137 3160 3279 3205 esset
3309 3149 3376 3205 de
3405 3166 3510 3220 quo
3538 3165 3705 3219 supra

2110 3235 2323 3291 dixerat
2349 3237 2418 3291 de
2446 3239 2708 3307 subjecw,
2742 3252 3040 3311 exponeret
3085 3259 3206 3298 cum
3257 3243 3460 3299 addidit
3513 3244 3595 3297 vel
3643 3243 3704 3300 in

2108 3331 2370 3401 subjecto,
2403 3340 2654 3402 tanquam
2678 3336 2820 3390 enim
2853 3338 2897 3390 si
2934 3338 3007 3391 ita
3036 3337 3285 3391 dixisset:
3316 3335 3550 3392 Verbum
3581 3337 3703 3406 qui~

2105 3422 2226 3477 dem
2255 3438 2470 3493 semper
2498 3439 2685 3481 eorum
2713 3437 2839 3481 nota
2868 3436 2971 3494 est,
3004 3439 3121 3497 qua:
3166 3426 3232 3482 de
3280 3428 3447 3482 altero
3501 3427 3701 3497 praedi~

2104 3524 2297 3571 cantur
2322 3525 2379 3570 ut
2424 3518 2491 3573 de
2529 3519 2772 3589 subjeCto
2799 3536 2815 3585 ;
2847 3521 2943 3577 sed
2984 3537 3052 3577 ne
3080 3521 3179 3577 hoc
3207 3522 3433 3577 fortasse
3460 3522 3695 3590 cuipiam

2103 3608 2345 3662 videatur
2371 3609 2671 3678 obscurius,
2697 3612 2798 3667 hoc
2824 3612 2946 3668 dico
2984 3627 3103 3669 esse
3133 3614 3202 3669 de
3232 3613 3475 3681 subjecto
3503 3656 3517 3679 ,
3544 3612 3697 3683 quod

2105 3708 2191 3753 est
2212 3715 2332 3754 esse
2358 3701 2409 3755 in
2443 3702 2708 3773 subjecto.
2737 3704 2833 3758 Vel
2864 3705 3054 3761 melior
3085 3707 3199 3762 haec
3228 3706 3489 3776 expositio
3516 3716 3620 3771 est,
3642 3705 3696 3764 si

2100 3788 2347 3844 similiter
2372 3791 2573 3849 dixisse
2594 3809 2715 3849 eum
2739 3795 3080 3863 arbitremur,
3107 3807 3356 3867 tanquam
3382 3798 3428 3852 si
3451 3798 3693 3852 diceret:

2100 3883 2263 3925 omne
2286 3872 2508 3927 verbum
2548 3874 2813 3944 signiﬁcat
2836 3878 3050 3948 quidem
3093 3880 3371 3943 accidens,
3404 3880 3495 3934 sed
3525 3879 3595 3933 ita
3628 3890 3695 3939 ut

2100 3960 2151 4015 id
2175 3963 2313 4032 quod
2340 3964 2600 4033 signiﬁcat
2623 3977 2712 4022 aut
2740 3970 3060 4038 particulare
3077 3972 3144 4027 sit
3168 3982 3259 4027 aut
3277 3971 3599 4038 universale,
3627 3983 3693 4030 ut

2096 4049 2146 4103 id
2172 4052 2315 4120 quod
2334 4054 2407 4106 ait
2433 4053 2499 4110 de
2520 4055 2784 4128 subjecto,
2804 4059 2869 4114 ad
2889 4061 3341 4119 universalitatem
3366 4063 3687 4133 referamus,

2095 4140 2237 4208 quod
2275 4141 2329 4196 in
2371 4143 2613 4214 subjecto
2638 4189 2652 4214 ,
2687 4148 2752 4203 ad
2785 4151 2953 4205 solam
3004 4154 3498 4222 particularitatem.
3543 4155 3688 4214 Cum

2096 4229 2240 4286 enim
2274 4232 2396 4288 dico
2413 4245 2690 4304 movetur,
2724 4240 2944 4296 verbum
2974 4242 3189 4311 quidem
3213 4254 3293 4299 est
3325 4254 3377 4300 et
3405 4246 3683 4315 accidens,

2093 4318 2189 4375 sed
2211 4321 2536 4378 universale.
2570 4324 2747 4381 Motus
2774 4329 2918 4383 enim
2952 4330 3138 4399 plures
3160 4333 3367 4401 species
3401 4334 3590 4402 habet,
3622 4344 3687 4393 ut

2093 4425 2280 4466 cursus
2309 4412 2408 4468 sub
2439 4424 2586 4469 motu
2614 4417 2848 4485 ponitur.
2877 4419 3018 4491 Ergo
3041 4436 3231 4477 cursus
3265 4425 3307 4478 si
3337 4424 3686 4483 difﬁniendus

2094 4514 2177 4559 est
2206 4547 2221 4573 ,
2255 4515 2458 4561 motum
2490 4507 2558 4563 de
2597 4524 2755 4565 cursu
2789 4513 3160 4582 praedicamus.
3214 4517 3475 4582 Quocirca
3504 4528 3685 4576 motus

2092 4612 2257 4668 genus
2307 4598 2574 4667 quoddam
2626 4611 2710 4658 est
2750 4618 2961 4673 cursus,
3019 4617 3181 4678 atque
3228 4610 3349 4664 ideo
3390 4620 3571 4667 motus
3614 4613 3685 4672 de

2090 4703 2250 4743 cursu
2275 4696 2333 4742 ut
2356 4689 2423 4744 de
2447 4690 2691 4761 subjecto
2719 4697 3121 4766 prcedicabitnr,
3155 4716 3345 4757 cursus
3383 4719 3510 4760 vero
3539 4704 3682 4775 ipse,

2091 4783 2342 4850 quoniam
2372 4784 2582 4854 species
2613 4788 2743 4844 alias
2771 4807 2878 4847 non
2903 4792 3086 4861 habet,
3119 4797 3169 4851 in
3200 4797 3438 4868 subjecto
3470 4810 3681 4860 tantum
3774 4780 3779 4785 ’

2088 4882 2190 4937 εει,
2225 4872 2277 4927 id
2309 4884 2390 4929 est
2420 4876 2473 4930 in
2505 4891 2775 4937 currente.
2830 4883 3002 4941 Motus
3047 4898 3224 4943 autem
3275 4907 3579 4962 quanquam
3631 4904 3695 4959 ct

2090 4962 2207 5053 ipse
2228 4964 2297 5019 sit
2327 4966 2378 5020 in
2411 4968 2677 5039 subjecto,
2727 4985 2901 5033 tamen
2928 4976 2995 5033 de
3043 4980 3287 5050 subjecto
3336 4984 3678 5053 praedicatur.

2082 5050 2209 5108 Ideo
2237 5054 2395 5125 dicit,
2426 5072 2613 5116 eorum
2636 5078 2756 5120 esse
2787 5075 2967 5122 notam
3002 5069 3223 5125 verbum
3252 5050 3370 5142 quo;
3403 5072 3469 5126 de
3506 5074 3677 5130 altera

2084 5146 2443 5247 praedicentur
2462 5192 2477 5219 ,
2512 5162 2675 5225 atque
2695 5157 2863 5226 addit,
2891 5170 2943 5215 ut
2964 5177 3151 5218 eorum
3179 5180 3302 5247 qutq
3329 5167 3395 5223 de
3426 5169 3675 5239 subjecto

2084 5238 2165 5291 vel
2198 5238 2250 5293 in
2296 5241 2559 5313 subjecto.
2606 5248 2718 5303 Hoc
2763 5250 2893 5306 dicit
2921 5238 3537 5329 accidentium'quidemi
3568 5263 3673 5323 vim

2082 5329 2249 5429 verba
2298 5333 2623 5404 signiﬁcant,
2683 5341 2777 5395 sed
2832 5345 3013 5400 talium
3066 5363 3184 5417 quae
3229 5360 3321 5404 aut
3352 5352 3670 5412 universalia

2083 5428 2223 5487 sint,
2256 5433 2346 5479 aut
2372 5428 2738 5497 particularia,
2765 5441 2824 5487 ut
2852 5451 2972 5490 cum
3003 5435 3125 5491 dico
3158 5455 3397 5507 moveor,
3449 5444 3664 5499 univer-

2082 5508 2194 5565 sale
2220 5514 2470 5582 quiddam
2501 5531 2603 5589 est,
2629 5531 2683 5576 et
2710 5522 2778 5578 de
2801 5525 3044 5595 subjecto
3075 5529 3291 5599 dicitur,
3319 5543 3375 5587 ut
3397 5534 3463 5588 de
3485 5550 3663 5591 cursu,

2080 5602 2214 5699 cum
2244 5622 2371 5664 vero
2397 5610 2517 5668 dico
2546 5627 2732 5685 curro,
2762 5620 3085 5688 particulare
3111 5634 3215 5691 est,
3240 5638 3295 5683 et
3321 5628 3572 5699 quoniam
3600 5629 3661 5687 de

2077 5697 2322 5766 subjecto
2342 5718 2448 5758 non
2479 5706 2695 5777 dicitur,
2730 5710 2784 5766 in
2806 5712 3050 5783 subjecto
3073 5717 3247 5774 solum
3272 5697 3373 5777 est.

2153 5789 2271 5848 Non
2294 5797 2670 5871 riu-ritantem,
2706 5811 2754 5859 et
2784 5819 2886 5863 non
2916 5804 3135 5881 laborat,
3164 5810 3369 5869 verbum
3395 5828 3493 5870 non
3523 5815 3649 5885 dico.
