3982 6334
153 306 262 362 429

890 290 955 352 IN
993 292 1248 353 LIBRUM
1288 286 1378 349 ne
1419 250 2061 349 mtenens’rartone
2100 291 2326 348 sumo
2363 288 2695 349 secusne.

3330 286 3431 345 450

155 418 515 493 constgniﬁcat
555 414 691 471 enim
731 421 930 486 tempus
952 453 967 478 ,
1001 421 1046 468 et
1095 425 1292 483 semper
1320 409 1400 463 de
1427 408 1599 480 aliquo
1640 412 1731 460 εει.
1766 405 1818 466 Α
1847 414 1949 471 εει,
1986 409 2366 480 propriamque
2392 414 2631 465 retinens
2653 406 2975 463 sententiam
3004 405 3160 477 hujus
3187 405 3333 461 verbi
3357 410 3429 461 si-

155 514 477 583 Di/fere‘ntia:
504 518 673 565 autem
698 506 817 561 huic
841 522 942 559 non
966 513 1041 559 est
1063 505 1287 577 positum
1318 519 1523 571 nomen,
1565 500 1652 555 sed
1684 499 1742 567 ﬁt

153 607 415 675 inﬁnitum
443 603 668 657 verbum.
703 598 957 665 Quoniam
977 596 1216 650 similiter
1241 595 1294 648 in
1318 592 1541 666 quolibet
1562 598 1668 656 εει,
1691 596 1739 644 ει

152 698 293 769 quod
331 707 400 751 est
424 736 441 763 ,
464 703 509 749 ει
549 690 684 763 quod
714 707 816 745 non
842 698 933 744 est.
979 688 1232 744 Similiter
1264 697 1434 741 autem
1463 690 1662 748 curret,
1697 689 1743 735 et

155 790 388 845 currebat
435 803 539 841 non
585 792 660 838 est
706 782 932 845 verbum,
981 780 1071 833 sed
1112 796 1262 833 casus
1289 778 1425 832 verbi
1449 819 1465 845 ,
1497 775 1744 845 differunt

153 894 327 938 autem
358 898 391 936 a
422 880 591 934 verbo.
627 875 882 942 Quoniam
910 872 1007 926 hoc
1032 872 1256 944 quidem
1284 887 1507 945 pratum
1547 879 1743 942 tempus

156 973 512 1045 consigniﬁcat
530 1012 546 1037 ,
571 970 665 1023 illa
686 984 803 1022 vero
830 982 943 1036 qua:
974 964 1111 1018 circa
1139 972 1257 1017 sunt

227 1062 693 1132 Quemadmodum
726 1060 859 1114 dixit
881 1058 935 1112 in
960 1057 1198 1121 nomine,
1225 1070 1329 1111 non
1359 1058 1523 1110 homo
1548 1066 1741 1109 nomen

156 1173 265 1213 non
294 1164 406 1223 est,
461 1153 661 1208 idcirco
694 1150 835 1223 quod
883 1149 1067 1205 multis
1098 1148 1217 1203 aliis
1243 1149 1595 1215 conveniret,
1626 1160 1745 1217 quae

157 1249 402 1306 homines
425 1261 532 1301 non
560 1252 762 1311 essent,
789 1242 1150 1313 quoniamque
1178 1239 1247 1295 de
1278 1238 1494 1295 homine
1522 1238 1575 1294 id
1603 1237 1744 1309 quod

155 1342 362 1397 diceret
387 1338 644 1403 auferret,
676 1334 915 1405 nihilque
939 1332 1220 1389 deﬁnitum
1250 1331 1306 1385 in
1334 1331 1520 1387 eadem
1550 1329 1746 1401 praedi-

155 1436 368 1491 catione
385 1432 748 1503 relinqueret,
778 1429 919 1498 quod
948 1427 1093 1483 enim
1118 1443 1222 1482 non
1253 1426 1413 1481 homo
1439 1434 1543 1490 est,
1570 1430 1748 1492 potest

155 1542 279 1584 esse
306 1535 361 1581 et
387 1534 695 1588 centaurus,
730 1528 907 1591 potest
934 1533 1058 1575 esse
1086 1527 1139 1573 et
1169 1532 1366 1589 equus,
1396 1525 1450 1571 et
1480 1514 1582 1569 alia
1620 1528 1743 1585 qua:

155 1622 244 1677 vel
272 1628 400 1675 sunt
440 1617 524 1673 vel
553 1630 658 1671 non
713 1622 859 1678 sunt,
886 1619 1048 1682 atque
1076 1610 1196 1665 ideo
1238 1608 1505 1663 infmitutn
1547 1620 1745 1663 nomen

158 1722 411 1769 vocatum
454 1720 572 1773 est,
621 1707 693 1761 ita
722 1719 935 1777 quoque
982 1703 1143 1758 etiam
1177 1702 1228 1755 in
1264 1700 1424 1756 verbo
1446 1739 1462 1765 ,
1493 1698 1636 1770 quod
1665 1707 1747 1753 est

1843 499 2137 568 gniﬁcatio,
2166 500 2310 558 unde
2340 502 2400 557 ﬁt
2441 513 2498 557 ut
2529 501 2668 573 apud
2700 494 2918 557 Graecos
2958 513 3171 570 quoque
3199 513 3319 553 cum
3346 515 3428 552 ar-

1846 591 2157 648 ticularibus
2204 594 2568 664 praepositivis
2616 593 2728 648 sola
2764 592 2927 647 verba
2976 590 3117 645 dicta
3152 589 3429 661 proferan-

1851 693 1967 749 tur,
2001 693 2058 739 ut
2079 694 2192 751 est,
2217 685 2277 742 τὸ
2296 693 2623 759 περιπατεῖν,
2644 691 2734 741 τοῦ
2762 690 3089 759 περιπατεῖν,
3116 689 3188 756 τῷ
3212 702 3432 756 περιπα-

1848 782 1969 831 τεῖν.
2017 774 2167 844 Quod
2197 776 2243 831 si
2274 776 2439 832 verba
2469 791 2589 831 cum
2623 775 2928 830 nominibus
2954 772 3347 844 coniungantur
3376 770 3434 825 in

1848 866 2089 923 oratione
2114 866 2323 936 Graeca,
2340 866 2639 921 articularia
2669 865 3002 936 praepositiva
3023 864 3146 919 addi
3173 878 3280 917 non
3304 877 3429 931 pos-
3463 930 3474 941 .

1849 968 1995 1025 sunt,
2029 959 2131 1015 nisi
2162 959 2275 1015 sola
2304 958 2444 1014 dicta
2472 959 2603 1014 sint.
2630 957 2894 1025 Quoniam
2937 956 3246 1028 signiﬁcant
3273 970 3387 1011 rem
3414 995 3431 1022 ,

1849 1062 1903 1108 et
1933 1051 2004 1107 ita
2026 1060 2085 1107 ut
2108 1053 2357 1123 quamvis
2378 1067 2440 1108 ea
2470 1051 2914 1124 signiﬁc’entquae
2944 1049 3102 1105 alicui
3135 1048 3321 1115 insint,
3348 1056 3430 1102 ta-

1848 1159 1971 1200 men
2000 1144 2142 1215 quod
2172 1144 2464 1201 secundum
2511 1160 2593 1209 sc,
2621 1152 2676 1201 et
2704 1159 2798 1214 per
2838 1159 2990 1199 suam
3017 1142 3305 1199 essentiam
3351 1141 3430 1197 di-

1849 1246 2061 1303 cantur,
2096 1236 2296 1292 idcirco
2319 1246 2442 1292 sunt
2465 1237 2702 1300 nomina,
2738 1244 2793 1291 et
2813 1236 2955 1307 quod
2981 1226 3299 1292 Aristoteles
3321 1235 3429 1290 ait:

1848 1326 1965 1395 Ipsa
1990 1324 2204 1397 quidem
2236 1326 2530 1382 secundum
2564 1342 2625 1381 se
2654 1314 2799 1381 dicta
2830 1325 2996 1381 verba
3027 1326 3241 1380 nomina
3272 1333 3430 1393 sunt,

1849 1418 1956 1474 tale
1981 1429 2061 1474 est
2090 1434 2153 1474 ac
2182 1422 2225 1475 si
2254 1420 2513 1485 diceret,
2544 1418 2660 1490 ipsa
2710 1418 2924 1490 quidem
2951 1419 3063 1473 sola
3110 1433 3282 1489 neque
3314 1431 3431 1474 cum

1850 1510 2172 1581 aliisjuncta
2202 1514 2394 1579 verba,
2440 1512 2657 1567 nomina
2688 1519 2832 1567 sunt.
2866 1510 3029 1582 Cujus
3054 1512 3130 1566 rei
3154 1510 3257 1565 hoc
3278 1525 3432 1579 argu-

1851 1612 2090 1656 mentum
2142 1602 2342 1658 reddit.
2399 1601 2688 1659 Constituit
2715 1603 2894 1670 enim,
2947 1602 3150 1673 inquit,
3181 1603 3273 1673 qui
3305 1601 3434 1659 dicit

1851 1695 2212 1765 intellectum,
2245 1708 2301 1753 et
2328 1699 2418 1769 qui
2469 1698 2614 1753 audit
2643 1698 2912 1768 quiescit,
2963 1698 3067 1752 hoc
3103 1706 3278 1753 autem
3334 1698 3436 1752 tale

156 1820 273 1861 non
300 1803 497 1867 currit,
527 1800 611 1855 vel
637 1812 746 1853 non
768 1796 998 1861 laborat,
1024 1793 1293 1848 inﬁnitum
1325 1807 1543 1863 quoque
1570 1791 1743 1861 ipsum
1774 1794 1825 1855 Β
1850 1799 1954 1847 εει.
1986 1791 2160 1847 Omne
2192 1807 2386 1847 nomen
2440 1793 2703 1859 auditum,
2749 1792 3003 1863 quoniam
3055 1807 3153 1862 per
3202 1782 3437 1862 syllabas

157 1906 269 1966 est,
301 1893 551 1967 quoniam
573 1905 681 1945 non
720 1888 894 1944 solum
923 1887 990 1941 de
1009 1902 1075 1941 eo
1097 1885 1243 1956 quod
1271 1893 1388 1951 est,
1412 1876 1597 1937 veruin
1628 1891 1745 1945 est.

157 1988 255 2044 sed
277 1986 438 2043 etiam
469 1984 537 2039 de
561 1997 628 2038 co
650 1980 792 2052 quod
825 1995 931 2034 non
958 1988 1042 2034 est
1068 1976 1348 2050 praedicari
1378 1983 1581 2046 potest.
1617 1974 1748 2030 Pos-

159 2098 282 2137 sum
307 2092 536 2150 namque
562 2076 763 2141 dicere,
801 2074 963 2129 homo
988 2086 1095 2126 non
1119 2071 1309 2137 currit,
1322 2077 1377 2125 et
1402 2069 1455 2123 id
1486 2070 1625 2139 quod
1657 2073 1746 2123 aio

161 2190 271 2230 non
305 2171 505 2236 currit,
550 2169 636 2224 vel
678 2182 784 2223 non
813 2165 1048 2229 laborat,
1078 2164 1145 2219 de
1184 2178 1247 2218 ea
1277 2176 1339 2218 re
1362 2177 1481 2233 qua:
1504 2170 1586 2216 est
1612 2176 1752 2230 prae.

161 2266 319 2330 dico,
351 2262 403 2318 id
433 2270 515 2317 est
535 2260 601 2316 de
633 2258 870 2313 homine.
901 2257 1125 2312 Possum
1153 2268 1343 2309 rursus
1369 2253 1571 2319 dicere,
1604 2252 1750 2323 Sylla

160 2374 272 2415 non
321 2354 523 2420 currit,
556 2351 650 2408 sed
696 2350 844 2423 Sylla
886 2364 993 2404 non
1022 2356 1138 2417 est,
1173 2360 1301 2417 ergo
1329 2344 1430 2401 hoc
1460 2344 1602 2416 quod
1628 2344 1753 2400 dico

162 2468 274 2508 non
312 2448 499 2517 currit,
542 2456 596 2503 et
621 2446 691 2501 de
717 2459 781 2499 ea
805 2459 863 2499 re
889 2458 1007 2514 qua:
1036 2452 1122 2497 est
1147 2442 1325 2507 valet,
1371 2449 1425 2495 et
1452 2439 1519 2495 de
1543 2454 1604 2494 ea
1632 2452 1753 2510 qua:

164 2541 416 2607 nihilest,
450 2535 749 2608 prmdicari.
777 2535 884 2592 Sed
921 2535 1059 2589 forte
1092 2532 1287 2603 aliquis
1328 2530 1431 2586 hoc
1458 2545 1671 2601 quoque
1700 2532 1754 2588 in

164 2636 347 2693 verbis
367 2648 489 2690 esse
513 2631 677 2687 ﬁnitis
707 2626 1016 2684 contendat.
1042 2626 1269 2683 Possum
1290 2639 1525 2694 namque
1546 2624 1751 2690 dicere,

58 2744 79 2767 α
165 2741 339 2797 equus
364 2722 553 2788 currit,
583 2722 1037 2790 hippocentaurus
1069 2715 1258 2782 currit,
1287 2724 1343 2770 et
1372 2714 1440 2770 de
1467 2729 1529 2768 ea
1561 2728 1621 2769 re
1646 2712 1756 2769 sci-

170 2821 425 2885 licetquo:
446 2823 546 2879 est,
573 2824 627 2868 et
646 2813 713 2868 de
741 2826 804 2866 ea
831 2826 949 2882 quae
972 2797 1204 2865 n'on'est.
1237 2808 1303 2862 Et
1344 2805 1486 2878 quod
1519 2806 1757 2875 comple-

167 2912 333 2969 ctitur
362 2911 429 2965 de
452 2909 627 2962 futuro
658 2920 721 2961 ac
750 2900 1026 2974 preterito
1048 2899 1182 2955 dixit
1210 2898 1353 2969 quod
1379 2896 1620 2954 futurum
1642 2898 1761 2968 qui-

172 3006 298 3059 dem
329 3008 453 3055 ante
468 3010 702 3067 praesens
730 3002 943 3064 tempus
972 3000 1077 3056 est,
1108 2990 1437 3061 praeteritum
1463 3004 1591 3044 vero
1612 2999 1761 3045 retro

172 3096 516 3167 relinquitur,
539 3103 593 3149 et
619 3105 758 3147 novo
782 3086 1192 3155 admirabilique
1221 3098 1474 3140 sermone
1499 3098 1632 3139 usus
1655 3090 1760 3150 est,

1852 1886 2205 1956 progrediens
2222 1885 2609 1960 aliquantulum
2639 1888 2898 1958 temporis
2923 1886 3151 1958 spatium
3175 1886 3437 1956 decerpit.

1854 1979 1907 2034 in
1926 1978 2040 2048 ipsa
2072 1980 2447 2051 progressione
2472 1980 2731 2052 temporis
2760 1996 2863 2051 qua
2890 1981 3082 2036 dicitur
3103 1995 3321 2046 nomen,
3347 1994 3438 2035 au«

1854 2070 2049 2126 dientis
2078 2087 2291 2142 quoque
2312 2073 2527 2129 animus
2557 2074 2921 2145 progreditur,
2952 2081 3010 2128 ut
3034 2088 3154 2128 cum
3188 2072 3309 2128 dico
3339 2071 3439 2126 im-

1856 2162 2173 2232 perterritus
2205 2166 2343 2220 sicut
2376 2181 2472 2235 per
2516 2166 2753 2236 syllabas
2786 2168 2883 2234 im,
2928 2175 2982 2223 et
3010 2183 3128 2240 per,
3165 2174 3219 2223 et
3249 2176 3352 2234 ter,
3389 2175 3441 2222 ct

1854 2265 2078 2311 caeteras
2111 2257 2451 2329 progreditur
2484 2274 2709 2326 nomen,
2748 2261 2819 2313 ita
2854 2275 3067 2331 quoque
3096 2259 3311 2314 animus
3344 2274 3440 2313 au-

1856 2347 2057 2405 dientis
2090 2366 2186 2421 per
2216 2352 2433 2407 easdem
2466 2353 2701 2424 syllabas
2733 2353 2899 2409 vadit.
2929 2354 3033 2410 Sed
3066 2353 3155 2409 ubi
3187 2354 3307 2424 quis
3350 2369 3442 2409 ex—

1860 2439 2091 2509 pleverit
2114 2457 2308 2499 nomen
2340 2456 2393 2498 et
2416 2444 2612 2501 dixerit
2644 2446 3060 2516 imperterritus,
3085 2447 3226 2502 sicut
3248 2461 3444 2505 nomen

1859 2531 2188 2604 syllabarum
2227 2537 2609 2604 progressione
2638 2537 2844 2593 ﬁnitum
2876 2538 3165 2607 consistit,
3196 2539 3268 2593 ita
3316 2553 3445 2610 quo~

1860 2639 1966 2694 que
1998 2624 2265 2690 audientis
2293 2629 2503 2683 animus
2535 2629 2891 2699 conquiescit.
2942 2629 3075 2685 Nam
3123 2645 3247 2686 cum
3276 2639 3446 2686 totum

1860 2732 2058 2773 nomen
2090 2719 2264 2785 audit,
2295 2730 2459 2775 totam
2489 2722 2935 2791 signiﬁcationem
2957 2722 3121 2792 capit,
3154 2731 3209 2779 et
3235 2724 3447 2779 animus

1862 2807 2162 2877 audientis,
2196 2810 2288 2880 qui
2316 2810 2549 2867 dicentis
2594 2812 2826 2882 syllabas
2854 2814 3182 2886 sequebatur
3209 2858 3223 2881 ,
3258 2814 3448 2870 volens

1863 2902 2006 2974 quod
2066 2902 2154 2958 ille
2202 2903 2409 2959 diceret
2456 2903 2798 2975 intelligere,
2840 2921 2959 2961 cum
3003 2905 3449 2977 signiﬁcationem

1864 2997 2125 3066 cmperit,
2159 2996 2438 3062 consistit,
2474 3003 2529 3052 et
2565 2997 2682 3068 ejus
2713 2998 2923 3055 animus
2964 2998 3204 3069 perfecto
3236 2997 3451 3054 demum

1868 3087 2088 3143 nomine
2118 3088 2481 3155 constituitur,
2519 3087 2623 3144 hoc
2653 3098 2735 3144 est
2760 3090 2901 3144 enim
2933 3089 3076 3160 quod
3108 3089 3210 3143 ait:
3243 3088 3451 3145 Consti~

168 3186 320 3260 quod
344 3186 421 3240 ait
442 3181 817 3253 complectitur
838 3222 854 3246 ,
887 3177 982 3233 sed
1010 3190 1111 3232 nos
1142 3175 1195 3231 id
1215 3182 1472 3246 quantum
1496 3173 1760 3231 Latinitas
1871 3181 1971 3236 tuit
2002 3180 2145 3236 enim
2176 3182 2269 3252 qui
2288 3181 2418 3237 dicit
2449 3181 2809 3249 intellectum,
2841 3190 2897 3239 et
2919 3182 3008 3253 qui
3029 3183 3180 3237 audit
3203 3182 3452 3252 quiescit.

170 3293 334 3350 passa
357 3285 460 3343 est,
485 3273 779 3331 transferre
800 3270 893 3325 diu
921 3269 1252 3339 multumque
1281 3267 1620 3334 laborantes,
1655 3266 1760 3323 hoc

171 3373 295 3429 solo
319 3369 617 3440 potuimus,
656 3362 843 3420 Grazca
873 3377 1004 3419 vero
1032 3361 1273 3416 oratione
1303 3360 1631 3419 luculentius
1676 3360 1759 3415 di-

172 3473 321 3521 ctum
346 3470 447 3519 est.
473 3463 548 3517 lta
569 3461 712 3516 enim
744 3474 804 3515 se
827 3458 986 3513 habet
1010 3458 1075 3515 τὰ
1093 3456 1147 3512 δὲ
1173 3463 1277 3513 τῶν
1306 3457 1473 3535 πέριξ.
1498 3454 1648 3523 Quod
1669 3456 1763 3527 qui

176 3558 382 3613 Graecae
405 3556 599 3627 linguae
632 3552 837 3624 peritus
866 3560 945 3607 est
973 3592 989 3617 ,
1040 3558 1299 3616 quantum
1349 3548 1542 3605 melius
1574 3546 1763 3606 Graeca

175 3648 419 3704 oratione
441 3657 619 3715 sonet,
646 3646 904 3716 agnoscit.

254 3739 376 3808 Ipsa
404 3740 573 3809 itaque
609 3738 890 3791 secundum
920 3754 974 3791 se
1002 3737 1141 3790 dicta
1166 3735 1314 3790 verba
1336 3777 1350 3801 ,
1380 3737 1589 3791 nomina
1619 3745 1759 3801 sunt,

176 3844 227 3889 et
257 3832 543 3904 signiﬁcant
570 3830 791 3901 aliquid.
822 3829 1093 3885 Constituit
1130 3829 1259 3882 enim
1292 3828 1382 3900 qui
1421 3828 1542 3904 dicit
1562 3869 1577 3893 ,
1616 3828 1765 3882 intel-

178 3926 388 3990 lectum,
414 3935 460 3977 et
488 3923 575 3993 qui
624 3922 791 3990 audit,
824 3922 1068 3993 quiescit,
1102 3921 1188 3976 sed
1216 3921 1379 3986 si'eat,
1423 3920 1501 3975 vel
1526 3937 1627 3976 non
1654 3931 1763 3991 εει,

178 4017 413 4070 nondum
454 4014 738 4087 signiﬁcat,
766 4030 923 4085 neque
957 4014 1089 4068 enim
1112 4014 1314 4085 signum
1353 4024 1425 4069 est
1457 4016 1530 4069 rei
1564 4032 1669 4071 εεεε
1689 4011 1768 4071 vel

180 4125 291 4162 non
320 4124 424 4160 esse
445 4149 460 4176 ,
495 4124 583 4161 nec
612 4108 655 4160 si
670 4109 838 4178 ipsum
866 4116 939 4161 est
969 4123 1154 4177 purum
1186 4108 1396 4162 dixeris.
1428 4106 1607 4178 Ipsum
1629 4109 1764 4163 enim

180 4198 320 4254 nihil
348 4209 450 4263 εει,
469 4200 816 4269 consigni/icat
838 4208 1007 4253 autem
1032 4199 1304 4268 quamdam
1330 4201 1765 4269 compositionem,

174 4312 338 4369 quam
366 4296 475 4350 sine
502 4295 794 4367 compositis
822 4311 924 4349 non
945 4303 1016 4349 εει
1042 4295 1339 4365 intelligere.

262 4389 371 4445 Hoc
409 4388 461 4443 in
495 4388 613 4445 loco
639 4387 966 4460 Porphyrius
996 4389 1065 4443 de
1094 4387 1398 4444 Stoicorum
1444 4388 1722 4445 dialectica
1751 4431 1764 4456 ,

178 4483 518 4550 aliarumque
566 4482 873 4537 scholarum
923 4482 1087 4536 multa
1130 4483 1439 4549 permiscet,
1470 4492 1526 4539 et
1570 4482 1622 4537 in
1652 4482 1768 4539 aliis

1867 3272 2079 3329 Etenim
2130 3273 2177 3328 is
2230 3274 2318 3345 qui
2389 3273 2627 3343 loquitur
2676 3284 2958 3345 postquam
3022 3283 3193 3329 totum
3249 3286 3454 3328 sermo~

1868 3381 1993 3422 nem
2015 3366 2232 3431 dixerit,
2266 3365 2533 3422 audientis
2578 3369 2819 3422 animum
2868 3368 3164 3423 constituit.
3204 3367 3341 3440 (Non
3374 3374 3455 3422 est

1868 3461 2011 3518 enim
2034 3475 2141 3533 quo
2170 3459 2939 3535 progrediaturintelligentia)
2973 3460 3197 3530 ipsoque
3241 3462 3457 3520 nomine

1869 3552 2178 3620 terminato,
2211 3553 2421 3607 animus
2460 3551 2720 3607 auditoris
2751 3553 2839 3621 qui
2870 3552 3330 3622 progrediebatur,
3366 3570 3456 3608 ex-

1869 3645 2160 3715 plicatione
2200 3644 2433 3699 nominis
2462 3643 2823 3707 constituitur,
2854 3652 2909 3698 et
2933 3643 3159 3713 quiescit
3184 3684 3199 3710 ,
3232 3652 3282 3698 el
3320 3643 3457 3699 ultra

1870 3738 1937 3792 ad
2001 3737 2461 3808 intelligentiam,
2512 3734 2709 3806 quippe
2761 3734 3010 3805 expedita
3071 3734 3459 3805 signiﬁcatione

1871 3831 2105 3889 nominis
2130 3874 2145 3901 ,
2182 3847 2292 3887 non
2340 3830 2604 3901 procedit,
2646 3829 2740 3888 sed
2793 3831 2895 3887 hoc
2946 3830 3111 3886 verbo
3141 3830 3457 3902 nominique

1873 3940 2161 3982 commune
2191 3933 2296 3995 est,
2320 3924 2414 3980 sed
2443 3924 2487 3979 si
2518 3924 2741 3980 veebum
2765 3925 2938 3979 solum
2962 3924 3193 3979 dicatur.
3221 3923 3459 3995 Namque

1873 4021 1916 4077 si
1951 4035 2070 4075 cum
2115 4018 2334 4074 nomine
2350 4017 2729 4088 conjungatur,
2759 4017 2998 4073 nondum
3028 4016 3296 4071 audientis
3324 4031 3458 4071 con-

1874 4112 2113 4168 stituitur
2169 4110 2493 4167 intellectus.
2545 4109 2641 4165 Est
2685 4110 2825 4166 enim
2879 4125 2984 4180 quo
3042 4111 3178 4164 ultra
3212 4109 3459 4180 progredi

1874 4204 2086 4259 animus
2136 4201 2404 4257 audientis
2433 4202 2623 4271 possit.
2677 4200 2830 4269 Quod
2860 4215 2982 4256 eum
3014 4201 3158 4269 dico,
3206 4201 3459 4259 Socrates

1878 4296 2137 4366 ambulat,
2174 4296 2261 4350 hic
2301 4295 2543 4351 ambulat
2576 4310 2680 4350 non
2729 4310 2825 4365 per
2856 4310 2913 4350 se
2948 4294 3302 4367 intelligitur,
3364 4296 3458 4350 sed

1878 4391 1943 4445 ad
1974 4389 2253 4445 Socratem
2286 4387 2537 4456 refertur,
2582 4396 2635 4442 et
2681 4388 2733 4442 in
2769 4395 2878 4442 tota
2929 4387 3173 4443 oratione
3213 4388 3462 4445 consiStit

1880 4481 2217 4550 intellectus,
2266 4495 2371 4535 non
2416 4480 2468 4535 in
2499 4479 2616 4535 solo
2647 4493 2898 4535 sermone
2927 4495 2941 4545 ;
2975 4489 3029 4534 at
3050 4496 3180 4535 vero
3210 4481 3252 4536 si
3284 4482 3460 4536 solum

179 4588 398 4646 quoque
419 4572 579 4643 hujus
603 4572 724 4627 libri
752 4572 992 4642 partibus
1013 4613 1027 4639 ,
1062 4572 1111 4627 id
1143 4582 1225 4628 est
1256 4575 1307 4628 in
1338 4574 1771 4645 expositionibus
1797 4567 1857 4633 Ι)
1878 4575 2079 4631 dictum
2132 4576 2223 4642 sit,
2258 4576 2329 4630 ita
2359 4573 2415 4629 in
2441 4573 2837 4646 signiﬁcatione
2870 4574 3151 4643 consistit,
3202 4576 3451 4646 quemad-

183 4667 330 4723 idem
386 4666 529 4734 facit,
583 4665 725 4733 quod
774 4666 1039 4722 interdum
1074 4667 1228 4722 nobis
1259 4676 1341 4723 est
1370 4668 1765 4739 negligendum.

179 4762 341 4829 Saepe
368 4760 513 4817 enim
542 4759 808 4828 superﬂua
839 4759 1215 4831 explanatione
1256 4760 1425 4833 magis
1467 4760 1771 4817 obscuritas

177 4860 548 4921 comparatur.
594 4849 744 4905 Nunc
773 4860 951 4907 autem
983 4853 1287 4907 Aristotelis
1315 4852 1617 4923 hujusmodi
1649 4867 1772 4909 scn-

178 4942 348 4999 testia
392 4952 475 5000 est
501 4983 516 5010 ,
569 4941 763 5010 Verba,
796 4944 999 5015 inquit,
1031 4945 1146 5015 ipsa
1177 4944 1473 5001 secundum
1524 4959 1583 5001 se
1630 4944 1771 5001 dicta

178 5040 399 5095 nomina
445 5049 610 5107 sunt,
667 5057 774 5097 non
825 5041 1116 5097 secundum
1158 5040 1214 5096 id
1244 5042 1387 5110 quod
1418 5043 1593 5099 omnis
1644 5057 1767 5114 pars

178 5135 442 5193 orationis
462 5138 818 5193 communiter
840 5153 1035 5195 nomen
1064 5147 1305 5204 vocatur,
1341 5147 1398 5193 ut
1422 5138 1651 5194 dicimus
1674 5151 1771 5193 no-

177 5228 325 5283 mina
352 5244 555 5295 rerum,
588 5230 683 5287 sed
711 5231 852 5301 quod
882 5246 1044 5288 omne
1073 5232 1295 5288 verbum
1328 5247 1421 5300 per
1459 5246 1518 5287 se
1545 5231 1767 5299 dictum,

177 5335 356 5390 neque
378 5320 562 5377 addito
605 5322 673 5378 de
716 5338 823 5393 quo
853 5322 1176 5393 prxdicatur
1204 5322 1311 5378 tale
1338 5332 1440 5388 est,
1485 5332 1542 5377 ut
1566 5322 1769 5379 nomini

176 5413 253 5470 sit
278 5412 457 5470 afﬁne.
488 5414 620 5471 Nam
653 5415 698 5473 si
727 5415 928 5485 dicam,
959 5418 1209 5473 Socrates
1239 5416 1513 5481 ambulat,
1545 5415 1594 5471 id
1625 5416 1767 5486 quod

179 5505 289 5563 dixi
339 5508 608 5575 ambulat,
662 5518 831 5565 totum
874 5510 1110 5579 pertinet
1155 5508 1221 5563 ad
1270 5508 1568 5566 Socratem.
1615 5508 1768 5565 Nulla

178 5586 355 5671 ipsius
378 5600 728 5672 intelligentia
760 5603 970 5673 propria
1008 5608 1114 5658 εει.
1142 5602 1212 5659 Αι
1237 5617 1364 5657 vero
1389 5617 1507 5656 cum
1531 5601 1653 5657 dico
1684 5616 1772 5658 so-

177 5696 286 5750 lum
309 5696 565 5764 ambulat,
592 5697 663 5753 ita
691 5696 905 5767 quidem
933 5694 1068 5761 dixi,
1098 5704 1345 5765 tanquam
1370 5694 1415 5750 si
1439 5693 1595 5748 alicui
1623 5691 1771 5762 insit,

178 5787 229 5843 id
260 5799 343 5846 est
371 5799 625 5864 tanquam
652 5796 705 5859 si,
725 5790 944 5863 quilibet
974 5787 1249 5857 ambulet,
1274 5788 1368 5846 sed
1397 5798 1571 5845 tamen
1595 5800 1689 5857 per
1712 5800 1772 5845 se

1879 4668 2171 4724 modumin
2213 4666 2452 4724 nomine.
2495 4666 2663 4724 Recte
2694 4667 2856 4739 igitur
2882 4666 3081 4723 dictum
3115 4677 3198 4724 est
3226 4668 3339 4739 ipsa
3373 4686 3452 4723 sc-

1875 4761 2108 4816 cundum
2138 4774 2198 4815 se
2227 4760 2372 4816 dicta
2401 4760 2566 4816 verba
2607 4759 2827 4815 nomina
2861 4773 3000 4827 esse,
3044 4760 3296 4832 quoniam
3330 4776 3429 4816 con

1877 4855 2053 4911 stituit
2086 4855 2133 4912 is
2161 4855 2251 4926 qui
2283 4853 2413 4910 dicit
2443 4855 2798 4923 Intellectum,
2832 4864 2888 4912 et
2917 4854 3007 4927 qui
3034 4855 3184 4911 audit
3211 4857 3442 4927 quiescit

1879 4948 1977 5029 Vel
2005 4957 2152 5005 certe
2181 4949 2284 5004 erit
2317 4948 2507 5006 melior
2537 4949 2805 5021 expositio
2832 4950 2877 5005 si
2901 4950 2971 5007 ita
3009 4950 3253 5006 dicamus
3300 4951 3477 5005 verba.

1879 5042 1994 5113 ipsa
2041 5041 2339 5098 secundum
2382 5059 2440 5101 se
2468 5043 2610 5099 dicta
2651 5043 2867 5098 nomina
2906 5057 3060 5112 esse,
3094 5043 3295 5099 idcirco
3328 5059 3464 5113 quo-

1880 5136 2024 5195 niam
2054 5136 2332 5208 cujusdam
2382 5136 2458 5192 rei
2502 5135 2734 5191 habeant
2764 5135 3210 5207 signiﬁcationem
3238 5176 3253 5201 ,
3290 5150 3467 5205 neque

1880 5230 2022 5287 enim
2050 5230 2095 5285 si
2127 5230 2248 5284 talis
2278 5230 2353 5285 rei
2387 5228 2829 5300 signiﬁcationem
2863 5228 3058 5284 retinet
3078 5227 3325 5293 verbum,
3345 5243 3464 5298 qua:
3540 5225 3547 5233 ’

1878 5338 2092 5394 semper
2121 5332 2212 5378 aut
2257 5323 2309 5377 in
2351 5322 2519 5378 altero
2550 5324 2639 5389 sit,
2682 5332 2774 5378 aut
2803 5321 2870 5377 de
2898 5322 3070 5376 altero
3116 5321 3463 5390 praedicetur,

1880 5416 2077 5472 idcirco
2095 5415 2204 5486 jam
2240 5414 2371 5468 nihil
2402 5415 2623 5470 omnino
2653 5413 2959 5483 signiﬁcat,
2995 5427 3093 5467 nec
3122 5413 3166 5467 si
3194 5412 3461 5483 signiﬁcat

1876 5507 2076 5579 aliquid
2104 5509 2247 5578 quod
2276 5516 2470 5577 praeter
2507 5507 2810 5577 subjectum
2855 5520 2979 5560 esse
3007 5521 3112 5561 non
3156 5505 3350 5575 possit,
3387 5504 3466 5559 id-

1875 5599 2020 5656 circo
2048 5597 2160 5671 jam
2178 5600 2344 5655 etiam
2376 5597 2506 5653 illud
2538 5598 2805 5670 signiﬁcat
2838 5596 2979 5665 quod
3006 5594 3308 5664 subjectum
3342 5604 3463 5663 est,

1878 5702 1937 5749 ut
1964 5708 2084 5750 cum
2117 5692 2238 5748 dico
2261 5693 2422 5761 sapit,
2458 5708 2563 5747 non
2597 5693 2796 5749 idcirco
2834 5688 2966 5744 nihil
2998 5687 3300 5758 signiﬁcat,
3333 5704 3466 5763 qum

1876 5785 2019 5845 niam
2067 5784 2167 5842 hoc
2197 5785 2369 5856 ipsum
2418 5786 2577 5861 sapit,
2613 5785 2729 5839 sine
2760 5797 2822 5841 eo
2848 5780 2990 5853 quod
3021 5792 3213 5855 sapere
3250 5788 3465 5855 potest,
