  <div class='ocr_page' id='page_1' title='image "/cluster/home/n/w/nwhite01/storage/ocr_20150623/64/hvd.32044024222309/223.png"; bbox 0 0 4022 6332; ppageno 0'>
   <div class='ocr_carea' id='block_1_1' title="bbox 491 332 591 392">
    <p class='ocr_par' dir='ltr' id='par_1_1' title="bbox 491 332 591 392">
     <span class='ocr_line' id='line_1_1' title="bbox 491 332 591 392; baseline 0 0"><span class='ocrx_word' id='word_1_1' title='bbox 491 332 591 392; x_wconf 61' lang='grc' dir='ltr'><strong>ὁδί</strong></span> 
     </span>
    </p>
   </div>
   <div class='ocr_carea' id='block_1_2' title="bbox 1706 327 3745 389">
    <p class='ocr_par' dir='ltr' id='par_1_2' title="bbox 1706 327 3745 389">
     <span class='ocr_line' id='line_1_2' title="bbox 1706 327 3745 389; baseline 0 -2"><span class='ocrx_word' id='word_1_2' title='bbox 1706 328 1818 389; x_wconf 80' lang='lat' dir='ltr'><strong>AN.</strong></span> <span class='ocrx_word' id='word_1_3' title='bbox 1859 330 2069 389; x_wconf 77' lang='lat' dir='ltr'><strong>MANL.</strong></span> <span class='ocrx_word' id='word_1_4' title='bbox 2104 327 2253 386; x_wconf 84' lang='lat' dir='ltr'><strong>SEV.</strong></span> <span class='ocrx_word' id='word_1_5' title='bbox 2297 329 2522 388; x_wconf 83' lang='lat' dir='ltr'><strong>BOETII</strong></span> <span class='ocrx_word' id='word_1_6' title='bbox 3659 333 3745 387; x_wconf 61' lang='lat'><strong>$32</strong></span> 
     </span>
    </p>
   </div>
   <div class='ocr_carea' id='block_1_3' title="bbox 491 452 3743 532">
    <p class='ocr_par' dir='ltr' id='par_1_3' title="bbox 491 452 3743 532">
     <span class='ocr_line' id='line_1_3' title="bbox 491 452 3743 532; baseline -0.001 -14"><span class='ocrx_word' id='word_1_7' title='bbox 491 475 614 519; x_wconf 70' lang='lat' dir='ltr'><strong>esse</strong></span> <span class='ocrx_word' id='word_1_8' title='bbox 639 472 748 514; x_wconf 92' lang='lat' dir='ltr'><strong>non</strong></span> <span class='ocrx_word' id='word_1_9' title='bbox 786 457 985 527; x_wconf 89' lang='lat' dir='ltr'><strong>possit,</strong></span> <span class='ocrx_word' id='word_1_10' title='bbox 1018 470 1114 519; x_wconf 80' lang='lat' dir='ltr'><strong>nec</strong></span> <span class='ocrx_word' id='word_1_11' title='bbox 1153 467 1337 509; x_wconf 78' lang='lat' dir='ltr'><strong>rursus</strong></span> <span class='ocrx_word' id='word_1_12' title='bbox 1377 466 1502 508; x_wconf 90' lang='lat' dir='ltr'><strong>cum</strong></span> <span class='ocrx_word' id='word_1_13' title='bbox 1543 452 1663 508; x_wconf 87' lang='lat' dir='ltr'><strong>dico</strong></span> <span class='ocrx_word' id='word_1_14' title='bbox 1693 454 1872 522; x_wconf 84' lang='lat' dir='ltr'><strong>sapit,</strong></span> <span class='ocrx_word' id='word_1_15' title='bbox 1907 453 2062 507; x_wconf 91' lang='lat' dir='ltr'><strong>illum</strong></span> <span class='ocrx_word' id='word_1_16' title='bbox 2099 455 2149 513; x_wconf 74' lang='grc' dir='ltr'>Α</span> <span class='ocrx_word' id='word_1_17' title='bbox 2181 462 2260 508; x_wconf 91' lang='lat' dir='ltr'><strong>tas</strong></span> <span class='ocrx_word' id='word_1_18' title='bbox 2290 470 2397 510; x_wconf 90' lang='lat' dir='ltr'><strong>non</strong></span> <span class='ocrx_word' id='word_1_19' title='bbox 2450 454 2657 511; x_wconf 88' lang='lat' dir='ltr'><strong>videtur</strong></span> <span class='ocrx_word' id='word_1_20' title='bbox 2688 465 2942 522; x_wconf 75' lang='lat' dir='ltr'><strong>existere,</strong></span> <span class='ocrx_word' id='word_1_21' title='bbox 2976 460 3226 528; x_wconf 83' lang='lat' dir='ltr'><strong>quocirca</strong></span> <span class='ocrx_word' id='word_1_22' title='bbox 3277 469 3472 530; x_wconf 63' lang='lat' dir='ltr'><strong>preter</strong></span> <span class='ocrx_word' id='word_1_23' title='bbox 3516 461 3743 532; x_wconf 85' lang='lat' dir='ltr'><strong>aliquam</strong></span> 
     </span>
    </p>
   </div>
   <div class='ocr_carea' id='block_1_4' title="bbox 492 546 2069 625">
    <p class='ocr_par' dir='ltr' id='par_1_4' title="bbox 492 546 2069 625">
     <span class='ocr_line' id='line_1_4' title="bbox 492 546 2069 625; baseline -0.006 -15"><span class='ocrx_word' id='word_1_24' title='bbox 492 554 667 625; x_wconf 87' lang='lat' dir='ltr'><strong>ipsum</strong></span> <span class='ocrx_word' id='word_1_25' title='bbox 697 550 835 621; x_wconf 90' lang='lat' dir='ltr'><strong>quod</strong></span> <span class='ocrx_word' id='word_1_26' title='bbox 856 548 994 619; x_wconf 89' lang='lat' dir='ltr'><strong>sapit</strong></span> <span class='ocrx_word' id='word_1_27' title='bbox 1025 549 1076 602; x_wconf 91' lang='lat' dir='ltr'><strong>in</strong></span> <span class='ocrx_word' id='word_1_28' title='bbox 1107 547 1278 601; x_wconf 91' lang='lat' dir='ltr'><strong>altero</strong></span> <span class='ocrx_word' id='word_1_29' title='bbox 1315 562 1457 613; x_wconf 90' lang='lat' dir='ltr'><strong>esse,</strong></span> <span class='ocrx_word' id='word_1_30' title='bbox 1482 547 1575 602; x_wconf 89' lang='lat' dir='ltr'><strong>sed</strong></span> <span class='ocrx_word' id='word_1_31' title='bbox 1608 546 1734 601; x_wconf 91' lang='lat' dir='ltr'><strong>illud</strong></span> <span class='ocrx_word' id='word_1_32' title='bbox 1766 548 1914 617; x_wconf 91' lang='lat' dir='ltr'><strong>quod</strong></span> <span class='ocrx_word' id='word_1_33' title='bbox 1946 547 2069 601; x_wconf 89' lang='lat' dir='ltr'><strong>dico</strong></span> 
     </span>
    </p>
   </div>
   <div class='ocr_carea' id='block_1_5' title="bbox 494 635 2066 712">
    <p class='ocr_par' dir='ltr' id='par_1_5' title="bbox 494 635 2066 712">
     <span class='ocr_line' id='line_1_5' title="bbox 494 635 2066 712; baseline -0.006 -14"><span class='ocrx_word' id='word_1_34' title='bbox 494 643 668 712; x_wconf 81' lang='lat' dir='ltr'><strong>sapit,</strong></span> <span class='ocrx_word' id='word_1_35' title='bbox 698 653 888 695; x_wconf 87' lang='lat' dir='ltr'><strong>nomen</strong></span> <span class='ocrx_word' id='word_1_36' title='bbox 926 644 1010 691; x_wconf 91' lang='lat' dir='ltr'><strong>est</strong></span> <span class='ocrx_word' id='word_1_37' title='bbox 1033 635 1305 705; x_wconf 84' lang='lat' dir='ltr'><strong>cujusdam</strong></span> <span class='ocrx_word' id='word_1_38' title='bbox 1350 636 1448 700; x_wconf 87' lang='lat' dir='ltr'><strong>rei,</strong></span> <span class='ocrx_word' id='word_1_39' title='bbox 1504 651 1622 704; x_wconf 75' lang='lat' dir='ltr'><strong>qute</strong></span> <span class='ocrx_word' id='word_1_40' title='bbox 1651 646 1868 703; x_wconf 88' lang='lat' dir='ltr'><strong>semper</strong></span> <span class='ocrx_word' id='word_1_41' title='bbox 1912 635 1982 689; x_wconf 87' lang='lat' dir='ltr'><strong>sit</strong></span> <span class='ocrx_word' id='word_1_42' title='bbox 2016 636 2066 688; x_wconf 92' lang='lat' dir='ltr'><strong>in</strong></span> 
     </span>
    </p>
   </div>
   <div class='ocr_carea' id='block_1_6' title="bbox 496 725 2063 796">
    <p class='ocr_par' dir='ltr' id='par_1_6' title="bbox 496 725 2063 796">
     <span class='ocr_line' id='line_1_6' title="bbox 496 725 2063 796; baseline -0.004 -9"><span class='ocrx_word' id='word_1_43' title='bbox 496 733 661 787; x_wconf 82' lang='lat' dir='ltr'><strong>altero</strong></span> <span class='ocrx_word' id='word_1_44' title='bbox 676 740 729 785; x_wconf 88' lang='lat' dir='ltr'><strong>et</strong></span> <span class='ocrx_word' id='word_1_45' title='bbox 758 730 822 784; x_wconf 92' lang='lat' dir='ltr'><strong>de</strong></span> <span class='ocrx_word' id='word_1_46' title='bbox 850 728 1020 782; x_wconf 84' lang='lat' dir='ltr'><strong>altero</strong></span> <span class='ocrx_word' id='word_1_47' title='bbox 1049 727 1385 796; x_wconf 71' lang='lat' dir='ltr'><strong>prazdicetur,</strong></span> <span class='ocrx_word' id='word_1_48' title='bbox 1415 725 1557 781; x_wconf 91' lang='lat' dir='ltr'><strong>unde</strong></span> <span class='ocrx_word' id='word_1_49' title='bbox 1590 726 1645 779; x_wconf 91' lang='lat' dir='ltr'><strong>ﬁt</strong></span> <span class='ocrx_word' id='word_1_50' title='bbox 1676 734 1731 781; x_wconf 91' lang='lat' dir='ltr'><strong>ut</strong></span> <span class='ocrx_word' id='word_1_51' title='bbox 1754 727 2063 781; x_wconf 90' lang='lat' dir='ltr'><strong>intellectus</strong></span> 
     </span>
    </p>
   </div>
   <div class='ocr_carea' id='block_1_7' title="bbox 494 817 2068 892">
    <p class='ocr_par' dir='ltr' id='par_1_7' title="bbox 494 817 2068 892">
     <span class='ocr_line' id='line_1_7' title="bbox 494 817 2068 892; baseline -0.003 -17"><span class='ocrx_word' id='word_1_52' title='bbox 494 835 701 892; x_wconf 88' lang='lat' dir='ltr'><strong>quoque</strong></span> <span class='ocrx_word' id='word_1_53' title='bbox 730 821 815 873; x_wconf 90' lang='lat' dir='ltr'><strong>sit.</strong></span> <span class='ocrx_word' id='word_1_54' title='bbox 866 818 998 872; x_wconf 86' lang='lat' dir='ltr'><strong>Nam</strong></span> <span class='ocrx_word' id='word_1_55' title='bbox 1053 817 1141 887; x_wconf 88' lang='lat' dir='ltr'><strong>qui</strong></span> <span class='ocrx_word' id='word_1_56' title='bbox 1190 817 1336 871; x_wconf 91' lang='lat' dir='ltr'><strong>audit</strong></span> <span class='ocrx_word' id='word_1_57' title='bbox 1372 818 1530 884; x_wconf 85' lang='lat' dir='ltr'><strong>sapit,</strong></span> <span class='ocrx_word' id='word_1_58' title='bbox 1561 817 1689 871; x_wconf 87' lang='lat' dir='ltr'><strong>licet</strong></span> <span class='ocrx_word' id='word_1_59' title='bbox 1726 833 1822 887; x_wconf 90' lang='lat' dir='ltr'><strong>per</strong></span> <span class='ocrx_word' id='word_1_60' title='bbox 1844 832 1903 872; x_wconf 86' lang='lat' dir='ltr'><strong>se</strong></span> <span class='ocrx_word' id='word_1_61' title='bbox 1939 833 2068 872; x_wconf 89' lang='lat' dir='ltr'><strong>con-</strong></span> 
     </span>
    </p>
   </div>
   <div class='ocr_carea' id='block_1_8' title="bbox 493 908 2073 980">
    <p class='ocr_par' dir='ltr' id='par_1_8' title="bbox 493 908 2073 980">
     <span class='ocr_line' id='line_1_8' title="bbox 493 908 2073 980; baseline -0.004 -12"><span class='ocrx_word' id='word_1_62' title='bbox 493 921 721 967; x_wconf 91' lang='lat' dir='ltr'><strong>stantem</strong></span> <span class='ocrx_word' id='word_1_63' title='bbox 766 925 876 964; x_wconf 90' lang='lat' dir='ltr'><strong>rem</strong></span> <span class='ocrx_word' id='word_1_64' title='bbox 908 924 1013 963; x_wconf 91' lang='lat' dir='ltr'><strong>non</strong></span> <span class='ocrx_word' id='word_1_65' title='bbox 1042 908 1223 963; x_wconf 77' lang='lat' dir='ltr'><strong>audiat</strong></span> <span class='ocrx_word' id='word_1_66' title='bbox 1254 909 1343 980; x_wconf 94' lang='lat' dir='ltr'><strong>(in</strong></span> <span class='ocrx_word' id='word_1_67' title='bbox 1384 909 1552 964; x_wconf 86' lang='lat' dir='ltr'><strong>altero</strong></span> <span class='ocrx_word' id='word_1_68' title='bbox 1582 924 1812 979; x_wconf 85' lang='lat' dir='ltr'><strong>namque</strong></span> <span class='ocrx_word' id='word_1_69' title='bbox 1860 924 2073 979; x_wconf 88' lang='lat' dir='ltr'><strong>semper</strong></span> 
     </span>
    </p>
   </div>
   <div class='ocr_carea' id='block_1_9' title="bbox 493 1002 2070 1073">
    <p class='ocr_par' dir='ltr' id='par_1_9' title="bbox 493 1002 2070 1073">
     <span class='ocr_line' id='line_1_9' title="bbox 493 1002 2070 1073; baseline -0.003 -14"><span class='ocrx_word' id='word_1_70' title='bbox 493 1003 596 1073; x_wconf 88' lang='lat' dir='ltr'><strong>est)</strong></span> <span class='ocrx_word' id='word_1_71' title='bbox 625 1015 676 1059; x_wconf 92' lang='lat' dir='ltr'><strong>et</strong></span> <span class='ocrx_word' id='word_1_72' title='bbox 719 1004 769 1057; x_wconf 93' lang='lat' dir='ltr'><strong>in</strong></span> <span class='ocrx_word' id='word_1_73' title='bbox 801 1018 907 1073; x_wconf 91' lang='lat' dir='ltr'><strong>quo</strong></span> <span class='ocrx_word' id='word_1_74' title='bbox 951 1003 1021 1056; x_wconf 91' lang='lat' dir='ltr'><strong>sit</strong></span> <span class='ocrx_word' id='word_1_75' title='bbox 1068 1002 1267 1056; x_wconf 90' lang='lat' dir='ltr'><strong>dictum</strong></span> <span class='ocrx_word' id='word_1_76' title='bbox 1322 1017 1427 1055; x_wconf 92' lang='lat' dir='ltr'><strong>non</strong></span> <span class='ocrx_word' id='word_1_77' title='bbox 1467 1010 1570 1068; x_wconf 88' lang='lat' dir='ltr'><strong>est,</strong></span> <span class='ocrx_word' id='word_1_78' title='bbox 1605 1011 1785 1057; x_wconf 90' lang='lat' dir='ltr'><strong>tamen</strong></span> <span class='ocrx_word' id='word_1_79' title='bbox 1819 1002 2070 1071; x_wconf 92' lang='lat' dir='ltr'><strong>intelligit</strong></span> 
     </span>
    </p>
   </div>
   <div class='ocr_carea' id='block_1_10' title="bbox 492 1092 2069 1166">
    <p class='ocr_par' dir='ltr' id='par_1_10' title="bbox 492 1092 2069 1166">
     <span class='ocr_line' id='line_1_10' title="bbox 492 1092 2069 1166; baseline -0.001 -19"><span class='ocrx_word' id='word_1_80' title='bbox 492 1094 739 1166; x_wconf 82' lang='lat' dir='ltr'><strong>quiddam</strong></span> <span class='ocrx_word' id='word_1_81' title='bbox 761 1104 815 1149; x_wconf 92' lang='lat' dir='ltr'><strong>et</strong></span> <span class='ocrx_word' id='word_1_82' title='bbox 841 1095 1004 1164; x_wconf 88' lang='lat' dir='ltr'><strong>ipsius</strong></span> <span class='ocrx_word' id='word_1_83' title='bbox 1028 1092 1177 1148; x_wconf 82' lang='lat' dir='ltr'><strong>verbi</strong></span> <span class='ocrx_word' id='word_1_84' title='bbox 1198 1093 1586 1161; x_wconf 82' lang='lat' dir='ltr'><strong>signiﬁcatione</strong></span> <span class='ocrx_word' id='word_1_85' title='bbox 1617 1093 1829 1157; x_wconf 85' lang='lat' dir='ltr'><strong>nititur,</strong></span> <span class='ocrx_word' id='word_1_86' title='bbox 1856 1103 1909 1147; x_wconf 89' lang='lat' dir='ltr'><strong>et</strong></span> <span class='ocrx_word' id='word_1_87' title='bbox 1932 1094 1984 1146; x_wconf 91' lang='lat' dir='ltr'><strong>in</strong></span> <span class='ocrx_word' id='word_1_88' title='bbox 2008 1108 2069 1147; x_wconf 90' lang='lat' dir='ltr'><strong>ea</strong></span> 
     </span>
    </p>
   </div>
   <div class='ocr_carea' id='block_1_11' title="bbox 494 1184 2071 1253">
    <p class='ocr_par' dir='ltr' id='par_1_11' title="bbox 494 1184 2071 1253">
     <span class='ocr_line' id='line_1_11' title="bbox 494 1184 2071 1253; baseline -0.003 -11"><span class='ocrx_word' id='word_1_89' title='bbox 494 1188 767 1242; x_wconf 85' lang='lat' dir='ltr'><strong>constituit</strong></span> <span class='ocrx_word' id='word_1_90' title='bbox 813 1186 1140 1242; x_wconf 89' lang='lat' dir='ltr'><strong>intellectum</strong></span> <span class='ocrx_word' id='word_1_91' title='bbox 1181 1195 1235 1239; x_wconf 89' lang='lat' dir='ltr'><strong>et</strong></span> <span class='ocrx_word' id='word_1_92' title='bbox 1276 1184 1545 1253; x_wconf 90' lang='lat' dir='ltr'><strong>quiescit,</strong></span> <span class='ocrx_word' id='word_1_93' title='bbox 1580 1192 1639 1237; x_wconf 93' lang='lat' dir='ltr'><strong>ut</strong></span> <span class='ocrx_word' id='word_1_94' title='bbox 1669 1184 1733 1237; x_wconf 92' lang='lat' dir='ltr'><strong>ad</strong></span> <span class='ocrx_word' id='word_1_95' title='bbox 1767 1184 2071 1253; x_wconf 87' lang='lat' dir='ltr'><strong>intelligen-</strong></span> 
     </span>
    </p>
   </div>
   <div class='ocr_carea' id='block_1_12' title="bbox 492 1276 2064 1347">
    <p class='ocr_par' dir='ltr' id='par_1_12' title="bbox 492 1276 2064 1347">
     <span class='ocr_line' id='line_1_12' title="bbox 492 1276 2064 1347; baseline -0.002 -15"><span class='ocrx_word' id='word_1_96' title='bbox 492 1279 617 1333; x_wconf 90' lang='lat' dir='ltr'><strong>tiam</strong></span> <span class='ocrx_word' id='word_1_97' title='bbox 649 1278 774 1332; x_wconf 84' lang='lat' dir='ltr'><strong>nihil</strong></span> <span class='ocrx_word' id='word_1_98' title='bbox 806 1278 939 1332; x_wconf 92' lang='lat' dir='ltr'><strong>ultra</strong></span> <span class='ocrx_word' id='word_1_99' title='bbox 988 1285 1192 1347; x_wconf 78' lang='lat' dir='ltr'><strong>quaerat</strong></span> <span class='ocrx_word' id='word_1_100' title='bbox 1220 1276 1441 1331; x_wconf 89' lang='lat' dir='ltr'><strong>omnino</strong></span> <span class='ocrx_word' id='word_1_101' title='bbox 1470 1277 1608 1330; x_wconf 83' lang='lat' dir='ltr'><strong>sicut</strong></span> <span class='ocrx_word' id='word_1_102' title='bbox 1653 1277 1708 1330; x_wconf 92' lang='lat' dir='ltr'><strong>ﬁt</strong></span> <span class='ocrx_word' id='word_1_103' title='bbox 1740 1278 1793 1330; x_wconf 93' lang='lat' dir='ltr'><strong>in</strong></span> <span class='ocrx_word' id='word_1_104' title='bbox 1829 1277 2064 1330; x_wconf 89' lang='lat' dir='ltr'><strong>nomine.</strong></span> 
     </span>
    </p>
   </div>
   <div class='ocr_carea' id='block_1_13' title="bbox 490 1368 2067 1447">
    <p class='ocr_par' dir='ltr' id='par_1_13' title="bbox 490 1368 2067 1447">
     <span class='ocr_line' id='line_1_13' title="bbox 490 1368 2067 1447; baseline -0.001 -21"><span class='ocrx_word' id='word_1_105' title='bbox 490 1372 952 1439; x_wconf 79' lang='lat' dir='ltr'><strong>Quemadmodum</strong></span> <span class='ocrx_word' id='word_1_106' title='bbox 985 1371 1125 1424; x_wconf 90' lang='lat' dir='ltr'><strong>enim</strong></span> <span class='ocrx_word' id='word_1_107' title='bbox 1160 1385 1354 1425; x_wconf 91' lang='lat' dir='ltr'><strong>nomen</strong></span> <span class='ocrx_word' id='word_1_108' title='bbox 1388 1369 1664 1447; x_wconf 84' lang='lat' dir='ltr'><strong>cujusdam</strong></span> <span class='ocrx_word' id='word_1_109' title='bbox 1687 1368 1763 1423; x_wconf 85' lang='lat' dir='ltr'><strong>rei</strong></span> <span class='ocrx_word' id='word_1_110' title='bbox 1792 1369 2067 1440; x_wconf 85' lang='lat' dir='ltr'><strong>signiﬁca-</strong></span> 
     </span>
    </p>
   </div>
   <div class='ocr_carea' id='block_1_14' title="bbox 488 1463 2063 1535">
    <p class='ocr_par' dir='ltr' id='par_1_14' title="bbox 488 1463 2063 1535">
     <span class='ocr_line' id='line_1_14' title="bbox 488 1463 2063 1535; baseline 0 -17"><span class='ocrx_word' id='word_1_111' title='bbox 488 1466 565 1520; x_wconf 86' lang='lat' dir='ltr'><strong>tio</strong></span> <span class='ocrx_word' id='word_1_112' title='bbox 593 1466 803 1535; x_wconf 90' lang='lat' dir='ltr'><strong>propria</strong></span> <span class='ocrx_word' id='word_1_113' title='bbox 829 1473 911 1519; x_wconf 88' lang='lat' dir='ltr'><strong>est</strong></span> <span class='ocrx_word' id='word_1_114' title='bbox 935 1479 1029 1533; x_wconf 87' lang='lat' dir='ltr'><strong>per</strong></span> <span class='ocrx_word' id='word_1_115' title='bbox 1050 1480 1108 1517; x_wconf 90' lang='lat' dir='ltr'><strong>se</strong></span> <span class='ocrx_word' id='word_1_116' title='bbox 1131 1463 1448 1528; x_wconf 86' lang='lat' dir='ltr'><strong>constantis,</strong></span> <span class='ocrx_word' id='word_1_117' title='bbox 1484 1463 1550 1515; x_wconf 90' lang='lat' dir='ltr'><strong>ita</strong></span> <span class='ocrx_word' id='word_1_118' title='bbox 1584 1478 1797 1532; x_wconf 88' lang='lat' dir='ltr'><strong>quoque</strong></span> <span class='ocrx_word' id='word_1_119' title='bbox 1839 1464 2063 1518; x_wconf 77' lang='lat' dir='ltr'><strong>verbum</strong></span> 
     </span>
    </p>
   </div>
   <div class='ocr_carea' id='block_1_15' title="bbox 489 1554 2068 1627">
    <p class='ocr_par' dir='ltr' id='par_1_15' title="bbox 489 1554 2068 1627">
     <span class='ocr_line' id='line_1_15' title="bbox 489 1554 2068 1627; baseline -0.002 -15"><span class='ocrx_word' id='word_1_120' title='bbox 489 1558 806 1627; x_wconf 81' lang='lat' dir='ltr'><strong>significatio</strong></span> <span class='ocrx_word' id='word_1_121' title='bbox 830 1556 903 1611; x_wconf 91' lang='lat' dir='ltr'><strong>rei</strong></span> <span class='ocrx_word' id='word_1_122' title='bbox 936 1564 1018 1609; x_wconf 91' lang='lat' dir='ltr'><strong>est</strong></span> <span class='ocrx_word' id='word_1_123' title='bbox 1050 1571 1151 1608; x_wconf 91' lang='lat' dir='ltr'><strong>non</strong></span> <span class='ocrx_word' id='word_1_124' title='bbox 1185 1569 1279 1624; x_wconf 91' lang='lat' dir='ltr'><strong>per</strong></span> <span class='ocrx_word' id='word_1_125' title='bbox 1308 1569 1367 1608; x_wconf 92' lang='lat' dir='ltr'><strong>se</strong></span> <span class='ocrx_word' id='word_1_126' title='bbox 1395 1555 1758 1618; x_wconf 90' lang='lat' dir='ltr'><strong>subsistentis,</strong></span> <span class='ocrx_word' id='word_1_127' title='bbox 1803 1554 1896 1609; x_wconf 90' lang='lat' dir='ltr'><strong>sed</strong></span> <span class='ocrx_word' id='word_1_128' title='bbox 1929 1557 2068 1609; x_wconf 90' lang='lat' dir='ltr'><strong>alte-</strong></span> 
     </span>
    </p>
   </div>
   <div class='ocr_carea' id='block_1_16' title="bbox 488 1644 2060 1717">
    <p class='ocr_par' dir='ltr' id='par_1_16' title="bbox 488 1644 2060 1717">
     <span class='ocr_line' id='line_1_16' title="bbox 488 1644 2060 1717; baseline -0.003 -12"><span class='ocrx_word' id='word_1_129' title='bbox 488 1650 601 1705; x_wconf 88' lang='lat' dir='ltr'><strong>rius</strong></span> <span class='ocrx_word' id='word_1_130' title='bbox 639 1649 909 1712; x_wconf 89' lang='lat' dir='ltr'><strong>subiecto,</strong></span> <span class='ocrx_word' id='word_1_131' title='bbox 942 1657 995 1701; x_wconf 90' lang='lat' dir='ltr'><strong>et</strong></span> <span class='ocrx_word' id='word_1_132' title='bbox 1021 1644 1415 1717; x_wconf 87' lang='lat' dir='ltr'><strong>quodammodo</strong></span> <span class='ocrx_word' id='word_1_133' title='bbox 1443 1645 1789 1701; x_wconf 90' lang='lat' dir='ltr'><strong>fundamento</strong></span> <span class='ocrx_word' id='word_1_134' title='bbox 1820 1646 2060 1701; x_wconf 88' lang='lat' dir='ltr'><strong>nitentis.</strong></span> 
     </span>
    </p>
   </div>
   <div class='ocr_carea' id='block_1_17' title="bbox 489 1741 2066 1835">
    <p class='ocr_par' dir='ltr' id='par_1_17' title="bbox 489 1741 2066 1835">
     <span class='ocr_line' id='line_1_17' title="bbox 489 1741 2066 1835; baseline -0.003 -36"><span class='ocrx_word' id='word_1_135' title='bbox 489 1744 584 1799; x_wconf 84' lang='lat' dir='ltr'><strong>Est</strong></span> <span class='ocrx_word' id='word_1_136' title='bbox 614 1744 700 1798; x_wconf 92' lang='lat' dir='ltr'><strong>hic</strong></span> <span class='ocrx_word' id='word_1_137' title='bbox 724 1744 971 1812; x_wconf 79' lang='lat' dir='ltr'><strong>qurstio,</strong></span> <span class='ocrx_word' id='word_1_138' title='bbox 999 1756 1103 1794; x_wconf 91' lang='lat' dir='ltr'><strong>non</strong></span> <span class='ocrx_word' id='word_1_139' title='bbox 1128 1741 1271 1796; x_wconf 88' lang='lat' dir='ltr'><strong>enim</strong></span> <span class='ocrx_word' id='word_1_140' title='bbox 1296 1756 1479 1795; x_wconf 88' lang='lat' dir='ltr'><strong>verum</strong></span> <span class='ocrx_word' id='word_1_141' title='bbox 1509 1741 1676 1795; x_wconf 89' lang='lat' dir='ltr'><strong>videri</strong></span> <span class='ocrx_word' id='word_1_142' title='bbox 1701 1748 1897 1835; x_wconf 48' lang='lat' dir='ltr'><strong>potesg</strong></span> <span class='ocrx_word' id='word_1_143' title='bbox 1923 1741 2066 1810; x_wconf 92' lang='lat' dir='ltr'><strong>quod</strong></span> 
     </span>
    </p>
   </div>
   <div class='ocr_carea' id='block_1_18' title="bbox 2177 546 3746 621">
    <p class='ocr_par' dir='ltr' id='par_1_18' title="bbox 2177 546 3746 621">
     <span class='ocr_line' id='line_1_18' title="bbox 2177 546 3746 621; baseline 0.003 -21"><span class='ocrx_word' id='word_1_144' title='bbox 2177 546 2613 613; x_wconf 86' lang='lat' dir='ltr'><strong>compositionem</strong></span> <span class='ocrx_word' id='word_1_145' title='bbox 2676 548 2818 600; x_wconf 68' lang='lat' dir='ltr'><strong>nulla</strong></span> <span class='ocrx_word' id='word_1_146' title='bbox 2884 549 3171 603; x_wconf 88' lang='lat' dir='ltr'><strong>aftirtnatio</strong></span> <span class='ocrx_word' id='word_1_147' title='bbox 3230 550 3311 603; x_wconf 93' lang='lat' dir='ltr'><strong>vel</strong></span> <span class='ocrx_word' id='word_1_148' title='bbox 3372 551 3581 621; x_wconf 84' lang='lat' dir='ltr'><strong>negatio</strong></span> <span class='ocrx_word' id='word_1_149' title='bbox 3648 564 3746 605; x_wconf 84' lang='lat' dir='ltr'><strong>est.</strong></span> 
     </span>
    </p>
   </div>
   <div class='ocr_carea' id='block_1_19' title="bbox 2183 641 3746 717">
    <p class='ocr_par' dir='ltr' id='par_1_19' title="bbox 2183 641 3746 717">
     <span class='ocr_line' id='line_1_19' title="bbox 2183 641 3746 717; baseline 0.004 -23"><span class='ocrx_word' id='word_1_150' title='bbox 2183 641 2350 697; x_wconf 66' lang='lat' dir='ltr'><strong>Verba</strong></span> <span class='ocrx_word' id='word_1_151' title='bbox 2376 643 2531 713; x_wconf 82' lang='lat' dir='ltr'><strong>igitur</strong></span> <span class='ocrx_word' id='word_1_152' title='bbox 2559 660 2652 713; x_wconf 90' lang='lat' dir='ltr'><strong>per</strong></span> <span class='ocrx_word' id='word_1_153' title='bbox 2674 661 2730 700; x_wconf 92' lang='lat' dir='ltr'><strong>se</strong></span> <span class='ocrx_word' id='word_1_154' title='bbox 2752 647 2890 700; x_wconf 89' lang='lat' dir='ltr'><strong>dicta</strong></span> <span class='ocrx_word' id='word_1_155' title='bbox 2918 646 3217 715; x_wconf 88' lang='lat' dir='ltr'><strong>signiﬁcant</strong></span> <span class='ocrx_word' id='word_1_156' title='bbox 3237 646 3448 716; x_wconf 86' lang='lat' dir='ltr'><strong>quidem</strong></span> <span class='ocrx_word' id='word_1_157' title='bbox 3476 649 3746 717; x_wconf 80' lang='lat' dir='ltr'><strong>quiddam,</strong></span> 
     </span>
    </p>
   </div>
   <div class='ocr_carea' id='block_1_20' title="bbox 2178 736 3749 807">
    <p class='ocr_par' dir='ltr' id='par_1_20' title="bbox 2178 736 3749 807">
     <span class='ocr_line' id='line_1_20' title="bbox 2178 736 3749 807; baseline 0.003 -19"><span class='ocrx_word' id='word_1_158' title='bbox 2178 744 2231 788; x_wconf 90' lang='lat' dir='ltr'><strong>et</strong></span> <span class='ocrx_word' id='word_1_159' title='bbox 2275 745 2395 787; x_wconf 76' lang='lat' dir='ltr'><strong>sunt</strong></span> <span class='ocrx_word' id='word_1_160' title='bbox 2443 736 2519 788; x_wconf 64' lang='lat' dir='ltr'><strong>rt-i</strong></span> <span class='ocrx_word' id='word_1_161' title='bbox 2570 738 2801 802; x_wconf 89' lang='lat' dir='ltr'><strong>nomina,</strong></span> <span class='ocrx_word' id='word_1_162' title='bbox 2862 738 2954 791; x_wconf 91' lang='lat' dir='ltr'><strong>sed</strong></span> <span class='ocrx_word' id='word_1_163' title='bbox 2985 739 3215 791; x_wconf 91' lang='lat' dir='ltr'><strong>nondum</strong></span> <span class='ocrx_word' id='word_1_164' title='bbox 3247 739 3316 793; x_wconf 92' lang='lat' dir='ltr'><strong>ita</strong></span> <span class='ocrx_word' id='word_1_165' title='bbox 3344 739 3666 807; x_wconf 75' lang='lat' dir='ltr'><strong>significant,</strong></span> <span class='ocrx_word' id='word_1_166' title='bbox 3698 752 3749 793; x_wconf 88' lang='lat' dir='ltr'><strong>ut</strong></span> 
     </span>
    </p>
   </div>
   <div class='ocr_carea' id='block_1_21' title="bbox 2178 829 3753 899">
    <p class='ocr_par' dir='ltr' id='par_1_21' title="bbox 2178 829 3753 899">
     <span class='ocr_line' id='line_1_21' title="bbox 2178 829 3753 899; baseline 0.006 -22"><span class='ocrx_word' id='word_1_167' title='bbox 2178 830 2256 880; x_wconf 91' lang='lat' dir='ltr'><strong>vel</strong></span> <span class='ocrx_word' id='word_1_168' title='bbox 2290 842 2407 883; x_wconf 92' lang='lat' dir='ltr'><strong>esse</strong></span> <span class='ocrx_word' id='word_1_169' title='bbox 2437 829 2516 881; x_wconf 83' lang='lat' dir='ltr'><strong>vel</strong></span> <span class='ocrx_word' id='word_1_170' title='bbox 2549 844 2653 882; x_wconf 91' lang='lat' dir='ltr'><strong>non</strong></span> <span class='ocrx_word' id='word_1_171' title='bbox 2685 844 2805 885; x_wconf 88' lang='lat' dir='ltr'><strong>esse</strong></span> <span class='ocrx_word' id='word_1_172' title='bbox 2845 830 3040 899; x_wconf 89' lang='lat' dir='ltr'><strong>aliquid</strong></span> <span class='ocrx_word' id='word_1_173' title='bbox 3084 832 3426 893; x_wconf 79' lang='lat' dir='ltr'><strong>constituant,</strong></span> <span class='ocrx_word' id='word_1_174' title='bbox 3480 832 3528 884; x_wconf 90' lang='lat' dir='ltr'><strong>id</strong></span> <span class='ocrx_word' id='word_1_175' title='bbox 3573 842 3651 885; x_wconf 90' lang='lat' dir='ltr'><strong>est</strong></span> <span class='ocrx_word' id='word_1_176' title='bbox 3698 843 3753 887; x_wconf 89' lang='lat' dir='ltr'><strong>ut</strong></span> 
     </span>
    </p>
   </div>
   <div class='ocr_carea' id='block_1_22' title="bbox 2176 916 3749 989">
    <p class='ocr_par' dir='ltr' id='par_1_22' title="bbox 2176 916 3749 989">
     <span class='ocr_line' id='line_1_22' title="bbox 2176 916 3749 989; baseline 0.005 -20"><span class='ocrx_word' id='word_1_177' title='bbox 2176 916 2584 973; x_wconf 89' lang='lat' dir='ltr'><strong>affirmationem</strong></span> <span class='ocrx_word' id='word_1_178' title='bbox 2620 921 2815 974; x_wconf 86' lang='lat' dir='ltr'><strong>faciant</strong></span> <span class='ocrx_word' id='word_1_179' title='bbox 2848 932 2937 974; x_wconf 87' lang='lat' dir='ltr'><strong>aut</strong></span> <span class='ocrx_word' id='word_1_180' title='bbox 2971 924 3323 989; x_wconf 84' lang='lat' dir='ltr'><strong>negationem.</strong></span> <span class='ocrx_word' id='word_1_181' title='bbox 3367 922 3498 976; x_wconf 86' lang='lat' dir='ltr'><strong>Nam</strong></span> <span class='ocrx_word' id='word_1_182' title='bbox 3531 922 3664 976; x_wconf 81' lang='lat' dir='ltr'><strong>sicut</strong></span> <span class='ocrx_word' id='word_1_183' title='bbox 3701 923 3749 977; x_wconf 85' lang='lat' dir='ltr'><strong>it.</strong></span> 
     </span>
    </p>
   </div>
   <div class='ocr_carea' id='block_1_23' title="bbox 2177 1010 3758 1084">
    <p class='ocr_par' dir='ltr' id='par_1_23' title="bbox 2177 1010 3758 1084">
     <span class='ocr_line' id='line_1_23' title="bbox 2177 1010 3758 1084; baseline 0.003 -22"><span class='ocrx_word' id='word_1_184' title='bbox 2177 1010 2406 1064; x_wconf 87' lang='lat' dir='ltr'><strong>nominis</strong></span> <span class='ocrx_word' id='word_1_185' title='bbox 2438 1011 2679 1079; x_wconf 90' lang='lat' dir='ltr'><strong>partibus</strong></span> <span class='ocrx_word' id='word_1_186' title='bbox 2709 1023 2800 1066; x_wconf 86' lang='lat' dir='ltr'><strong>aut</strong></span> <span class='ocrx_word' id='word_1_187' title='bbox 2830 1012 2996 1079; x_wconf 89' lang='lat' dir='ltr'><strong>verbi,</strong></span> <span class='ocrx_word' id='word_1_188' title='bbox 3033 1024 3206 1079; x_wconf 74' lang='lat' dir='ltr'><strong>partes</strong></span> <span class='ocrx_word' id='word_1_189' title='bbox 3246 1013 3372 1081; x_wconf 73' lang='lat' dir='ltr'><strong>ipsa)</strong></span> <span class='ocrx_word' id='word_1_190' title='bbox 3419 1015 3549 1067; x_wconf 86' lang='lat' dir='ltr'><strong>nihil</strong></span> <span class='ocrx_word' id='word_1_191' title='bbox 3595 1016 3758 1084; x_wconf 79' lang='lat' dir='ltr'><strong>signi—</strong></span> 
     </span>
    </p>
   </div>
   <div class='ocr_carea' id='block_1_24' title="bbox 2175 1102 3755 1177">
    <p class='ocr_par' dir='ltr' id='par_1_24' title="bbox 2175 1102 3755 1177">
     <span class='ocr_line' id='line_1_24' title="bbox 2175 1102 3755 1177; baseline 0.003 -22"><span class='ocrx_word' id='word_1_192' title='bbox 2175 1102 2355 1171; x_wconf 85' lang='lat' dir='ltr'><strong>ficant,</strong></span> <span class='ocrx_word' id='word_1_193' title='bbox 2406 1119 2593 1157; x_wconf 87' lang='lat' dir='ltr'><strong>omnes</strong></span> <span class='ocrx_word' id='word_1_194' title='bbox 2638 1120 2761 1158; x_wconf 68' lang='lat' dir='ltr'><strong>vero</strong></span> <span class='ocrx_word' id='word_1_195' title='bbox 2808 1106 3087 1175; x_wconf 82' lang='lat' dir='ltr'><strong>t’esignant</strong></span> <span class='ocrx_word' id='word_1_196' title='bbox 3127 1107 3305 1170; x_wconf 85' lang='lat' dir='ltr'><strong>simul,</strong></span> <span class='ocrx_word' id='word_1_197' title='bbox 3353 1108 3417 1159; x_wconf 88' lang='lat' dir='ltr'><strong>ita</strong></span> <span class='ocrx_word' id='word_1_198' title='bbox 3449 1120 3659 1177; x_wconf 89' lang='lat' dir='ltr'><strong>quoque</strong></span> <span class='ocrx_word' id='word_1_199' title='bbox 3706 1108 3755 1161; x_wconf 89' lang='lat' dir='ltr'><strong>in</strong></span> 
     </span>
    </p>
   </div>
   <div class='ocr_carea' id='block_1_25' title="bbox 2174 1194 3758 1268">
    <p class='ocr_par' dir='ltr' id='par_1_25' title="bbox 2174 1194 3758 1268">
     <span class='ocr_line' id='line_1_25' title="bbox 2174 1194 3758 1268; baseline 0.002 -21"><span class='ocrx_word' id='word_1_200' title='bbox 2174 1194 2617 1251; x_wconf 81' lang='lat' dir='ltr'><strong>afﬁrmationibus</strong></span> <span class='ocrx_word' id='word_1_201' title='bbox 2660 1207 2750 1251; x_wconf 88' lang='lat' dir='ltr'><strong>aut</strong></span> <span class='ocrx_word' id='word_1_202' title='bbox 2794 1199 3180 1268; x_wconf 88' lang='lat' dir='ltr'><strong>negationibus,</strong></span> <span class='ocrx_word' id='word_1_203' title='bbox 3212 1214 3391 1267; x_wconf 67' lang='lat' dir='ltr'><strong>partes</strong></span> <span class='ocrx_word' id='word_1_204' title='bbox 3422 1200 3637 1265; x_wconf 85' lang='lat' dir='ltr'><strong>quidem</strong></span> <span class='ocrx_word' id='word_1_205' title='bbox 3684 1201 3758 1253; x_wconf 84' lang='lat' dir='ltr'><strong>si-</strong></span> 
     </span>
    </p>
   </div>
   <div class='ocr_carea' id='block_1_26' title="bbox 2172 1289 3833 1360">
    <p class='ocr_par' dir='ltr' id='par_1_26' title="bbox 2172 1289 3833 1360">
     <span class='ocr_line' id='line_1_26' title="bbox 2172 1289 3833 1360; baseline 0.004 -19"><span class='ocrx_word' id='word_1_206' title='bbox 2172 1289 2444 1358; x_wconf 89' lang='lat' dir='ltr'><strong>gniﬁcant,</strong></span> <span class='ocrx_word' id='word_1_207' title='bbox 2482 1301 2606 1345; x_wconf 64' lang='lat' dir='ltr'><strong>tota:</strong></span> <span class='ocrx_word' id='word_1_208' title='bbox 2640 1308 2764 1347; x_wconf 90' lang='lat' dir='ltr'><strong>vero</strong></span> <span class='ocrx_word' id='word_1_209' title='bbox 2796 1293 3095 1360; x_wconf 72' lang='lat' dir='ltr'><strong>conjunctae</strong></span> <span class='ocrx_word' id='word_1_210' title='bbox 3126 1309 3306 1347; x_wconf 88' lang='lat' dir='ltr'><strong>verum</strong></span> <span class='ocrx_word' id='word_1_211' title='bbox 3356 1293 3615 1347; x_wconf 88' lang='lat' dir='ltr'><strong>falsumve</strong></span> <span class='ocrx_word' id='word_1_212' title='bbox 3656 1295 3759 1347; x_wconf 87' lang='lat' dir='ltr'><strong>de-</strong></span> <span class='ocrx_word' id='word_1_213' title='bbox 3828 1320 3833 1325; x_wconf 59' lang='grc' dir='ltr'><strong>ε</strong></span> 
     </span>
    </p>
   </div>
   <div class='ocr_carea' id='block_1_27' title="bbox 2175 1384 3756 1454">
    <p class='ocr_par' dir='ltr' id='par_1_27' title="bbox 2175 1384 3756 1454">
     <span class='ocr_line' id='line_1_27' title="bbox 2175 1384 3756 1454; baseline 0.001 -19"><span class='ocrx_word' id='word_1_214' title='bbox 2175 1384 2406 1452; x_wconf 81' lang='lat' dir='ltr'><strong>signant,</strong></span> <span class='ocrx_word' id='word_1_215' title='bbox 2454 1393 2509 1436; x_wconf 90' lang='lat' dir='ltr'><strong>nt</strong></span> <span class='ocrx_word' id='word_1_216' title='bbox 2539 1399 2657 1437; x_wconf 91' lang='lat' dir='ltr'><strong>cum</strong></span> <span class='ocrx_word' id='word_1_217' title='bbox 2692 1384 2812 1439; x_wconf 88' lang='lat' dir='ltr'><strong>dico</strong></span> <span class='ocrx_word' id='word_1_218' title='bbox 2849 1385 3098 1439; x_wconf 86' lang='lat' dir='ltr'><strong>Socrates</strong></span> <span class='ocrx_word' id='word_1_219' title='bbox 3128 1384 3476 1454; x_wconf 82' lang='lat' dir='ltr'><strong>philosophus</strong></span> <span class='ocrx_word' id='word_1_220' title='bbox 3511 1397 3613 1449; x_wconf 69' lang='lat' dir='ltr'><strong>csa,</strong></span> <span class='ocrx_word' id='word_1_221' title='bbox 3654 1386 3756 1439; x_wconf 81' lang='lat' dir='ltr'><strong>So-</strong></span> 
     </span>
    </p>
   </div>
   <div class='ocr_carea' id='block_1_28' title="bbox 2172 1474 3760 1547">
    <p class='ocr_par' dir='ltr' id='par_1_28' title="bbox 2172 1474 3760 1547">
     <span class='ocr_line' id='line_1_28' title="bbox 2172 1474 3760 1547; baseline 0.003 -21"><span class='ocrx_word' id='word_1_222' title='bbox 2172 1483 2345 1527; x_wconf 89' lang='lat' dir='ltr'><strong>crates</strong></span> <span class='ocrx_word' id='word_1_223' title='bbox 2374 1474 2724 1544; x_wconf 78' lang='lat' dir='ltr'><strong>pbi|050phus</strong></span> <span class='ocrx_word' id='word_1_224' title='bbox 2760 1491 2863 1530; x_wconf 91' lang='lat' dir='ltr'><strong>non</strong></span> <span class='ocrx_word' id='word_1_225' title='bbox 2896 1486 3009 1544; x_wconf 89' lang='lat' dir='ltr'><strong>est,</strong></span> <span class='ocrx_word' id='word_1_226' title='bbox 3052 1477 3320 1547; x_wconf 88' lang='lat' dir='ltr'><strong>sigillatim</strong></span> <span class='ocrx_word' id='word_1_227' title='bbox 3356 1477 3541 1545; x_wconf 60' lang='lat' dir='ltr'><strong>positae.</strong></span> <span class='ocrx_word' id='word_1_228' title='bbox 3578 1487 3760 1545; x_wconf 85' lang='lat' dir='ltr'><strong>partes</strong></span> 
     </span>
    </p>
   </div>
   <div class='ocr_carea' id='block_1_29' title="bbox 2171 1564 3758 1634">
    <p class='ocr_par' dir='ltr' id='par_1_29' title="bbox 2171 1564 3758 1634">
     <span class='ocr_line' id='line_1_29' title="bbox 2171 1564 3758 1634; baseline 0.002 -17"><span class='ocrx_word' id='word_1_229' title='bbox 2171 1564 2387 1633; x_wconf 87' lang='lat' dir='ltr'><strong>propria</strong></span> <span class='ocrx_word' id='word_1_230' title='bbox 2441 1565 2829 1634; x_wconf 89' lang='lat' dir='ltr'><strong>signiﬁcatione</strong></span> <span class='ocrx_word' id='word_1_231' title='bbox 2892 1568 3165 1632; x_wconf 61' lang='lat' dir='ltr'><strong>l&#39;lilllllllll&#39;,</strong></span> <span class='ocrx_word' id='word_1_232' title='bbox 3240 1568 3333 1620; x_wconf 91' lang='lat' dir='ltr'><strong>sed</strong></span> <span class='ocrx_word' id='word_1_233' title='bbox 3375 1567 3502 1621; x_wconf 90' lang='lat' dir='ltr'><strong>nihil</strong></span> <span class='ocrx_word' id='word_1_234' title='bbox 3571 1582 3758 1620; x_wconf 86' lang='lat' dir='ltr'><strong>verum</strong></span> 
     </span>
    </p>
   </div>
   <div class='ocr_carea' id='block_1_30' title="bbox 2174 1658 3759 1728">
    <p class='ocr_par' dir='ltr' id='par_1_30' title="bbox 2174 1658 3759 1728">
     <span class='ocr_line' id='line_1_30' title="bbox 2174 1658 3759 1728; baseline 0.003 -19"><span class='ocrx_word' id='word_1_235' title='bbox 2174 1658 2431 1712; x_wconf 87' lang='lat' dir='ltr'><strong>falsumve</strong></span> <span class='ocrx_word' id='word_1_236' title='bbox 2472 1658 2796 1728; x_wconf 88' lang='lat' dir='ltr'><strong>signiﬁcant,</strong></span> <span class='ocrx_word' id='word_1_237' title='bbox 2840 1676 3026 1713; x_wconf 80' lang='lat' dir='ltr'><strong>omnes</strong></span> <span class='ocrx_word' id='word_1_238' title='bbox 3069 1676 3195 1713; x_wconf 89' lang='lat' dir='ltr'><strong>vero</strong></span> <span class='ocrx_word' id='word_1_239' title='bbox 3225 1661 3381 1714; x_wconf 87' lang='lat' dir='ltr'><strong>simul</strong></span> <span class='ocrx_word' id='word_1_240' title='bbox 3427 1660 3646 1728; x_wconf 54' lang='lat' dir='ltr'><strong>juncta‘,</strong></span> <span class='ocrx_word' id='word_1_241' title='bbox 3704 1670 3759 1713; x_wconf 86' lang='grc' dir='ltr'><strong>ιιι</strong></span> 
     </span>
    </p>
   </div>
   <div class='ocr_carea' id='block_1_31' title="bbox 2171 1750 3757 1819">
    <p class='ocr_par' dir='ltr' id='par_1_31' title="bbox 2171 1750 3757 1819">
     <span class='ocr_line' id='line_1_31' title="bbox 2171 1750 3757 1819; baseline 0.003 -17"><span class='ocrx_word' id='word_1_242' title='bbox 2171 1757 2253 1802; x_wconf 91' lang='lat' dir='ltr'><strong>est</strong></span> <span class='ocrx_word' id='word_1_243' title='bbox 2280 1750 2527 1804; x_wconf 78' lang='lat' dir='ltr'><strong>Socrates</strong></span> <span class='ocrx_word' id='word_1_244' title='bbox 2572 1750 2923 1819; x_wconf 85' lang='lat' dir='ltr'><strong>philosophus</strong></span> <span class='ocrx_word' id='word_1_245' title='bbox 2953 1762 3054 1816; x_wconf 89' lang='lat' dir='ltr'><strong>est,</strong></span> <span class='ocrx_word' id='word_1_246' title='bbox 3088 1752 3367 1806; x_wconf 84' lang='lat' dir='ltr'><strong>veritatem</strong></span> <span class='ocrx_word' id='word_1_247' title='bbox 3416 1752 3633 1817; x_wconf 71' lang='lat' dir='ltr'><strong>faciunt,</strong></span> <span class='ocrx_word' id='word_1_248' title='bbox 3670 1753 3757 1806; x_wconf 75' lang='lat' dir='ltr'><strong>vel</strong></span> 
     </span>
    </p>
   </div>
   <div class='ocr_carea' id='block_1_32' title="bbox 486 1835 3757 1912">
    <p class='ocr_par' dir='ltr' id='par_1_32' title="bbox 486 1835 3757 1912">
     <span class='ocr_line' id='line_1_32' title="bbox 486 1835 3757 1912; baseline 0.002 -21"><span class='ocrx_word' id='word_1_249' title='bbox 486 1841 581 1905; x_wconf 86' lang='lat' dir='ltr'><strong>ait;</strong></span> <span class='ocrx_word' id='word_1_250' title='bbox 614 1838 889 1893; x_wconf 89' lang='lat' dir='ltr'><strong>constituit</strong></span> <span class='ocrx_word' id='word_1_251' title='bbox 914 1838 1055 1890; x_wconf 91' lang='lat' dir='ltr'><strong>enim</strong></span> <span class='ocrx_word' id='word_1_252' title='bbox 1103 1836 1242 1905; x_wconf 89' lang='lat' dir='ltr'><strong>quod</strong></span> <span class='ocrx_word' id='word_1_253' title='bbox 1286 1835 1412 1890; x_wconf 91' lang='lat' dir='ltr'><strong>dicit</strong></span> <span class='ocrx_word' id='word_1_254' title='bbox 1451 1835 1805 1901; x_wconf 88' lang='lat' dir='ltr'><strong>intellectum,</strong></span> <span class='ocrx_word' id='word_1_255' title='bbox 1838 1846 1893 1890; x_wconf 92' lang='lat' dir='ltr'><strong>et</strong></span> <span class='ocrx_word' id='word_1_256' title='bbox 1923 1836 2061 1905; x_wconf 92' lang='lat' dir='ltr'><strong>quod</strong></span> <span class='ocrx_word' id='word_1_257' title='bbox 2098 1836 2145 1896; x_wconf 83' lang='lat' dir='ltr'><strong><em>B</em></strong></span> <span class='ocrx_word' id='word_1_258' title='bbox 2170 1840 2307 1909; x_wconf 88' lang='lat' dir='ltr'><strong>quod</strong></span> <span class='ocrx_word' id='word_1_259' title='bbox 2356 1851 2438 1896; x_wconf 85' lang='lat' dir='ltr'><strong>est</strong></span> <span class='ocrx_word' id='word_1_260' title='bbox 2488 1842 2610 1896; x_wconf 88' lang='lat' dir='ltr'><strong>huic</strong></span> <span class='ocrx_word' id='word_1_261' title='bbox 2649 1844 3001 1910; x_wconf 67' lang='lat' dir='ltr'><strong>Contrarium,</strong></span> <span class='ocrx_word' id='word_1_262' title='bbox 3057 1844 3360 1899; x_wconf 79' lang='lat' dir='ltr'><strong>falsitatem.</strong></span> <span class='ocrx_word' id='word_1_263' title='bbox 3412 1848 3588 1912; x_wconf 80' lang='lat' dir='ltr'><strong>Quare</strong></span> <span class='ocrx_word' id='word_1_264' title='bbox 3632 1860 3757 1900; x_wconf 86' lang='lat' dir='ltr'><strong>cum</strong></span> 
     </span>
    </p>
   </div>
   <div class='ocr_carea' id='block_1_33' title="bbox 485 1926 2055 1997">
    <p class='ocr_par' dir='ltr' id='par_1_33' title="bbox 485 1926 2055 1997">
     <span class='ocr_line' id='line_1_33' title="bbox 485 1926 2055 1997; baseline -0.004 -11"><span class='ocrx_word' id='word_1_265' title='bbox 485 1933 631 1988; x_wconf 90' lang='lat' dir='ltr'><strong>audit</strong></span> <span class='ocrx_word' id='word_1_266' title='bbox 651 1932 894 1997; x_wconf 89' lang='lat' dir='ltr'><strong>quiescit.</strong></span> <span class='ocrx_word' id='word_1_267' title='bbox 928 1929 1058 1984; x_wconf 83' lang='lat' dir='ltr'><strong>Nam</strong></span> <span class='ocrx_word' id='word_1_268' title='bbox 1103 1944 1275 1997; x_wconf 87' lang='lat' dir='ltr'><strong>neque</strong></span> <span class='ocrx_word' id='word_1_269' title='bbox 1300 1928 1387 1997; x_wconf 88' lang='lat' dir='ltr'><strong>qui</strong></span> <span class='ocrx_word' id='word_1_270' title='bbox 1419 1926 1549 1981; x_wconf 88' lang='lat' dir='ltr'><strong>dicit</strong></span> <span class='ocrx_word' id='word_1_271' title='bbox 1592 1927 1867 1981; x_wconf 90' lang='lat' dir='ltr'><strong>constituit</strong></span> <span class='ocrx_word' id='word_1_272' title='bbox 1908 1926 2055 1980; x_wconf 88' lang='lat' dir='ltr'><strong>intel-</strong></span> 
     </span>
    </p>
   </div>
   <div class='ocr_carea' id='block_1_34' title="bbox 485 2021 2065 2095">
    <p class='ocr_par' dir='ltr' id='par_1_34' title="bbox 485 2021 2065 2095">
     <span class='ocr_line' id='line_1_34' title="bbox 485 2021 2065 2095; baseline -0.003 -15"><span class='ocrx_word' id='word_1_273' title='bbox 485 2028 701 2094; x_wconf 90' lang='lat' dir='ltr'><strong>lectum,</strong></span> <span class='ocrx_word' id='word_1_274' title='bbox 730 2039 900 2095; x_wconf 88' lang='lat' dir='ltr'><strong>neque</strong></span> <span class='ocrx_word' id='word_1_275' title='bbox 923 2023 1063 2092; x_wconf 91' lang='lat' dir='ltr'><strong>quod</strong></span> <span class='ocrx_word' id='word_1_276' title='bbox 1093 2023 1238 2078; x_wconf 89' lang='lat' dir='ltr'><strong>audit</strong></span> <span class='ocrx_word' id='word_1_277' title='bbox 1260 2022 1487 2093; x_wconf 88' lang='lat' dir='ltr'><strong>quiescit</strong></span> <span class='ocrx_word' id='word_1_278' title='bbox 1515 2040 1528 2087; x_wconf 91' lang='lat'><strong>;</strong></span> <span class='ocrx_word' id='word_1_279' title='bbox 1556 2021 1707 2076; x_wconf 89' lang='lat' dir='ltr'><strong>deest</strong></span> <span class='ocrx_word' id='word_1_280' title='bbox 1738 2022 1879 2077; x_wconf 91' lang='lat' dir='ltr'><strong>enim</strong></span> <span class='ocrx_word' id='word_1_281' title='bbox 1912 2022 2065 2092; x_wconf 82' lang='lat' dir='ltr'><strong>quid-</strong></span> 
     </span>
    </p>
   </div>
   <div class='ocr_carea' id='block_1_35' title="bbox 482 2113 2058 2183">
    <p class='ocr_par' dir='ltr' id='par_1_35' title="bbox 482 2113 2058 2183">
     <span class='ocr_line' id='line_1_35' title="bbox 482 2113 2058 2183; baseline -0.004 -10"><span class='ocrx_word' id='word_1_282' title='bbox 482 2120 602 2173; x_wconf 88' lang='lat' dir='ltr'><strong>dam</strong></span> <span class='ocrx_word' id='word_1_283' title='bbox 630 2118 865 2174; x_wconf 87' lang='lat' dir='ltr'><strong>sermoni</strong></span> <span class='ocrx_word' id='word_1_284' title='bbox 903 2118 983 2170; x_wconf 88' lang='lat' dir='ltr'><strong>vel</strong></span> <span class='ocrx_word' id='word_1_285' title='bbox 1016 2115 1214 2170; x_wconf 90' lang='lat' dir='ltr'><strong>nomini</strong></span> <span class='ocrx_word' id='word_1_286' title='bbox 1243 2155 1257 2177; x_wconf 92' lang='lat'><strong>,</strong></span> <span class='ocrx_word' id='word_1_287' title='bbox 1291 2113 1418 2169; x_wconf 87' lang='lat' dir='ltr'><strong>utsi</strong></span> <span class='ocrx_word' id='word_1_288' title='bbox 1448 2114 1567 2183; x_wconf 89' lang='lat' dir='ltr'><strong>quis</strong></span> <span class='ocrx_word' id='word_1_289' title='bbox 1609 2114 1753 2167; x_wconf 89' lang='lat' dir='ltr'><strong>dicat</strong></span> <span class='ocrx_word' id='word_1_290' title='bbox 1778 2114 2058 2179; x_wconf 81' lang='lat' dir='ltr'><strong>Socrates,</strong></span> 
     </span>
    </p>
   </div>
   <div class='ocr_carea' id='block_1_36' title="bbox 482 2205 2061 2277">
    <p class='ocr_par' dir='ltr' id='par_1_36' title="bbox 482 2205 2061 2277">
     <span class='ocr_line' id='line_1_36' title="bbox 482 2205 2061 2277; baseline -0.003 -12"><span class='ocrx_word' id='word_1_291' title='bbox 482 2226 609 2267; x_wconf 78' lang='lat' dir='ltr'><strong>mox</strong></span> <span class='ocrx_word' id='word_1_292' title='bbox 637 2209 900 2265; x_wconf 87' lang='lat' dir='ltr'><strong>audientis</strong></span> <span class='ocrx_word' id='word_1_293' title='bbox 920 2208 1131 2262; x_wconf 90' lang='lat' dir='ltr'><strong>animus</strong></span> <span class='ocrx_word' id='word_1_294' title='bbox 1164 2207 1387 2277; x_wconf 85' lang='lat' dir='ltr'><strong>requirit</strong></span> <span class='ocrx_word' id='word_1_295' title='bbox 1411 2206 1537 2276; x_wconf 94' lang='lat' dir='ltr'><strong>quid</strong></span> <span class='ocrx_word' id='word_1_296' title='bbox 1566 2207 1837 2270; x_wconf 86' lang='lat' dir='ltr'><strong>Socrates,</strong></span> <span class='ocrx_word' id='word_1_297' title='bbox 1867 2205 2061 2260; x_wconf 84' lang='lat' dir='ltr'><strong>faritne</strong></span> 
     </span>
    </p>
   </div>
   <div class='ocr_carea' id='block_1_37' title="bbox 479 2298 2060 2373">
    <p class='ocr_par' dir='ltr' id='par_1_37' title="bbox 479 2298 2060 2373">
     <span class='ocr_line' id='line_1_37' title="bbox 479 2298 2060 2373; baseline -0.004 -14"><span class='ocrx_word' id='word_1_298' title='bbox 479 2302 682 2373; x_wconf 83' lang='lat' dir='ltr'><strong>aliquid</strong></span> <span class='ocrx_word' id='word_1_299' title='bbox 717 2318 783 2356; x_wconf 89' lang='lat' dir='ltr'><strong>an</strong></span> <span class='ocrx_word' id='word_1_300' title='bbox 831 2302 1062 2371; x_wconf 86' lang='lat' dir='ltr'><strong>patitur?</strong></span> <span class='ocrx_word' id='word_1_301' title='bbox 1091 2310 1143 2353; x_wconf 85' lang='lat' dir='ltr'><strong>et</strong></span> <span class='ocrx_word' id='word_1_302' title='bbox 1177 2298 1409 2354; x_wconf 92' lang='lat' dir='ltr'><strong>nondum</strong></span> <span class='ocrx_word' id='word_1_303' title='bbox 1459 2298 1728 2353; x_wconf 84' lang='lat' dir='ltr'><strong>audientis</strong></span> <span class='ocrx_word' id='word_1_304' title='bbox 1758 2298 2060 2353; x_wconf 89' lang='lat' dir='ltr'><strong>intellectus</strong></span> 
     </span>
    </p>
   </div>
   <div class='ocr_carea' id='block_1_38' title="bbox 480 2388 2057 2466">
    <p class='ocr_par' dir='ltr' id='par_1_38' title="bbox 480 2388 2057 2466">
     <span class='ocr_line' id='line_1_38' title="bbox 480 2388 2057 2466; baseline -0.005 -15"><span class='ocrx_word' id='word_1_305' title='bbox 480 2406 564 2451; x_wconf 85' lang='lat' dir='ltr'><strong>est</strong></span> <span class='ocrx_word' id='word_1_306' title='bbox 583 2396 819 2466; x_wconf 89' lang='lat' dir='ltr'><strong>quietus,</strong></span> <span class='ocrx_word' id='word_1_307' title='bbox 848 2408 969 2447; x_wconf 90' lang='lat' dir='ltr'><strong>cum</strong></span> <span class='ocrx_word' id='word_1_308' title='bbox 1004 2392 1194 2446; x_wconf 89' lang='lat' dir='ltr'><strong>horum</strong></span> <span class='ocrx_word' id='word_1_309' title='bbox 1223 2388 1424 2460; x_wconf 88' lang='lat' dir='ltr'><strong>aliquid</strong></span> <span class='ocrx_word' id='word_1_310' title='bbox 1455 2390 1703 2459; x_wconf 90' lang='lat' dir='ltr'><strong>requirit,</strong></span> <span class='ocrx_word' id='word_1_311' title='bbox 1734 2397 1787 2444; x_wconf 90' lang='lat' dir='ltr'><strong>et</strong></span> <span class='ocrx_word' id='word_1_312' title='bbox 1816 2390 1865 2442; x_wconf 93' lang='lat' dir='ltr'><strong>in</strong></span> <span class='ocrx_word' id='word_1_313' title='bbox 1892 2389 2057 2443; x_wconf 86' lang='lat' dir='ltr'><strong>verbo</strong></span> 
     </span>
    </p>
   </div>
   <div class='ocr_carea' id='block_1_39' title="bbox 479 2483 2058 2555">
    <p class='ocr_par' dir='ltr' id='par_1_39' title="bbox 479 2483 2058 2555">
     <span class='ocr_line' id='line_1_39' title="bbox 479 2483 2058 2555; baseline -0.004 -12"><span class='ocrx_word' id='word_1_314' title='bbox 479 2488 619 2544; x_wconf 87' lang='lat' dir='ltr'><strong>idem</strong></span> <span class='ocrx_word' id='word_1_315' title='bbox 647 2498 751 2553; x_wconf 83' lang='lat' dir='ltr'><strong>est,</strong></span> <span class='ocrx_word' id='word_1_316' title='bbox 778 2501 897 2541; x_wconf 90' lang='lat' dir='ltr'><strong>cum</strong></span> <span class='ocrx_word' id='word_1_317' title='bbox 928 2486 1049 2541; x_wconf 88' lang='lat' dir='ltr'><strong>dico</strong></span> <span class='ocrx_word' id='word_1_318' title='bbox 1079 2486 1223 2555; x_wconf 83' lang='lat' dir='ltr'><strong>legit,</strong></span> <span class='ocrx_word' id='word_1_319' title='bbox 1249 2485 1368 2554; x_wconf 90' lang='lat' dir='ltr'><strong>quis</strong></span> <span class='ocrx_word' id='word_1_320' title='bbox 1397 2483 1536 2554; x_wconf 85' lang='lat' dir='ltr'><strong>legat</strong></span> <span class='ocrx_word' id='word_1_321' title='bbox 1556 2484 1766 2538; x_wconf 88' lang='lat' dir='ltr'><strong>animus</strong></span> <span class='ocrx_word' id='word_1_322' title='bbox 1793 2484 2058 2537; x_wconf 87' lang='lat' dir='ltr'><strong>audientis</strong></span> 
     </span>
    </p>
   </div>
   <div class='ocr_carea' id='block_1_40' title="bbox 479 2575 2058 2651">
    <p class='ocr_par' dir='ltr' id='par_1_40' title="bbox 479 2575 2058 2651">
     <span class='ocr_line' id='line_1_40' title="bbox 479 2575 2058 2651; baseline -0.005 -16"><span class='ocrx_word' id='word_1_323' title='bbox 479 2578 723 2651; x_wconf 86' lang='lat' dir='ltr'><strong>requirit.</strong></span> <span class='ocrx_word' id='word_1_324' title='bbox 760 2577 1005 2634; x_wconf 83' lang='lat' dir='ltr'><strong>Nondum</strong></span> <span class='ocrx_word' id='word_1_325' title='bbox 1052 2592 1179 2647; x_wconf 89' lang='lat' dir='ltr'><strong>ergo</strong></span> <span class='ocrx_word' id='word_1_326' title='bbox 1219 2575 1309 2645; x_wconf 90' lang='lat' dir='ltr'><strong>qui</strong></span> <span class='ocrx_word' id='word_1_327' title='bbox 1339 2575 1469 2631; x_wconf 93' lang='lat' dir='ltr'><strong>dicit</strong></span> <span class='ocrx_word' id='word_1_328' title='bbox 1506 2576 1784 2631; x_wconf 90' lang='lat' dir='ltr'><strong>constituit</strong></span> <span class='ocrx_word' id='word_1_329' title='bbox 1816 2575 2058 2630; x_wconf 77' lang='lat' dir='ltr'><strong>intellec-</strong></span> 
     </span>
    </p>
   </div>
   <div class='ocr_carea' id='block_1_41' title="bbox 479 2670 2060 2743">
    <p class='ocr_par' dir='ltr' id='par_1_41' title="bbox 479 2670 2060 2743">
     <span class='ocr_line' id='line_1_41' title="bbox 479 2670 2060 2743; baseline -0.003 -15"><span class='ocrx_word' id='word_1_330' title='bbox 479 2684 625 2741; x_wconf 89' lang='lat' dir='ltr'><strong>tum,</strong></span> <span class='ocrx_word' id='word_1_331' title='bbox 678 2689 777 2728; x_wconf 91' lang='lat' dir='ltr'><strong>nec</strong></span> <span class='ocrx_word' id='word_1_332' title='bbox 806 2673 896 2743; x_wconf 92' lang='lat' dir='ltr'><strong>qui</strong></span> <span class='ocrx_word' id='word_1_333' title='bbox 942 2672 1091 2727; x_wconf 89' lang='lat' dir='ltr'><strong>audit</strong></span> <span class='ocrx_word' id='word_1_334' title='bbox 1136 2671 1385 2740; x_wconf 80' lang='lat' dir='ltr'><strong>quiescit.</strong></span> <span class='ocrx_word' id='word_1_335' title='bbox 1420 2670 1521 2725; x_wconf 86' lang='lat' dir='ltr'><strong>Sed</strong></span> <span class='ocrx_word' id='word_1_336' title='bbox 1556 2670 1621 2725; x_wconf 89' lang='lat' dir='ltr'><strong>ad</strong></span> <span class='ocrx_word' id='word_1_337' title='bbox 1662 2670 1765 2725; x_wconf 91' lang='lat' dir='ltr'><strong>hoc</strong></span> <span class='ocrx_word' id='word_1_338' title='bbox 1795 2670 2060 2725; x_wconf 74' lang='lat' dir='ltr'><strong>Aristote-</strong></span> 
     </span>
    </p>
   </div>
   <div class='ocr_carea' id='block_1_42' title="bbox 478 2760 2060 2833">
    <p class='ocr_par' dir='ltr' id='par_1_42' title="bbox 478 2760 2060 2833">
     <span class='ocr_line' id='line_1_42' title="bbox 478 2760 2060 2833; baseline -0.004 -12"><span class='ocrx_word' id='word_1_339' title='bbox 478 2768 581 2821; x_wconf 90' lang='lat' dir='ltr'><strong>lem</strong></span> <span class='ocrx_word' id='word_1_340' title='bbox 614 2764 862 2821; x_wconf 88' lang='lat' dir='ltr'><strong>retulisse</strong></span> <span class='ocrx_word' id='word_1_341' title='bbox 916 2761 1208 2833; x_wconf 91' lang='lat' dir='ltr'><strong>putandum</strong></span> <span class='ocrx_word' id='word_1_342' title='bbox 1259 2771 1360 2827; x_wconf 90' lang='lat' dir='ltr'><strong>est,</strong></span> <span class='ocrx_word' id='word_1_343' title='bbox 1393 2761 1645 2832; x_wconf 87' lang='lat' dir='ltr'><strong>quoniam</strong></span> <span class='ocrx_word' id='word_1_344' title='bbox 1700 2760 1926 2831; x_wconf 89' lang='lat' dir='ltr'><strong>quilibet</strong></span> <span class='ocrx_word' id='word_1_345' title='bbox 1965 2776 2060 2815; x_wconf 87' lang='lat' dir='ltr'><strong>att-</strong></span> 
     </span>
    </p>
   </div>
   <div class='ocr_carea' id='block_1_43' title="bbox 478 2852 2060 2926">
    <p class='ocr_par' dir='ltr' id='par_1_43' title="bbox 478 2852 2060 2926">
     <span class='ocr_line' id='line_1_43' title="bbox 478 2852 2060 2926; baseline -0.005 -11"><span class='ocrx_word' id='word_1_346' title='bbox 478 2858 632 2916; x_wconf 81' lang='lat' dir='ltr'><strong>diens</strong></span> <span class='ocrx_word' id='word_1_347' title='bbox 654 2873 775 2913; x_wconf 90' lang='lat' dir='ltr'><strong>cum</strong></span> <span class='ocrx_word' id='word_1_348' title='bbox 803 2856 1212 2926; x_wconf 88' lang='lat' dir='ltr'><strong>signiﬁcativam</strong></span> <span class='ocrx_word' id='word_1_349' title='bbox 1244 2869 1431 2909; x_wconf 90' lang='lat' dir='ltr'><strong>vocem</strong></span> <span class='ocrx_word' id='word_1_350' title='bbox 1460 2853 1686 2924; x_wconf 80' lang='lat' dir='ltr'><strong>cceperit</strong></span> <span class='ocrx_word' id='word_1_351' title='bbox 1707 2853 1907 2918; x_wconf 90' lang='lat' dir='ltr'><strong>animo,</strong></span> <span class='ocrx_word' id='word_1_352' title='bbox 1943 2852 2060 2921; x_wconf 87' lang='lat' dir='ltr'><strong>ejus</strong></span> 
     </span>
    </p>
   </div>
   <div class='ocr_carea' id='block_1_44' title="bbox 430 2948 2056 3022">
    <p class='ocr_par' dir='ltr' id='par_1_44' title="bbox 430 2948 2056 3022">
     <span class='ocr_line' id='line_1_44' title="bbox 430 2948 2056 3022; baseline -0.002 -16"><span class='ocrx_word' id='word_1_353' title='bbox 430 2952 431 2955; x_wconf 59' lang='grc'><em>“</em></span> <span class='ocrx_word' id='word_1_354' title='bbox 479 2952 827 3022; x_wconf 86' lang='lat' dir='ltr'><strong>intelligentia</strong></span> <span class='ocrx_word' id='word_1_355' title='bbox 856 2950 1056 3014; x_wconf 87' lang='lat' dir='ltr'><strong>nititur,</strong></span> <span class='ocrx_word' id='word_1_356' title='bbox 1093 2959 1149 3003; x_wconf 91' lang='grc' dir='ltr'><strong>ιιι</strong></span> <span class='ocrx_word' id='word_1_357' title='bbox 1177 2964 1298 3003; x_wconf 88' lang='lat' dir='ltr'><strong>cum</strong></span> <span class='ocrx_word' id='word_1_358' title='bbox 1340 2949 1459 3018; x_wconf 91' lang='lat' dir='ltr'><strong>quis</strong></span> <span class='ocrx_word' id='word_1_359' title='bbox 1482 2949 1629 3003; x_wconf 89' lang='lat' dir='ltr'><strong>audit</strong></span> <span class='ocrx_word' id='word_1_360' title='bbox 1655 2989 1669 3013; x_wconf 90' lang='lat'><strong>,</strong></span> <span class='ocrx_word' id='word_1_361' title='bbox 1713 2948 1893 3013; x_wconf 90' lang='lat' dir='ltr'><strong>homo,</strong></span> <span class='ocrx_word' id='word_1_362' title='bbox 1933 2948 2056 3016; x_wconf 91' lang='lat' dir='ltr'><strong>quid</strong></span> 
     </span>
    </p>
   </div>
   <div class='ocr_carea' id='block_1_45' title="bbox 477 3039 2059 3111">
    <p class='ocr_par' dir='ltr' id='par_1_45' title="bbox 477 3039 2059 3111">
     <span class='ocr_line' id='line_1_45' title="bbox 477 3039 2059 3111; baseline -0.003 -13"><span class='ocrx_word' id='word_1_363' title='bbox 477 3046 548 3099; x_wconf 87' lang='lat' dir='ltr'><strong>sit</strong></span> <span class='ocrx_word' id='word_1_364' title='bbox 568 3043 669 3097; x_wconf 87' lang='lat' dir='ltr'><strong>huc</strong></span> <span class='ocrx_word' id='word_1_365' title='bbox 691 3044 863 3111; x_wconf 91' lang='lat' dir='ltr'><strong>ipsum</strong></span> <span class='ocrx_word' id='word_1_366' title='bbox 886 3040 1026 3111; x_wconf 90' lang='lat' dir='ltr'><strong>quod</strong></span> <span class='ocrx_word' id='word_1_367' title='bbox 1056 3039 1249 3108; x_wconf 90' lang='lat' dir='ltr'><strong>accipit</strong></span> <span class='ocrx_word' id='word_1_368' title='bbox 1272 3048 1450 3093; x_wconf 89' lang='lat' dir='ltr'><strong>mente</strong></span> <span class='ocrx_word' id='word_1_369' title='bbox 1474 3040 1901 3110; x_wconf 89' lang='lat' dir='ltr'><strong>comprehendit,</strong></span> <span class='ocrx_word' id='word_1_370' title='bbox 1926 3054 2059 3094; x_wconf 86' lang='lat' dir='ltr'><strong>con--</strong></span> 
     </span>
    </p>
   </div>
   <div class='ocr_carea' id='block_1_46' title="bbox 477 3131 2054 3206">
    <p class='ocr_par' dir='ltr' id='par_1_46' title="bbox 477 3131 2054 3206">
     <span class='ocr_line' id='line_1_46' title="bbox 477 3131 2054 3206; baseline -0.003 -14"><span class='ocrx_word' id='word_1_371' title='bbox 477 3139 751 3206; x_wconf 81' lang='lat' dir='ltr'><strong>stituitque</strong></span> <span class='ocrx_word' id='word_1_372' title='bbox 781 3136 962 3188; x_wconf 91' lang='lat' dir='ltr'><strong>animo</strong></span> <span class='ocrx_word' id='word_1_373' title='bbox 1013 3133 1226 3187; x_wconf 83' lang='lat' dir='ltr'><strong>audisse</strong></span> <span class='ocrx_word' id='word_1_374' title='bbox 1278 3131 1472 3186; x_wconf 89' lang='lat' dir='ltr'><strong>animal</strong></span> <span class='ocrx_word' id='word_1_375' title='bbox 1507 3131 1767 3188; x_wconf 86' lang='lat' dir='ltr'><strong>rationale</strong></span> <span class='ocrx_word' id='word_1_376' title='bbox 1811 3132 2054 3187; x_wconf 89' lang='lat' dir='ltr'><strong>mortale.</strong></span> 
     </span>
    </p>
   </div>
   <div class='ocr_carea' id='block_1_47' title="bbox 2169 1933 3757 2007">
    <p class='ocr_par' dir='ltr' id='par_1_47' title="bbox 2169 1933 3757 2007">
     <span class='ocr_line' id='line_1_47' title="bbox 2169 1933 3757 2007; baseline 0.006 -24"><span class='ocrx_word' id='word_1_377' title='bbox 2169 1933 2329 1987; x_wconf 82' lang='lat' dir='ltr'><strong>verba</strong></span> <span class='ocrx_word' id='word_1_378' title='bbox 2358 1935 2652 1988; x_wconf 88' lang='lat' dir='ltr'><strong>secundum</strong></span> <span class='ocrx_word' id='word_1_379' title='bbox 2683 1950 2740 1989; x_wconf 89' lang='lat' dir='ltr'><strong>se</strong></span> <span class='ocrx_word' id='word_1_380' title='bbox 2770 1937 2911 1989; x_wconf 89' lang='lat' dir='ltr'><strong>dicta</strong></span> <span class='ocrx_word' id='word_1_381' title='bbox 2940 1935 3154 1990; x_wconf 89' lang='lat' dir='ltr'><strong>nomina</strong></span> <span class='ocrx_word' id='word_1_382' title='bbox 3188 1937 3326 1999; x_wconf 88' lang='lat' dir='ltr'><strong>sint,</strong></span> <span class='ocrx_word' id='word_1_383' title='bbox 3360 1944 3411 1990; x_wconf 92' lang='lat' dir='ltr'><strong>et</strong></span> <span class='ocrx_word' id='word_1_384' title='bbox 3456 1937 3757 2007; x_wconf 81' lang='lat' dir='ltr'><strong>signiﬁcent</strong></span> 
     </span>
    </p>
   </div>
   <div class='ocr_carea' id='block_1_48' title="bbox 2168 2022 3757 2095">
    <p class='ocr_par' dir='ltr' id='par_1_48' title="bbox 2168 2022 3757 2095">
     <span class='ocr_line' id='line_1_48' title="bbox 2168 2022 3757 2095; baseline 0.003 -20"><span class='ocrx_word' id='word_1_385' title='bbox 2168 2022 2391 2091; x_wconf 77' lang='lat' dir='ltr'><strong>aliquid,</strong></span> <span class='ocrx_word' id='word_1_386' title='bbox 2431 2034 2484 2078; x_wconf 89' lang='lat' dir='ltr'><strong>et</strong></span> <span class='ocrx_word' id='word_1_387' title='bbox 2516 2036 2691 2092; x_wconf 87' lang='lat' dir='ltr'><strong>partes</strong></span> <span class='ocrx_word' id='word_1_388' title='bbox 2721 2025 2961 2095; x_wconf 63' lang='lat' dir='ltr'><strong>quietiam</strong></span> <span class='ocrx_word' id='word_1_389' title='bbox 3008 2027 3122 2095; x_wconf 89' lang='lat' dir='ltr'><strong>ejus</strong></span> <span class='ocrx_word' id='word_1_390' title='bbox 3166 2026 3571 2093; x_wconf 67' lang='lat' dir='ltr'><strong>compositionis</strong></span> <span class='ocrx_word' id='word_1_391' title='bbox 3612 2036 3757 2090; x_wconf 79' lang='lat' dir='ltr'><strong>sunt,</strong></span> 
     </span>
    </p>
   </div>
   <div class='ocr_carea' id='block_1_49' title="bbox 2166 2117 3757 2186">
    <p class='ocr_par' dir='ltr' id='par_1_49' title="bbox 2166 2117 3757 2186">
     <span class='ocr_line' id='line_1_49' title="bbox 2166 2117 3757 2186; baseline 0.003 -19"><span class='ocrx_word' id='word_1_392' title='bbox 2166 2131 2284 2184; x_wconf 79' lang='lat' dir='ltr'><strong>qua:</strong></span> <span class='ocrx_word' id='word_1_393' title='bbox 2333 2132 2518 2171; x_wconf 89' lang='lat' dir='ltr'><strong>verum</strong></span> <span class='ocrx_word' id='word_1_394' title='bbox 2574 2118 2832 2172; x_wconf 80' lang='lat' dir='ltr'><strong>falsuntve</strong></span> <span class='ocrx_word' id='word_1_395' title='bbox 2882 2117 3097 2183; x_wconf 84' lang='lat' dir='ltr'><strong>faciant,</strong></span> <span class='ocrx_word' id='word_1_396' title='bbox 3147 2134 3249 2172; x_wconf 90' lang='lat' dir='ltr'><strong>non</strong></span> <span class='ocrx_word' id='word_1_397' title='bbox 3301 2130 3475 2173; x_wconf 88' lang='lat' dir='ltr'><strong>tamen</strong></span> <span class='ocrx_word' id='word_1_398' title='bbox 3534 2118 3645 2186; x_wconf 85' lang='lat' dir='ltr'><strong>ipsa</strong></span> <span class='ocrx_word' id='word_1_399' title='bbox 3705 2118 3757 2171; x_wconf 91' lang='lat' dir='ltr'><strong>in</strong></span> 
     </span>
    </p>
   </div>
   <div class='ocr_carea' id='block_1_50' title="bbox 2169 2208 3757 2280">
    <p class='ocr_par' dir='ltr' id='par_1_50' title="bbox 2169 2208 3757 2280">
     <span class='ocr_line' id='line_1_50' title="bbox 2169 2208 3757 2280; baseline 0.005 -23"><span class='ocrx_word' id='word_1_400' title='bbox 2169 2208 2401 2277; x_wconf 70' lang='lat' dir='ltr'><strong>propria&#39;</strong></span> <span class='ocrx_word' id='word_1_401' title='bbox 2429 2209 2817 2280; x_wconf 85' lang='lat' dir='ltr'><strong>signiﬁcatione</strong></span> <span class='ocrx_word' id='word_1_402' title='bbox 2848 2211 2931 2265; x_wconf 88' lang='lat' dir='ltr'><strong>vel</strong></span> <span class='ocrx_word' id='word_1_403' title='bbox 2964 2226 3104 2276; x_wconf 73' lang='lat' dir='ltr'><strong>esse,</strong></span> <span class='ocrx_word' id='word_1_404' title='bbox 3135 2211 3273 2279; x_wconf 90' lang='lat' dir='ltr'><strong>qttod</strong></span> <span class='ocrx_word' id='word_1_405' title='bbox 3316 2221 3398 2265; x_wconf 84' lang='lat' dir='ltr'><strong>est</strong></span> <span class='ocrx_word' id='word_1_406' title='bbox 3447 2211 3757 2265; x_wconf 87' lang='lat' dir='ltr'><strong>afﬁrmatio-</strong></span> 
     </span>
    </p>
   </div>
   <div class='ocr_carea' id='block_1_51' title="bbox 2170 2300 3754 2374">
    <p class='ocr_par' dir='ltr' id='par_1_51' title="bbox 2170 2300 3754 2374">
     <span class='ocr_line' id='line_1_51' title="bbox 2170 2300 3754 2374; baseline 0.003 -23"><span class='ocrx_word' id='word_1_407' title='bbox 2170 2300 2273 2364; x_wconf 89' lang='lat' dir='ltr'><strong>nis,</strong></span> <span class='ocrx_word' id='word_1_408' title='bbox 2323 2302 2401 2354; x_wconf 92' lang='lat' dir='ltr'><strong>vel</strong></span> <span class='ocrx_word' id='word_1_409' title='bbox 2450 2318 2555 2355; x_wconf 89' lang='lat' dir='ltr'><strong>non</strong></span> <span class='ocrx_word' id='word_1_410' title='bbox 2588 2318 2741 2367; x_wconf 87' lang='lat' dir='ltr'><strong>esse,</strong></span> <span class='ocrx_word' id='word_1_411' title='bbox 2784 2303 2925 2371; x_wconf 88' lang='lat' dir='ltr'><strong>quod</strong></span> <span class='ocrx_word' id='word_1_412' title='bbox 2966 2316 3047 2357; x_wconf 88' lang='lat' dir='ltr'><strong>est</strong></span> <span class='ocrx_word' id='word_1_413' title='bbox 3088 2304 3403 2374; x_wconf 87' lang='lat' dir='ltr'><strong>negationis,</strong></span> <span class='ocrx_word' id='word_1_414' title='bbox 3446 2304 3754 2373; x_wconf 88' lang='lat' dir='ltr'><strong>designant.</strong></span> 
     </span>
    </p>
   </div>
   <div class='ocr_carea' id='block_1_52' title="bbox 2165 2390 3756 2463">
    <p class='ocr_par' dir='ltr' id='par_1_52' title="bbox 2165 2390 3756 2463">
     <span class='ocr_line' id='line_1_52' title="bbox 2165 2390 3756 2463; baseline 0.004 -18"><span class='ocrx_word' id='word_1_415' title='bbox 2165 2390 2279 2447; x_wconf 85' lang='lat' dir='ltr'><strong>Nisi</strong></span> <span class='ocrx_word' id='word_1_416' title='bbox 2309 2394 2451 2446; x_wconf 87' lang='lat' dir='ltr'><strong>enim</strong></span> <span class='ocrx_word' id='word_1_417' title='bbox 2488 2395 2570 2447; x_wconf 74' lang='lat' dir='ltr'><strong>cui</strong></span> <span class='ocrx_word' id='word_1_418' title='bbox 2601 2395 2723 2449; x_wconf 89' lang='lat' dir='ltr'><strong>ittsit</strong></span> <span class='ocrx_word' id='word_1_419' title='bbox 2750 2396 2970 2449; x_wconf 84' lang='lat' dir='ltr'><strong>verbum</strong></span> <span class='ocrx_word' id='word_1_420' title='bbox 3005 2395 3130 2450; x_wconf 89' lang='lat' dir='ltr'><strong>illud</strong></span> <span class='ocrx_word' id='word_1_421' title='bbox 3163 2396 3325 2450; x_wconf 78' lang='lat' dir='ltr'><strong>fuerit</strong></span> <span class='ocrx_word' id='word_1_422' title='bbox 3354 2397 3613 2463; x_wconf 85' lang='lat' dir='ltr'><strong>additum,</strong></span> <span class='ocrx_word' id='word_1_423' title='bbox 3646 2412 3756 2452; x_wconf 88' lang='lat' dir='ltr'><strong>non</strong></span> 
     </span>
    </p>
   </div>
   <div class='ocr_carea' id='block_1_53' title="bbox 2166 2481 3753 2557">
    <p class='ocr_par' dir='ltr' id='par_1_53' title="bbox 2166 2481 3753 2557">
     <span class='ocr_line' id='line_1_53' title="bbox 2166 2481 3753 2557; baseline 0.004 -21"><span class='ocrx_word' id='word_1_424' title='bbox 2166 2481 2225 2536; x_wconf 89' lang='lat' dir='ltr'><strong>ﬁt</strong></span> <span class='ocrx_word' id='word_1_425' title='bbox 2262 2484 2581 2551; x_wconf 88' lang='lat' dir='ltr'><strong>enuntiatio,</strong></span> <span class='ocrx_word' id='word_1_426' title='bbox 2629 2495 2682 2537; x_wconf 91' lang='lat' dir='ltr'><strong>ut</strong></span> <span class='ocrx_word' id='word_1_427' title='bbox 2726 2500 2844 2540; x_wconf 93' lang='lat' dir='ltr'><strong>cum</strong></span> <span class='ocrx_word' id='word_1_428' title='bbox 2892 2486 3013 2540; x_wconf 88' lang='lat' dir='ltr'><strong>dico</strong></span> <span class='ocrx_word' id='word_1_429' title='bbox 3059 2488 3221 2556; x_wconf 90' lang='lat' dir='ltr'><strong>sapit,</strong></span> <span class='ocrx_word' id='word_1_430' title='bbox 3273 2486 3369 2540; x_wconf 81' lang='lat' dir='ltr'><strong>nisi</strong></span> <span class='ocrx_word' id='word_1_431' title='bbox 3416 2488 3504 2557; x_wconf 89' lang='lat' dir='ltr'><strong>qui</strong></span> <span class='ocrx_word' id='word_1_432' title='bbox 3554 2492 3753 2557; x_wconf 87' lang='lat' dir='ltr'><strong>sapiat,</strong></span> 
     </span>
    </p>
   </div>
   <div class='ocr_carea' id='block_1_54' title="bbox 2165 2575 3757 2647">
    <p class='ocr_par' dir='ltr' id='par_1_54' title="bbox 2165 2575 3757 2647">
     <span class='ocr_line' id='line_1_54' title="bbox 2165 2575 3757 2647; baseline 0.003 -17"><span class='ocrx_word' id='word_1_433' title='bbox 2165 2575 2360 2639; x_wconf 88' lang='lat' dir='ltr'><strong>dicam,</strong></span> <span class='ocrx_word' id='word_1_434' title='bbox 2414 2578 2708 2645; x_wconf 80' lang='lat' dir='ltr'><strong>pmpusitio</strong></span> <span class='ocrx_word' id='word_1_435' title='bbox 2759 2594 2863 2632; x_wconf 92' lang='lat' dir='ltr'><strong>non</strong></span> <span class='ocrx_word' id='word_1_436' title='bbox 2921 2587 3021 2633; x_wconf 92' lang='lat' dir='ltr'><strong>est.</strong></span> <span class='ocrx_word' id='word_1_437' title='bbox 3082 2579 3233 2645; x_wconf 86' lang='lat' dir='ltr'><strong>Quod</strong></span> <span class='ocrx_word' id='word_1_438' title='bbox 3292 2590 3466 2633; x_wconf 88' lang='lat' dir='ltr'><strong>autem</strong></span> <span class='ocrx_word' id='word_1_439' title='bbox 3524 2580 3757 2647; x_wconf 87' lang='lat' dir='ltr'><strong>addidit,</strong></span> 
     </span>
    </p>
   </div>
   <div class='ocr_carea' id='block_1_55' title="bbox 2166 2672 3758 2742">
    <p class='ocr_par' dir='ltr' id='par_1_55' title="bbox 2166 2672 3758 2742">
     <span class='ocr_line' id='line_1_55' title="bbox 2166 2672 3758 2742; baseline 0.003 -17"><span class='ocrx_word' id='word_1_440' title='bbox 2166 2687 2339 2742; x_wconf 88' lang='lat' dir='ltr'><strong>neque</strong></span> <span class='ocrx_word' id='word_1_441' title='bbox 2386 2673 2528 2726; x_wconf 92' lang='lat' dir='ltr'><strong>enim</strong></span> <span class='ocrx_word' id='word_1_442' title='bbox 2574 2672 2779 2741; x_wconf 88' lang='lat' dir='ltr'><strong>signum</strong></span> <span class='ocrx_word' id='word_1_443' title='bbox 2825 2682 2904 2727; x_wconf 88' lang='lat' dir='ltr'><strong>est</strong></span> <span class='ocrx_word' id='word_1_444' title='bbox 2956 2673 3031 2727; x_wconf 88' lang='lat' dir='ltr'><strong>rei</strong></span> <span class='ocrx_word' id='word_1_445' title='bbox 3074 2688 3193 2727; x_wconf 91' lang='lat' dir='ltr'><strong>esse</strong></span> <span class='ocrx_word' id='word_1_446' title='bbox 3224 2672 3305 2727; x_wconf 89' lang='lat' dir='ltr'><strong>vel</strong></span> <span class='ocrx_word' id='word_1_447' title='bbox 3339 2688 3441 2726; x_wconf 92' lang='lat' dir='ltr'><strong>non</strong></span> <span class='ocrx_word' id='word_1_448' title='bbox 3474 2688 3615 2739; x_wconf 82' lang='lat' dir='ltr'><strong>esse,</strong></span> <span class='ocrx_word' id='word_1_449' title='bbox 3649 2674 3758 2729; x_wconf 79' lang='lat' dir='ltr'><strong>tale</strong></span> 
     </span>
    </p>
   </div>
   <div class='ocr_carea' id='block_1_56' title="bbox 2165 2756 3861 2835">
    <p class='ocr_par' dir='ltr' id='par_1_56' title="bbox 2165 2756 3861 2835">
     <span class='ocr_line' id='line_1_56' title="bbox 2165 2756 3861 2835; baseline 0 -16"><span class='ocrx_word' id='word_1_450' title='bbox 2165 2765 2414 2834; x_wconf 91' lang='lat' dir='ltr'><strong>quiddam</strong></span> <span class='ocrx_word' id='word_1_451' title='bbox 2444 2775 2524 2820; x_wconf 91' lang='lat' dir='ltr'><strong>est</strong></span> <span class='ocrx_word' id='word_1_452' title='bbox 2560 2780 2699 2833; x_wconf 88' lang='lat' dir='ltr'><strong>esse,</strong></span> <span class='ocrx_word' id='word_1_453' title='bbox 2741 2765 2882 2835; x_wconf 89' lang='lat' dir='ltr'><strong>quod</strong></span> <span class='ocrx_word' id='word_1_454' title='bbox 2925 2765 3144 2820; x_wconf 89' lang='lat' dir='ltr'><strong>verbum</strong></span> <span class='ocrx_word' id='word_1_455' title='bbox 3188 2773 3288 2830; x_wconf 92' lang='lat' dir='ltr'><strong>est,</strong></span> <span class='ocrx_word' id='word_1_456' title='bbox 3339 2764 3424 2819; x_wconf 88' lang='lat' dir='ltr'><strong>vel</strong></span> <span class='ocrx_word' id='word_1_457' title='bbox 3465 2779 3570 2819; x_wconf 89' lang='lat' dir='ltr'><strong>non</strong></span> <span class='ocrx_word' id='word_1_458' title='bbox 3607 2780 3755 2827; x_wconf 87' lang='lat' dir='ltr'><strong>esse,</strong></span> <span class='ocrx_word' id='word_1_459' title='bbox 3844 2756 3861 2774; x_wconf 83' lang='grc'><em>⁴</em></span> 
     </span>
    </p>
   </div>
   <div class='ocr_carea' id='block_1_57' title="bbox 2164 2856 3752 2926">
    <p class='ocr_par' dir='ltr' id='par_1_57' title="bbox 2164 2856 3752 2926">
     <span class='ocr_line' id='line_1_57' title="bbox 2164 2856 3752 2926; baseline 0 -16"><span class='ocrx_word' id='word_1_460' title='bbox 2164 2857 2308 2926; x_wconf 90' lang='lat' dir='ltr'><strong>quod</strong></span> <span class='ocrx_word' id='word_1_461' title='bbox 2339 2858 2603 2911; x_wconf 88' lang='lat' dir='ltr'><strong>inﬁnitum</strong></span> <span class='ocrx_word' id='word_1_462' title='bbox 2636 2856 2855 2911; x_wconf 86' lang='lat' dir='ltr'><strong>verbum</strong></span> <span class='ocrx_word' id='word_1_463' title='bbox 2889 2866 2990 2921; x_wconf 81' lang='lat' dir='ltr'><strong>cst,</strong></span> <span class='ocrx_word' id='word_1_464' title='bbox 3027 2857 3239 2920; x_wconf 90' lang='lat' dir='ltr'><strong>indicat,</strong></span> <span class='ocrx_word' id='word_1_465' title='bbox 3276 2871 3379 2911; x_wconf 88' lang='lat' dir='ltr'><strong>non</strong></span> <span class='ocrx_word' id='word_1_466' title='bbox 3414 2866 3492 2909; x_wconf 79' lang='lat' dir='ltr'><strong>tst</strong></span> <span class='ocrx_word' id='word_1_467' title='bbox 3537 2859 3752 2925; x_wconf 89' lang='lat' dir='ltr'><strong>signum</strong></span> 
     </span>
    </p>
   </div>
   <div class='ocr_carea' id='block_1_58' title="bbox 2166 2948 3756 3020">
    <p class='ocr_par' dir='ltr' id='par_1_58' title="bbox 2166 2948 3756 3020">
     <span class='ocr_line' id='line_1_58' title="bbox 2166 2948 3756 3020; baseline 0 -17"><span class='ocrx_word' id='word_1_468' title='bbox 2166 2950 2264 3019; x_wconf 89' lang='lat' dir='ltr'><strong>rei,</strong></span> <span class='ocrx_word' id='word_1_469' title='bbox 2298 2949 2349 3003; x_wconf 91' lang='lat' dir='ltr'><strong>id</strong></span> <span class='ocrx_word' id='word_1_470' title='bbox 2378 2960 2461 3005; x_wconf 87' lang='lat' dir='ltr'><strong>est</strong></span> <span class='ocrx_word' id='word_1_471' title='bbox 2499 2949 2627 3002; x_wconf 92' lang='lat' dir='ltr'><strong>nihil</strong></span> <span class='ocrx_word' id='word_1_472' title='bbox 2668 2965 2759 3018; x_wconf 91' lang='lat' dir='ltr'><strong>per</strong></span> <span class='ocrx_word' id='word_1_473' title='bbox 2794 2966 2850 3002; x_wconf 89' lang='lat' dir='ltr'><strong>se</strong></span> <span class='ocrx_word' id='word_1_474' title='bbox 2880 2949 3162 3020; x_wconf 86' lang='lat' dir='ltr'><strong>signiﬁcat.</strong></span> <span class='ocrx_word' id='word_1_475' title='bbox 3212 2950 3345 3003; x_wconf 80' lang='lat' dir='ltr'><strong>Esse</strong></span> <span class='ocrx_word' id='word_1_476' title='bbox 3372 2950 3515 3003; x_wconf 89' lang='lat' dir='ltr'><strong>enim</strong></span> <span class='ocrx_word' id='word_1_477' title='bbox 3564 2949 3667 3003; x_wconf 90' lang='lat' dir='ltr'><strong>nisi</strong></span> <span class='ocrx_word' id='word_1_478' title='bbox 3700 2948 3756 3003; x_wconf 86' lang='lat' dir='ltr'><strong>in</strong></span> 
     </span>
    </p>
   </div>
   <div class='ocr_carea' id='block_1_59' title="bbox 2165 3038 3755 3108">
    <p class='ocr_par' dir='ltr' id='par_1_59' title="bbox 2165 3038 3755 3108">
     <span class='ocr_line' id='line_1_59' title="bbox 2165 3038 3755 3108; baseline 0.003 -17"><span class='ocrx_word' id='word_1_479' title='bbox 2165 3039 2339 3108; x_wconf 75' lang='lat' dir='ltr'><strong>aliqua</strong></span> <span class='ocrx_word' id='word_1_480' title='bbox 2384 3039 2776 3107; x_wconf 86' lang='lat' dir='ltr'><strong>compositione</strong></span> <span class='ocrx_word' id='word_1_481' title='bbox 2819 3055 2922 3093; x_wconf 89' lang='lat' dir='ltr'><strong>non</strong></span> <span class='ocrx_word' id='word_1_482' title='bbox 2980 3040 3213 3107; x_wconf 85' lang='lat' dir='ltr'><strong>ponitur.</strong></span> <span class='ocrx_word' id='word_1_483' title='bbox 3264 3038 3355 3093; x_wconf 86' lang='lat' dir='ltr'><strong>Vel</strong></span> <span class='ocrx_word' id='word_1_484' title='bbox 3397 3048 3543 3094; x_wconf 87' lang='lat' dir='ltr'><strong>certe</strong></span> <span class='ocrx_word' id='word_1_485' title='bbox 3589 3054 3755 3095; x_wconf 82' lang='lat' dir='ltr'><strong>omne</strong></span> 
     </span>
    </p>
   </div>
   <div class='ocr_carea' id='block_1_60' title="bbox 2166 3114 3753 3201">
    <p class='ocr_par' dir='ltr' id='par_1_60' title="bbox 2166 3114 3753 3201">
     <span class='ocr_line' id='line_1_60' title="bbox 2166 3114 3753 3201; baseline 0.002 -18"><span class='ocrx_word' id='word_1_486' title='bbox 2166 3130 2388 3185; x_wconf 89' lang='lat' dir='ltr'><strong>verbum</strong></span> <span class='ocrx_word' id='word_1_487' title='bbox 2419 3114 2616 3185; x_wconf 85' lang='lat' dir='ltr'><strong>dictum</strong></span> <span class='ocrx_word' id='word_1_488' title='bbox 2649 3146 2741 3199; x_wconf 90' lang='lat' dir='ltr'><strong>per</strong></span> <span class='ocrx_word' id='word_1_489' title='bbox 2766 3147 2824 3185; x_wconf 91' lang='lat' dir='ltr'><strong>se</strong></span> <span class='ocrx_word' id='word_1_490' title='bbox 2855 3132 3117 3201; x_wconf 80' lang='lat' dir='ltr'><strong>signiﬁcat</strong></span> <span class='ocrx_word' id='word_1_491' title='bbox 3145 3132 3354 3200; x_wconf 89' lang='lat' dir='ltr'><strong>quidem</strong></span> <span class='ocrx_word' id='word_1_492' title='bbox 3400 3132 3627 3200; x_wconf 87' lang='lat' dir='ltr'><strong>aliquid,</strong></span> <span class='ocrx_word' id='word_1_493' title='bbox 3658 3134 3753 3186; x_wconf 88' lang='lat' dir='ltr'><strong>sed</strong></span> 
     </span>
    </p>
   </div>
   <div class='ocr_carea' id='block_1_61' title="bbox 486 3207 3753 3298">
    <p class='ocr_par' dir='ltr' id='par_1_61' title="bbox 486 3207 3753 3298">
     <span class='ocr_line' id='line_1_61' title="bbox 486 3207 3753 3298; baseline -0.002 -16"><span class='ocrx_word' id='word_1_494' title='bbox 486 3228 543 3283; x_wconf 86' lang='lat' dir='ltr'><strong>Si</strong></span> <span class='ocrx_word' id='word_1_495' title='bbox 574 3228 694 3298; x_wconf 89' lang='lat' dir='ltr'><strong>quis</strong></span> <span class='ocrx_word' id='word_1_496' title='bbox 723 3242 855 3282; x_wconf 85' lang='lat' dir='ltr'><strong>vero</strong></span> <span class='ocrx_word' id='word_1_497' title='bbox 879 3224 1247 3295; x_wconf 88' lang='lat' dir='ltr'><strong>hujuscemodi</strong></span> <span class='ocrx_word' id='word_1_498' title='bbox 1284 3239 1471 3280; x_wconf 90' lang='lat' dir='ltr'><strong>vocem</strong></span> <span class='ocrx_word' id='word_1_499' title='bbox 1499 3225 1750 3293; x_wconf 70' lang='lat' dir='ltr'><strong>emperit,</strong></span> <span class='ocrx_word' id='word_1_500' title='bbox 1780 3240 1898 3293; x_wconf 73' lang='lat' dir='ltr'><strong>qua:</strong></span> <span class='ocrx_word' id='word_1_501' title='bbox 1929 3224 2061 3278; x_wconf 90' lang='lat' dir='ltr'><strong>nihil</strong></span> <span class='ocrx_word' id='word_1_502' title='bbox 2088 3207 2135 3269; x_wconf 69' lang='grc' dir='ltr'>ο</span> <span class='ocrx_word' id='word_1_503' title='bbox 2169 3222 2211 3274; x_wconf 92' lang='lat' dir='ltr'><strong>si</strong></span> <span class='ocrx_word' id='word_1_504' title='bbox 2241 3236 2323 3275; x_wconf 79' lang='grc' dir='ltr'><strong>εει</strong></span> <span class='ocrx_word' id='word_1_505' title='bbox 2350 3222 2432 3275; x_wconf 89' lang='lat' dir='ltr'><strong>vel</strong></span> <span class='ocrx_word' id='word_1_506' title='bbox 2463 3236 2567 3275; x_wconf 90' lang='lat' dir='ltr'><strong>non</strong></span> <span class='ocrx_word' id='word_1_507' title='bbox 2596 3231 2697 3287; x_wconf 77' lang='lat' dir='ltr'><strong>est,</strong></span> <span class='ocrx_word' id='word_1_508' title='bbox 2734 3222 2966 3277; x_wconf 90' lang='lat' dir='ltr'><strong>nondum</strong></span> <span class='ocrx_word' id='word_1_509' title='bbox 2999 3224 3280 3292; x_wconf 85' lang='lat' dir='ltr'><strong>significat.</strong></span> <span class='ocrx_word' id='word_1_510' title='bbox 3316 3223 3429 3277; x_wconf 86' lang='lat' dir='ltr'><strong>Non</strong></span> <span class='ocrx_word' id='word_1_511' title='bbox 3460 3225 3601 3278; x_wconf 90' lang='lat' dir='ltr'><strong>enim</strong></span> <span class='ocrx_word' id='word_1_512' title='bbox 3631 3238 3753 3278; x_wconf 84' lang='lat' dir='ltr'><strong>cum</strong></span> 
     </span>
    </p>
   </div>
   <div class='ocr_carea' id='block_1_62' title="bbox 477 3315 2055 3388">
    <p class='ocr_par' dir='ltr' id='par_1_62' title="bbox 477 3315 2055 3388">
     <span class='ocr_line' id='line_1_62' title="bbox 477 3315 2055 3388; baseline -0.003 -13"><span class='ocrx_word' id='word_1_513' title='bbox 477 3319 698 3375; x_wconf 89' lang='lat' dir='ltr'><strong>omnino</strong></span> <span class='ocrx_word' id='word_1_514' title='bbox 744 3317 1014 3388; x_wconf 87' lang='lat' dir='ltr'><strong>designet,</strong></span> <span class='ocrx_word' id='word_1_515' title='bbox 1048 3317 1260 3371; x_wconf 91' lang='lat' dir='ltr'><strong>animus</strong></span> <span class='ocrx_word' id='word_1_516' title='bbox 1304 3316 1422 3386; x_wconf 89' lang='lat' dir='ltr'><strong>ejus</strong></span> <span class='ocrx_word' id='word_1_517' title='bbox 1472 3316 1617 3371; x_wconf 89' lang='lat' dir='ltr'><strong>nulla</strong></span> <span class='ocrx_word' id='word_1_518' title='bbox 1663 3315 2055 3385; x_wconf 71' lang='lat' dir='ltr'><strong>signiﬁcatione</strong></span> 
     </span>
    </p>
   </div>
   <div class='ocr_carea' id='block_1_63' title="bbox 478 3408 2062 3481">
    <p class='ocr_par' dir='ltr' id='par_1_63' title="bbox 478 3408 2062 3481">
     <span class='ocr_line' id='line_1_63' title="bbox 478 3408 2062 3481; baseline -0.001 -16"><span class='ocrx_word' id='word_1_519' title='bbox 478 3426 648 3480; x_wconf 89' lang='lat' dir='ltr'><strong>neque</strong></span> <span class='ocrx_word' id='word_1_520' title='bbox 680 3408 1031 3481; x_wconf 81' lang='lat' dir='ltr'><strong>intelligentia</strong></span> <span class='ocrx_word' id='word_1_521' title='bbox 1064 3408 1344 3464; x_wconf 81' lang='lat' dir='ltr'><strong>roboratus</strong></span> <span class='ocrx_word' id='word_1_522' title='bbox 1371 3418 1545 3473; x_wconf 90' lang='lat' dir='ltr'><strong>errat,</strong></span> <span class='ocrx_word' id='word_1_523' title='bbox 1577 3424 1640 3462; x_wconf 92' lang='lat' dir='ltr'><strong>ac</strong></span> <span class='ocrx_word' id='word_1_524' title='bbox 1670 3408 1929 3473; x_wconf 82' lang='lat' dir='ltr'><strong>vertitur,</strong></span> <span class='ocrx_word' id='word_1_525' title='bbox 1959 3422 2062 3463; x_wconf 89' lang='lat' dir='ltr'><strong>nec</strong></span> 
     </span>
    </p>
   </div>
   <div class='ocr_carea' id='block_1_64' title="bbox 479 3501 2058 3573">
    <p class='ocr_par' dir='ltr' id='par_1_64' title="bbox 479 3501 2058 3573">
     <span class='ocr_line' id='line_1_64' title="bbox 479 3501 2058 3573; baseline 0 -18"><span class='ocrx_word' id='word_1_526' title='bbox 479 3502 596 3556; x_wconf 90' lang='lat' dir='ltr'><strong>ullis</strong></span> <span class='ocrx_word' id='word_1_527' title='bbox 626 3502 1011 3573; x_wconf 87' lang='lat' dir='ltr'><strong>designationis</strong></span> <span class='ocrx_word' id='word_1_528' title='bbox 1046 3501 1236 3557; x_wconf 89' lang='lat' dir='ltr'><strong>ﬁnibus</strong></span> <span class='ocrx_word' id='word_1_529' title='bbox 1264 3502 1623 3573; x_wconf 89' lang='lat' dir='ltr'><strong>conquiescit,</strong></span> <span class='ocrx_word' id='word_1_530' title='bbox 1654 3516 1821 3572; x_wconf 90' lang='lat' dir='ltr'><strong>quare</strong></span> <span class='ocrx_word' id='word_1_531' title='bbox 1848 3501 2058 3555; x_wconf 77' lang='lat' dir='ltr'><strong>Aristo-</strong></span> 
     </span>
    </p>
   </div>
   <div class='ocr_carea' id='block_1_65' title="bbox 478 3590 2095 3660">
    <p class='ocr_par' dir='ltr' id='par_1_65' title="bbox 478 3590 2095 3660">
     <span class='ocr_line' id='line_1_65' title="bbox 478 3590 2095 3660; baseline -0.002 -11"><span class='ocrx_word' id='word_1_532' title='bbox 478 3594 595 3649; x_wconf 86' lang='lat' dir='ltr'><strong>telis</strong></span> <span class='ocrx_word' id='word_1_533' title='bbox 622 3605 763 3649; x_wconf 88' lang='lat' dir='ltr'><strong>recta</strong></span> <span class='ocrx_word' id='word_1_534' title='bbox 786 3592 1051 3650; x_wconf 83' lang='lat' dir='ltr'><strong>sententia</strong></span> <span class='ocrx_word' id='word_1_535' title='bbox 1076 3600 1156 3647; x_wconf 90' lang='lat' dir='ltr'><strong>est</strong></span> <span class='ocrx_word' id='word_1_536' title='bbox 1180 3633 1195 3660; x_wconf 87' lang='lat'><strong>,</strong></span> <span class='ocrx_word' id='word_1_537' title='bbox 1229 3601 1284 3647; x_wconf 91' lang='lat' dir='ltr'><strong>et</strong></span> <span class='ocrx_word' id='word_1_538' title='bbox 1312 3592 1474 3647; x_wconf 88' lang='lat' dir='ltr'><strong>verba</strong></span> <span class='ocrx_word' id='word_1_539' title='bbox 1505 3590 1799 3646; x_wconf 91' lang='lat' dir='ltr'><strong>secundum</strong></span> <span class='ocrx_word' id='word_1_540' title='bbox 1830 3606 1889 3646; x_wconf 90' lang='lat' dir='ltr'><strong>se</strong></span> <span class='ocrx_word' id='word_1_541' title='bbox 1916 3591 2056 3647; x_wconf 88' lang='lat' dir='ltr'><strong>dicta</strong></span> <span class='ocrx_word' id='word_1_542' title='bbox 2086 3602 2095 3613; x_wconf 86' lang='lat'>&#39;</span> 
     </span>
    </p>
   </div>
   <div class='ocr_carea' id='block_1_66' title="bbox 477 3683 2058 3751">
    <p class='ocr_par' dir='ltr' id='par_1_66' title="bbox 477 3683 2058 3751">
     <span class='ocr_line' id='line_1_66' title="bbox 477 3683 2058 3751; baseline -0.003 -9"><span class='ocrx_word' id='word_1_543' title='bbox 477 3701 595 3742; x_wconf 90' lang='lat' dir='ltr'><strong>esse</strong></span> <span class='ocrx_word' id='word_1_544' title='bbox 641 3686 878 3749; x_wconf 91' lang='lat' dir='ltr'><strong>nomina,</strong></span> <span class='ocrx_word' id='word_1_545' title='bbox 918 3696 972 3741; x_wconf 87' lang='lat' dir='ltr'><strong>et</strong></span> <span class='ocrx_word' id='word_1_546' title='bbox 1003 3683 1269 3739; x_wconf 89' lang='lat' dir='ltr'><strong>dicentem</strong></span> <span class='ocrx_word' id='word_1_547' title='bbox 1320 3683 1649 3738; x_wconf 90' lang='lat' dir='ltr'><strong>constituere</strong></span> <span class='ocrx_word' id='word_1_548' title='bbox 1690 3683 2017 3738; x_wconf 88' lang='lat' dir='ltr'><strong>intellectum</strong></span> <span class='ocrx_word' id='word_1_549' title='bbox 2042 3726 2058 3751; x_wconf 93' lang='lat'><strong>,</strong></span> 
     </span>
    </p>
   </div>
   <div class='ocr_carea' id='block_1_67' title="bbox 477 3774 2057 3845">
    <p class='ocr_par' dir='ltr' id='par_1_67' title="bbox 477 3774 2057 3845">
     <span class='ocr_line' id='line_1_67' title="bbox 477 3774 2057 3845; baseline 0.001 -16"><span class='ocrx_word' id='word_1_550' title='bbox 477 3778 889 3845; x_wconf 88' lang='lat' dir='ltr'><strong>audientemque</strong></span> <span class='ocrx_word' id='word_1_551' title='bbox 933 3777 1231 3844; x_wconf 89' lang='lat' dir='ltr'><strong>quiescere,</strong></span> <span class='ocrx_word' id='word_1_552' title='bbox 1258 3774 1351 3830; x_wconf 88' lang='lat' dir='ltr'><strong>sed</strong></span> <span class='ocrx_word' id='word_1_553' title='bbox 1382 3775 1690 3845; x_wconf 91' lang='lat' dir='ltr'><strong>hujusmodi</strong></span> <span class='ocrx_word' id='word_1_554' title='bbox 1732 3778 1959 3844; x_wconf 73' lang='lat' dir='ltr'><strong>qutcstio</strong></span> <span class='ocrx_word' id='word_1_555' title='bbox 1990 3778 2057 3831; x_wconf 88' lang='lat' dir='ltr'><strong>ab</strong></span> 
     </span>
    </p>
   </div>
   <div class='ocr_carea' id='block_1_68' title="bbox 476 3868 2059 3937">
    <p class='ocr_par' dir='ltr' id='par_1_68' title="bbox 476 3868 2059 3937">
     <span class='ocr_line' id='line_1_68' title="bbox 476 3868 2059 3937; baseline 0 -15"><span class='ocrx_word' id='word_1_556' title='bbox 476 3868 701 3937; x_wconf 81' lang='lat' dir='ltr'><strong>Aspasio</strong></span> <span class='ocrx_word' id='word_1_557' title='bbox 747 3869 1017 3937; x_wconf 78' lang='lat' dir='ltr'><strong>proposita</strong></span> <span class='ocrx_word' id='word_1_558' title='bbox 1046 3877 1128 3922; x_wconf 90' lang='lat' dir='ltr'><strong>est</strong></span> <span class='ocrx_word' id='word_1_559' title='bbox 1172 3876 1227 3922; x_wconf 91' lang='lat' dir='ltr'><strong>et</strong></span> <span class='ocrx_word' id='word_1_560' title='bbox 1274 3868 1341 3921; x_wconf 85' lang='lat' dir='ltr'><strong>ab</strong></span> <span class='ocrx_word' id='word_1_561' title='bbox 1366 3868 1555 3922; x_wconf 90' lang='lat' dir='ltr'><strong>eodem</strong></span> <span class='ocrx_word' id='word_1_562' title='bbox 1604 3868 1859 3923; x_wconf 91' lang='lat' dir='ltr'><strong>resoluta.</strong></span> <span class='ocrx_word' id='word_1_563' title='bbox 1904 3870 2059 3923; x_wconf 88' lang='lat' dir='ltr'><strong>Post-</strong></span> 
     </span>
    </p>
   </div>
   <div class='ocr_carea' id='block_1_69' title="bbox 477 3958 2056 4029">
    <p class='ocr_par' dir='ltr' id='par_1_69' title="bbox 477 3958 2056 4029">
     <span class='ocr_line' id='line_1_69' title="bbox 477 3958 2056 4029; baseline 0.001 -16"><span class='ocrx_word' id='word_1_564' title='bbox 477 3976 629 4029; x_wconf 90' lang='lat' dir='ltr'><strong>quam</strong></span> <span class='ocrx_word' id='word_1_565' title='bbox 678 3959 838 4029; x_wconf 88' lang='lat' dir='ltr'><strong>igitur</strong></span> <span class='ocrx_word' id='word_1_566' title='bbox 886 3958 1204 4013; x_wconf 85' lang='lat' dir='ltr'><strong>Aristoteles</strong></span> <span class='ocrx_word' id='word_1_567' title='bbox 1242 3959 1536 4013; x_wconf 89' lang='lat' dir='ltr'><strong>secundum</strong></span> <span class='ocrx_word' id='word_1_568' title='bbox 1587 3974 1646 4013; x_wconf 90' lang='lat' dir='ltr'><strong>se</strong></span> <span class='ocrx_word' id='word_1_569' title='bbox 1691 3959 1831 4013; x_wconf 86' lang='lat' dir='ltr'><strong>dicta</strong></span> <span class='ocrx_word' id='word_1_570' title='bbox 1893 3960 2056 4015; x_wconf 85' lang='lat' dir='ltr'><strong>verba</strong></span> 
     </span>
    </p>
   </div>
   <div class='ocr_carea' id='block_1_70' title="bbox 476 4047 2060 4118">
    <p class='ocr_par' dir='ltr' id='par_1_70' title="bbox 476 4047 2060 4118">
     <span class='ocr_line' id='line_1_70' title="bbox 476 4047 2060 4118; baseline -0.001 -13"><span class='ocrx_word' id='word_1_571' title='bbox 476 4052 688 4105; x_wconf 84' lang='lat' dir='ltr'><strong>nomina</strong></span> <span class='ocrx_word' id='word_1_572' title='bbox 715 4064 835 4104; x_wconf 70' lang='lat' dir='ltr'><strong>es:e</strong></span> <span class='ocrx_word' id='word_1_573' title='bbox 865 4047 1163 4112; x_wconf 79' lang='lat' dir='ltr'><strong>constituit,</strong></span> <span class='ocrx_word' id='word_1_574' title='bbox 1196 4048 1386 4118; x_wconf 88' lang='lat' dir='ltr'><strong>inqttit,</strong></span> <span class='ocrx_word' id='word_1_575' title='bbox 1416 4047 1510 4102; x_wconf 90' lang='lat' dir='ltr'><strong>sed</strong></span> <span class='ocrx_word' id='word_1_576' title='bbox 1544 4049 1585 4101; x_wconf 89' lang='lat' dir='ltr'><strong>si</strong></span> <span class='ocrx_word' id='word_1_577' title='bbox 1617 4058 1698 4103; x_wconf 73' lang='lat' dir='ltr'><strong>e~t</strong></span> <span class='ocrx_word' id='word_1_578' title='bbox 1730 4050 1810 4103; x_wconf 89' lang='lat' dir='ltr'><strong>vel</strong></span> <span class='ocrx_word' id='word_1_579' title='bbox 1843 4064 1948 4103; x_wconf 90' lang='lat' dir='ltr'><strong>non</strong></span> <span class='ocrx_word' id='word_1_580' title='bbox 1976 4058 2060 4104; x_wconf 88' lang='lat' dir='ltr'><strong>est</strong></span> 
     </span>
    </p>
   </div>
   <div class='ocr_carea' id='block_1_71' title="bbox 476 4139 2059 4211">
    <p class='ocr_par' dir='ltr' id='par_1_71' title="bbox 476 4139 2059 4211">
     <span class='ocr_line' id='line_1_71' title="bbox 476 4139 2059 4211; baseline -0.002 -12"><span class='ocrx_word' id='word_1_581' title='bbox 476 4144 707 4199; x_wconf 88' lang='lat' dir='ltr'><strong>nondum</strong></span> <span class='ocrx_word' id='word_1_582' title='bbox 749 4139 1083 4211; x_wconf 87' lang='lat' dir='ltr'><strong>signiﬁcant,</strong></span> <span class='ocrx_word' id='word_1_583' title='bbox 1116 4140 1257 4211; x_wconf 92' lang='lat' dir='ltr'><strong>quod</strong></span> <span class='ocrx_word' id='word_1_584' title='bbox 1291 4139 1593 4209; x_wconf 88' lang='lat' dir='ltr'><strong>hujusmodi</strong></span> <span class='ocrx_word' id='word_1_585' title='bbox 1627 4148 1708 4195; x_wconf 91' lang='lat' dir='ltr'><strong>est</strong></span> <span class='ocrx_word' id='word_1_586' title='bbox 1747 4154 1809 4195; x_wconf 89' lang='lat' dir='ltr'><strong>ac</strong></span> <span class='ocrx_word' id='word_1_587' title='bbox 1838 4143 1880 4194; x_wconf 92' lang='lat' dir='ltr'><strong>si</strong></span> <span class='ocrx_word' id='word_1_588' title='bbox 1912 4141 2059 4196; x_wconf 87' lang='lat' dir='ltr'><strong>dice-</strong></span> 
     </span>
    </p>
   </div>
   <div class='ocr_carea' id='block_1_72' title="bbox 475 4233 2056 4307">
    <p class='ocr_par' dir='ltr' id='par_1_72' title="bbox 475 4233 2056 4307">
     <span class='ocr_line' id='line_1_72' title="bbox 475 4233 2056 4307; baseline -0.002 -15"><span class='ocrx_word' id='word_1_589' title='bbox 475 4245 591 4293; x_wconf 91' lang='lat' dir='ltr'><strong>ret:</strong></span> <span class='ocrx_word' id='word_1_590' title='bbox 620 4236 962 4307; x_wconf 88' lang='lat' dir='ltr'><strong>Signiﬁcatur</strong></span> <span class='ocrx_word' id='word_1_591' title='bbox 1010 4234 1221 4303; x_wconf 88' lang='lat' dir='ltr'><strong>quidem</strong></span> <span class='ocrx_word' id='word_1_592' title='bbox 1267 4233 1516 4303; x_wconf 90' lang='lat' dir='ltr'><strong>quiddam</strong></span> <span class='ocrx_word' id='word_1_593' title='bbox 1548 4249 1577 4287; x_wconf 90' lang='lat' dir='ltr'><strong>a</strong></span> <span class='ocrx_word' id='word_1_594' title='bbox 1607 4234 1785 4288; x_wconf 70' lang='lat' dir='ltr'><strong>verbis</strong></span> <span class='ocrx_word' id='word_1_595' title='bbox 1808 4276 1821 4300; x_wconf 92' lang='lat'><strong>,</strong></span> <span class='ocrx_word' id='word_1_596' title='bbox 1856 4236 2002 4289; x_wconf 84' lang='lat' dir='ltr'><strong>velut</strong></span> <span class='ocrx_word' id='word_1_597' title='bbox 2028 4250 2056 4289; x_wconf 93' lang='lat' dir='ltr'><strong>a</strong></span> 
     </span>
    </p>
   </div>
   <div class='ocr_carea' id='block_1_73' title="bbox 482 4326 2056 4397">
    <p class='ocr_par' dir='ltr' id='par_1_73' title="bbox 482 4326 2056 4397">
     <span class='ocr_line' id='line_1_73' title="bbox 482 4326 2056 4397; baseline -0.001 -13"><span class='ocrx_word' id='word_1_598' title='bbox 482 4326 919 4394; x_wconf 87' lang='lat' dir='ltr'><strong>nominibus,sed</strong></span> <span class='ocrx_word' id='word_1_599' title='bbox 947 4328 1089 4381; x_wconf 74' lang='lat' dir='ltr'><strong>nulla</strong></span> <span class='ocrx_word' id='word_1_600' title='bbox 1118 4326 1435 4381; x_wconf 89' lang='lat' dir='ltr'><strong>tameninde</strong></span> <span class='ocrx_word' id='word_1_601' title='bbox 1458 4328 1669 4397; x_wconf 90' lang='lat' dir='ltr'><strong>negatio</strong></span> <span class='ocrx_word' id='word_1_602' title='bbox 1700 4328 2056 4383; x_wconf 85' lang='lat' dir='ltr'><strong>afﬁrmatiove</strong></span> 
     </span>
    </p>
   </div>
   <div class='ocr_carea' id='block_1_74' title="bbox 474 4419 2053 4493">
    <p class='ocr_par' dir='ltr' id='par_1_74' title="bbox 474 4419 2053 4493">
     <span class='ocr_line' id='line_1_74' title="bbox 474 4419 2053 4493; baseline -0.001 -18"><span class='ocrx_word' id='word_1_603' title='bbox 474 4422 769 4493; x_wconf 87' lang='lat' dir='ltr'><strong>perﬁcitur.</strong></span> <span class='ocrx_word' id='word_1_604' title='bbox 800 4421 930 4474; x_wconf 78' lang='lat' dir='ltr'><strong>Cum</strong></span> <span class='ocrx_word' id='word_1_605' title='bbox 958 4421 1098 4474; x_wconf 90' lang='lat' dir='ltr'><strong>enim</strong></span> <span class='ocrx_word' id='word_1_606' title='bbox 1125 4419 1243 4474; x_wconf 91' lang='lat' dir='ltr'><strong>dico</strong></span> <span class='ocrx_word' id='word_1_607' title='bbox 1274 4421 1432 4489; x_wconf 88' lang='lat' dir='ltr'><strong>sapit,</strong></span> <span class='ocrx_word' id='word_1_608' title='bbox 1458 4428 1540 4474; x_wconf 90' lang='lat' dir='ltr'><strong>est</strong></span> <span class='ocrx_word' id='word_1_609' title='bbox 1566 4420 1778 4488; x_wconf 89' lang='lat' dir='ltr'><strong>quidem</strong></span> <span class='ocrx_word' id='word_1_610' title='bbox 1811 4422 2053 4489; x_wconf 70' lang='lat' dir='ltr'><strong>qumdam</strong></span> 
     </span>
    </p>
   </div>
   <div class='ocr_carea' id='block_1_75' title="bbox 476 4512 2054 4584">
    <p class='ocr_par' dir='ltr' id='par_1_75' title="bbox 476 4512 2054 4584">
     <span class='ocr_line' id='line_1_75' title="bbox 476 4512 2054 4584; baseline 0 -16"><span class='ocrx_word' id='word_1_611' title='bbox 476 4513 825 4584; x_wconf 89' lang='lat' dir='ltr'><strong>signiﬁcatio,</strong></span> <span class='ocrx_word' id='word_1_612' title='bbox 860 4512 952 4567; x_wconf 88' lang='lat' dir='ltr'><strong>sed</strong></span> <span class='ocrx_word' id='word_1_613' title='bbox 978 4513 1106 4566; x_wconf 87' lang='lat' dir='ltr'><strong>nihil</strong></span> <span class='ocrx_word' id='word_1_614' title='bbox 1137 4521 1227 4566; x_wconf 90' lang='lat' dir='ltr'><strong>aut</strong></span> <span class='ocrx_word' id='word_1_615' title='bbox 1253 4526 1373 4565; x_wconf 91' lang='lat' dir='ltr'><strong>esse</strong></span> <span class='ocrx_word' id='word_1_616' title='bbox 1403 4520 1491 4566; x_wconf 91' lang='lat' dir='ltr'><strong>aut</strong></span> <span class='ocrx_word' id='word_1_617' title='bbox 1536 4526 1639 4566; x_wconf 92' lang='lat' dir='ltr'><strong>non</strong></span> <span class='ocrx_word' id='word_1_618' title='bbox 1668 4526 1788 4567; x_wconf 87' lang='lat' dir='ltr'><strong>esse</strong></span> <span class='ocrx_word' id='word_1_619' title='bbox 1830 4515 2054 4568; x_wconf 81' lang='lat' dir='ltr'><strong>demon-</strong></span> 
     </span>
    </p>
   </div>
   <div class='ocr_carea' id='block_1_76' title="bbox 2168 3312 3756 3382">
    <p class='ocr_par' dir='ltr' id='par_1_76' title="bbox 2168 3312 3756 3382">
     <span class='ocr_line' id='line_1_76' title="bbox 2168 3312 3756 3382; baseline 0.003 -16"><span class='ocrx_word' id='word_1_620' title='bbox 2168 3312 2361 3382; x_wconf 85' lang='lat' dir='ltr'><strong>aliquid</strong></span> <span class='ocrx_word' id='word_1_621' title='bbox 2390 3312 2588 3367; x_wconf 90' lang='lat' dir='ltr'><strong>dictum</strong></span> <span class='ocrx_word' id='word_1_622' title='bbox 2618 3314 2794 3381; x_wconf 88' lang='lat' dir='ltr'><strong>fuerit,</strong></span> <span class='ocrx_word' id='word_1_623' title='bbox 2831 3313 3028 3369; x_wconf 88' lang='lat' dir='ltr'><strong>idcirco</strong></span> <span class='ocrx_word' id='word_1_624' title='bbox 3071 3323 3161 3368; x_wconf 90' lang='lat' dir='ltr'><strong>aut</strong></span> <span class='ocrx_word' id='word_1_625' title='bbox 3202 3329 3321 3369; x_wconf 90' lang='lat' dir='ltr'><strong>esse</strong></span> <span class='ocrx_word' id='word_1_626' title='bbox 3363 3324 3449 3368; x_wconf 83' lang='lat' dir='ltr'><strong>aut</strong></span> <span class='ocrx_word' id='word_1_627' title='bbox 3490 3331 3595 3368; x_wconf 91' lang='lat' dir='ltr'><strong>non</strong></span> <span class='ocrx_word' id='word_1_628' title='bbox 3635 3329 3756 3370; x_wconf 75' lang='lat' dir='ltr'><strong>esse</strong></span> 
     </span>
    </p>
   </div>
   <div class='ocr_carea' id='block_1_77' title="bbox 2167 3404 3751 3477">
    <p class='ocr_par' dir='ltr' id='par_1_77' title="bbox 2167 3404 3751 3477">
     <span class='ocr_line' id='line_1_77' title="bbox 2167 3404 3751 3477; baseline 0.001 -16"><span class='ocrx_word' id='word_1_629' title='bbox 2167 3404 2451 3475; x_wconf 85' lang='lat' dir='ltr'><strong>signiﬁcat.</strong></span> <span class='ocrx_word' id='word_1_630' title='bbox 2527 3408 2698 3474; x_wconf 86' lang='lat' dir='ltr'><strong>Atque</strong></span> <span class='ocrx_word' id='word_1_631' title='bbox 2745 3408 2846 3459; x_wconf 93' lang='lat' dir='ltr'><strong>hoc</strong></span> <span class='ocrx_word' id='word_1_632' title='bbox 2888 3416 2971 3461; x_wconf 90' lang='lat' dir='ltr'><strong>est</strong></span> <span class='ocrx_word' id='word_1_633' title='bbox 3014 3406 3152 3477; x_wconf 89' lang='lat' dir='ltr'><strong>quod</strong></span> <span class='ocrx_word' id='word_1_634' title='bbox 3199 3407 3271 3461; x_wconf 89' lang='lat' dir='ltr'><strong>ait</strong></span> <span class='ocrx_word' id='word_1_635' title='bbox 3312 3423 3326 3460; x_wconf 89' lang='lat'><strong>:</strong></span> <span class='ocrx_word' id='word_1_636' title='bbox 3375 3407 3555 3477; x_wconf 85' lang='lat' dir='ltr'><strong>Neque</strong></span> <span class='ocrx_word' id='word_1_637' title='bbox 3608 3409 3751 3473; x_wconf 83' lang='lat' dir='ltr'><strong>enim</strong></span> 
     </span>
    </p>
   </div>
   <div class='ocr_carea' id='block_1_78' title="bbox 2165 3496 3749 3566">
    <p class='ocr_par' dir='ltr' id='par_1_78' title="bbox 2165 3496 3749 3566">
     <span class='ocr_line' id='line_1_78' title="bbox 2165 3496 3749 3566; baseline 0.003 -17"><span class='ocrx_word' id='word_1_638' title='bbox 2165 3497 2373 3566; x_wconf 79' lang='lat' dir='ltr'><strong>signum</strong></span> <span class='ocrx_word' id='word_1_639' title='bbox 2402 3505 2486 3551; x_wconf 87' lang='lat' dir='ltr'><strong>est</strong></span> <span class='ocrx_word' id='word_1_640' title='bbox 2522 3497 2596 3551; x_wconf 91' lang='lat' dir='ltr'><strong>rei</strong></span> <span class='ocrx_word' id='word_1_641' title='bbox 2628 3511 2748 3552; x_wconf 90' lang='lat' dir='ltr'><strong>esse</strong></span> <span class='ocrx_word' id='word_1_642' title='bbox 2782 3496 2863 3551; x_wconf 90' lang='lat' dir='ltr'><strong>vel</strong></span> <span class='ocrx_word' id='word_1_643' title='bbox 2895 3510 3001 3551; x_wconf 90' lang='lat' dir='ltr'><strong>non</strong></span> <span class='ocrx_word' id='word_1_644' title='bbox 3030 3511 3178 3562; x_wconf 89' lang='lat' dir='ltr'><strong>esse,</strong></span> <span class='ocrx_word' id='word_1_645' title='bbox 3210 3497 3407 3551; x_wconf 90' lang='lat' dir='ltr'><strong>etenim</strong></span> <span class='ocrx_word' id='word_1_646' title='bbox 3436 3512 3592 3566; x_wconf 88' lang='lat' dir='ltr'><strong>quam</strong></span> <span class='ocrx_word' id='word_1_647' title='bbox 3635 3514 3749 3553; x_wconf 83' lang='lat' dir='ltr'><strong>rem</strong></span> 
     </span>
    </p>
   </div>
   <div class='ocr_carea' id='block_1_79' title="bbox 2166 3588 3753 3659">
    <p class='ocr_par' dir='ltr' id='par_1_79' title="bbox 2166 3588 3753 3659">
     <span class='ocr_line' id='line_1_79' title="bbox 2166 3588 3753 3659; baseline 0 -16"><span class='ocrx_word' id='word_1_648' title='bbox 2166 3588 2387 3644; x_wconf 88' lang='lat' dir='ltr'><strong>verbum</strong></span> <span class='ocrx_word' id='word_1_649' title='bbox 2433 3588 2709 3658; x_wconf 75' lang='lat' dir='ltr'><strong>designat,</strong></span> <span class='ocrx_word' id='word_1_650' title='bbox 2757 3601 2878 3643; x_wconf 86' lang='lat' dir='ltr'><strong>esse</strong></span> <span class='ocrx_word' id='word_1_651' title='bbox 2923 3590 3038 3659; x_wconf 88' lang='lat' dir='ltr'><strong>ejus</strong></span> <span class='ocrx_word' id='word_1_652' title='bbox 3081 3589 3162 3644; x_wconf 89' lang='lat' dir='ltr'><strong>vel</strong></span> <span class='ocrx_word' id='word_1_653' title='bbox 3205 3604 3309 3642; x_wconf 94' lang='lat' dir='ltr'><strong>non</strong></span> <span class='ocrx_word' id='word_1_654' title='bbox 3352 3603 3470 3643; x_wconf 90' lang='lat' dir='ltr'><strong>esse</strong></span> <span class='ocrx_word' id='word_1_655' title='bbox 3514 3604 3618 3643; x_wconf 92' lang='lat' dir='ltr'><strong>non</strong></span> <span class='ocrx_word' id='word_1_656' title='bbox 3670 3600 3753 3644; x_wconf 90' lang='lat' dir='ltr'><strong>est</strong></span> 
     </span>
    </p>
   </div>
   <div class='ocr_carea' id='block_1_80' title="bbox 2166 3682 3752 3752">
    <p class='ocr_par' dir='ltr' id='par_1_80' title="bbox 2166 3682 3752 3752">
     <span class='ocr_line' id='line_1_80' title="bbox 2166 3682 3752 3752; baseline 0.001 -17"><span class='ocrx_word' id='word_1_657' title='bbox 2166 3683 2371 3750; x_wconf 85' lang='lat' dir='ltr'><strong>signum</strong></span> <span class='ocrx_word' id='word_1_658' title='bbox 2411 3683 2582 3749; x_wconf 90' lang='lat' dir='ltr'><strong>ipsum</strong></span> <span class='ocrx_word' id='word_1_659' title='bbox 2629 3682 2867 3746; x_wconf 90' lang='lat' dir='ltr'><strong>verbum,</strong></span> <span class='ocrx_word' id='word_1_660' title='bbox 2908 3682 3047 3752; x_wconf 90' lang='lat' dir='ltr'><strong>quod</strong></span> <span class='ocrx_word' id='word_1_661' title='bbox 3092 3683 3157 3736; x_wconf 91' lang='lat' dir='ltr'><strong>de</strong></span> <span class='ocrx_word' id='word_1_662' title='bbox 3197 3683 3283 3737; x_wconf 90' lang='lat' dir='ltr'><strong>illa</strong></span> <span class='ocrx_word' id='word_1_663' title='bbox 3328 3698 3386 3737; x_wconf 90' lang='lat' dir='ltr'><strong>re</strong></span> <span class='ocrx_word' id='word_1_664' title='bbox 3428 3682 3643 3744; x_wconf 81' lang='lat' dir='ltr'><strong>dicitur,</strong></span> <span class='ocrx_word' id='word_1_665' title='bbox 3689 3700 3752 3737; x_wconf 84' lang='lat' dir='ltr'><strong>ac</strong></span> 
     </span>
    </p>
   </div>
   <div class='ocr_carea' id='block_1_81' title="bbox 2164 3772 3750 3845">
    <p class='ocr_par' dir='ltr' id='par_1_81' title="bbox 2164 3772 3750 3845">
     <span class='ocr_line' id='line_1_81' title="bbox 2164 3772 3750 3845; baseline 0.001 -19"><span class='ocrx_word' id='word_1_666' title='bbox 2164 3774 2206 3826; x_wconf 91' lang='lat' dir='ltr'><strong>si</strong></span> <span class='ocrx_word' id='word_1_667' title='bbox 2238 3772 2313 3826; x_wconf 91' lang='lat' dir='ltr'><strong>sic</strong></span> <span class='ocrx_word' id='word_1_668' title='bbox 2344 3773 2549 3827; x_wconf 90' lang='lat' dir='ltr'><strong>diceret</strong></span> <span class='ocrx_word' id='word_1_669' title='bbox 2582 3790 2592 3824; x_wconf 87' lang='lat'><strong>:</strong></span> <span class='ocrx_word' id='word_1_670' title='bbox 2627 3773 2807 3842; x_wconf 84' lang='lat' dir='ltr'><strong>Neque</strong></span> <span class='ocrx_word' id='word_1_671' title='bbox 2840 3775 2981 3829; x_wconf 78' lang='lat' dir='ltr'><strong>enim</strong></span> <span class='ocrx_word' id='word_1_672' title='bbox 3014 3775 3219 3845; x_wconf 88' lang='lat' dir='ltr'><strong>signum</strong></span> <span class='ocrx_word' id='word_1_673' title='bbox 3253 3783 3333 3828; x_wconf 71' lang='lat' dir='ltr'><strong>est</strong></span> <span class='ocrx_word' id='word_1_674' title='bbox 3361 3774 3578 3829; x_wconf 85' lang='lat' dir='ltr'><strong>verbum</strong></span> <span class='ocrx_word' id='word_1_675' title='bbox 3609 3774 3750 3843; x_wconf 87' lang='lat' dir='ltr'><strong>quod</strong></span> 
     </span>
    </p>
   </div>
   <div class='ocr_carea' id='block_1_82' title="bbox 2163 3862 3753 3934">
    <p class='ocr_par' dir='ltr' id='par_1_82' title="bbox 2163 3862 3753 3934">
     <span class='ocr_line' id='line_1_82' title="bbox 2163 3862 3753 3934; baseline 0.001 -18"><span class='ocrx_word' id='word_1_676' title='bbox 2163 3862 2381 3928; x_wconf 91' lang='lat' dir='ltr'><strong>dicitur,</strong></span> <span class='ocrx_word' id='word_1_677' title='bbox 2410 3865 2486 3918; x_wconf 90' lang='lat' dir='ltr'><strong>rei</strong></span> <span class='ocrx_word' id='word_1_678' title='bbox 2516 3877 2635 3919; x_wconf 89' lang='lat' dir='ltr'><strong>esse</strong></span> <span class='ocrx_word' id='word_1_679' title='bbox 2669 3864 2752 3917; x_wconf 85' lang='lat' dir='ltr'><strong>vel</strong></span> <span class='ocrx_word' id='word_1_680' title='bbox 2787 3880 2888 3917; x_wconf 90' lang='lat' dir='ltr'><strong>non</strong></span> <span class='ocrx_word' id='word_1_681' title='bbox 2918 3878 3060 3931; x_wconf 90' lang='lat' dir='ltr'><strong>esse,</strong></span> <span class='ocrx_word' id='word_1_682' title='bbox 3095 3863 3195 3918; x_wconf 91' lang='lat' dir='ltr'><strong>hoc</strong></span> <span class='ocrx_word' id='word_1_683' title='bbox 3225 3875 3305 3919; x_wconf 91' lang='lat' dir='ltr'><strong>est</strong></span> <span class='ocrx_word' id='word_1_684' title='bbox 3333 3864 3397 3918; x_wconf 88' lang='lat' dir='ltr'><strong>de</strong></span> <span class='ocrx_word' id='word_1_685' title='bbox 3426 3879 3523 3934; x_wconf 89' lang='lat' dir='ltr'><strong>qua</strong></span> <span class='ocrx_word' id='word_1_686' title='bbox 3555 3864 3753 3918; x_wconf 90' lang='lat' dir='ltr'><strong>dicitur</strong></span> 
     </span>
    </p>
   </div>
   <div class='ocr_carea' id='block_1_83' title="bbox 2165 3955 3747 4025">
    <p class='ocr_par' dir='ltr' id='par_1_83' title="bbox 2165 3955 3747 4025">
     <span class='ocr_line' id='line_1_83' title="bbox 2165 3955 3747 4025; baseline 0.001 -18"><span class='ocrx_word' id='word_1_687' title='bbox 2165 3964 2252 4017; x_wconf 85' lang='lat' dir='ltr'><strong>r‘e,</strong></span> <span class='ocrx_word' id='word_1_688' title='bbox 2288 3964 2344 4008; x_wconf 91' lang='lat' dir='ltr'><strong>ut</strong></span> <span class='ocrx_word' id='word_1_689' title='bbox 2374 3955 2423 4009; x_wconf 90' lang='lat' dir='ltr'><strong>id</strong></span> <span class='ocrx_word' id='word_1_690' title='bbox 2458 3956 2600 4025; x_wconf 88' lang='lat' dir='ltr'><strong>quod</strong></span> <span class='ocrx_word' id='word_1_691' title='bbox 2630 3956 2766 4022; x_wconf 90' lang='lat' dir='ltr'><strong>dico,</strong></span> <span class='ocrx_word' id='word_1_692' title='bbox 2801 3958 2879 4011; x_wconf 84' lang='lat' dir='ltr'><strong>rci</strong></span> <span class='ocrx_word' id='word_1_693' title='bbox 2915 3972 3036 4012; x_wconf 90' lang='lat' dir='ltr'><strong>esse</strong></span> <span class='ocrx_word' id='word_1_694' title='bbox 3069 3956 3150 4011; x_wconf 90' lang='lat' dir='ltr'><strong>vel</strong></span> <span class='ocrx_word' id='word_1_695' title='bbox 3188 3973 3293 4011; x_wconf 92' lang='lat' dir='ltr'><strong>non</strong></span> <span class='ocrx_word' id='word_1_696' title='bbox 3338 3971 3479 4025; x_wconf 89' lang='lat' dir='ltr'><strong>esse,</strong></span> <span class='ocrx_word' id='word_1_697' title='bbox 3512 3960 3617 4011; x_wconf 85' lang='lat' dir='ltr'><strong>tale</strong></span> <span class='ocrx_word' id='word_1_698' title='bbox 3657 3957 3747 4020; x_wconf 87' lang='lat' dir='ltr'><strong>sit,</strong></span> 
     </span>
    </p>
   </div>
   <div class='ocr_carea' id='block_1_84' title="bbox 2164 4046 3748 4119">
    <p class='ocr_par' dir='ltr' id='par_1_84' title="bbox 2164 4046 3748 4119">
     <span class='ocr_line' id='line_1_84' title="bbox 2164 4046 3748 4119; baseline -0.001 -18"><span class='ocrx_word' id='word_1_699' title='bbox 2164 4056 2412 4117; x_wconf 91' lang='lat' dir='ltr'><strong>tanquam</strong></span> <span class='ocrx_word' id='word_1_700' title='bbox 2460 4048 2504 4103; x_wconf 87' lang='lat' dir='ltr'><strong>si</strong></span> <span class='ocrx_word' id='word_1_701' title='bbox 2553 4048 2747 4112; x_wconf 88' lang='lat' dir='ltr'><strong>dicam,</strong></span> <span class='ocrx_word' id='word_1_702' title='bbox 2786 4065 2897 4103; x_wconf 91' lang='lat' dir='ltr'><strong>rem</strong></span> <span class='ocrx_word' id='word_1_703' title='bbox 2943 4050 3109 4118; x_wconf 82' lang='lat' dir='ltr'><strong>ipsam</strong></span> <span class='ocrx_word' id='word_1_704' title='bbox 3158 4048 3459 4119; x_wconf 88' lang='lat' dir='ltr'><strong>signiﬁcare</strong></span> <span class='ocrx_word' id='word_1_705' title='bbox 3497 4063 3620 4102; x_wconf 89' lang='lat' dir='ltr'><strong>esse</strong></span> <span class='ocrx_word' id='word_1_706' title='bbox 3667 4046 3748 4101; x_wconf 87' lang='lat' dir='ltr'><strong>vel</strong></span> 
     </span>
    </p>
   </div>
   <div class='ocr_carea' id='block_1_85' title="bbox 2164 4139 3747 4208">
    <p class='ocr_par' dir='ltr' id='par_1_85' title="bbox 2164 4139 3747 4208">
     <span class='ocr_line' id='line_1_85' title="bbox 2164 4139 3747 4208; baseline -0.001 -17"><span class='ocrx_word' id='word_1_707' title='bbox 2164 4154 2267 4192; x_wconf 88' lang='lat' dir='ltr'><strong>non</strong></span> <span class='ocrx_word' id='word_1_708' title='bbox 2310 4152 2461 4203; x_wconf 89' lang='lat' dir='ltr'><strong>esse,</strong></span> <span class='ocrx_word' id='word_1_709' title='bbox 2495 4149 2653 4208; x_wconf 89' lang='lat' dir='ltr'><strong>atque</strong></span> <span class='ocrx_word' id='word_1_710' title='bbox 2696 4139 2781 4194; x_wconf 93' lang='lat' dir='ltr'><strong>hic</strong></span> <span class='ocrx_word' id='word_1_711' title='bbox 2820 4149 2901 4194; x_wconf 86' lang='lat' dir='ltr'><strong>est</strong></span> <span class='ocrx_word' id='word_1_712' title='bbox 2945 4140 3136 4194; x_wconf 85' lang='lat' dir='ltr'><strong>melior</strong></span> <span class='ocrx_word' id='word_1_713' title='bbox 3172 4140 3501 4202; x_wconf 84' lang='lat' dir='ltr'><strong>intellectus,</strong></span> <span class='ocrx_word' id='word_1_714' title='bbox 3544 4148 3601 4193; x_wconf 89' lang='grc' dir='ltr'><strong>ιιι</strong></span> <span class='ocrx_word' id='word_1_715' title='bbox 3642 4154 3747 4191; x_wconf 83' lang='lat' dir='ltr'><strong>non</strong></span> 
     </span>
    </p>
   </div>
   <div class='ocr_carea' id='block_1_86' title="bbox 2161 4230 3745 4301">
    <p class='ocr_par' dir='ltr' id='par_1_86' title="bbox 2161 4230 3745 4301">
     <span class='ocr_line' id='line_1_86' title="bbox 2161 4230 3745 4301; baseline 0.001 -17"><span class='ocrx_word' id='word_1_716' title='bbox 2161 4232 2225 4284; x_wconf 88' lang='lat' dir='ltr'><strong>sit</strong></span> <span class='ocrx_word' id='word_1_717' title='bbox 2268 4230 2475 4300; x_wconf 90' lang='lat' dir='ltr'><strong>signum</strong></span> <span class='ocrx_word' id='word_1_718' title='bbox 2516 4232 2735 4285; x_wconf 78' lang='lat' dir='ltr'><strong>verbum</strong></span> <span class='ocrx_word' id='word_1_719' title='bbox 2773 4231 2890 4301; x_wconf 88' lang='lat' dir='ltr'><strong>ejus</strong></span> <span class='ocrx_word' id='word_1_720' title='bbox 2930 4234 3002 4285; x_wconf 90' lang='lat' dir='ltr'><strong>rei</strong></span> <span class='ocrx_word' id='word_1_721' title='bbox 3036 4232 3103 4287; x_wconf 91' lang='lat' dir='ltr'><strong>de</strong></span> <span class='ocrx_word' id='word_1_722' title='bbox 3138 4248 3237 4299; x_wconf 90' lang='lat' dir='ltr'><strong>qua</strong></span> <span class='ocrx_word' id='word_1_723' title='bbox 3281 4232 3475 4286; x_wconf 58' lang='lat' dir='ltr'><strong>ditiur</strong></span> <span class='ocrx_word' id='word_1_724' title='bbox 3512 4246 3631 4287; x_wconf 88' lang='lat' dir='ltr'><strong>esse</strong></span> <span class='ocrx_word' id='word_1_725' title='bbox 3662 4231 3745 4285; x_wconf 85' lang='lat' dir='ltr'><strong>vel</strong></span> 
     </span>
    </p>
   </div>
   <div class='ocr_carea' id='block_1_87' title="bbox 2162 4322 3743 4390">
    <p class='ocr_par' dir='ltr' id='par_1_87' title="bbox 2162 4322 3743 4390">
     <span class='ocr_line' id='line_1_87' title="bbox 2162 4322 3743 4390; baseline -0.001 -15"><span class='ocrx_word' id='word_1_726' title='bbox 2162 4336 2264 4375; x_wconf 86' lang='lat' dir='ltr'><strong>non</strong></span> <span class='ocrx_word' id='word_1_727' title='bbox 2304 4338 2425 4376; x_wconf 88' lang='lat' dir='ltr'><strong>esse</strong></span> <span class='ocrx_word' id='word_1_728' title='bbox 2466 4323 2825 4390; x_wconf 81' lang='lat' dir='ltr'><strong>subsistendi,</strong></span> <span class='ocrx_word' id='word_1_729' title='bbox 2876 4322 3089 4379; x_wconf 86' lang='lat' dir='ltr'><strong>scilicet</strong></span> <span class='ocrx_word' id='word_1_730' title='bbox 3122 4323 3206 4377; x_wconf 87' lang='lat' dir='ltr'><strong>vel</strong></span> <span class='ocrx_word' id='word_1_731' title='bbox 3249 4338 3352 4377; x_wconf 87' lang='lat' dir='ltr'><strong>non</strong></span> <span class='ocrx_word' id='word_1_732' title='bbox 3395 4324 3743 4390; x_wconf 87' lang='lat' dir='ltr'><strong>subsistendi,</strong></span> 
     </span>
    </p>
   </div>
   <div class='ocr_carea' id='block_1_88' title="bbox 2160 4413 3746 4483">
    <p class='ocr_par' dir='ltr' id='par_1_88' title="bbox 2160 4413 3746 4483">
     <span class='ocr_line' id='line_1_88' title="bbox 2160 4413 3746 4483; baseline 0.001 -17"><span class='ocrx_word' id='word_1_733' title='bbox 2160 4415 2298 4483; x_wconf 88' lang='lat' dir='ltr'><strong>qttud</strong></span> <span class='ocrx_word' id='word_1_734' title='bbox 2342 4413 2469 4469; x_wconf 88' lang='lat' dir='ltr'><strong>illud</strong></span> <span class='ocrx_word' id='word_1_735' title='bbox 2514 4415 2725 4483; x_wconf 83' lang='lat' dir='ltr'><strong>quidem</strong></span> <span class='ocrx_word' id='word_1_736' title='bbox 2769 4414 3134 4468; x_wconf 81' lang='lat' dir='ltr'><strong>alﬁrmationis</strong></span> <span class='ocrx_word' id='word_1_737' title='bbox 3169 4424 3270 4482; x_wconf 86' lang='lat' dir='ltr'><strong>est,</strong></span> <span class='ocrx_word' id='word_1_738' title='bbox 3317 4415 3442 4468; x_wconf 90' lang='lat' dir='ltr'><strong>illud</strong></span> <span class='ocrx_word' id='word_1_739' title='bbox 3485 4429 3610 4469; x_wconf 89' lang='lat' dir='ltr'><strong>vero</strong></span> <span class='ocrx_word' id='word_1_740' title='bbox 3652 4430 3746 4468; x_wconf 86' lang='lat' dir='ltr'><strong>ne-</strong></span> 
     </span>
    </p>
   </div>
   <div class='ocr_carea' id='block_1_89' title="bbox 2160 4497 3744 4578">
    <p class='ocr_par' dir='ltr' id='par_1_89' title="bbox 2160 4497 3744 4578">
     <span class='ocr_line' id='line_1_89' title="bbox 2160 4497 3744 4578; baseline 0.002 -19"><span class='ocrx_word' id='word_1_741' title='bbox 2160 4509 2409 4576; x_wconf 87' lang='lat' dir='ltr'><strong>gationis,</strong></span> <span class='ocrx_word' id='word_1_742' title='bbox 2442 4517 2496 4561; x_wconf 93' lang='lat' dir='ltr'><strong>ut</strong></span> <span class='ocrx_word' id='word_1_743' title='bbox 2526 4509 2597 4561; x_wconf 91' lang='lat' dir='ltr'><strong>sit</strong></span> <span class='ocrx_word' id='word_1_744' title='bbox 2626 4508 2744 4561; x_wconf 87' lang='lat' dir='ltr'><strong>talis</strong></span> <span class='ocrx_word' id='word_1_745' title='bbox 2774 4522 2984 4569; x_wconf 87' lang='lat' dir='ltr'><strong>sensus,</strong></span> <span class='ocrx_word' id='word_1_746' title='bbox 3013 4523 3183 4577; x_wconf 90' lang='lat' dir='ltr'><strong>neque</strong></span> <span class='ocrx_word' id='word_1_747' title='bbox 3212 4508 3354 4562; x_wconf 90' lang='lat' dir='ltr'><strong>enim</strong></span> <span class='ocrx_word' id='word_1_748' title='bbox 3382 4497 3522 4578; x_wconf 59' lang='lat' dir='ltr'><strong>quiid</strong></span> <span class='ocrx_word' id='word_1_749' title='bbox 3552 4508 3744 4562; x_wconf 87' lang='lat' dir='ltr'><strong>dicitur</strong></span> 
     </span>
    </p>
   </div>
   <div class='ocr_carea' id='block_1_90' title="bbox 473 4579 3744 4672">
    <p class='ocr_par' dir='ltr' id='par_1_90' title="bbox 473 4579 3744 4672">
     <span class='ocr_line' id='line_1_90' title="bbox 473 4579 3744 4672; baseline -0.002 -12"><span class='ocrx_word' id='word_1_750' title='bbox 473 4579 625 4668; x_wconf 70' lang='lat' dir='ltr'><strong>Strat,</strong></span> <span class='ocrx_word' id='word_1_751' title='bbox 659 4604 708 4656; x_wconf 87' lang='lat' dir='ltr'><strong>id</strong></span> <span class='ocrx_word' id='word_1_752' title='bbox 738 4613 817 4657; x_wconf 87' lang='lat' dir='ltr'><strong>eSt</strong></span> <span class='ocrx_word' id='word_1_753' title='bbox 848 4617 1020 4670; x_wconf 90' lang='lat' dir='ltr'><strong>neque</strong></span> <span class='ocrx_word' id='word_1_754' title='bbox 1048 4602 1426 4655; x_wconf 89' lang='lat' dir='ltr'><strong>afﬁrmativum</strong></span> <span class='ocrx_word' id='word_1_755' title='bbox 1471 4602 1672 4670; x_wconf 85' lang='lat' dir='ltr'><strong>aliquid</strong></span> <span class='ocrx_word' id='word_1_756' title='bbox 1699 4642 1712 4665; x_wconf 94' lang='lat'><strong>,</strong></span> <span class='ocrx_word' id='word_1_757' title='bbox 1745 4618 1917 4672; x_wconf 86' lang='lat' dir='ltr'><strong>neque</strong></span> <span class='ocrx_word' id='word_1_758' title='bbox 1960 4620 2053 4658; x_wconf 89' lang='lat' dir='ltr'><strong>ne-</strong></span> <span class='ocrx_word' id='word_1_759' title='bbox 2084 4579 2134 4639; x_wconf 79' lang='grc' dir='ltr'>Ῑ)</span> <span class='ocrx_word' id='word_1_760' title='bbox 2163 4602 2379 4655; x_wconf 90' lang='lat' dir='ltr'><strong>verbum</strong></span> <span class='ocrx_word' id='word_1_761' title='bbox 2419 4602 2623 4665; x_wconf 80' lang='lat' dir='ltr'><strong>signum</strong></span> <span class='ocrx_word' id='word_1_762' title='bbox 2664 4610 2746 4655; x_wconf 92' lang='lat' dir='ltr'><strong>est</strong></span> <span class='ocrx_word' id='word_1_763' title='bbox 2784 4601 3107 4655; x_wconf 88' lang='lat' dir='ltr'><strong>subsistendi</strong></span> <span class='ocrx_word' id='word_1_764' title='bbox 3148 4617 3259 4654; x_wconf 87' lang='lat' dir='ltr'><strong>rem</strong></span> <span class='ocrx_word' id='word_1_765' title='bbox 3298 4602 3381 4655; x_wconf 86' lang='lat' dir='ltr'><strong>vel</strong></span> <span class='ocrx_word' id='word_1_766' title='bbox 3425 4615 3528 4653; x_wconf 82' lang='lat' dir='ltr'><strong>non</strong></span> <span class='ocrx_word' id='word_1_767' title='bbox 3568 4601 3744 4655; x_wconf 77' lang='lat' dir='ltr'><strong>subsi-</strong></span> 
     </span>
    </p>
   </div>
   <div class='ocr_carea' id='block_1_91' title="bbox 471 4695 2051 4768">
    <p class='ocr_par' dir='ltr' id='par_1_91' title="bbox 471 4695 2051 4768">
     <span class='ocr_line' id='line_1_91' title="bbox 471 4695 2051 4768; baseline 0.003 -19"><span class='ocrx_word' id='word_1_768' title='bbox 471 4697 701 4768; x_wconf 87' lang='lat' dir='ltr'><strong>gativum</strong></span> <span class='ocrx_word' id='word_1_769' title='bbox 725 4706 839 4759; x_wconf 90' lang='lat' dir='ltr'><strong>est;</strong></span> <span class='ocrx_word' id='word_1_770' title='bbox 875 4710 995 4749; x_wconf 87' lang='lat' dir='ltr'><strong>nam</strong></span> <span class='ocrx_word' id='word_1_771' title='bbox 1028 4695 1073 4748; x_wconf 93' lang='lat' dir='ltr'><strong>si</strong></span> <span class='ocrx_word' id='word_1_772' title='bbox 1104 4695 1391 4749; x_wconf 82' lang='lat' dir='ltr'><strong>afﬁrmatio</strong></span> <span class='ocrx_word' id='word_1_773' title='bbox 1419 4703 1473 4749; x_wconf 90' lang='lat' dir='ltr'><strong>et</strong></span> <span class='ocrx_word' id='word_1_774' title='bbox 1496 4697 1707 4765; x_wconf 88' lang='lat' dir='ltr'><strong>negatio</strong></span> <span class='ocrx_word' id='word_1_775' title='bbox 1736 4699 1787 4750; x_wconf 92' lang='lat' dir='ltr'><strong>in</strong></span> <span class='ocrx_word' id='word_1_776' title='bbox 1812 4699 2051 4753; x_wconf 87' lang='lat' dir='ltr'><strong>intellec-</strong></span> 
     </span>
    </p>
   </div>
   <div class='ocr_carea' id='block_1_92' title="bbox 473 4786 2049 4858">
    <p class='ocr_par' dir='ltr' id='par_1_92' title="bbox 473 4786 2049 4858">
     <span class='ocr_line' id='line_1_92' title="bbox 473 4786 2049 4858; baseline 0.003 -19"><span class='ocrx_word' id='word_1_777' title='bbox 473 4801 618 4840; x_wconf 89' lang='lat' dir='ltr'><strong>tuum</strong></span> <span class='ocrx_word' id='word_1_778' title='bbox 641 4786 1121 4856; x_wconf 86' lang='lat' dir='ltr'><strong>compositionibus</strong></span> <span class='ocrx_word' id='word_1_779' title='bbox 1144 4786 1430 4852; x_wconf 86' lang='lat' dir='ltr'><strong>invenitur,</strong></span> <span class='ocrx_word' id='word_1_780' title='bbox 1456 4795 1512 4841; x_wconf 92' lang='lat' dir='ltr'><strong>ut</strong></span> <span class='ocrx_word' id='word_1_781' title='bbox 1537 4803 1695 4857; x_wconf 79' lang='lat' dir='ltr'><strong>supra</strong></span> <span class='ocrx_word' id='word_1_782' title='bbox 1713 4788 1823 4858; x_wconf 82' lang='lat' dir='ltr'><strong>jam</strong></span> <span class='ocrx_word' id='word_1_783' title='bbox 1847 4788 2049 4854; x_wconf 89' lang='lat' dir='ltr'><strong>docuit,</strong></span> 
     </span>
    </p>
   </div>
   <div class='ocr_carea' id='block_1_93' title="bbox 472 4878 2050 4949">
    <p class='ocr_par' dir='ltr' id='par_1_93' title="bbox 472 4878 2050 4949">
     <span class='ocr_line' id='line_1_93' title="bbox 472 4878 2050 4949; baseline 0.003 -16"><span class='ocrx_word' id='word_1_784' title='bbox 472 4894 641 4949; x_wconf 89' lang='lat' dir='ltr'><strong>neque</strong></span> <span class='ocrx_word' id='word_1_785' title='bbox 669 4879 781 4933; x_wconf 92' lang='lat' dir='ltr'><strong>sola</strong></span> <span class='ocrx_word' id='word_1_786' title='bbox 807 4878 1022 4932; x_wconf 85' lang='lat' dir='ltr'><strong>nomina</strong></span> <span class='ocrx_word' id='word_1_787' title='bbox 1053 4878 1194 4933; x_wconf 88' lang='lat' dir='ltr'><strong>dicta</strong></span> <span class='ocrx_word' id='word_1_788' title='bbox 1220 4894 1393 4949; x_wconf 90' lang='lat' dir='ltr'><strong>neque</strong></span> <span class='ocrx_word' id='word_1_789' title='bbox 1424 4882 1582 4936; x_wconf 87' lang='lat' dir='ltr'><strong>verba</strong></span> <span class='ocrx_word' id='word_1_790' title='bbox 1616 4891 1706 4935; x_wconf 90' lang='lat' dir='ltr'><strong>aut</strong></span> <span class='ocrx_word' id='word_1_791' title='bbox 1735 4881 2050 4937; x_wconf 86' lang='lat' dir='ltr'><strong>afﬁrmatio-</strong></span> 
     </span>
    </p>
   </div>
   <div class='ocr_carea' id='block_1_94' title="bbox 446 4970 2045 5043">
    <p class='ocr_par' dir='ltr' id='par_1_94' title="bbox 446 4970 2045 5043">
     <span class='ocr_line' id='line_1_94' title="bbox 446 4970 2045 5043; baseline 0.003 -18"><span class='ocrx_word' id='word_1_792' title='bbox 446 4987 614 5037; x_wconf 83' lang='lat' dir='ltr'><strong>&#39;l.Clll,</strong></span> <span class='ocrx_word' id='word_1_793' title='bbox 647 4979 738 5024; x_wconf 90' lang='lat' dir='ltr'><strong>aut</strong></span> <span class='ocrx_word' id='word_1_794' title='bbox 778 4971 937 5024; x_wconf 89' lang='lat' dir='ltr'><strong>ullam</strong></span> <span class='ocrx_word' id='word_1_795' title='bbox 983 4970 1178 5025; x_wconf 87' lang='lat' dir='ltr'><strong>facient</strong></span> <span class='ocrx_word' id='word_1_796' title='bbox 1218 4973 1571 5043; x_wconf 87' lang='lat' dir='ltr'><strong>negationem.</strong></span> <span class='ocrx_word' id='word_1_797' title='bbox 1622 4974 1872 5029; x_wconf 89' lang='lat' dir='ltr'><strong>Pluribus</strong></span> <span class='ocrx_word' id='word_1_798' title='bbox 1900 4977 2045 5033; x_wconf 85' lang='lat' dir='ltr'><strong>enim</strong></span> 
     </span>
    </p>
   </div>
   <div class='ocr_carea' id='block_1_95' title="bbox 470 5062 2043 5131">
    <p class='ocr_par' dir='ltr' id='par_1_95' title="bbox 470 5062 2043 5131">
     <span class='ocr_line' id='line_1_95' title="bbox 470 5062 2043 5131; baseline 0.003 -15"><span class='ocrx_word' id='word_1_799' title='bbox 470 5063 638 5119; x_wconf 90' lang='lat' dir='ltr'><strong>modis</strong></span> <span class='ocrx_word' id='word_1_800' title='bbox 663 5062 846 5118; x_wconf 91' lang='lat' dir='ltr'><strong>docuit</strong></span> <span class='ocrx_word' id='word_1_801' title='bbox 891 5063 1208 5119; x_wconf 84' lang='lat' dir='ltr'><strong>Aristoteles</strong></span> <span class='ocrx_word' id='word_1_802' title='bbox 1254 5065 1386 5120; x_wconf 90' lang='lat' dir='ltr'><strong>alias</strong></span> <span class='ocrx_word' id='word_1_803' title='bbox 1418 5080 1522 5119; x_wconf 92' lang='lat' dir='ltr'><strong>non</strong></span> <span class='ocrx_word' id='word_1_804' title='bbox 1567 5066 1619 5119; x_wconf 90' lang='lat' dir='ltr'><strong>in</strong></span> <span class='ocrx_word' id='word_1_805' title='bbox 1654 5067 1837 5131; x_wconf 90' lang='lat' dir='ltr'><strong>rebus,</strong></span> <span class='ocrx_word' id='word_1_806' title='bbox 1863 5067 1958 5121; x_wconf 90' lang='lat' dir='ltr'><strong>sed</strong></span> <span class='ocrx_word' id='word_1_807' title='bbox 1992 5068 2043 5121; x_wconf 92' lang='lat' dir='ltr'><strong>in</strong></span> 
     </span>
    </p>
   </div>
   <div class='ocr_carea' id='block_1_96' title="bbox 467 5155 2041 5227">
    <p class='ocr_par' dir='ltr' id='par_1_96' title="bbox 467 5155 2041 5227">
     <span class='ocr_line' id='line_1_96' title="bbox 467 5155 2041 5227; baseline 0.003 -18"><span class='ocrx_word' id='word_1_808' title='bbox 467 5155 827 5211; x_wconf 80' lang='lat' dir='ltr'><strong>intelleCtibus</strong></span> <span class='ocrx_word' id='word_1_809' title='bbox 879 5156 1153 5211; x_wconf 84' lang='lat' dir='ltr'><strong>veritatem</strong></span> <span class='ocrx_word' id='word_1_810' title='bbox 1204 5156 1599 5227; x_wconf 86' lang='lat' dir='ltr'><strong>falsitatcmque</strong></span> <span class='ocrx_word' id='word_1_811' title='bbox 1635 5173 1755 5213; x_wconf 90' lang='lat' dir='ltr'><strong>esse</strong></span> <span class='ocrx_word' id='word_1_812' title='bbox 1779 5159 2041 5213; x_wconf 89' lang='lat' dir='ltr'><strong>constitu-</strong></span> 
     </span>
    </p>
   </div>
   <div class='ocr_carea' id='block_1_97' title="bbox 469 5250 2048 5319">
    <p class='ocr_par' dir='ltr' id='par_1_97' title="bbox 469 5250 2048 5319">
     <span class='ocr_line' id='line_1_97' title="bbox 469 5250 2048 5319; baseline 0.002 -17"><span class='ocrx_word' id='word_1_813' title='bbox 469 5259 597 5313; x_wconf 86' lang='lat' dir='ltr'><strong>tam,</strong></span> <span class='ocrx_word' id='word_1_814' title='bbox 658 5250 908 5319; x_wconf 86' lang='lat' dir='ltr'><strong>quoniatn</strong></span> <span class='ocrx_word' id='word_1_815' title='bbox 964 5250 1005 5303; x_wconf 84' lang='lat' dir='ltr'><strong>si</strong></span> <span class='ocrx_word' id='word_1_816' title='bbox 1077 5250 1128 5303; x_wconf 90' lang='lat' dir='ltr'><strong>in</strong></span> <span class='ocrx_word' id='word_1_817' title='bbox 1180 5251 1340 5304; x_wconf 87' lang='lat' dir='ltr'><strong>rebus</strong></span> <span class='ocrx_word' id='word_1_818' title='bbox 1393 5251 1588 5305; x_wconf 87' lang='lat' dir='ltr'><strong>veritas</strong></span> <span class='ocrx_word' id='word_1_819' title='bbox 1643 5250 1912 5305; x_wconf 86' lang='lat' dir='ltr'><strong>falsitasve</strong></span> <span class='ocrx_word' id='word_1_820' title='bbox 1962 5265 2048 5305; x_wconf 88' lang='lat' dir='ltr'><strong>es-</strong></span> 
     </span>
    </p>
   </div>
   <div class='ocr_carea' id='block_1_98' title="bbox 464 5341 2045 5411">
    <p class='ocr_par' dir='ltr' id='par_1_98' title="bbox 464 5341 2045 5411">
     <span class='ocr_line' id='line_1_98' title="bbox 464 5341 2045 5411; baseline 0 -16"><span class='ocrx_word' id='word_1_821' title='bbox 464 5349 567 5408; x_wconf 89' lang='lat' dir='ltr'><strong>set,</strong></span> <span class='ocrx_word' id='word_1_822' title='bbox 601 5356 705 5396; x_wconf 85' lang='lat' dir='ltr'><strong>una</strong></span> <span class='ocrx_word' id='word_1_823' title='bbox 745 5356 831 5397; x_wconf 91' lang='lat' dir='ltr'><strong>res</strong></span> <span class='ocrx_word' id='word_1_824' title='bbox 859 5342 972 5398; x_wconf 87' lang='lat' dir='ltr'><strong>sola</strong></span> <span class='ocrx_word' id='word_1_825' title='bbox 1004 5350 1095 5397; x_wconf 84' lang='lat' dir='ltr'><strong>aut</strong></span> <span class='ocrx_word' id='word_1_826' title='bbox 1140 5341 1424 5397; x_wconf 88' lang='lat' dir='ltr'><strong>afﬁrmatio</strong></span> <span class='ocrx_word' id='word_1_827' title='bbox 1474 5352 1651 5408; x_wconf 91' lang='lat' dir='ltr'><strong>esset,</strong></span> <span class='ocrx_word' id='word_1_828' title='bbox 1702 5350 1794 5395; x_wconf 86' lang='lat' dir='ltr'><strong>aut</strong></span> <span class='ocrx_word' id='word_1_829' title='bbox 1824 5357 1942 5411; x_wconf 56' lang='lat' dir='ltr'><strong>qua</strong></span> <span class='ocrx_word' id='word_1_830' title='bbox 1996 5341 2045 5395; x_wconf 91' lang='lat' dir='ltr'><strong>ei</strong></span> 
     </span>
    </p>
   </div>
   <div class='ocr_carea' id='block_1_99' title="bbox 464 5434 2038 5505">
    <p class='ocr_par' dir='ltr' id='par_1_99' title="bbox 464 5434 2038 5505">
     <span class='ocr_line' id='line_1_99' title="bbox 464 5434 2038 5505; baseline 0.001 -17"><span class='ocrx_word' id='word_1_831' title='bbox 464 5434 729 5489; x_wconf 87' lang='lat' dir='ltr'><strong>contraria</strong></span> <span class='ocrx_word' id='word_1_832' title='bbox 778 5446 893 5501; x_wconf 75' lang='grc' dir='ltr'>εει,</span> <span class='ocrx_word' id='word_1_833' title='bbox 961 5435 1193 5505; x_wconf 86' lang='lat' dir='ltr'><strong>negatio.</strong></span> <span class='ocrx_word' id='word_1_834' title='bbox 1254 5434 1399 5488; x_wconf 84' lang='lat' dir='ltr'><strong>Nunc</strong></span> <span class='ocrx_word' id='word_1_835' title='bbox 1471 5449 1597 5487; x_wconf 87' lang='lat' dir='ltr'><strong>vero</strong></span> <span class='ocrx_word' id='word_1_836' title='bbox 1640 5435 1892 5504; x_wconf 88' lang='lat' dir='ltr'><strong>quoniam</strong></span> <span class='ocrx_word' id='word_1_837' title='bbox 1953 5434 2038 5489; x_wconf 44' lang='lat' dir='ltr'><strong>in?</strong></span> 
     </span>
    </p>
   </div>
   <div class='ocr_carea' id='block_1_100' title="bbox 465 5524 2049 5595">
    <p class='ocr_par' dir='ltr' id='par_1_100' title="bbox 465 5524 2049 5595">
     <span class='ocr_line' id='line_1_100' title="bbox 465 5524 2049 5595; baseline 0.001 -16"><span class='ocrx_word' id='word_1_838' title='bbox 465 5525 766 5581; x_wconf 88' lang='lat' dir='ltr'><strong>tellectihus</strong></span> <span class='ocrx_word' id='word_1_839' title='bbox 806 5527 1041 5595; x_wconf 88' lang='lat' dir='ltr'><strong>junctis,</strong></span> <span class='ocrx_word' id='word_1_840' title='bbox 1078 5527 1278 5581; x_wconf 88' lang='lat' dir='ltr'><strong>veritas</strong></span> <span class='ocrx_word' id='word_1_841' title='bbox 1308 5534 1362 5578; x_wconf 89' lang='lat' dir='ltr'><strong>et</strong></span> <span class='ocrx_word' id='word_1_842' title='bbox 1402 5524 1607 5577; x_wconf 86' lang='lat' dir='ltr'><strong>falsitas</strong></span> <span class='ocrx_word' id='word_1_843' title='bbox 1638 5525 1883 5594; x_wconf 90' lang='lat' dir='ltr'><strong>ponitur,</strong></span> <span class='ocrx_word' id='word_1_844' title='bbox 1929 5540 2049 5580; x_wconf 89' lang='lat' dir='ltr'><strong>ora-</strong></span> 
     </span>
    </p>
   </div>
   <div class='ocr_carea' id='block_1_101' title="bbox 461 5614 2050 5688">
    <p class='ocr_par' dir='ltr' id='par_1_101' title="bbox 461 5614 2050 5688">
     <span class='ocr_line' id='line_1_101' title="bbox 461 5614 2050 5688; baseline 0 -17"><span class='ocrx_word' id='word_1_845' title='bbox 461 5617 544 5672; x_wconf 89' lang='lat' dir='ltr'><strong>tio</strong></span> <span class='ocrx_word' id='word_1_846' title='bbox 596 5631 807 5688; x_wconf 88' lang='lat' dir='ltr'><strong>quoque</strong></span> <span class='ocrx_word' id='word_1_847' title='bbox 852 5616 1116 5687; x_wconf 84' lang='lat' dir='ltr'><strong>opinionis</strong></span> <span class='ocrx_word' id='word_1_848' title='bbox 1168 5624 1324 5684; x_wconf 92' lang='lat' dir='ltr'><strong>atque</strong></span> <span class='ocrx_word' id='word_1_849' title='bbox 1378 5614 1678 5669; x_wconf 88' lang='lat' dir='ltr'><strong>intellectus</strong></span> <span class='ocrx_word' id='word_1_850' title='bbox 1717 5616 2050 5684; x_wconf 89' lang='lat' dir='ltr'><strong>passionum-</strong></span> 
     </span>
    </p>
   </div>
   <div class='ocr_carea' id='block_1_102' title="bbox 462 5705 2043 5779">
    <p class='ocr_par' dir='ltr' id='par_1_102' title="bbox 462 5705 2043 5779">
     <span class='ocr_line' id='line_1_102' title="bbox 462 5705 2043 5779; baseline 0.001 -17"><span class='ocrx_word' id='word_1_851' title='bbox 462 5723 568 5779; x_wconf 86' lang='lat' dir='ltr'><strong>que</strong></span> <span class='ocrx_word' id='word_1_852' title='bbox 624 5708 815 5763; x_wconf 72' lang='lat' dir='ltr'><strong>anima:</strong></span> <span class='ocrx_word' id='word_1_853' title='bbox 883 5709 1147 5776; x_wconf 87' lang='lat' dir='ltr'><strong>interpres</strong></span> <span class='ocrx_word' id='word_1_854' title='bbox 1206 5713 1310 5761; x_wconf 88' lang='lat' dir='ltr'><strong>est.</strong></span> <span class='ocrx_word' id='word_1_855' title='bbox 1369 5706 1546 5773; x_wconf 85' lang='lat' dir='ltr'><strong>Quare</strong></span> <span class='ocrx_word' id='word_1_856' title='bbox 1600 5705 1718 5761; x_wconf 90' lang='lat' dir='ltr'><strong>sine</strong></span> <span class='ocrx_word' id='word_1_857' title='bbox 1779 5709 2043 5776; x_wconf 82' lang='lat' dir='ltr'><strong>composi-</strong></span> 
     </span>
    </p>
   </div>
   <div class='ocr_carea' id='block_1_103' title="bbox 463 5798 2044 5869">
    <p class='ocr_par' dir='ltr' id='par_1_103' title="bbox 463 5798 2044 5869">
     <span class='ocr_line' id='line_1_103' title="bbox 463 5798 2044 5869; baseline -0.001 -12"><span class='ocrx_word' id='word_1_858' title='bbox 463 5800 606 5858; x_wconf 88' lang='lat' dir='ltr'><strong>tione</strong></span> <span class='ocrx_word' id='word_1_859' title='bbox 654 5800 1057 5866; x_wconf 82' lang='lat' dir='ltr'><strong>intellectuum,</strong></span> <span class='ocrx_word' id='word_1_860' title='bbox 1108 5798 1503 5869; x_wconf 83' lang='lat' dir='ltr'><strong>verborumque</strong></span> <span class='ocrx_word' id='word_1_861' title='bbox 1554 5800 1749 5855; x_wconf 86' lang='lat' dir='ltr'><strong>veritas</strong></span> <span class='ocrx_word' id='word_1_862' title='bbox 1797 5809 1851 5856; x_wconf 90' lang='lat' dir='ltr'><strong>et</strong></span> <span class='ocrx_word' id='word_1_863' title='bbox 1895 5799 2044 5857; x_wconf 86' lang='lat' dir='ltr'><strong>falsi-</strong></span> 
     </span>
    </p>
   </div>
   <div class='ocr_carea' id='block_1_104' title="bbox 2161 4692 3738 4771">
    <p class='ocr_par' dir='ltr' id='par_1_104' title="bbox 2161 4692 3738 4771">
     <span class='ocr_line' id='line_1_104' title="bbox 2161 4692 3738 4771; baseline 0 -26"><span class='ocrx_word' id='word_1_864' title='bbox 2161 4692 2353 4746; x_wconf 90' lang='lat' dir='ltr'><strong>stendi.</strong></span> <span class='ocrx_word' id='word_1_865' title='bbox 2412 4692 2512 4746; x_wconf 89' lang='lat' dir='ltr'><strong>Sed</strong></span> <span class='ocrx_word' id='word_1_866' title='bbox 2558 4693 2697 4763; x_wconf 88' lang='lat' dir='ltr'><strong>quod</strong></span> <span class='ocrx_word' id='word_1_867' title='bbox 2740 4693 2968 4757; x_wconf 90' lang='lat' dir='ltr'><strong>addidit,</strong></span> <span class='ocrx_word' id='word_1_868' title='bbox 3024 4693 3133 4747; x_wconf 80' lang='lat' dir='ltr'><strong>Nec</strong></span> <span class='ocrx_word' id='word_1_869' title='bbox 3179 4694 3221 4746; x_wconf 89' lang='lat' dir='ltr'><strong>si</strong></span> <span class='ocrx_word' id='word_1_870' title='bbox 3268 4693 3386 4771; x_wconf 70' lang='lat' dir='ltr'><strong>hoc~</strong></span> <span class='ocrx_word' id='word_1_871' title='bbox 3416 4693 3587 4762; x_wconf 87' lang='lat' dir='ltr'><strong>ipsum</strong></span> <span class='ocrx_word' id='word_1_872' title='bbox 3635 4705 3738 4759; x_wconf 77' lang='grc' dir='ltr'>εει,</span> 
     </span>
    </p>
   </div>
   <div class='ocr_carea' id='block_1_105' title="bbox 2160 4785 3739 4855">
    <p class='ocr_par' dir='ltr' id='par_1_105' title="bbox 2160 4785 3739 4855">
     <span class='ocr_line' id='line_1_105' title="bbox 2160 4785 3739 4855; baseline 0.001 -17"><span class='ocrx_word' id='word_1_873' title='bbox 2160 4802 2348 4855; x_wconf 90' lang='lat' dir='ltr'><strong>purum</strong></span> <span class='ocrx_word' id='word_1_874' title='bbox 2381 4786 2602 4853; x_wconf 74' lang='lat' dir='ltr'><strong>dixeris,</strong></span> <span class='ocrx_word' id='word_1_875' title='bbox 2636 4786 2716 4840; x_wconf 89' lang='lat' dir='ltr'><strong>vel</strong></span> <span class='ocrx_word' id='word_1_876' title='bbox 2745 4788 2787 4840; x_wconf 93' lang='lat' dir='ltr'><strong>si</strong></span> <span class='ocrx_word' id='word_1_877' title='bbox 2833 4785 2903 4839; x_wconf 89' lang='lat' dir='ltr'><strong>ita</strong></span> <span class='ocrx_word' id='word_1_878' title='bbox 2932 4786 3196 4851; x_wconf 84' lang='lat' dir='ltr'><strong>dicamus,</strong></span> <span class='ocrx_word' id='word_1_879' title='bbox 3228 4786 3337 4840; x_wconf 88' lang='lat' dir='ltr'><strong>Nec</strong></span> <span class='ocrx_word' id='word_1_880' title='bbox 3367 4787 3408 4839; x_wconf 89' lang='lat' dir='ltr'><strong>si</strong></span> <span class='ocrx_word' id='word_1_881' title='bbox 3442 4786 3540 4839; x_wconf 90' lang='lat' dir='ltr'><strong>hoc</strong></span> <span class='ocrx_word' id='word_1_882' title='bbox 3569 4786 3739 4853; x_wconf 88' lang='lat' dir='ltr'><strong>ipsum</strong></span> 
     </span>
    </p>
   </div>
   <div class='ocr_carea' id='block_1_106' title="bbox 2160 4876 3741 4947">
    <p class='ocr_par' dir='ltr' id='par_1_106' title="bbox 2160 4876 3741 4947">
     <span class='ocr_line' id='line_1_106' title="bbox 2160 4876 3741 4947; baseline -0.001 -15"><span class='ocrx_word' id='word_1_883' title='bbox 2160 4893 2491 4947; x_wconf 59' lang='lat' dir='ltr'><strong>ens,‘purum</strong></span> <span class='ocrx_word' id='word_1_884' title='bbox 2521 4878 2744 4933; x_wconf 83' lang='lat' dir='ltr'><strong>dixeris.</strong></span> <span class='ocrx_word' id='word_1_885' title='bbox 2791 4879 3095 4933; x_wconf 76' lang='lat' dir='ltr'><strong>Alexander</strong></span> <span class='ocrx_word' id='word_1_886' title='bbox 3129 4878 3340 4946; x_wconf 88' lang='lat' dir='ltr'><strong>quidem</strong></span> <span class='ocrx_word' id='word_1_887' title='bbox 3372 4878 3494 4932; x_wconf 90' lang='lat' dir='ltr'><strong>dicit</strong></span> <span class='ocrx_word' id='word_1_888' title='bbox 3539 4887 3623 4930; x_wconf 89' lang='lat' dir='ltr'><strong>est</strong></span> <span class='ocrx_word' id='word_1_889' title='bbox 3661 4876 3741 4931; x_wconf 83' lang='lat' dir='ltr'><strong>vel</strong></span> 
     </span>
    </p>
   </div>
   <div class='ocr_carea' id='block_1_107' title="bbox 2162 4968 3737 5042">
    <p class='ocr_par' dir='ltr' id='par_1_107' title="bbox 2162 4968 3737 5042">
     <span class='ocr_line' id='line_1_107' title="bbox 2162 4968 3737 5042; baseline -0.003 -17"><span class='ocrx_word' id='word_1_890' title='bbox 2162 4986 2256 5025; x_wconf 93' lang='lat' dir='ltr'><strong>ens</strong></span> <span class='ocrx_word' id='word_1_891' title='bbox 2301 4972 2628 5042; x_wconf 72' lang='lat' dir='ltr'><strong>mquivocum</strong></span> <span class='ocrx_word' id='word_1_892' title='bbox 2677 4987 2819 5027; x_wconf 88' lang='lat' dir='ltr'><strong>esse.</strong></span> <span class='ocrx_word' id='word_1_893' title='bbox 2882 4972 3068 5027; x_wconf 89' lang='lat' dir='ltr'><strong>Omnia</strong></span> <span class='ocrx_word' id='word_1_894' title='bbox 3116 4971 3257 5026; x_wconf 90' lang='lat' dir='ltr'><strong>enim</strong></span> <span class='ocrx_word' id='word_1_895' title='bbox 3304 4968 3737 5040; x_wconf 77' lang='lat' dir='ltr'><strong>praedieamenta,</strong></span> 
     </span>
    </p>
   </div>
   <div class='ocr_carea' id='block_1_108' title="bbox 2159 5063 3741 5134">
    <p class='ocr_par' dir='ltr' id='par_1_108' title="bbox 2159 5063 3741 5134">
     <span class='ocr_line' id='line_1_108' title="bbox 2159 5063 3741 5134; baseline -0.001 -19"><span class='ocrx_word' id='word_1_896' title='bbox 2159 5079 2276 5133; x_wconf 66' lang='lat' dir='ltr'><strong>quae</strong></span> <span class='ocrx_word' id='word_1_897' title='bbox 2328 5064 2455 5118; x_wconf 92' lang='lat' dir='ltr'><strong>nulli</strong></span> <span class='ocrx_word' id='word_1_898' title='bbox 2512 5066 2781 5119; x_wconf 90' lang='lat' dir='ltr'><strong>communi</strong></span> <span class='ocrx_word' id='word_1_899' title='bbox 2840 5065 3020 5134; x_wconf 88' lang='lat' dir='ltr'><strong>generi</strong></span> <span class='ocrx_word' id='word_1_900' title='bbox 3090 5064 3410 5129; x_wconf 81' lang='lat' dir='ltr'><strong>subdantur,</strong></span> <span class='ocrx_word' id='word_1_901' title='bbox 3469 5063 3741 5131; x_wconf 71' lang='lat' dir='ltr'><strong>mquimca</strong></span> 
     </span>
    </p>
   </div>
   <div class='ocr_carea' id='block_1_109' title="bbox 2154 5151 3741 5224">
    <p class='ocr_par' dir='ltr' id='par_1_109' title="bbox 2154 5151 3741 5224">
     <span class='ocr_line' id='line_1_109' title="bbox 2154 5151 3741 5224; baseline -0.001 -17"><span class='ocrx_word' id='word_1_902' title='bbox 2154 5164 2295 5221; x_wconf 89' lang='lat' dir='ltr'><strong>sunt,</strong></span> <span class='ocrx_word' id='word_1_903' title='bbox 2345 5164 2398 5209; x_wconf 93' lang='lat' dir='ltr'><strong>et</strong></span> <span class='ocrx_word' id='word_1_904' title='bbox 2438 5155 2506 5211; x_wconf 92' lang='lat' dir='ltr'><strong>de</strong></span> <span class='ocrx_word' id='word_1_905' title='bbox 2550 5156 2800 5210; x_wconf 89' lang='lat' dir='ltr'><strong>omnibus</strong></span> <span class='ocrx_word' id='word_1_906' title='bbox 2850 5170 2969 5211; x_wconf 87' lang='lat' dir='ltr'><strong>esse</strong></span> <span class='ocrx_word' id='word_1_907' title='bbox 3019 5156 3356 5224; x_wconf 73' lang='lat' dir='ltr'><strong>pt&#39;tBtlit&#39;atur.</strong></span> <span class='ocrx_word' id='word_1_908' title='bbox 3430 5151 3741 5208; x_wconf 85' lang='lat' dir='ltr'><strong>Substantia</strong></span> 
     </span>
    </p>
   </div>
   <div class='ocr_carea' id='block_1_110' title="bbox 2154 5244 3741 5317">
    <p class='ocr_par' dir='ltr' id='par_1_110' title="bbox 2154 5244 3741 5317">
     <span class='ocr_line' id='line_1_110' title="bbox 2154 5244 3741 5317; baseline -0.002 -16"><span class='ocrx_word' id='word_1_909' title='bbox 2154 5246 2294 5301; x_wconf 91' lang='lat' dir='ltr'><strong>enim</strong></span> <span class='ocrx_word' id='word_1_910' title='bbox 2333 5256 2433 5312; x_wconf 89' lang='lat' dir='ltr'><strong>est,</strong></span> <span class='ocrx_word' id='word_1_911' title='bbox 2468 5257 2522 5303; x_wconf 91' lang='lat' dir='ltr'><strong>et</strong></span> <span class='ocrx_word' id='word_1_912' title='bbox 2561 5248 2790 5317; x_wconf 87' lang='lat' dir='ltr'><strong>qualitas</strong></span> <span class='ocrx_word' id='word_1_913' title='bbox 2826 5258 2929 5316; x_wconf 89' lang='lat' dir='ltr'><strong>est,</strong></span> <span class='ocrx_word' id='word_1_914' title='bbox 2960 5257 3012 5303; x_wconf 88' lang='lat' dir='ltr'><strong>et</strong></span> <span class='ocrx_word' id='word_1_915' title='bbox 3042 5260 3255 5303; x_wconf 85' lang='lat' dir='ltr'><strong>caetera.</strong></span> <span class='ocrx_word' id='word_1_916' title='bbox 3308 5247 3449 5316; x_wconf 86' lang='lat' dir='ltr'><strong>Ergo</strong></span> <span class='ocrx_word' id='word_1_917' title='bbox 3480 5260 3623 5299; x_wconf 91' lang='lat' dir='ltr'><strong>nunc</strong></span> <span class='ocrx_word' id='word_1_918' title='bbox 3657 5244 3741 5298; x_wconf 90' lang='lat' dir='ltr'><strong>hic</strong></span> 
     </span>
    </p>
   </div>
   <div class='ocr_carea' id='block_1_111' title="bbox 2154 5338 3739 5410">
    <p class='ocr_par' dir='ltr' id='par_1_111' title="bbox 2154 5338 3739 5410">
     <span class='ocr_line' id='line_1_111' title="bbox 2154 5338 3739 5410; baseline 0.001 -20"><span class='ocrx_word' id='word_1_919' title='bbox 2154 5338 2333 5393; x_wconf 88' lang='lat' dir='ltr'><strong>dicere</strong></span> <span class='ocrx_word' id='word_1_920' title='bbox 2354 5340 2562 5395; x_wconf 89' lang='lat' dir='ltr'><strong>videtur</strong></span> <span class='ocrx_word' id='word_1_921' title='bbox 2583 5341 2755 5408; x_wconf 89' lang='lat' dir='ltr'><strong>ipsum</strong></span> <span class='ocrx_word' id='word_1_922' title='bbox 2782 5355 2877 5396; x_wconf 87' lang='lat' dir='ltr'><strong>ens</strong></span> <span class='ocrx_word' id='word_1_923' title='bbox 2900 5342 2979 5395; x_wconf 88' lang='lat' dir='ltr'><strong>vel</strong></span> <span class='ocrx_word' id='word_1_924' title='bbox 3006 5349 3109 5410; x_wconf 90' lang='lat' dir='ltr'><strong>est,</strong></span> <span class='ocrx_word' id='word_1_925' title='bbox 3134 5341 3276 5395; x_wconf 91' lang='lat' dir='ltr'><strong>unde</strong></span> <span class='ocrx_word' id='word_1_926' title='bbox 3295 5355 3414 5395; x_wconf 86' lang='lat' dir='ltr'><strong>esse</strong></span> <span class='ocrx_word' id='word_1_927' title='bbox 3440 5339 3739 5393; x_wconf 85' lang='lat' dir='ltr'><strong>traductum</strong></span> 
     </span>
    </p>
   </div>
   <div class='ocr_carea' id='block_1_112' title="bbox 2158 5432 3738 5505">
    <p class='ocr_par' dir='ltr' id='par_1_112' title="bbox 2158 5432 3738 5505">
     <span class='ocr_line' id='line_1_112' title="bbox 2158 5432 3738 5505; baseline -0.003 -19"><span class='ocrx_word' id='word_1_928' title='bbox 2158 5444 2258 5499; x_wconf 82' lang='lat' dir='ltr'><strong>est,</strong></span> <span class='ocrx_word' id='word_1_929' title='bbox 2308 5449 2399 5501; x_wconf 89' lang='lat' dir='ltr'><strong>per</strong></span> <span class='ocrx_word' id='word_1_930' title='bbox 2435 5449 2494 5489; x_wconf 92' lang='lat' dir='ltr'><strong>se</strong></span> <span class='ocrx_word' id='word_1_931' title='bbox 2535 5433 2664 5488; x_wconf 92' lang='lat' dir='ltr'><strong>nihil</strong></span> <span class='ocrx_word' id='word_1_932' title='bbox 2711 5434 2977 5505; x_wconf 85' lang='lat' dir='ltr'><strong>designat.</strong></span> <span class='ocrx_word' id='word_1_933' title='bbox 3019 5434 3189 5488; x_wconf 91' lang='lat' dir='ltr'><strong>Omne</strong></span> <span class='ocrx_word' id='word_1_934' title='bbox 3232 5432 3375 5487; x_wconf 90' lang='lat' dir='ltr'><strong>enim</strong></span> <span class='ocrx_word' id='word_1_935' title='bbox 3405 5433 3738 5501; x_wconf 70' lang='lat' dir='ltr'><strong>:eqnivocutn</strong></span> 
     </span>
    </p>
   </div>
   <div class='ocr_carea' id='block_1_113' title="bbox 2157 5524 3738 5595">
    <p class='ocr_par' dir='ltr' id='par_1_113' title="bbox 2157 5524 3738 5595">
     <span class='ocr_line' id='line_1_113' title="bbox 2157 5524 3738 5595; baseline 0 -18"><span class='ocrx_word' id='word_1_936' title='bbox 2157 5536 2253 5593; x_wconf 87' lang='lat' dir='ltr'><strong>per</strong></span> <span class='ocrx_word' id='word_1_937' title='bbox 2295 5539 2354 5579; x_wconf 91' lang='lat' dir='ltr'><strong>se</strong></span> <span class='ocrx_word' id='word_1_938' title='bbox 2404 5526 2629 5593; x_wconf 91' lang='lat' dir='ltr'><strong>positum</strong></span> <span class='ocrx_word' id='word_1_939' title='bbox 2681 5526 2825 5580; x_wconf 42' lang='lat' dir='ltr'><strong>nihil‘</strong></span> <span class='ocrx_word' id='word_1_940' title='bbox 2861 5525 3124 5595; x_wconf 83' lang='lat' dir='ltr'><strong>designat;</strong></span> <span class='ocrx_word' id='word_1_941' title='bbox 3186 5524 3289 5579; x_wconf 91' lang='lat' dir='ltr'><strong>nisi</strong></span> <span class='ocrx_word' id='word_1_942' title='bbox 3336 5525 3479 5580; x_wconf 91' lang='lat' dir='ltr'><strong>enim</strong></span> <span class='ocrx_word' id='word_1_943' title='bbox 3533 5524 3598 5577; x_wconf 87' lang='lat' dir='ltr'><strong>ad</strong></span> <span class='ocrx_word' id='word_1_944' title='bbox 3654 5539 3738 5577; x_wconf 60' lang='lat' dir='ltr'><strong>res</strong></span> 
     </span>
    </p>
   </div>
   <div class='ocr_carea' id='block_1_114' title="bbox 2154 5616 3736 5691">
    <p class='ocr_par' dir='ltr' id='par_1_114' title="bbox 2154 5616 3736 5691">
     <span class='ocr_line' id='line_1_114' title="bbox 2154 5616 3736 5691; baseline -0.001 -22"><span class='ocrx_word' id='word_1_945' title='bbox 2154 5630 2391 5687; x_wconf 88' lang='lat' dir='ltr'><strong>quasque</strong></span> <span class='ocrx_word' id='word_1_946' title='bbox 2435 5632 2528 5687; x_wconf 91' lang='lat' dir='ltr'><strong>pro</strong></span> <span class='ocrx_word' id='word_1_947' title='bbox 2573 5619 2846 5676; x_wconf 89' lang='lat' dir='ltr'><strong>voluntate</strong></span> <span class='ocrx_word' id='word_1_948' title='bbox 2891 5616 3243 5691; x_wconf 87' lang='lat' dir='ltr'><strong>signiﬁcantis</strong></span> <span class='ocrx_word' id='word_1_949' title='bbox 3290 5626 3520 5687; x_wconf 89' lang='lat' dir='ltr'><strong>aptetur,</strong></span> <span class='ocrx_word' id='word_1_950' title='bbox 3564 5617 3736 5685; x_wconf 86' lang='lat' dir='ltr'><strong>ipsum</strong></span> 
     </span>
    </p>
   </div>
   <div class='ocr_carea' id='block_1_115' title="bbox 2156 5709 3740 5781">
    <p class='ocr_par' dir='ltr' id='par_1_115' title="bbox 2156 5709 3740 5781">
     <span class='ocr_line' id='line_1_115' title="bbox 2156 5709 3740 5781; baseline 0.001 -18"><span class='ocrx_word' id='word_1_951' title='bbox 2156 5723 2251 5778; x_wconf 88' lang='lat' dir='ltr'><strong>per</strong></span> <span class='ocrx_word' id='word_1_952' title='bbox 2288 5724 2347 5764; x_wconf 89' lang='lat' dir='ltr'><strong>se</strong></span> <span class='ocrx_word' id='word_1_953' title='bbox 2380 5710 2497 5765; x_wconf 89' lang='lat' dir='ltr'><strong>ideo</strong></span> <span class='ocrx_word' id='word_1_954' title='bbox 2534 5712 2798 5767; x_wconf 89' lang='lat' dir='ltr'><strong>nullorum</strong></span> <span class='ocrx_word' id='word_1_955' title='bbox 2836 5711 3222 5781; x_wconf 81' lang='lat' dir='ltr'><strong>designativum</strong></span> <span class='ocrx_word' id='word_1_956' title='bbox 3252 5720 3357 5778; x_wconf 87' lang='lat' dir='ltr'><strong>est,</strong></span> <span class='ocrx_word' id='word_1_957' title='bbox 3387 5709 3525 5779; x_wconf 89' lang='lat' dir='ltr'><strong>quod</strong></span> <span class='ocrx_word' id='word_1_958' title='bbox 3569 5709 3740 5764; x_wconf 76' lang='lat' dir='ltr'><strong>inuita</strong></span> 
     </span>
    </p>
   </div>
   <div class='ocr_carea' id='block_1_116' title="bbox 2155 5798 3741 5872">
    <p class='ocr_par' dir='ltr' id='par_1_116' title="bbox 2155 5798 3741 5872">
     <span class='ocr_line' id='line_1_116' title="bbox 2155 5798 3741 5872; baseline 0.002 -15"><span class='ocrx_word' id='word_1_959' title='bbox 2155 5802 2435 5871; x_wconf 87' lang='lat' dir='ltr'><strong>signiﬁcat.</strong></span> <span class='ocrx_word' id='word_1_960' title='bbox 2482 5803 2807 5871; x_wconf 82' lang='lat' dir='ltr'><strong>Porphyrius</strong></span> <span class='ocrx_word' id='word_1_961' title='bbox 2836 5821 2965 5863; x_wconf 87' lang='lat' dir='ltr'><strong>vero</strong></span> <span class='ocrx_word' id='word_1_962' title='bbox 3003 5804 3161 5860; x_wconf 85' lang='lat' dir='ltr'><strong>aliam</strong></span> <span class='ocrx_word' id='word_1_963' title='bbox 3197 5804 3416 5872; x_wconf 89' lang='lat' dir='ltr'><strong>protulit</strong></span> <span class='ocrx_word' id='word_1_964' title='bbox 3448 5798 3741 5872; x_wconf 52' lang='lat' dir='ltr'><strong>exposuit»</strong></span> 
     </span>
    </p>
   </div>
  </div>
