3982 6334
110 318 113 321 ’
166 320 279 375 455

895 320 962 376 ΙΝ
1002 320 1259 379 LIBRUM
1299 319 1387 376 DE
1427 313 2078 375 INTERPRETATIONE
2117 315 2344 372 EDITIO
2382 313 2722 374 SECUNDA.

3348 313 3453 372 454

169 448 318 497 nent,
350 445 470 501 qua:
500 428 805 498 hujusmodi
847 440 950 486 est.
988 432 1181 489 Sermo
1209 434 1315 499 hic,
1347 446 1508 503 quem
1537 430 1763 485 dicimus
1789 435 1841 492 Α
1868 429 1988 484 sine
2016 432 2329 500 compositis
2360 446 2491 487 vero
2517 431 2659 501 quod
2691 428 2973 501 signiﬁcet,
3006 443 3112 485 non
3142 437 3226 485 est
3256 429 3454 483 intelli-

164 531 267 587 est,
296 522 495 576 nullam
524 536 617 590 per
642 535 702 577 se
726 522 1082 579 substantiam
1110 535 1395 590 monstrat,
1421 522 1518 580 sed
1544 536 1759 592 semper

166 612 403 683 aliquant
442 613 874 683 conjunctionetn
905 617 990 671 vel
1018 632 1206 672 earum
1249 612 1428 672 rerum
1457 629 1576 686 quae
1614 622 1760 680 sunt,

169 709 218 763 si
262 709 583 778 simpliciter
642 720 961 779 apponatur,
1031 713 1116 768 vel
1183 712 1408 768 alterius
1467 708 1765 765 secundum

170 801 644 872 participationem
680 819 692 854 :
731 817 850 855 nam
893 818 1015 858 cum
1052 803 1198 869 dico,
1236 803 1486 860 Socrates
1526 810 1630 865 est,
1663 800 1767 855 hoc

171 894 316 964 quod
340 894 460 948 dico
480 894 732 950 Socrates
757 895 956 965 aliquid
981 911 1165 952 eorum
1194 904 1280 952 est
1306 911 1427 967 qua:
1454 903 1600 959 sunt,
1628 903 1683 950 et
1712 893 1768 948 in

173 984 336 1038 rebus
368 985 434 1040 iis
462 1001 580 1054 quae
610 994 734 1039 sunt
758 984 1037 1043 Socratem
1065 990 1261 1059 jungo;
1294 989 1376 1043 sin
1413 1002 1543 1042 vero
1571 986 1767 1052 dicam,

174 1073 428 1131 Socrates
458 1075 813 1147 philosophus
840 1088 946 1146 est,
975 1062 1080 1145 hic,
1108 1080 1349 1149 inquam,
1375 1079 1627 1136 Socrates
1653 1077 1771 1148 phi-

180 1167 427 1237 losophia
481 1168 784 1238 participat.
845 1169 1048 1226 Rursus
1098 1172 1185 1227 hic
1234 1185 1448 1242 quoque
1494 1171 1774 1227 Socratem

178 1258 685 1331 philosophiamque
729 1261 1018 1332 conjungo,
1051 1278 1182 1333 ergo
1217 1263 1319 1319 hoc
1353 1264 1494 1333 quod
1523 1263 1644 1319 dico
1671 1270 1774 1329 est,

180 1350 286 1403 vim
320 1350 719 1418 coniunctionis
756 1352 1037 1422 cujusdam
1080 1356 1304 1422 obtinet,
1343 1371 1451 1412 non
1493 1356 1594 1421 rei,
1635 1353 1776 1425 quod

178 1442 228 1496 si
257 1444 682 1512 propositionem
707 1446 940 1515 aliquam
966 1449 1470 1519 copulationemqne
1493 1447 1773 1518 promittit,

180 1534 357 1589 solum
388 1536 587 1591 dictum
630 1538 760 1592 nihil
793 1540 1015 1594 omnino
1051 1540 1341 1610 signiﬁcat,
1379 1549 1541 1610 atque
1569 1541 1670 1595 hoc
1700 1548 1783 1595 est

183 1626 329 1695 quod
360 1630 455 1693 ait,
485 1642 581 1683 nec
611 1629 654 1682 si
685 1628 787 1684 hoc
816 1631 991 1700 ipsum
1015 1641 1120 1698 est,
1151 1647 1340 1701 purum
1365 1631 1589 1697 dixeris,
1623 1630 1675 1685 id
1701 1638 1784 1685 est

187 1716 387 1782 solum,
418 1733 523 1774 non
552 1719 713 1774 modo
751 1736 927 1791 neque
956 1721 1238 1778 veritatem
1280 1738 1456 1794 neque
1495 1721 1783 1776 falsitatem

1865 536 2014 591 gere.
2048 522 2146 576 Vel
2176 531 2322 577 certe
2348 524 2421 577 ita
2450 522 2851 593 intelligendum
2879 528 2959 576 est
2988 521 3128 591 quod
3156 521 3250 588 ait,
3280 521 3453 589 ipsum

1867 615 2083 685 quidem
2118 616 2251 670 nihil
2278 625 2361 671 est
2397 631 2529 684 non,
2573 617 2827 685 quoniam
2867 615 2997 671 nihil
3040 616 3325 682 signiﬁcet,
3362 614 3455 669 sed

1871 707 2122 776 quoniam
2147 708 2276 762 nihil
2303 723 2486 763 verum
2515 707 2784 762 falsumve
2808 707 3161 772 demonstret,
3196 722 3241 760 st
3268 722 3457 776 purum

1873 797 2076 852 dictum
2121 799 2218 863 sit;
2261 812 2384 852 cum
2423 798 2568 853 enim
2609 797 2970 868 conjungitur,
3022 805 3147 851 tunc
3195 799 3251 849 lit
3295 810 3456 849 cunn-

1873 889 2045 944 tiatio.
2095 889 2429 959 Simpliciter
2465 889 2608 945 enim
2651 889 2796 945 dicto
2832 889 2998 945 verbo
3038 888 3180 943 nulla
3220 889 3332 942 veri
3381 888 3462 941 vel

1876 980 1995 1037 falsi
2023 982 2344 1053 significatio
2386 982 2463 1047 fit,
2504 992 2560 1038 et
2602 997 2791 1038 sensus
2829 982 3046 1052 quidem
3090 989 3235 1036 totus
3280 980 3462 1049 hujus-

1878 1074 2023 1130 modi
2046 1085 2147 1139 est,
2173 1077 2285 1145 ipsa
2306 1076 2466 1130 verba
2487 1074 2702 1145 quidem
2724 1090 2819 1146 per
2839 1091 2897 1130 se
2917 1076 3056 1132 dicta
3079 1074 3295 1130 nomina
3319 1084 3465 1140 sunt,

1879 1182 2001 1222 nam
2036 1177 2089 1222 ct
2114 1169 2205 1239 qui
2234 1168 2364 1224 dicit
2404 1169 2732 1225 intellectum
2776 1169 3074 1234 constituit,
3116 1176 3171 1223 et
3200 1169 3287 1237 qui
3320 1166 3469 1221 audit

1880 1260 2136 1329 quiescit,
2183 1260 2277 1315 sed
2324 1276 2627 1332 quanquam
2681 1261 2982 1333 signiﬁcent
3038 1261 3236 1331 aliquid
3284 1260 3467 1323 verba,

1883 1348 2120 1405 nondum
2152 1358 2331 1407 tamen
2360 1350 2771 1408 afﬁrntationem
2818 1352 3222 1422 negationemve
3261 1351 3475 1422 signina

1883 1452 2026 1497 cant.
2068 1444 2198 1498 Nam
2238 1448 2482 1515 quamvis
2516 1460 2631 1501 rem
2673 1445 2971 1517 designent,
3018 1444 3251 1526 nondum
3297 1454 3473 1500 tamen

1888 1543 2211 1599 subsistendi
2240 1544 2359 1615 ejus
2387 1544 2465 1600 rei
2493 1546 2704 1617 signum
2731 1555 2832 1611 est,
2862 1560 2960 1600 nec
2989 1545 3032 1599 si
3062 1544 3165 1599 hoc
3193 1544 3363 1613 ipsum
3395 1552 3478 1598 est

1891 1644 1972 1697 vel
2004 1659 2102 1699 ens
2130 1644 2452 1711 dixerimus,
2492 1645 2690 1716 aliquid
2731 1660 2796 1701 ex
2840 1659 2905 1701 eo
2939 1659 3126 1700 verum
3162 1643 3246 1699 vel
3288 1642 3477 1698 falsum

1894 1746 2083 1813 poterit
2132 1746 2393 1803 invenire.
2458 1747 2634 1818 Ipsum
2686 1748 2827 1803 enim
2872 1762 3179 1818 quanquam
3220 1745 3513 1818 signiﬁcet

184 1807 460 1918 θῗδίεηθὲ
624 1812 843 1918 omni?
873 1812 1006 1918 mh}!
1047 1824 1151 1918 esf’
1192 1825 1249 1870 ⁸⁸
1276 1815 1419 1918 qm!“
1449 1823 1667 1870 secutus
1696 1823 1779 1918 θῗι
1811 1836 1859 1897 Β
1896 1849 2120 1918 aliquid,
2152 1850 2389 1905 nondum
2420 1807 2600 1907 tamen
2622 1864 2806 1906 verum
2835 1851 2921 1906 vel
2952 1807 3138 1905 falsum
3167 1807 3397 1917 estised
3428 1847 3484 1905 in

183 1902 403 1971 planum
434 1901 591 1971 fecit,
623 1906 920 1973 signiﬁcat,
962 1908 1156 1978 inquit,
1188 1908 1473 1978 quamdam
1510 1906 1781 1977 composi-

186 1996 385 2051 tionem
434 2012 591 2066 quam
640 1998 758 2055 sine
804 2002 1117 2070 compositis
1170 2016 1276 2057 non
1327 2012 1409 2057 est
1457 2000 1779 2070 intelligere.

185 2087 320 2142 Nam
361 2090 407 2142 si
447 2100 530 2143 εει
568 2090 789 2146 verbum
834 2094 1240 2163 compositionis
1284 2093 1786 2163 coniunctionisque

188 2182 468 2251 cujusdam
495 2184 604 2239 vim
637 2195 691 2240 et
720 2188 993 2255 proprium
1025 2188 1233 2243 obtinet
1265 2188 1479 2257 locum,
1513 2202 1703 2257 purum
1734 2196 1787 2242 et

190 2278 310 2332 sine
351 2277 730 2349 conjunctione
766 2282 1112 2351 praedicatum
1171 2283 1305 2339 nihil
1342 2282 1653 2354 signiﬁcat,
1687 2280 1778 2337 sed

193 2382 311 2424 eam
338 2368 508 2438 ipsam
535 2372 1000 2441 compositionem,
1017 2389 1179 2444 quam
1201 2375 1449 2445 designat
1472 2388 1594 2429 cum
1624 2373 1784 2428 fuerit

194 2463 556 2532 coniunctum,
578 2479 644 2520 ea
668 2481 785 2536 quae
811 2475 1228 2536 componuntur,
1251 2467 1556 2536 significare
1587 2473 1783 2535 potest,

1894 1955 2285 2023 compositione
2314 1954 2373 2009 ﬁt
2399 1954 2720 2024 enuntiatio,
2752 1962 2804 2009 et
2833 1954 2885 2008 in
2916 1968 2978 2009 ea
3004 1953 3201 2009 veritas
3229 1951 3314 2008 vel
3344 1951 3484 2008 falsi-

1902 2065 1983 2109 tas
2020 2056 2283 2121 nascitur;
2314 2070 2473 2127 quam
2504 2054 2786 2111 veritatem
2828 2054 3224 2125 falsitatemque
3258 2054 3376 2109 sine
3402 2051 3486 2110 his

1894 2171 2013 2225 quae
2051 2165 2466 2226 componuntur,
2508 2154 3012 2227 conjunguuturque
3052 2153 3352 2225 intelligere
3386 2152 3485 2208 im-

1896 2257 2149 2327 possibile
2185 2265 2288 2321 est,
2320 2266 2378 2314 et
2415 2257 2484 2314 de
2526 2259 2693 2315 verbo
2731 2257 2950 2328 quidem
2992 2266 3047 2312 et
3087 2256 3303 2311 nomine
3341 2254 3488 2310 sulﬁx

1890 2362 2097 2417 cienter
2123 2360 2325 2417 dictum
2365 2369 2470 2416 est.
2526 2360 2773 2418 Secundo
2798 2375 2929 2416 vero
2954 2359 3226 2416 volumine
3259 2359 3327 2414 de
3366 2371 3486 2414 ora-

1895 2463 2044 2518 tione
2072 2470 2156 2518 est
2189 2462 2659 2518 considerandum.

196 2557 3481 2584 M—w

1390 2608 1683 2700 LIBER
1738 2617 2304 2696 SECUNDUS.

275 2752 329 2807 In
359 2761 618 2823 quantum
655 2752 805 2809 labor
835 2752 1126 2810 humanum
1155 2770 1327 2826 genus
1357 2758 1555 2813 excolit
1582 2767 1637 2812 et
1668 2762 1790 2813 bea-

199 2846 423 2901 tissimis
469 2843 669 2914 ingenii
732 2844 993 2901 fructibus
1041 2848 1315 2917 complet,
1370 2849 1415 2904 si
1478 2851 1530 2904 in
1586 2857 1791 2905 tantum

200 2952 333 2993 cura
378 2936 693 2992 exercendae
741 2940 938 2993 mentis
988 2938 1299 3010 insisteret,
1346 2958 1452 2996 non
1500 2951 1606 2997 tam
1656 2945 1794 2997 raris

203 3026 455 3083 homines
494 3027 778 3085 virtutibus
820 3038 1122 3099 uterentur,
1170 3031 1267 3087 sed
1317 3033 1410 3088 ubi
1454 3033 1660 3089 desidia
1703 3034 1795 3089 de-

199 3120 373 3176 mittit
407 3120 636 3187 animos,
676 3121 932 3177 continuo
971 3123 1226 3180 feralibus
1262 3125 1588 3195 seminariis,
1629 3128 1793 3182 animi

200 3214 340 3268 uber
380 3211 665 3269 horrescit.
704 3213 816 3269 Nec
852 3213 955 3270 hoc
990 3215 1298 3286 cognitione
1336 3217 1540 3274 laboris
1580 3221 1796 3274 evenire

201 3306 590 3373 concesserim,
630 3307 723 3361 sed
755 3311 930 3378 potius
968 3309 1287 3379 ignorantia;
1321 3311 1442 3381 quis
1465 3314 1610 3367 enim
1652 3312 1799 3367 labo-

204 3396 360 3452 raudi
403 3399 605 3468 peritus
634 3414 886 3469 unquam
944 3416 974 3454 a
1019 3400 1205 3457 labore
1258 3400 1550 3458 discessit?
1623 3403 1799 3471 Quare

206 3487 535 3544 intendenda
574 3488 658 3545 vis
702 3491 896 3546 mentis
930 3500 1032 3557 est,
1059 3507 1352 3564 verumque
1373 3504 1456 3549 est
1478 3494 1651 3549 amitti
1681 3495 1799 3549 ani-

209 3596 383 3649 mum,
414 3583 458 3637 si
501 3583 811 3638 remittitur.
856 3584 985 3639 Mihi
1010 3594 1188 3640 autem
1228 3588 1276 3641 si
1314 3587 1586 3657 potentior
1610 3588 1801 3642 divini-

214 3673 344 3727 tatis
367 3674 617 3729 annuerit
646 3673 815 3741 favor,
841 3675 957 3732 hac
982 3678 1084 3732 ﬁxa
1110 3680 1379 3734 sententia
1407 3688 1512 3745 est,
1543 3690 1602 3733 ut
1629 3694 1802 3749 quan-

212 3778 375 3833 quam
420 3765 621 3821 iuerint
675 3768 929 3837 praeclara
981 3769 1215 3840 ingenia,
1262 3786 1489 3841 quorum
1538 3772 1692 3827 labor
1741 3787 1806 3829 ac

222 3856 463 3912 studium
508 3858 674 3913 multa
705 3859 773 3914 de
800 3857 886 3913 his
913 3873 1032 3929 qua:
1074 3877 1217 3918 nunc
1254 3877 1468 3934 quoque
1512 3871 1805 3918 tractamus

216 3950 426 4004 Latina
486 3951 679 4020 lingua:
732 3953 1054 4021 contulerit,
1121 3970 1227 4009 non
1284 3963 1465 4011 tamen
1520 3955 1803 4024 quemdam

216 4039 618 4110 quodammodo
662 4043 906 4099 ordinem
962 4044 1216 4116 filumque
1265 4046 1600 4116 disponendo
1647 4046 1809 4103 disci-

219 4132 490 4202 plinarum
536 4134 727 4202 gradus
770 4135 1074 4193 ediderunt.
1141 4137 1254 4206 Ego
1292 4152 1453 4193 omne
1508 4138 1811 4195 Aristotelis

154 4232 163 4239 '
217 4237 363 4294 opus
411 4223 758 4296 quodcunque
806 4228 857 4282 in
904 4242 1094 4283 manus
1133 4229 1381 4295 venerit,
1429 4229 1482 4284 in
1510 4229 1811 4285 Romanum

220 4312 425 4385 stylum
472 4326 708 4375 vertens.
761 4331 947 4371 eorum
992 4319 1238 4372 omnium
1284 4327 1589 4373 commenta
1629 4318 1815 4374 Latina

222 4409 469 4462 oratione
514 4409 869 4478 perscribam,
899 4418 954 4463 ut
981 4409 1024 4463 si
1055 4409 1183 4480 quid
1215 4425 1281 4465 ex
1315 4410 1501 4480 logicze
1524 4411 1655 4466 artis
1692 4410 1817 4466 sub-

225 4498 445 4565 tilitate,
477 4509 533 4555 et
566 4514 634 4553 ex
669 4500 889 4555 moralis
925 4501 1187 4571 gravitate
1225 4501 1448 4571 peritiae,
1482 4510 1539 4558 et
1561 4516 1628 4557 ex
1665 4512 1819 4557 natu-

225 4589 360 4645 ralis
407 4591 654 4645 acumine
700 4592 942 4648 veritatis
1001 4593 1069 4647 ab
1118 4593 1408 4649 Aristotele
1454 4594 1817 4663 conscriptum

226 4693 338 4748 est,
382 4684 432 4737 id
471 4700 631 4740 omne
674 4685 977 4741 ordinatum
1020 4687 1361 4755 transferam,
1395 4696 1557 4758 atque
1596 4686 1650 4743 id
1671 4701 1817 4758 'quo-

228 4776 357 4830 dam
410 4778 608 4832 lumine
656 4780 1125 4834 commentationis
1174 4780 1475 4844 illustrem,
1526 4794 1823 4849 omnesque

230 4868 472 4923 Platonis
500 4869 744 4939 dialogos
782 4870 1062 4936 vertendo,
1096 4870 1178 4926 vel
1215 4871 1375 4926 etiam
1407 4870 1823 4927 commentando

233 4959 292 5012 in
320 4956 562 5013 Latinam
598 4960 832 5031 redigant
867 4961 1114 5016 formam.
1151 4963 1242 5016 His
1275 4964 1644 5032 peractisnon
1673 4965 1827 5032 equi-

230 5038 361 5107 dem
406 5056 823 5123 contempserim
870 5034 1169 5111 Aristotelis
1219 5057 1566 5128 Platonisque
1605 5067 1827 5113 senten-

235 5145 361 5210 tias,
412 5144 462 5198 in
514 5160 673 5201 unam
714 5146 1110 5217 quodammodo
1150 5163 1405 5204 revocare
1455 5150 1821 5213 concordiam,

232 5246 293 5290 et
323 5236 377 5290 in
406 5238 489 5293 Itis
518 5255 614 5294 eos
645 5254 753 5296 non
780 5250 840 5296 ut
868 5244 1109 5312 plerique
1145 5242 1430 5298 dissentire
1459 5243 1513 5298 in
1552 5243 1821 5309 omnibus,

230 5331 331 5384 sed
380 5333 429 5385 in
473 5335 744 5405 plerisque
786 5352 905 5406 qua}
948 5346 1071 5392 sunt
1112 5337 1165 5392 in
1218 5336 1550 5407 philosophia
1596 5338 1828 5393 maxime
1874 5376 1883 5381 -

234 5426 544 5479 consentire
576 5425 965 5493 demonstrem,
995 5428 1111 5484 haec
1139 5428 1185 5483 si
1216 5429 1324 5482 vita
1346 5429 1620 5497 otiumque
1635 5443 1827 5497 super-

232 5516 360 5577 erit,
411 5532 532 5571 cum
558 5519 725 5573 multa
753 5520 934 5590 operis
958 5518 1116 5589 hujus
1143 5519 1393 5586 utilitate,
1415 5534 1514 5574 nec
1537 5532 1640 5573 non
1666 5521 1826 5575 etiam

237 5609 397 5664 laude
435 5614 807 5669 contenderim
834 5658 849 5683 ,
880 5628 985 5685 qua
1017 5615 1068 5669 in
1102 5629 1160 5669 re
1191 5612 1405 5668 faveant
1433 5622 1667 5683 oportet,
1695 5629 1849 5684 quos-

233 5702 385 5757 nulla
409 5706 594 5773 coquit
626 5705 844 5762 invidia.
894 5706 1004 5762 Sed
1030 5721 1172 5762 nunc
1198 5707 1262 5761 ad
1291 5707 1562 5777 proposita
1592 5716 1828 5762 reverta-

231 5806 382 5855 mur.
457 5796 773 5856 Aristoteles
833 5813 1061 5867 namque
1114 5798 1369 5855 inchoatis
1404 5798 1625 5859 librum.
1678 5797 1827 5859 prius

1898 2773 2093 2814 nomen
2135 2752 2512 2810 difﬁniendum
2560 2763 2684 2808 esse
2728 2749 3035 2821 proposuit;
3080 2760 3200 2818 post
3240 2749 3485 2815 verbum,

1900 2851 2023 2904 hinc
2063 2846 2423 2915 negationem,
2470 2852 2592 2914 post
2636 2843 2775 2898 hanc
2821 2841 3253 2907 afﬁrmationem,
3300 2856 3488 2899 conse-

1895 2952 2122 3015 quenter
2158 2939 2609 3003 enuntiationem,
2638 2935 2938 2992 orationem
2984 2949 3113 2990 vero
3140 2944 3488 3004 postremam.

1898 3039 2003 3095 Sed
2036 3051 2176 3092 nunc
2199 3052 2319 3091 cum
2351 3036 2418 3089 de
2447 3034 2668 3089 nomine
2697 3043 2750 3088 et
2777 3031 2947 3087 verbo
2972 3031 3194 3096 dixerit,
3228 3045 3492 3087 converso

1901 3131 2124 3197 ordine,
2174 3128 2317 3200 quod
2369 3127 2612 3181 ultimum
2657 3125 2956 3196 proposuit,
3000 3139 3141 3180 nunc
3183 3123 3493 3194 exsequitur

1903 3225 2155 3294 primum,
2185 3222 2253 3277 de
2279 3221 2523 3275 oratione
2566 3232 2798 3288 namque
2824 3217 3080 3287 diSputat,
3104 3231 3262 3287 quam
3293 3226 3495 3286 postre-

1905 3334 2045 3374 mam
2079 3318 2131 3371 in
2162 3314 2343 3385 operis
2371 3313 2726 3383 dispositione
2749 3310 3045 3381 pr0posuit,
3074 3310 3146 3364 ait
3171 3310 3314 3365 enim
3338 3327 3353 3363 :

2453 3405 2537 3458 DF.
2577 3401 2947 3457 ORATIONE.

1977 3500 2156 3554 Oratio
2197 3506 2363 3551 autem
2412 3506 2481 3550 est
2522 3511 2617 3549 vox
2661 3492 3036 3565 signiﬁcativt,
3083 3493 3230 3561 cujus
3272 3494 3499 3560 partium

1904 3589 2101 3661 aliquid
2131 3589 2526 3659 signiﬁcantium
2562 3597 2629 3639 est
2665 3592 2989 3655 separatum,
3021 3593 3075 3637 ut
3103 3583 3284 3646 dictio,
3318 3598 3417 3635 non
3449 3593 3503 3636 ut

1905 3685 2175 3755 afﬁrmatio
2207 3683 2283 3735 vel
2322 3682 2541 3750 negatio.
2592 3679 2715 3731 Dico
2744 3687 2933 3740 autent,
2967 3686 3017 3729 ut
3060 3676 3209 3729 homo
3241 3675 3504 3745 signiﬁcat

1907 3778 2126 3847 aliquid,
2155 3776 2243 3830 sed
2271 3792 2371 3828 non
2396 3774 2633 3843 quoniam
2662 3780 2735 3825 est
2761 3780 2851 3825 aut
2880 3787 2981 3825 non
3007 3778 3101 3837 est,
3129 3770 3217 3823 sed
3246 3770 3341 3823 erit
3367 3770 3505 3837 afﬁr-

1908 3872 2066 3925 matio
2106 3869 2182 3924 rei
2230 3868 2429 3940 negatio
2455 3908 2469 3931 ,
2513 3866 2558 3919 si
2593 3864 2791 3934 aliquid
2837 3862 3081 3931 addatur,
3132 3861 3219 3915 sed
3262 3875 3363 3913 non
3407 3874 3508 3913 una

1913 3961 2133 4015 hominis
2178 3959 2406 4030 syllaba,
2461 3972 2550 4010 nec
2600 3958 2735 4009 enim
2780 3955 2832 4007 in
2875 3955 2969 4007 hoc
3015 3953 3219 4023 quidem
3257 3952 3391 4021 quod
3438 3965 3511 4004 es:

1913 4071 2082 4121 sorex,
2113 4070 2202 4107 rex
2230 4050 2510 4123 signiﬁcat,
2543 4050 2633 4103 sed
2675 4065 2775 4103 vox
2802 4057 2874 4103 est
2905 4063 3041 4101 nunc
3064 4048 3193 4100 sola.
3243 4044 3306 4097 In
3335 4045 3509 4114 dupli-

1915 4146 2055 4200 cibus
2075 4160 2193 4198 vero
2219 4144 2471 4213 signi/ictu
2502 4142 2705 4209 quidem
2735 4141 2951 4210 aliquid,
2985 4140 3072 4194 sed
3105 4154 3204 4192 non
3234 4137 3511 4193 secundum

1916 4253 1991 4303 se,
2019 4234 2442 4306 quemadmodum
2475 4234 2669 4285 dictum
2701 4241 2793 4287 est.
3174 4220 3179 4225 λ

1998 4325 2217 4380 Videtur
2245 4322 2564 4378 Aristoteles
2613 4322 2733 4377 illas
2772 4335 2984 4391 quoque
3030 4336 3190 4375 voces
3234 4320 3514 4375 orationes

1923 4429 2130 4490 putare,
2162 4431 2495 4488 quaecunque
2520 4414 2601 4468 vel
2632 4431 2698 4469 ex
2752 4414 3058 4470 nominibus
3092 4415 3177 4469 vel
3224 4431 3289 4470 ex
3332 4414 3512 4469 verbis

1923 4520 2194 4569 constent.
2227 4524 2331 4562 non
2365 4517 2568 4561 tantum
2596 4522 2715 4577 quae
2746 4507 3008 4577 integrum
3060 4507 3317 4576 colligant
3363 4506 3516 4561 intel~

1930 4604 2146 4662 lectum,
2178 4609 2236 4654 ut
2261 4612 2383 4655 sunt
2412 4599 2660 4654 Socrates
2690 4609 2744 4655 et
2766 4599 2938 4667 Plato,
2963 4609 3016 4656 et
3046 4600 3323 4655 ambulare
3353 4610 3405 4656 et
3431 4600 3518 4655 di-

1929 4708 2073 4757 cere;
2110 4693 2226 4747 haec
2246 4694 2387 4747 enim
2412 4706 2714 4761 quanquam
2741 4691 2883 4761 pleni
2922 4691 3224 4747 intellectus
3252 4707 3359 4746 non
3387 4695 3520 4762 sint,

1936 4786 2117 4840 verbis
2165 4794 2342 4839 tamen
2389 4793 2445 4839 et
2476 4783 2782 4837 nominibus
2812 4792 3224 4852 componuntur.
3259 4784 3347 4839 Ait
3377 4783 3523 4838 enim

1890 4918 1895 4921 Α
1934 4878 2231 4932 orationem
2271 4890 2392 4931 esse
2439 4889 2624 4931 vocem
2666 4875 3095 4946 signiﬁcativam,
3142 4877 3295 4946 cujus
3340 4886 3522 4946 partes

1934 4968 2297 5039 signiﬁcarent
2329 4966 2525 5038 aliquid
2554 4969 2863 5038 sep.t:atim,
2898 4968 3285 5039 significarent,
3319 4967 3513 5037 inquit,

1936 5077 2042 5115 non
2071 5060 2562 5131 consigniﬁearent,
2595 5059 2731 5113 utin
2783 5059 3001 5114 nomine
3030 5070 3084 5113 et
3125 5059 3309 5114 verbo.
3359 5058 3525 5116 Docet

1934 5161 2113 5209 autem
2146 5152 2233 5206 illa
2255 5167 2468 5221 quoque
2497 5165 2606 5217 res,
2638 5166 2758 5206 eum
2790 5152 2953 5207 etiam
2977 5149 3337 5220 imperfectas,
3376 5164 3524 5206 com~

1937 5246 2138 5309 positas
2166 5252 2343 5298 tamen
2366 5257 2434 5298 ex
2454 5242 2755 5297 nominibus
2781 5257 2842 5296 ac
2859 5242 3040 5296 verbis
3055 5255 3233 5307 voces,
3253 5241 3526 5296 orationes

1934 5338 2136 5401 dicere,
2167 5336 2310 5408 quod
2355 5338 2431 5391 ait
2469 5351 2590 5391 eum
2637 5337 2704 5391 de
2735 5337 2950 5390 nomine
2996 5335 3325 5405 loqueretur,
3376 5336 3527 5391 ineo

1934 5427 2077 5497 quod
2106 5436 2190 5483 est
2218 5426 2490 5498 equiferus
2520 5427 2655 5481 nihil
2702 5426 2999 5497 signiﬁcare
3050 5425 3215 5489 ferus,
3262 5428 3525 5495 quemad-

1896 5564 1905 5567 η
1939 5520 2155 5576 modum
2215 5522 2266 5574 in
2314 5518 2563 5575 oratione
2592 5534 2712 5588 quae
2761 5527 2845 5573 est
2883 5532 3053 5588 equus
3086 5519 3252 5583 ferus,
3298 5532 3531 5586 namque

1934 5628 2103 5684 equus
2131 5612 2277 5668 ferus
2305 5628 2409 5666 vox
2431 5611 2722 5682 composita
2744 5625 2809 5665 ex
2833 5610 3138 5665 nominibus
3161 5621 3264 5677 est,
3286 5608 3383 5664 sed
3408 5623 3534 5666 seu.

1900 5748 1905 5749 κ
1937 5706 2158 5762 tentiam
2181 5719 2287 5760 non
2317 5704 2477 5759 habet
2503 5704 2734 5774 plenam,
2760 5712 2815 5757 et
2835 5703 2923 5757 ille
2950 5702 3047 5771 ait,
3076 5700 3536 5773 quemadmodum

1900 5799 1989 5854 -in
2017 5797 2259 5855 oratione
2286 5810 2405 5857 quae
2433 5805 2515 5853 est
2537 5811 2706 5854 equus
2762 5796 2925 5851 ferus.
2974 5795 3105 5850 Nam
3144 5794 3190 5850 si
3234 5791 3547 5851 secundum
