4022 6332
477 344 582 405 όῦὕ

1725 350 1837 408 AN.
1880 350 2089 409 MANL.
2128 349 2284 407 SEV.
2325 350 2554 408 ΒΟΕΤῙΙ

3660 351 3769 404 436

478 471 824 530 Aristotelem
848 484 1019 542 equus
1039 467 1186 524 ferus
1213 476 1297 524 est
1325 469 1522 534 oratio,
1547 482 1642 525 cur
1662 484 1768 525 non
1790 470 1911 524 alia:
1936 482 2059 538 quo
2095 468 2154 531 Α
2179 465 2303 522 beat
2332 479 2534 539 partes.
2564 469 2751 541 Neque
2772 469 2920 525 enim
2948 468 3062 523 ﬁeri
3088 476 3262 537 potest
3285 476 3341 521 ut
3367 480 3536 537 prima
3557 466 3768 522 dicatur

478 579 583 634 que
612 579 730 633 qua:
761 561 1067 619 nominibus
1108 561 1398 632 verbisque
1442 569 1715 628 constent,
1763 576 2068 633 quanquam

479 654 934 724 zint'imperfectae
959 655 1265 721 sententiae,
1311 666 1491 710 tamen
1533 655 1805 711 orationes
1841 668 1963 710 esse
1989 653 2072 709 vi-

479 745 723 814 deantur,
757 761 876 801 cum
910 748 1207 815 praesertim
1234 748 1531 803 oralionem
1565 748 1679 819 ipse
1703 748 1775 803 ita
1803 746 2068 802 difﬁniat:

481 836 664 891 Oratio
692 848 774 893 est
805 854 903 893 vox
959 838 1339 909 signiﬁcativa,
1396 838 1548 909 cujus
1592 841 1821 911 partium
1870 838 2070 910 aliquid

481 930 889 1000 signiﬁcativum
936 942 1019 987 est
1065 941 1391 999 separatum.
1438 932 1494 985 In
1540 932 1622 987 his
1670 948 1799 1005 ergo
1849 932 2071 987 vocibus

481 1037 599 1091 quae
629 1023 804 1079 verbis
833 1032 888 1079 et
917 1024 1224 1080 nominibus
1246 1032 1663 1091 componuntur,
1713 1033 2073 1093 partesextra

483 1116 800 1188 signiﬁcant,
834 1128 889 1173 et
926 1135 1034 1173 non
1063 1119 1492 1190 consiguiﬁcant.
1538 1120 1669 1173 Nam
1716 1118 1762 1175 si
1793 1132 1989 1174 nomen
2020 1130 2073 1173 et

483 1213 702 1267 verbum
754 1213 1162 1284 signiﬁcativum
1211 1222 1296 1269 est
1353 1221 1684 1282 separatum,
1718 1211 1771 1267 in
1820 1212 1903 1267 his
1944 1227 2073 1268 vero

485 1304 705 1359 vocibus
759 1321 878 1375 quae
931 1305 1109 1360 verb’s
1165 1315 1222 1361 et
1284 1305 1591 1361 nominibus
1639 1314 2072 1375 componuntur,

485 1408 660 1465 partes
706 1408 856 1453 extra
905 1397 1234 1470 signiﬁcant,
1276 1412 1383 1453 non
1436 1397 1863 1468 consigniﬁcant,
1909 1399 2075 1453 etiam

485 1503 645 1545 voces
702 1489 1029 1559 imperfecta;
1076 1491 1385 1547 nominibus
1440 1500 1495 1548 et
1542 1492 1723 1548 verbis
1761 1491 2077 1561 composita:

486 1582 756 1635 orationes
801 1590 944 1637 sunt.
979 1581 1112 1638 Nam
1144 1585 1189 1638 si
1222 1599 1415 1639 nomen
1444 1601 1605 1641 omne
1651 1595 1706 1641 et
1744 1586 1969 1641 verbum
2005 1587 2079 1639 si-

486 1674 857 1743 gniﬁcativum
885 1684 989 1741 est,
1024 1676 1104 1732 hae
1147 1689 1324 1734 autem
1357 1694 1538 1747 voces,
1582 1680 1634 1735 id
1682 1689 1766 1736 est
1805 1681 2078 1736 orationes

487 1766 789 1822 nominibus
820 1780 1218 1839 componuntur
1246 1779 1302 1826 et
1331 1772 1535 1839 verbis,
1589 1772 1809 1828 dubium
1859 1788 1967 1830 non
1994 1782 2081 1831 est

2184 561 2361 615 oratio
2389 576 2509 633 qua:
2535 563 2672 618 alias
2709 562 2980 617 orationes
3008 559 3171 615 habet
3200 560 3252 613 in
3283 559 3556 629 partibus;
3588 570 3770 627 partes

2178 653 2323 709 enim
2355 654 2562 723 priores
2601 664 2728 710 sunt
2752 654 2969 725 propria
2996 652 3423 723 compositione;
3467 651 3608 721 quod
3639 654 3688 706 si
3713 655 3770 706 in

2183 745 2452 801 inﬁnitum
2495 748 2722 803 ducatur
2765 748 3139 817 intelligentia,
3185 748 3329 804 nulla
3380 747 3549 817 prima
3596 747 3773 801 oratio

2175 839 2464 908 reperitur,
2495 848 2554 895 et
2594 854 2716 894 cum
2760 841 2902 896 nulla
2952 842 3023 895 sit
3066 841 3240 896 oratio
3278 840 3470 911 prima,
3514 853 3616 895 nec
3660 839 3771 894 ulla

2176 942 2448 1002 postrema
2477 943 2579 989 est.
2612 934 2872 1002 Quocirca
2903 936 3225 1006 interempta
3268 933 3435 1005 prima
3472 941 3631 1004 atque
3678 946 3774 1003 po-

2174 1033 2396 1093 strema,
2421 1026 2595 1081 omnis
2642 1041 2855 1096 quoque
2905 1028 3254 1091 interimitur,
3282 1037 3335 1082 et
3364 1026 3507 1081 nulla
3546 1024 3776 1081 omnino

2177 1116 2281 1173 erit
2320 1118 2535 1184 oratio;
2568 1134 2735 1190 quare
2763 1132 2868 1174 non
2900 1132 3048 1175 recta
3081 1119 3271 1176 fuisset
3300 1119 3577 1189 difﬁnitio,
3610 1120 3657 1175 si
3702 1118 3778 1173 ita

2177 1209 2652 1267 dixisset:0ratio
2695 1222 2781 1268 est
2824 1228 2926 1267 vox
2967 1212 3347 1283 signiﬁcativa,
3394 1212 3548 1283 cujus
3595 1220 3779 1281 partes

2178 1303 2380 1375 aliquid
2429 1314 2578 1361 extra
2630 1306 2955 1377 signiﬁcant,
2986 1318 3045 1361 ut
3090 1309 3385 1362 orationes.
3421 1308 3493 1362 At
3518 1320 3674 1371 vero,
3698 1306 3779 1360 in-

2179 1398 2292 1467 quit
2332 1398 2670 1462 Alexander,
2714 1412 2817 1454 nec
2856 1400 2903 1454 si
2946 1399 3190 1470 quaedam
3228 1398 3499 1455 orationes
3548 1399 3603 1451 in
3656 1412 3780 1465 par-

2182 1490 2324 1545 tibus
2342 1492 2640 1556 continent,
2671 1491 2873 1547 idcirco
2894 1491 3004 1562 jam
3033 1504 3256 1548 necesse
3280 1500 3362 1547 est
3385 1488 3625 1561 ipsarum
3656 1501 3779 1541 ora-

2184 1586 2389 1639 tionum
2441 1595 2621 1654 partes
2664 1584 3051 1640 aflirmationes
3115 1598 3270 1651 esse,
3330 1590 3391 1639 ut
3440 1596 3563 1638 cum
3616 1581 3780 1636 dico:

2185 1676 2378 1732 Desine
2427 1691 2620 1746 meque
2662 1677 2765 1732 tuis
2821 1676 3109 1733 incendere
3172 1686 3330 1747 teque
3371 1673 3635 1747 querelis.
3687 1670 3783 1731 Est

2181 1782 2312 1841 ergo
2343 1769 2501 1840 hujus
2522 1770 2782 1826 orationis
2810 1785 2934 1840 pars
2961 1785 3087 1825 una.
3118 1769 3313 1826 Desine
3338 1782 3531 1841 tneque
3561 1768 3672 1823 tuis
3697 1767 3784 1821 in-

488 1857 540 1913 in
594 1858 674 1913 bis
705 1860 946 1927 vocibus,
989 1878 1109 1932 qua:
1148 1879 1213 1918 ex
1264 1865 1571 1921 nominibus
1622 1876 1677 1921 et
1721 1865 1897 1922 verbis
1953 1883 2081 1923 con-
2113 1860 2159 1922 B
2187 1861 2441 1928 cendere,
2468 1863 2895 1933 tequequerelis,
2929 1860 3476 1921 alia.Neutrabarum
3496 1859 3786 1914 afﬁrmatio

486 1949 684 2020 junctae
714 1961 859 2021 sunt,
886 1965 1065 2023 partes
1097 1971 1193 2027 per
1227 1970 1285 2011 se
1330 1942 1673 2029 signiﬁcare;
1713 1960 1856 2031 quod
1892 1959 1937 2015 si
1984 1960 2085 2017 hoc

490 2054 591 2112 εει,
625 2052 681 2099 et
706 2059 805 2101 vox
854 2045 1010 2115 cujus
1046 2049 1278 2117 partium
1310 2048 1509 2120 aliquid
1559 2062 1892 2121 separatum,
1924 2052 2084 2106 etiam

491 2145 585 2203 per
615 2148 676 2188 se
718 2135 1003 2204 signiﬁcnt,
1038 2137 1165 2192 licet
1191 2140 1264 2193 sit
1308 2137 1637 2208 imperfectae
1666 2142 1969 2209 sententiae,
2000 2149 2085 2196 ta-

492 2240 618 2282 men
649 2228 948 2284 orationem
992 2244 1116 2285 esse
1155 2229 1501 2286 manifestum
1533 2240 1635 2287 est.
1672 2231 1780 2288 Sed
1807 2234 1948 2303 quod
1992 2232 2089 2289 ad-

492 2319 627 2375 didit
648 2321 908 2375 orationis
939 2331 1120 2391 partes
1148 2321 1476 2394 signiﬁcare,
1508 2333 1567 2380 ut
1615 2325 1932 2394 dictionem,
1981 2342 2087 2384 non

494 2421 554 2469 ut
605 2412 1017 2470 aflirmationem
1077 2417 1161 2471 vel
1228 2417 1589 2489 negationem,
1653 2420 1960 2478 Alexander
2012 2422 2087 2479 ita

495 2506 692 2565 dictum
723 2524 844 2565 esse
871 2510 1182 2565 arbitratur.
1216 2512 1354 2569 Sunt
1377 2513 1545 2580 enim,
1575 2513 1769 2585 inquit,
1815 2515 1935 2571 alia!
1966 2516 2089 2587 qui-

494 2600 618 2657 dem
648 2603 922 2672 simplices
964 2606 1258 2672 orationes,
1286 2620 1405 2677 quae
1437 2608 1569 2664 solis
1616 2608 1800 2666 verbis
1826 2619 1881 2667 et
1910 2609 2088 2669 nomi-

495 2694 654 2754 nibus
696 2696 1111 2768 conjunguntur,
1161 2698 1280 2754 aliae
1320 2713 1451 2755 vero
1496 2701 1809 2773 composita
1859 2718 2088 2775 quarum

496 2797 679 2860 partes
708 2787 761 2843 in
785 2805 948 2844 unum
981 2805 1177 2861 corpus
1195 2790 1399 2862 juncta
1423 2791 1533 2862 jam
1563 2792 1767 2850 faciunt
1791 2798 2088 2865 orationes,

495 2887 552 2936 et
580 2878 854 2948 simplices
882 2882 1099 2951 quidem
1125 2884 1423 2951 orationes,
1454 2894 1635 2954 partes
1667 2885 1872 2943 habent
1903 2904 1995 2943 eas
2020 2904 2091 2947 ex

497 2971 694 3041 quibus
738 2984 1156 3044 componuntur,
1182 2974 1346 3029 verba
1389 2984 1447 3031 et
1487 2978 1727 3041 nomina,
1760 2986 1819 3032 ut
1847 2987 1958 3034 est:
1993 2982 2091 3036 So-

498 3069 673 3118 crates
699 3062 955 3117 ambulat.
984 3063 1311 3132 Composita:
1338 3074 1517 3121 autem
1559 3067 1845 3137 aliquoties
1872 3070 2090 3139 quidem

500 3162 706 3209 tantum
761 3155 1054 3221 orationes,
1110 3156 1400 3225 aliquoties
1449 3173 1580 3214 vero
1636 3160 1794 3215 etiam
1856 3160 2091 3220 afﬁrma-

2187 1967 2297 2014 est.
2340 1971 2644 2027 quanquam
2674 1956 2921 2012 videatur
2957 1971 3078 2012 esse
3116 1957 3313 2011 oratio.
3362 1954 3630 2024 Quocirca
3687 1965 3787 2007 nec

2187 2049 2275 2103 illa
2303 2047 2495 2104 fuisset
2526 2059 2671 2105 recta
2699 2049 2971 2115 difﬁnitio,
3014 2050 3059 2105 si
3112 2049 3183 2105 ita
3214 2048 3465 2105 dixisset.
3489 2044 3682 2101 Oratio
3708 2056 3787 2100 est

2189 2157 2288 2196 vox
2315 2140 2685 2213 signiﬁcativa,
2715 2142 2871 2211 cujus
2910 2151 3090 2213 partes
3138 2152 3291 2198 extra
3339 2138 3537 2210 aliquid
3584 2138 3787 2208 signiﬁ-

2187 2244 2334 2303 cant,
2361 2244 2418 2290 ut
2442 2234 2752 2290 afﬁrmatio.
2788 2235 3101 2305 linjusmodi
3142 2236 3290 2291 enim
3336 2220 3615 2290 orationes
3663 2246 3789 2287 cum

2188 2334 2297 2385 sint
2321 2330 2441 2400 ejus
2472 2338 2649 2399 partes
2674 2344 2739 2385 ex
2765 2330 3100 2385 orationibus
3118 2328 3340 2400 juncta,
3370 2343 3475 2384 non
3504 2335 3690 2382 tamen
3711 2324 3788 2379 af-

2192 2419 2582 2476 ﬁrmationibus
2605 2429 2774 2475 totum
2803 2420 2969 2489 ipsius
3006 2434 3205 2490 corpus
3234 2418 3500 2475 orationis
3527 2415 3790 2473 efﬁcitur.

2192 2511 2299 2569 Sed
2326 2512 2579 2580 quoniam
2610 2513 2663 2567 in
2690 2510 2839 2566 omni
2859 2511 3106 2567 oratione
3129 2510 3293 2567 verba
3312 2517 3439 2567 sunt
3462 2522 3515 2566 et
3546 2508 3791 2575 nomina,

2191 2620 2311 2678 quae
2338 2606 2609 2677 simplices
2639 2614 2765 2660 sunt
2790 2602 3076 2670 dictiones,
3105 2620 3213 2661 non
3243 2615 3423 2659 autem
3451 2604 3505 2658 in
3535 2603 3792 2658 omnibus

2191 2699 2551 2766 orationibus,
2594 2707 2686 2753 aut
2730 2698 3117 2755 afﬁrmationes
3155 2708 3246 2754 aut
3281 2697 3554 2753 orationes
3607 2705 3792 2764 partes

2195 2801 2346 2860 sunt,
2380 2791 2524 2862 quod
2570 2806 2857 2847 commune
2883 2802 3020 2858 erat,
3052 2791 3105 2846 id
3135 2791 3187 2846 in
3229 2789 3552 2845 difﬁnitione
3589 2788 3792 2844 consti-

2194 2886 2318 2955 tuit,
2354 2895 2608 2955 tanquam
2634 2885 2681 2941 si
2708 2885 2779 2939 ita
2798 2885 3042 2941 diceret:
3071 2883 3258 2940 Oratio
3286 2891 3369 2938 est
3392 2896 3495 2937 vox
3522 2879 3793 2949 signiﬁca-

2197 2976 2304 3033 tiva
2350 2976 2645 3033 secundum
2694 2977 2970 3047 placitum,
3011 2976 3165 3046 cujus
3191 2981 3376 3048 partes
3401 2971 3604 3043 aliquid
3639 2980 3796 3028 extra

2194 3067 2517 3139 signiﬁcant,
2538 3081 2605 3122 ex
2627 3068 2949 3122 necessitate
2964 3066 3179 3137 quidem
3203 3074 3262 3121 ut
3278 3064 3467 3127 dictio,
3486 3077 3592 3118 non
3611 3070 3796 3122 tamen

2194 3175 2433 3231 semper,
2457 3171 2513 3215 ut
2536 3158 2848 3227 afﬁrmatio,
2877 3169 2969 3215 aut
2999 3160 3195 3215 oratio.
3225 3158 3411 3229 Neque
3439 3158 3584 3213 enim
3607 3163 3796 3225 potest

500 3248 699 3313 tiones,
730 3254 788 3302 ut
807 3261 926 3302 cum
955 3247 1077 3303 dico
1104 3247 1357 3304 Socrates
1385 3250 1642 3318 ambulat,
1662 3260 1715 3308 et
1739 3251 1893 3310 Plato
1918 3256 2093 3327 loqui-
2116 3242 2166 3307 C
2198 3254 2338 3320 ﬁeri,
2383 3262 2443 3309 ut
2486 3253 2791 3309 inveniatur
2834 3256 3029 3320 oratio,
3056 3254 3217 3323 cujus
3260 3260 3443 3323 partes
3469 3264 3579 3306 non
3603 3250 3677 3304 ita
3700 3246 3797 3303 ali-

501 3346 849 3409 tur,utra:que
872 3348 997 3395 sunt
1019 3338 1428 3411 afﬁrmationes,
1458 3344 1540 3400 vel
1561 3361 1684 3401 cum
1714 3345 1836 3403 dico
1863 3365 1878 3403 :
1906 3350 2010 3406 Aio
2038 3360 2091 3407 te

502 3432 723 3488 Eacida
750 3432 1020 3489 Romanos
1033 3434 1248 3491 vincere
1263 3450 1441 3507 posse,
1460 3454 1525 3493 ex
1538 3440 1871 3498 orationibus
1886 3458 1993 3499 non
2023 3461 2091 3501 ex

501 3524 944 3582 afﬁrmationibus
975 3527 1314 3597 componitur
1350 3530 1474 3587 talis
1508 3533 1705 3589 oratio.
1731 3532 1889 3591 Prior
1908 3549 2090 3595 autem

502 3618 817 3689 simplicitas
829 3627 931 3685 est,
949 3620 1213 3689 posterior
1225 3636 1355 3677 vero
1365 3624 1705 3692 compositio.
1720 3625 1776 3681 in
1795 3626 1989 3698 quibus
2010 3640 2092 3687 est

503 3718 682 3768 autem
731 3711 876 3781 prius
906 3712 988 3767 vel
1024 3713 1289 3783 posterius
1330 3714 1554 3786 aliquid,
1587 3716 1718 3774 illud
1765 3720 1885 3776 sine
1925 3721 2093 3780 dubio

506 3803 872 3859 difﬁniendum
915 3814 998 3858 cst
1042 3807 1207 3874 priori
1260 3807 1400 3872 loco,
1451 3810 1596 3878 quod
1645 3819 1835 3868 natura
1880 3829 2096 3885 quoque

506 3894 779 3965 praecedit.
814 3896 886 3949 Ita
914 3910 1044 3965 ergo
1071 3898 1320 3966 quoniam
1348 3900 1498 3967 prior
1527 3902 1757 3970 simplex
1786 3905 1959 3959 oratio
1983 3917 2091 3976 est,

507 3988 772 4056 posterior
800 4001 927 4043 vero
956 3987 1278 4054 composita,
1298 3988 1448 4058 prius
1466 3990 1767 4061 simplicem
1794 3998 2093 4053 orationem

509 4076 831 4135 tiifﬁnitione
851 4077 1130 4134 constituit
1155 4077 1364 4141 dicens.
1389 4080 1543 4151 cujus
1574 4091 1753 4152 partes
1789 4086 2099 4156 significant

510 4177 568 4226 ut
594 4168 779 4234 dictio,
810 4184 917 4223 non
949 4179 1004 4222 ut
1033 4167 1342 4237 afﬁrmatio,
1373 4170 1666 4230 dictionem
1705 4178 1968 4248 simplicis
1997 4198 2095 4238 no-

510 4260 670 4317 minis
698 4268 790 4314 aut
808 4260 955 4316 verbi
983 4262 1399 4331 nucupationein
1428 4280 1656 4334 ponens.
1674 4267 1731 4324 In
1759 4272 2097 4343 simplicibus

509 4351 652 4409 enim
690 4350 1020 4407 orationibus
1046 4351 1349 4422 bujusmodi
1391 4365 1570 4424 partes
1597 4368 1744 4415 sunt.
1786 4362 1843 4418 in
1871 4378 2097 4437 compo-

511 4442 631 4500 sitis
655 4457 783 4499 vero
827 4442 1108 4515 aliquoties
1136 4446 1353 4515 quidem
1394 4449 1669 4508 orationes
1717 4464 1945 4523 tantum,
1992 4461 2098 4516 ali-

512 4534 724 4604 quoties
743 4548 870 4589 vero
898 4534 1306 4606 afﬁrmationes,
1342 4549 1399 4592 ut
1428 4554 1588 4609 supra
1635 4549 2093 4620 monstravimus;

2197 3346 2326 3418 quid
2353 3354 2501 3402 extra
2527 3343 2831 3416 signiﬁcent
2856 3360 2923 3401 ex
2953 3346 3295 3410 necessitate,
3347 3352 3406 3399 ut
3455 3354 3659 3398 nomen
3708 3347 3798 3395 aut

2196 3438 2417 3494 verbum
2440 3452 2564 3493 cum
2593 3437 2818 3492 inveniri
2845 3439 3034 3508 possit,
3070 3445 3127 3492 ut
3170 3438 3241 3491 ita
3281 3443 3440 3491 extra
3486 3432 3799 3503 signiﬁcent

2196 3528 2457 3586 orationis
2479 3540 2679 3601 partes,
2696 3538 2756 3585 ut
2777 3539 2956 3585 tamen
2979 3530 3253 3584 orationes
3281 3537 3375 3583 aut
3400 3525 3799 3582 afﬁrmationes

2197 3639 2305 3679 non
2333 3623 2462 3679 sint.
2505 3623 2683 3690 Quare
2718 3622 2764 3677 si
2792 3622 2859 3675 ita
2888 3620 3134 3688 dixisset,
3164 3620 3352 3675 Oratio
3394 3627 3479 3674 est
3501 3631 3601 3671 vox
3633 3613 3800 3685 signi.

2198 3713 2428 3779 ﬁcativa,
2459 3713 2613 3782 cujus
2660 3720 2839 3782 partes
2883 3710 3084 3781 aliquid
3140 3719 3288 3765 extra
3348 3708 3684 3778 signiﬁcant,
3743 3714 3805 3763 ut

2197 3808 2508 3873 afﬁrmatio,
2539 3806 2661 3862 illas
2706 3805 2983 3860 orationes
3035 3805 3133 3859 hac
3180 3801 3504 3858 dilﬁnitione
3530 3814 3642 3854 non
3691 3797 3775 3853 cir

2198 3900 2647 3968 eumscripsisset,
2663 3914 2888 3969 quarum
2908 3906 3087 3968 partes
3103 3896 3318 3965 quidem
3341 3895 3613 3951 orationes
3638 3900 3796 3956 sunt,

2200 3992 2292 4049 sed
2323 4008 2428 4046 nou
2451 3990 2858 4056 afﬁrmationes,
2887 4000 2945 4045 ut
2980 3991 3067 4045 ille
3097 4004 3284 4046 versus
3338 3997 3422 4044 est
3441 4000 3601 4056 quem
3632 3999 3802 4053 supra

2200 4086 2309 4157 jam
2337 4087 2508 4155 posui.
2556 4085 2651 4141 Sin
2674 4099 2804 4140 vero
2830 4084 2908 4140 sic
2933 4083 3158 4140 dixisset
3192 4101 3206 4140 :
3235 4082 3418 4139 Oratio
3449 4089 3535 4137 est
3575 4093 3687 4133 vox
3730 4078 3802 4131 εἰς

2202 4179 2527 4250 gniﬁcativa,
2565 4177 2718 4249 cujus
2746 4186 2925 4247 partes
2946 4185 3105 4233 extra
3153 4175 3457 4246 signiﬁcant
3486 4170 3699 4240 aliquid
3747 4179 3803 4227 ut
3854 4243 3863 4253 θ

2202 4271 2395 4335 oratio,
2430 4269 2548 4325 illas
2573 4270 2843 4325 orationes
2871 4269 2921 4323 in
2944 4267 3267 4323 difﬁnitione
3297 4264 3626 4335 reliquisset,
3661 4275 3797 4331 qua-

2203 4379 2322 4419 rum
2346 4371 2527 4433 partes
2552 4362 2829 4433 simplices
2856 4368 3001 4427 sunt,
3028 4369 3085 4415 ut
3115 4370 3218 4427 est,
3249 4361 3500 4415 Socrates
3527 4354 3800 4411 ambulat.

2204 4455 2311 4511 Sed
2358 4466 2480 4508 cum
2529 4452 2662 4509 dicit
2712 4453 2973 4507 orationis
3025 4464 3207 4521 partes
3257 4453 3326 4506 ita
3386 4447 3700 4521 signiﬁcare
3746 4454 3804 4506 ut

2203 4546 2492 4612 dictiones,
2520 4558 2627 4600 non
2650 4544 2875 4601 omnino
2902 4552 2960 4599 ut
2996 4544 3405 4609 afﬁrmationcs,
3438 4552 3493 4597 et
3522 4539 3803 4610 simplices

512 4623 662 4680 addit
685 4639 895 4695 quoque
923 4624 1073 4682 illud.
1106 4625 1356 4696 Omnem,
1391 4628 1584 4699 inquit,
1609 4632 1983 4696 difﬁnitionem
2014 4644 2099 4701 νει
2126 4626 2183 4689 D
2205 4654 2262 4697 et
2300 4640 2647 4710 compositas,
2696 4638 2798 4695 hac
2833 4638 3155 4694 diffinitione
3196 4635 3484 4694 conclusit.
3510 4632 3804 4704 Simplices

512 4715 922 4773 contractiorem
954 4732 1075 4775 esse
1098 4718 1328 4775 difﬁnita
1352 4722 1553 4791 specie,
1589 4726 1675 4781 vel
1704 4730 1969 4788 excedere
1990 4750 2097 4792 non

514 4817 725 4879 oportet
748 4828 759 4862 :
784 4810 924 4880 quod
938 4812 983 4867 si
998 4813 1315 4870 Aristoteles
1339 4815 1412 4869 ita
1438 4818 1807 4879 constituisset
1822 4822 2100 4884 difﬁnitio-

516 4916 663 4968 nem,
701 4913 759 4957 ut
788 4902 1091 4973 signiﬁcare
1137 4915 1317 4975 partes
1343 4908 1601 4966 orationis
1646 4911 1853 4973 diceret
1893 4927 1952 4974 ut
1977 4934 2100 4976 ora-

512 4995 708 5061 tiones,
756 5008 823 5049 ac
870 5010 977 5051 non
1008 5003 1067 5051 ut
1107 4996 1389 5063 dictiones,
1423 5000 1698 5070 simplices
1730 5007 2005 5067 orationes
2029 5015 2098 5069 ab

511 5085 613 5140 hac
639 5082 961 5144 difﬁnitione
1012 5087 1333 5143 secluderet.
1362 5088 1673 5149 Orationum
1700 5112 1933 5170 namque
1962 5103 2095 5158 sim-

510 5179 731 5249 plicium
774 5187 973 5249 partes,
1007 5196 1112 5236 non
1161 5188 1221 5236 ut
1248 5182 1544 5250 orationes,
1593 5187 1689 5243 sed
1734 5198 1793 5243 ut
1830 5191 2097 5263 simplicia

510 5270 671 5326 verba
726 5269 1048 5352 nominaque
1076 5271 1401 5343 signiﬁcant.
1444 5274 1577 5331 Nam
1614 5277 1661 5333 si
1704 5282 1883 5337 omnis
1927 5287 2099 5342 oratio

512 5364 785 5421 orationes
832 5364 1049 5422 habebit
1082 5366 1132 5420 iu
1184 5367 1447 5438 partibus,
1504 5384 1691 5429 rursus
1735 5374 1869 5444 ipsae
1920 5388 2098 5445 partes

512 5471 633 5527 quae
662 5466 786 5511 sunt
811 5458 1100 5525 orationes,
1125 5459 1245 5514 aliis
1265 5460 1599 5519 orationibus
1617 5466 2092 5539 conjungerentur,

512 5559 570 5605 et
608 5564 793 5605 rursus
822 5552 1050 5621 partium
1095 5563 1296 5623 partes,
1326 5570 1445 5624 quas
1485 5556 1690 5614 etcdem
1738 5576 1951 5631 quoque
1976 5579 2099 5620 ora-

516 5642 693 5695 tiones
723 5652 867 5710 sunt,
890 5643 1021 5699 alias
1050 5646 1327 5703 orationes
1356 5647 1628 5707 habebunt
1648 5651 1701 5707 in
1725 5653 1988 5725 partibus.
2024 5659 2099 5713 Ac

516 5734 561 5788 si
588 5733 705 5804 quis
732 5732 833 5789 hoc
858 5734 1207 5807 intelligentia
1236 5742 1545 5811 sumpserit,
1577 5743 1646 5799 ad
1675 5745 1941 5801 inﬁnitum
1973 5763 2096 5819 pro-

513 5824 691 5895 cedet,
722 5837 822 5880 nec
851 5822 952 5881 ulla
980 5826 1085 5882 erit
1107 5828 1278 5901 prima
1307 5832 1480 5890 oratio
1507 5848 1631 5909 qua
1679 5836 1956 5911 simplices
1997 5839 2095 5897 ha-

2207 4734 2421 4805 quidem
2444 4733 2647 4788 idcirco
2663 4730 2805 4803 quod
2832 4732 3083 4802 quaelibet
3100 4729 3327 4800 simplex
3362 4728 3805 4799 parvissimaque

2204 4826 2380 4882 oratio
2409 4824 2630 4879 nomine
2657 4831 2714 4879 et
2739 4824 2905 4878 verbo
2931 4822 3294 4893 conjungitur,
3321 4835 3441 4891 qua:
3483 4826 3611 4874 sunt
3664 4817 3803 4873 sim-

2208 4918 2379 4987 plices
2422 4914 2711 4972 dictiones.
2754 4913 3091 4985 Compositas
3119 4929 3272 4979 vero,
3304 4927 3425 4981 qum
3444 4926 3566 4966 cum
3600 4909 3804 4965 habent

2204 5008 2475 5064 orationes
2517 5008 2569 5061 in
2594 5008 2852 5077 partibus,
2889 5015 3066 5076 partes
3119 5007 3251 5075 ipsae
3282 5006 3481 5059 habent
3524 5002 3805 5071 simplices

2209 5101 2504 5165 dictiones,
2533 5113 2654 5169 quae
2695 5099 2828 5169 ipsa:
2856 5098 3128 5167 simplices
3158 5098 3421 5153 dictiones
3460 5097 3627 5151 tctius
3675 5110 3803 5149 cor-

2209 5192 2354 5262 poris
2382 5197 2562 5261 partes
2585 5198 2730 5254 sunt,
2757 5198 2814 5245 ut
2840 5205 2961 5245 cum
2987 5190 3128 5257 dico,
3163 5190 3210 5245 si
3237 5191 3350 5244 dies
3398 5198 3501 5253 est,
3546 5187 3637 5242 lux
3687 5196 3801 5243 est.

2207 5287 2332 5342 Dies
2356 5294 2463 5355 est,
2495 5293 2551 5340 et
2580 5286 2668 5340 lux
2688 5293 2791 5353 est,
2834 5295 3015 5353 partes
3044 5293 3168 5340 sunt
3189 5284 3354 5339 tutius
3374 5283 3659 5337 orationis’.
3691 5279 3802 5336 Sed

2204 5393 2389 5436 rursus
2419 5378 2605 5435 harum
2627 5378 2853 5447 partium
2878 5387 3058 5448 partes
3079 5388 3203 5433 sunt
3223 5379 3360 5443 dies,
3389 5386 3441 5431 et
3456 5386 3560 5441 est,
3592 5382 3647 5428 et
3680 5390 3803 5429 rur-

2204 5486 2296 5528 sus
2324 5472 2441 5537 lux,
2464 5479 2642 5537 etest,
2667 5484 2786 5541 quze
2816 5484 3000 5526 rursus
3026 5471 3190 5526 tctius
3213 5470 3498 5534 orationis,
3523 5482 3797 5537 perquam

2202 5566 2347 5633 dico,
2372 5565 2421 5621 si
2440 5565 2558 5622 dies
2581 5574 2684 5631 est,
2713 5564 2801 5621 lux
2819 5573 2920 5632 est,
2945 5575 3125 5636 partes
3148 5574 3298 5630 sunt;
3330 5563 3424 5620 sed
3450 5561 3586 5625 dies,
3612 5569 3667 5615 et
3692 5569 3799 5624 est,

2202 5668 2463 5715 etrursus
2493 5657 2605 5723 lux,
2628 5666 2682 5712 et
2706 5666 2811 5723 est,
2836 5665 2964 5712 sunt
3008 5658 3281 5728 simplices
3324 5657 3608 5712 dictiones.
3651 5653 3799 5721 Quo~

2200 5752 2344 5806 circa
2374 5751 2537 5806 etiam
2570 5749 2987 5819 compositarum
3018 5753 3321 5806 orationum
3372 5758 3551 5817 partes
3579 5746 3799 5802 indubi-

2201 5853 2400 5911 tanter,
2449 5845 2524 5901 ita
2566 5858 2782 5915 semper
2832 5844 3154 5917 signiﬁcant,
3206 5857 3265 5902 ut
3305 5846 3570 5904 dictiones
3602 5860 3713 5902 non
3742 5853 3800 5909 ut
