3982 6334
219 360 328 417 457

954 357 1020 415 IN
1056 358 1312 416 LIBRUM
1352 360 1439 415 DE
1478 350 2122 415 INTBRPRETATIUNE
2163 357 2389 415 EDI'I'IO
2428 359 2763 418 SECUNDA.

3391 358 3503 420 458

220 475 633 544 afﬁrmationes,
676 481 767 530 aut
813 472 1057 546 quaedam
1112 474 1402 530 orationes.
1452 476 1627 542 Quare
1676 472 1813 528 hanc
1840 470 1888 527 Α
1920 473 2082 538 sistit,
2114 475 2207 529 sed
2241 475 2377 528 ultra
2406 477 2566 531 etiam
2600 477 2664 529 ml
2693 476 2967 546 simplices
2995 476 3378 533 amrmationes
3403 493 3501 536 ne-

226 572 602 630 difﬁuitionem
653 569 975 625 Aristoteles
1018 577 1164 625 recte
1209 567 1503 623 constituit.
1547 567 1627 622 Ad
1676 566 1813 623 hanc

221 678 357 737 ergo
382 662 699 722 sententiam
728 663 902 717 locum
933 661 1077 718 hunc
1101 659 1405 717 Alexander
1425 660 1658 729 expedit.
1678 659 1812 714 Illud

222 780 438 837 quoque
462 763 667 818 addens
716 777 860 831 saepe
893 759 1234 817 Aristotelem
1267 758 1335 813 de
1366 756 1814 812 afﬁrmationibus

222 860 407 913 dicere
457 854 741 919 dictiones,
791 852 930 924 quod
966 850 1294 921 distinguere
1338 850 1545 913 volens,
1579 863 1700 903 cum
1731 848 1814 903 di-

218 961 368 1005 ceret
400 946 473 1001 ita
502 946 804 1017 signiﬁcare
836 950 1016 1015 partes
1044 940 1303 997 orationis
1331 948 1582 1011 tanquam
1627 939 1816 995 dictio-

222 1055 374 1107 netu,
399 1055 466 1093 ne
491 1038 625 1093 forte
640 1036 926 1091 dictionem
950 1037 1085 1090 hanc
1106 1034 1298 1106 aliquis
1319 1034 1370 1088 in
1395 1022 1814 1087 afﬁrmationem

221 1112 790 1202 susciperenaddidit,
814 1140 866 1184 ut
895 1128 1060 1184 dictio
1091 1142 1194 1182 non
1252 1136 1309 1182 ut
1352 1126 1662 1192 afﬁrmatio,
1699 1136 1814 1179 tan-

220 1241 384 1295 quam
400 1223 658 1281 sidicerct
672 1234 687 1277 :
702 1220 905 1291 Duplex
920 1219 1132 1291 quideu
1151 1228 1232 1277 est
1244 1219 1427 1283 dictio,
1446 1234 1548 1273 una
1563 1218 1813 1288 simplex,

224 1320 330 1375 alia
359 1334 486 1375 vero
511 1316 819 1373 afﬁrmatio.
851 1317 958 1371 Sed
986 1314 1056 1370 ita
1090 1323 1271 1385 partes
1303 1312 1564 1368 orationis
1614 1310 1813 1382 aliquid

221 1421 377 1467 extra
406 1408 730 1481 signiﬁcant,
762 1417 816 1461 ut
846 1421 905 1462 ea
938 1405 1127 1472 dictio,
1159 1420 1275 1475 quae
1309 1413 1393 1459 est
1423 1403 1679 1473 simplex,
1708 1418 1814 1456 non

221 1514 285 1561 ut
314 1521 374 1560 ea
416 1518 534 1575 quae
575 1511 656 1557 est
700 1498 1003 1566 afﬁrmatio,
1037 1506 1092 1555 et
1137 1497 1511 1568 hujuscemodi
1558 1496 1818 1565 quodam-

221 1596 389 1654 modo
436 1594 762 1652 intellectum
813 1602 921 1647 tota
979 1591 1280 1646 Alexandri
1327 1591 1594 1646 sententia
1649 1597 1812 1643 tenet.

222 1688 555 1759 Porphyrius
601 1700 811 1757 quoque
852 1686 903 1739 in
949 1684 1136 1738 eadem
1188 1684 1455 1738 sententia
1501 1691 1604 1747 est,
1634 1683 1728 1737 sed
1763 1683 1818 1736 in

225 1797 341 1835 uno
371 1780 655 1847 discrepat,
704 1778 853 1845 cujus
889 1776 1158 1845 expositio
1190 1775 1312 1829 talis
1356 1784 1460 1829 est.
1504 1772 1701 1839 Dictio,
1736 1775 1819 1828 in-

1916 566 2267 635 gationesque
2293 569 2502 633 transit,
2530 577 2589 623 ει
2617 569 2667 622 in
2703 584 2769 623 eo
2800 570 3181 639 progressionis
3213 571 3497 626 terminum

1922 658 2068 714 facit.
2120 659 2261 728 Ergo
2296 661 2545 724 quoniam
2589 674 2695 714 non
2732 662 2908 716 omnis
2932 661 3107 716 oratio
3133 672 3310 731 partes
3337 662 3498 719 habet

1920 750 2306 806 aflirmationes
2334 758 2388 806 et
2419 751 2745 820 negationes,
2771 766 2888 822 quas
2918 761 3041 807 sunt
3069 754 3388 822 simplicium
3416 754 3501 809 di-
3576 762 3585 775 ⁴

1916 848 2157 925 ctionum
2201 843 2453 913 perfectae
2510 845 2940 911 enuntiationes,
2989 848 3348 915 quoniamque
3392 860 3501 901 non

1918 939 2096 994 omnis
2117 939 2291 992 oratio
2314 938 2652 1007 imperfectas
2674 940 2943 994 orationes
2966 939 3125 993 habet
3156 940 3205 992 in
3238 940 3499 1008 partibus,

1920 1033 2095 1087 omnis
2151 1040 2327 1086 tamen
2390 1031 2564 1085 oratio
2628 1031 2897 1097 simplices
2956 1029 3217 1085 dictiones
3269 1032 3497 1097 retinet,

1920 1127 2116 1197 quippe
2161 1138 2287 1179 cum
2332 1125 2508 1178 omnis
2535 1124 2708 1178 oratio
2750 1131 2835 1177 ex'
2862 1121 3041 1178 verbis
3092 1124 3504 1193 nominibusque

1917 1220 2171 1287 jungatur
2204 1217 2304 1271 hoc
2332 1217 2441 1282 ait,
2475 1215 2733 1271 orationis
2764 1223 2942 1284 partes
2968 1216 3266 1285 signiﬁcare
3290 1230 3503 1284 semper

1921 1308 2136 1379 quidem
2171 1316 2227 1361 ut
2253 1308 2518 1362 dictiones
2543 1345 2557 1370 ,
2605 1320 2709 1361 non
2742 1314 2919 1360 tamen
2951 1319 3163 1374 semper
3192 1316 3249 1359 ut
3270 1304 3504 1360 afﬁrma-

1922 1403 2116 1469 tiones,
2148 1403 2522 1458 consentiente
2556 1402 2900 1468 Alexandro,
2935 1401 3088 1470 cujus
3119 1401 3503 1469 expositionem

1922 1511 2081 1566 supra
2100 1496 2210 1566 jam
2238 1496 2417 1563 docui,
2444 1507 2603 1565 atque
2629 1496 2699 1550 ita
2727 1496 3033 1565 diligentior
3060 1496 3226 1549 lector
3250 1493 3504 1549 diii‘ereno

1923 1590 2023 1644 tias
2048 1604 2235 1643 eorum
2263 1597 2410 1643 recte
2436 1586 2753 1658 perspiciat,
2786 1596 2840 1643 et
2866 1587 3260 1642 consentientes
3290 1587 3504 1656 quidem

1923 1680 2287 1736 communicet
2316 1680 2645 1736 intellectus.
2682 1680 2793 1733 Hoc
2819 1680 2939 1734 loco
2962 1679 3223 1748 Aspasius
3254 1678 3507 1734 inconve‘

1926 1775 2135 1829 nienter
2159 1774 2515 1843 interstrcpit,
2539 1774 2613 1828 ait
2638 1776 2779 1828 enim
2810 1774 3148 1828 Aristotelem
3180 1788 3283 1828 non
3315 1773 3367 1826 in
3393 1787 3508 1827 om-

222 1874 364 1945 qttit,
396 1882 476 1927 est
497 1871 721 1941 simplex
752 1884 968 1935 nomen,
1014 1874 1069 1924 et
1097 1868 1329 1937 simplex
1364 1867 1524 1922 etiam
1561 1866 1813 1935 verbum,
1851 1839 1900 1899 Β
1927 1879 2023 1920 ηεε
2051 1867 2326 1920 orationes
2355 1866 2733 1920 difﬁoitionem
2763 1866 3093 1921 constituere
3129 1865 3381 1930 voluisse,
3416 1864 3508 1921 sed

222 1975 278 2021 et
308 1981 371 2021 ex
404 1964 612 2021 duobus
639 1962 1017 2031 compositum,
1048 1971 1105 2016 ut
1136 1974 1256 2017 cum
1279 1961 1400 2015 dico
1433 1960 1707 2029 Socrates,
1733 1960 1819 2016 vel

222 2070 414 2113 rursus
437 2056 691 2122 ambulat,
722 2054 809 2109 vel
831 2053 1122 2125 equiferus.
1148 2052 1405 2108 Procedit
1432 2054 1591 2109 etiam
1623 2069 1820 2111 nomen

221 2150 479 2206 dictionis
507 2149 571 2202 ad
603 2148 878 2204 orationes
900 2145 1136 2217 quidem,
1162 2146 1256 2202 sed
1280 2145 1616 2215 simplicibus
1642 2147 1822 2203 verbis

221 2253 279 2301 et
317 2243 619 2298 nominibus
646 2242 988 2312 conjunctas,
1032 2248 1086 2296 et
1131 2255 1253 2296 cum
1305 2238 1425 2295 dico
1471 2240 1725 2296 Socrates
1769 2247 1825 2297 et

223 2336 410 2402 Plato,
442 2345 497 2391 et
528 2335 572 2390 si
600 2334 667 2389 sit
704 2350 768 2390 ex
805 2332 1104 2403 composito
1150 2330 1391 2400 nomine,
1434 2340 1492 2388 ut
1546 2342 1627 2389 est
1670 2330 1822 2404 equi-

223 2428 378 2484 ferus
420 2436 475 2483 et
529 2427 728 2491 homo;
764 2425 846 2479 hae
875 2425 1147 2481 orationes
1180 2440 1480 2496 quanquam
1522 2425 1823 2497 conjuncta:

184 2522 341 2577 sint
393 2530 550 2589 atque
620 2517 991 2588 imperfecta),
1064 2526 1245 2573 tamen
1289 2516 1541 2573 dietlouis
1600 2514 1822 2573 nomine

225 2622 641 2685 nuncupantur,
700 2628 798 2667 nec
843 2626 946 2667 non
989 2611 1149 2668 etiam
1193 2611 1384 2671 transit
1450 2625 1647 2666 nomen
1712 2609 1818 2666 hoc

227 2707 485 2763 dictionis
517 2719 685 2775 usque
728 2703 793 2758 ad
825 2703 1090 2773 perfectas
1120 2702 1420 2768 orationes,
1463 2717 1596 2772 quas
1648 2718 1819 2759 enun-

227 2796 471 2853 tiationis
525 2795 821 2865 nuncupari
876 2793 1141 2863 posterius
1204 2802 1287 2848 est
1353 2791 1659 2849 dicendum.
1723 2794 1819 2849 Est

226 2901 414 2945 autem
446 2888 743 2949 enuntiatio
784 2886 1031 2957 simplex,
1060 2895 1118 2940 ut
1147 2884 1194 2939 si
1222 2884 1342 2956 quis
1372 2884 1535 2951 dicat,
1572 2888 1823 2940 Socrates

230 2979 494 3037 ambulat.
546 2976 612 3033 Et
655 2978 771 3033 haec
801 2976 997 3032 dicitur
1044 2974 1353 3044 afﬁrmatio,
1409 2975 1565 3046 hujus
1613 2977 1825 3047 negatio

231 3082 345 3139 εει,
376 3071 619 3127 Socrates
657 3085 762 3124 non
803 3069 1060 3124 ambulat.
1111 3068 1394 3140 Simplices
1424 3083 1553 3141 ergo
1578 3070 1826 3125 enuntia-

231 3168 413 3221 tiones
435 3169 557 3217 sunt
599 3160 987 3216 afﬁrmationes
1028 3161 1115 3215 vel
1161 3160 1497 3232 negationes,
1550 3177 1669 3232 quae
1707 3162 1822 3216 sin-

230 3255 374 3328 gulis
424 3253 603 3309 verbis
624 3266 686 3309 ac
716 3253 1022 3308 nominibus
1047 3264 1467 3323 componuntur.
1497 3255 1676 3324 Itaque
1702 3269 1824 3309 cum

230 3348 379 3416 dico,
434 3347 476 3401 si
525 3345 640 3401 dies
687 3354 788 3411 est,
814 3344 904 3399 lux
941 3352 1045 3413 est,
1089 3355 1197 3400 tota
1251 3346 1465 3416 quidem
1522 3344 1825 3415 hujusmodi

231 3438 411 3495 oratio
463 3438 625 3493 dictio
669 3450 791 3493 esse
819 3452 925 3493 non
969 3437 1185 3493 dicitur.
1241 3439 1549 3509 Composita
1598 3454 1829 3511 namque

234 3530 632 3599 conjunctaque
674 3537 759 3584 est
796 3544 860 3583 ex
891 3528 1221 3585 orationibus
1242 3571 1255 3597 ,
1285 3545 1402 3600 quae
1428 3540 1551 3585 sunt
1581 3530 1695 3587 dies
1720 3541 1824 3601 est,

235 3629 296 3679 et
323 3620 410 3677 lux
437 3628 541 3677 est.
574 3619 667 3675 liae
694 3629 872 3675 autem
902 3629 1029 3675 sunt
1058 3619 1467 3690 afﬁrmationes,
1500 3630 1556 3677 et
1577 3623 1829 3679 dicuntur

236 3713 529 3769 dictiones.
559 3714 691 3783 Ipsae
716 3725 844 3768 vero
868 3712 1247 3769 aflirmationes
1267 3728 1386 3783 quae
1410 3712 1676 3770 dictiones
1706 3721 1829 3770 sunt

237 3804 444 3862 habent
473 3820 657 3860 rursus
700 3804 833 3859 alias
868 3804 1128 3861 dictiones
1157 3805 1448 3875 simplices,
1484 3812 1543 3860 ιιι
1580 3815 1663 3861 εει
1689 3805 1826 3873 dies,

237 3906 298 3954 et
317 3906 417 3963 est,
444 3907 497 3953 ct
525 3911 709 3953 rursus
733 3896 844 3963 lux,
871 3905 925 3952 et
951 3906 1051 3952 est.
1087 3896 1227 3968 Ergo
1256 3911 1375 3952 cum
1405 3895 1551 3964 dico,
1579 3896 1831 3954 Socrates

242 3990 515 4054 ambulat,
546 3988 665 4055 haec
694 3988 869 4043 oratio
897 3996 1075 4059 partes
1116 3989 1275 4045 habet
1303 3989 1603 4056 dictiones,
1635 4004 1831 4045 nomen

243 4081 458 4137 scilicet
484 4092 538 4135 et
567 4081 785 4137 verbum
806 4123 820 4147 ,
849 4095 969 4151 qua:
999 4081 1260 4138 dictiones
1291 4083 1506 4152 quidem
1537 4090 1692 4151 sunt,
1726 4097 1829 4138 non

247 4181 428 4225 tamen
479 4170 879 4227 afﬁrmationes.
928 4171 1023 4226 Sin
1072 4186 1204 4227 vero
1242 4171 1415 4227 dicam
1442 4214 1457 4239 ,
1494 4172 1746 4229 Socrates
1777 4173 1831 4229 in

240 4264 416 4335 iycaeo
455 4278 574 4319 cum
609 4265 826 4319 Platone
866 4273 921 4319 et
948 4265 1159 4320 caeteris
1194 4265 1476 4336 discipulis
1516 4265 1828 4335 disputavit,

243 4356 363 4412 haec
401 4371 524 4428 pars
565 4360 823 4414 orationis
860 4374 979 4430 qua:
1009 4368 1113 4425 est,
1148 4359 1395 4416 Socrates
1434 4362 1487 4415 in
1515 4361 1680 4432 lycaao
1722 4361 1834 4432 ipsa

242 4461 459 4519 quoque
507 4459 589 4504 est
634 4450 798 4505 dictio
824 4491 839 4515 ,
884 4450 976 4505 sed
1010 4467 1114 4505 non
1145 4460 1203 4505 ut
1241 4451 1466 4521 simplex
1510 4466 1702 4507 nomen
1749 4453 1834 4507 vel

248 4539 627 4612 verbum,qua:
653 4542 914 4596 dietiones
938 4542 1152 4612 quidem
1178 4555 1322 4609 sunt,
1354 4559 1461 4598 non
1484 4550 1662 4599 tamen
1692 4543 1836 4598 afﬁr-

246 4634 536 4703 mationes,
565 4650 739 4705 neque
772 4646 829 4691 ut
853 4635 1161 4700 afﬁrmatio,
1188 4638 1280 4691 setl
1315 4646 1519 4691 tantum
1546 4645 1604 4691 ut
1634 4637 1836 4707 itnper-
1865 4602 1921 4666 D

248 4726 389 4782 fecta
415 4728 585 4782 oratio
613 4743 732 4797 qua:
761 4726 942 4781 verbis
970 4736 1147 4782 tamen
1178 4727 1588 4798 nominibusque
1615 4740 1839 4797 compo-

247 4818 351 4872 sita
377 4826 492 4883 est;
535 4818 677 4888 quod
702 4816 854 4873 sisic
879 4817 1075 4884 dicam,
1108 4819 1152 4873 si
1182 4819 1343 4874 homo
1373 4831 1474 4888 est,
1510 4820 1710 4875 animal
1731 4830 1839 4887 est,
1882 4876 1883 4879 η

249 4911 371 4967 haec
400 4926 586 4968 rursus
623 4914 796 4968 oratio
826 4913 985 4968 habet
1027 4915 1292 4969 dictiones
1338 4918 1393 4971 in
1430 4918 1699 4987 partibus,
1744 4915 1840 4971 sed

250 5019 427 5076 neque
455 5014 510 5060 ut
538 5006 814 5076 simplices
846 5006 1109 5064 dictiones
1135 5050 1149 5073 ,
1193 5025 1363 5079 neque
1404 5021 1461 5065 ut
1500 5011 1844 5081 imperfectas

254 5099 557 5167 orationes,
587 5100 680 5155 sed
710 5108 768 5154 ut
798 5101 1093 5168 perfectas.
1124 5102 1505 5173 simplicesque
1530 5104 1849 5159 afﬁrmatio-

256 5209 376 5260 nes,
404 5205 459 5252 et
488 5211 588 5250 una
622 5205 704 5250 est
728 5195 1015 5252 afﬁrmatio
1046 5199 1241 5253 animal
1269 5210 1372 5265 est,
1406 5201 1506 5253 alia
1529 5215 1658 5255 vero
1689 5202 1849 5256 homo

255 5299 363 5345 est.
411 5290 542 5345 Tota
578 5304 707 5345 vero
748 5291 862 5359 ipsa
901 5292 1077 5345 oratio
1114 5291 1280 5347 dictio
1310 5306 1416 5346 non
1460 5299 1548 5347 est
1578 5309 1593 5348 :
1623 5293 1763 5361 quod
1803 5293 1850 5348 sl

256 5382 457 5448 dicam,
489 5384 533 5437 si
560 5384 757 5437 animal
786 5399 891 5438 non
922 5392 1025 5449 est,
1063 5386 1223 5439 homo
1252 5399 1357 5438 non
1388 5391 1492 5449 est,
1526 5398 1708 5441 rursus
1738 5385 1853 5441 haec

255 5474 432 5528 oratio
479 5489 546 5530 ex
590 5475 797 5531 duabus
840 5476 1169 5547 simplicibus
1218 5477 1541 5532 dictionibus
1585 5479 1844 5549 negativis

256 5565 474 5622 videtur
498 5578 619 5623 esse
645 5568 940 5639 composita
957 5606 973 5635 ,
1011 5584 1131 5639 qua:
1158 5568 1508 5625 nlhilominus
1540 5577 1653 5624 tota
1680 5572 1846 5627 dictio

260 5680 370 5721 non
399 5672 502 5720 est.
529 5664 606 5720 Ita
632 5679 760 5735 ergo
789 5663 955 5721 dictio
981 5665 1240 5721 inchoans
1266 5680 1296 5719 a
1324 5664 1654 5734 simplicibus
1678 5665 1849 5720 nomi-

264 5758 421 5813 nibus
445 5767 611 5829 atque
647 5758 830 5814 verbis
871 5772 1041 5828 usque
1086 5757 1153 5813 ad
1198 5760 1486 5825 orationes,
1517 5759 1758 5829 quamvis
1784 5757 1851 5814 ad

272 5850 618 5920 imperfectas
645 5851 976 5921 provehitur,
1005 5865 1103 5913 nec
1135 5853 1185 5909 in
1215 5850 1298 5909 his
1327 5849 1694 5909 tantummodo
1721 5864 1850 5909 con-

1852 3215 1900 3280 C

1924 1968 2127 2014 tantum
2156 1959 2210 2012 in
2243 1960 2540 2029 simplices,
2574 1974 2692 2029 qua!
2718 1974 2782 2015 ex
2814 1960 3022 2014 duobus
3047 1967 3316 2027 constant,
3345 1960 3510 2015 verbo

1922 2050 2127 2106 scilicet
2144 2058 2198 2106 et
2221 2052 2467 2117 nomine;
2501 2052 2595 2107 sed
2621 2052 2711 2106 ille
2734 2052 2998 2122 perfalsns
3024 2062 3126 2107 εει.
3160 2053 3342 2122 Neque
3365 2054 3512 2108 enim

1923 2147 1970 2202 si
1996 2147 2226 2215 simplex
2264 2147 2465 2211 oratio,
2509 2147 2845 2217 simplicibus
2882 2148 3059 2203 verbis
3100 2147 3514 2217 nominibusque

1924 2240 2192 2309 consistit,
2223 2240 2425 2297 idcirco
2456 2256 2560 2295 non
2584 2243 2879 2311 composita
2909 2256 3120 2312 quoque
3150 2242 3324 2295 oratio
3351 2242 3514 2299 verba

1923 2340 1981 2388 et
2008 2334 2224 2389 nomina
2253 2334 2505 2389 similiter
2549 2336 2603 2389 in
2646 2335 2885 2404 partibus
2926 2336 3104 2391 habet.
3144 2335 3297 2402 Quod
3329 2336 3373 2390 si
3415 2336 3517 2392 hoc

1925 2444 2210 2485 commune
2247 2438 2328 2485 est
2361 2429 2694 2500 simplicibus
2729 2431 3060 2485 orationibus
3092 2439 3250 2500 atque
3289 2445 3512 2497 campo.

1925 2521 2045 2577 sitis
2068 2561 2086 2588 ,
2130 2530 2186 2576 ut
2218 2522 2447 2577 habeant
2489 2521 2541 2576 in
2576 2523 2822 2593 partibus
2854 2522 3067 2593 quidem
3097 2523 3359 2578 dictiones
3385 2523 3515 2577 sim-

1926 2613 2124 2685 plices,
2167 2628 2275 2669 non
2327 2614 2487 2669 etiam
2537 2613 2955 2680 afﬁrmationes,
3011 2629 3131 2668 cum
3188 2615 3350 2669 etiam
3394 2626 3517 2668 ora—

1930 2709 2105 2763 tiones
2130 2718 2252 2776 quae
2279 2706 2663 2761 afﬂrmationes
2690 2705 2908 2771 habent,
2936 2704 3167 2759 habeant
3196 2705 3249 2758 in
3280 2706 3517 2774 partibus

1926 2799 2197 2869 simplices
2227 2799 2517 2865 dictiones,
2550 2813 2647 2853 cur
2675 2802 2812 2852 hanc
2836 2797 3187 2867 qumslionem
3219 2797 3272 2850 in
3305 2797 3518 2851 Aristo-

1928 2892 2087 2947 telem
2114 2891 2276 2961 jaciat
2299 2933 2315 2955 ,
2344 2893 2552 2947 ratione
2578 2890 2919 2960 relinquitur.
2946 2888 3203 2958 Syrianus
3235 2901 3389 2954 vero,
3424 2890 3517 2953 qui

1928 2982 2257 3039 Philoxenus
2284 2983 2725 3052 cognominatur,
2760 2996 2868 3036 non
2910 2990 3060 3052 putat
3088 2981 3362 3035 orationes
3398 2993 3519 3035 esse

1930 3092 2154 3147 quarum
2178 3076 2480 3133 intellectus
2506 3075 2577 3131 sit
2596 3074 2963 3145 imperfectus,
2987 3082 3146 3143 atque
3168 3072 3287 3127 ideo
3310 3084 3409 3125 nec
3425 3084 3521 3127 eas

1930 3167 2137 3239 aliquas
2167 3168 2367 3223 habere
2395 3176 2594 3237 partes.
2635 3165 2766 3221 Nam
2797 3178 2918 3220 cum
2950 3164 3072 3220 dicit
3104 3164 3256 3217 Plato
3287 3164 3339 3216 in
3378 3166 3518 3217 Aca-

1931 3260 2104 3317 demia
2152 3259 2462 3329 disputans,
2510 3259 2625 3314 haec
2673 3257 2924 3328 quoniam
2977 3253 3209 3322 perfecta
3259 3268 3367 3308 non
3414 3260 3520 3321 est,

1933 3360 2114 3423 partes
2134 3388 2150 3415 ,
2187 3351 2389 3421 inquit,
2418 3364 2524 3405 non
2552 3350 2746 3415 habet,
2772 3348 3042 3403 arbitrans
3067 3361 3228 3401 omne
3252 3345 3392 3416 quod
3421 3344 3521 3399 im-
3554 3422 3557 3427 γ

1934 3443 2230 3517 perfectum
2260 3452 2344 3500 est
2371 3442 2533 3498 nullis
2565 3442 2803 3511 partibus
2849 3442 3143 3506 contineri,
3189 3450 3349 3509 atque
3378 3440 3518 3504 ideo,
3554 3424 3557 3427 γ
3586 3424 3595 3428 ’

1932 3553 2052 3594 cum
2084 3538 2212 3594 dicit
2257 3536 2570 3592 Aristoteles
2596 3577 2609 3601 ,
2654 3535 2828 3589 oratio
2869 3542 2952 3588 est
2993 3548 3094 3587 vox
3142 3531 3521 3599 significativa,

1934 3631 2085 3699 cujus
2109 3638 2285 3699 partes
2306 3626 2506 3698 aliquid
2533 3637 2685 3682 extra
2706 3626 3028 3696 signiﬁcant,
3056 3624 3199 3677 illam
3222 3622 3523 3677 orationem

1935 3722 2184 3779 constitui
2212 3729 2380 3791 putat,
2405 3734 2522 3790 qua:
2552 3716 2843 3789 perfectum
2874 3716 3072 3770 retinet
3091 3727 3330 3778 sensum,
3357 3711 3525 3781 ipsius

1936 3817 2077 3873 enim
2102 3826 2282 3885 partes
2308 3830 2428 3870 esse
2452 3814 2612 3869 verba
2639 3822 2691 3867 et
2721 3811 2958 3865 nomina.
2987 3807 3091 3864 Sed
3116 3808 3216 3862 hoc
3240 3806 3525 3877 ridiculum

1937 3918 2038 3965 est.
2065 3906 2248 3979 Neque
2275 3909 2417 3962 enim
2447 3904 2646 3977 aliquid
2675 3903 3031 3974 compositum
3062 3901 3175 3956 ﬁeri
3199 3908 3394 3970 potest,
3420 3898 3525 3956 nisi

1940 4003 2171 4073 propriis
2204 4000 2462 4071 partibus.
2496 3996 2647 4067 Quod
2674 3998 2718 4052 si
2749 3996 3006 4067 quaelibet
3034 4008 3121 4049 res
3150 4003 3206 4047 ut
3236 4005 3528 4061 compona-

1938 4103 2025 4150 tur
2048 4093 2239 4149 habeat
2260 4094 2447 4148 decem
2480 4100 2681 4156 partes,
2709 4102 2801 4144 eas
2825 4098 3004 4143 tamen
3032 4085 3302 4154 sigillatim
3332 4082 3528 4152 apponi

1940 4202 2162 4244 necesse
2188 4189 2277 4249 sit,
2306 4195 2590 4254 antequam
2620 4183 2685 4236 ad
2709 4181 2972 4235 decimam
2997 4179 3274 4233 veniamus
3299 4183 3526 4245 partem,

1942 4280 2109 4335 nihilo
2157 4290 2333 4333 tamen
2379 4278 2554 4331 minus
2595 4283 2750 4330 erunt
2795 4281 2973 4342 partes
3021 4285 3152 4340 quas
3202 4269 3420 4323 sibimet
3461 4265 3530 4322 ad

1942 4372 2363 4443 componendam
2388 4371 2550 4426 totius
2580 4367 2821 4437 corporis
2846 4378 3108 4421 summam
3138 4361 3403 4431 sigillatim
3440 4374 3530 4414 stt-

1945 4468 2289 4537 perponimus
2314 4507 2327 4530 ,
2372 4466 2532 4519 etiam
2578 4464 2621 4517 si
2654 4460 2719 4516 ad
2754 4459 2880 4515 illud
2920 4458 3060 4527 quod
3099 4454 3530 4526 componendum

1946 4559 2041 4615 fuit
2071 4559 2294 4614 minime
2342 4564 2659 4625 perventum
2691 4563 2792 4609 est.
2843 4552 3104 4619 Quocirca
3155 4548 3199 4603 si
3248 4556 3531 4617 antequam

1949 4653 2288 4725 perveniatur
2326 4650 2389 4706 ad
2423 4650 2683 4705 decimam
2717 4655 2920 4716 partem
2959 4642 3156 4714 prioris
3184 4639 3356 4696 efl'ecti
3386 4653 3533 4692 com~

1948 4744 2215 4819 positique
2247 4754 2429 4814 partes
2459 4750 2602 4806 sunt,
2632 4739 2775 4794 nulla
2807 4737 2943 4791 ratio
2976 4743 3059 4790 est
3099 4732 3426 4802 imperfectae
3455 4728 3534 4784 rei

1949 4848 2133 4909 partes
2157 4835 2259 4891 dici
2284 4850 2388 4889 non
2412 4846 2591 4903 posse.
2618 4830 2802 4899 Neque
2822 4829 2963 4883 enim
2988 4826 3181 4881 dicitur
3202 4824 3364 4878 tctius
3385 4836 3536 4877 com-

1949 4927 2107 5000 positi
2141 4935 2319 4997 partes
2346 4938 2489 4985 esse.
2517 4936 2635 4993 quae
2663 4922 2770 4975 sint
2794 4918 3114 4989 imperfecti,
3147 4927 3203 4971 ut
3229 4917 3272 4970 si
3297 4917 3367 4971 sit
3397 4916 3537 4968 inte-

1948 5035 2101 5090 grum
2136 5032 2354 5083 nomen,
2381 5015 2573 5071 habeat
2606 5020 2783 5083 partes
2811 5021 3059 5081 quatuor,
3084 5009 3135 5062 id
3167 5017 3251 5063 est
3280 5005 3536 5078 syllabas,

1952 5119 2012 5167 ut
2047 5110 2324 5166 Mezentius
2348 5149 2364 5175 ,
2405 5106 2449 5161 si
2483 5118 2639 5159 unam
2671 5103 2928 5174 syllabam
2973 5100 3181 5155 demam
3205 5140 3219 5163 ,
3261 5098 3541 5164 dicamque

1954 5203 2187 5271 mezenti,
2218 5201 2301 5255 vel
2333 5200 2375 5254 si
2408 5212 2567 5255 unam
2600 5208 2785 5250 rursus
2812 5193 3049 5261 duasque
3084 5202 3300 5259 ponam,
3331 5196 3387 5240 ut
3419 5193 3544 5242 sunt

1950 5312 2142 5359 mesen,
2170 5288 2331 5363 hujus
2353 5300 2532 5346 tamen
2562 5298 2789 5358 utraque
2813 5284 3017 5357 syllaba
3044 5301 3122 5336 me
3147 5282 3349 5335 scilicet
3376 5290 3427 5334 et
3451 5294 3544 5331 zen

1950 5376 2132 5460 partes
2161 5395 2307 5449 sunt,
2337 5392 2391 5439 et
2420 5399 2542 5439 cum
2576 5382 2647 5437 sit
2670 5379 2988 5450 compositio
3018 5378 3128 5444 ipsa
3160 5388 3322 5428 sensu
3354 5385 3543 5433 vacua,

1952 5495 2014 5535 ac
2036 5484 2107 5535 sit
2126 5477 2455 5548 imperfecta,
2474 5485 2651 5530 tamen
2675 5470 2915 5542 partibus
2938 5467 3259 5526 continetur.
3283 5464 3545 5533 Syrianus

1955 5571 2115 5642 igitur
2144 5570 2362 5625 minime
2388 5566 2682 5623 audiendus
2712 5572 2814 5619 est.
2855 5560 2960 5616 Sed
2992 5556 3320 5626 Porphyrius
3347 5552 3542 5622 potius,

1956 5667 2047 5737 qui
2069 5665 2138 5720 ita
2157 5662 2461 5720 Aristotelis
2483 5667 2715 5715 mentem
2733 5653 3160 5720 sententiamque
3184 5646 3545 5718 persequitur,

1959 5767 2018 5814 ut
2040 5758 2155 5827 ejus
2179 5754 2581 5818 dilﬁnitioncm,
2608 5765 2730 5821 qua:
2758 5762 2886 5803 vera
2915 5755 2997 5801 est
3016 5787 3030 5813 ,
3063 5744 3245 5799 labare
3286 5747 3339 5794 et
3365 5740 3418 5794 in
3450 5738 3549 5793 ali-

1960 5849 2153 5925 quibus
2197 5850 2319 5906 aliis
2358 5847 2668 5915 discrepare
2718 5857 2827 5903 non
2869 5841 3047 5900 faciat.
3090 5840 3168 5898 De
3206 5835 3291 5893 his
3331 5832 3548 5906 quidem
